  <div class='ocr_page' id='page_1' title='image "/cluster/home/n/w/nwhite01/storage/ocr_20150623/47/hvd.32044015471527/257.png"; bbox 0 0 3974 6356; ppageno 0'>
   <div class='ocr_carea' id='block_1_1' title="bbox 527 264 633 324">
    <p class='ocr_par' dir='ltr' id='par_1_1' title="bbox 527 264 633 324">
     <span class='ocr_line' id='line_1_1' title="bbox 527 264 633 324; baseline 0.038 -3"><span class='ocrx_word' id='word_1_1' title='bbox 527 264 633 324; x_wconf 80' lang='grc'><strong><em>505</em></strong></span> 
     </span>
    </p>
   </div>
   <div class='ocr_carea' id='block_1_2' title="bbox 1412 271 2894 341">
    <p class='ocr_par' dir='ltr' id='par_1_2' title="bbox 1412 271 2894 341">
     <span class='ocr_line' id='line_1_2' title="bbox 1412 271 2894 341; baseline 0.008 -12"><span class='ocrx_word' id='word_1_2' title='bbox 1412 271 1961 332; x_wconf 86' lang='lat' dir='ltr'><strong><em>SUPPLEMENTUM</em></strong></span> <span class='ocrx_word' id='word_1_3' title='bbox 2001 275 2094 332; x_wconf 82' lang='lat' dir='ltr'><strong><em>AD</em></strong></span> <span class='ocrx_word' id='word_1_4' title='bbox 2132 275 2361 333; x_wconf 81' lang='lat' dir='ltr'><strong><em>OPERA</em></strong></span> <span class='ocrx_word' id='word_1_5' title='bbox 2404 278 2461 336; x_wconf 92' lang='lat' dir='ltr'><strong><em>S.</em></strong></span> <span class='ocrx_word' id='word_1_6' title='bbox 2505 280 2894 341; x_wconf 84' lang='lat' dir='ltr'><strong><em>AUGUSTINI.</em></strong></span> 
     </span>
    </p>
   </div>
   <div class='ocr_carea' id='block_1_3' title="bbox 3649 308 3731 365">
    <p class='ocr_par' dir='ltr' id='par_1_3' title="bbox 3649 308 3731 365">
     <span class='ocr_line' id='line_1_3' title="bbox 3649 308 3731 365; baseline 0 0"><span class='ocrx_word' id='word_1_7' title='bbox 3649 308 3731 365; x_wconf 67' lang='grc'><strong><em>504</em></strong></span> 
     </span>
    </p>
   </div>
   <div class='ocr_carea' id='block_1_4' title="bbox 526 384 3731 486">
    <p class='ocr_par' dir='ltr' id='par_1_4' title="bbox 526 384 3731 486">
     <span class='ocr_line' id='line_1_4' title="bbox 526 384 3731 486; baseline 0.009 -49"><span class='ocrx_word' id='word_1_8' title='bbox 526 384 682 448; x_wconf 78' lang='lat' dir='ltr'><strong><em>nalis,</em></strong></span> <span class='ocrx_word' id='word_1_9' title='bbox 723 398 890 435; x_wconf 87' lang='lat' dir='ltr'><strong><em>rerum</em></strong></span> <span class='ocrx_word' id='word_1_10' title='bbox 919 401 1041 451; x_wconf 85' lang='lat' dir='ltr'><strong><em>quas</em></strong></span> <span class='ocrx_word' id='word_1_11' title='bbox 1090 385 1256 456; x_wconf 79' lang='lat' dir='ltr'><strong><em>diligit</em></strong></span> <span class='ocrx_word' id='word_1_12' title='bbox 1286 388 1524 441; x_wconf 84' lang='lat' dir='ltr'><strong><em>concordi</em></strong></span> <span class='ocrx_word' id='word_1_13' title='bbox 1556 389 1908 443; x_wconf 84' lang='lat' dir='ltr'><strong><em>communione</em></strong></span> <span class='ocrx_word' id='word_1_14' title='bbox 1941 392 2106 443; x_wconf 88' lang='lat' dir='ltr'><strong><em>socia-</em></strong></span> <span class='ocrx_word' id='word_1_15' title='bbox 2132 393 2183 452; x_wconf 78' lang='grc' dir='ltr'><strong>Α</strong></span> <span class='ocrx_word' id='word_1_16' title='bbox 2210 400 2392 461; x_wconf 87' lang='lat' dir='ltr'><strong><em>putant</em></strong></span> <span class='ocrx_word' id='word_1_17' title='bbox 2423 394 2518 445; x_wconf 90' lang='lat' dir='ltr'><strong><em>hoc</em></strong></span> <span class='ocrx_word' id='word_1_18' title='bbox 2542 395 2603 447; x_wconf 90' lang='lat' dir='ltr'><strong><em>de</em></strong></span> <span class='ocrx_word' id='word_1_19' title='bbox 2633 396 2844 465; x_wconf 86' lang='lat' dir='ltr'><strong><em>imperio</em></strong></span> <span class='ocrx_word' id='word_1_20' title='bbox 2871 399 3061 455; x_wconf 80' lang='lat' dir='ltr'><strong><em>dictant</em></strong></span> <span class='ocrx_word' id='word_1_21' title='bbox 3099 403 3252 471; x_wconf 84' lang='lat' dir='ltr'><strong><em>fuisse</em></strong></span> <span class='ocrx_word' id='word_1_22' title='bbox 3281 407 3531 477; x_wconf 81' lang='lat' dir='ltr'><strong><em>Romano,</em></strong></span> <span class='ocrx_word' id='word_1_23' title='bbox 3566 426 3605 469; x_wconf 87' lang='lat' dir='ltr'><strong><em>et</em></strong></span> <span class='ocrx_word' id='word_1_24' title='bbox 3634 437 3731 486; x_wconf 75' lang='lat' dir='ltr'><strong><em>pm.</em></strong></span> 
     </span>
    </p>
   </div>
   <div class='ocr_carea' id='block_1_5' title="bbox 526 478 2099 549">
    <p class='ocr_par' dir='ltr' id='par_1_5' title="bbox 526 478 2099 549">
     <span class='ocr_line' id='line_1_5' title="bbox 526 478 2099 549; baseline 0.005 -22"><span class='ocrx_word' id='word_1_25' title='bbox 526 484 643 539; x_wconf 87' lang='lat' dir='ltr'><strong><em>tus;</em></strong></span> <span class='ocrx_word' id='word_1_26' title='bbox 682 480 905 545; x_wconf 79' lang='lat' dir='ltr'><strong><em>profecto</em></strong></span> <span class='ocrx_word' id='word_1_27' title='bbox 948 486 999 527; x_wconf 89' lang='lat' dir='ltr'><strong><em>ut</em></strong></span> <span class='ocrx_word' id='word_1_28' title='bbox 1045 478 1275 531; x_wconf 84' lang='lat' dir='ltr'><strong><em>videatur</em></strong></span> <span class='ocrx_word' id='word_1_29' title='bbox 1308 480 1474 547; x_wconf 83' lang='lat' dir='ltr'><strong><em>qualis</em></strong></span> <span class='ocrx_word' id='word_1_30' title='bbox 1516 482 1724 549; x_wconf 87' lang='lat' dir='ltr'><strong><em>quisque</em></strong></span> <span class='ocrx_word' id='word_1_31' title='bbox 1762 483 1980 549; x_wconf 86' lang='lat' dir='ltr'><strong><em>populus</em></strong></span> <span class='ocrx_word' id='word_1_32' title='bbox 2010 484 2099 547; x_wconf 89' lang='lat' dir='ltr'><strong><em>sit,</em></strong></span> 
     </span>
    </p>
   </div>
   <div class='ocr_carea' id='block_1_6' title="bbox 524 564 2102 639">
    <p class='ocr_par' dir='ltr' id='par_1_6' title="bbox 524 564 2102 639">
     <span class='ocr_line' id='line_1_6' title="bbox 524 564 2102 639; baseline 0.005 -23"><span class='ocrx_word' id='word_1_33' title='bbox 524 564 620 616; x_wconf 84' lang='lat' dir='ltr'><strong><em>illa</em></strong></span> <span class='ocrx_word' id='word_1_34' title='bbox 648 575 763 617; x_wconf 91' lang='lat' dir='ltr'><strong><em>sunt</em></strong></span> <span class='ocrx_word' id='word_1_35' title='bbox 793 566 1032 617; x_wconf 87' lang='lat' dir='ltr'><strong><em>intuenda</em></strong></span> <span class='ocrx_word' id='word_1_36' title='bbox 1061 582 1172 636; x_wconf 79' lang='lat' dir='ltr'><strong><em>qua:</em></strong></span> <span class='ocrx_word' id='word_1_37' title='bbox 1199 566 1387 635; x_wconf 83' lang='lat' dir='ltr'><strong><em>diligit.</em></strong></span> <span class='ocrx_word' id='word_1_38' title='bbox 1423 568 1750 639; x_wconf 80' lang='lat' dir='ltr'><strong><em>Quwcunque</em></strong></span> <span class='ocrx_word' id='word_1_39' title='bbox 1776 580 1942 623; x_wconf 88' lang='lat' dir='ltr'><strong><em>tamen</em></strong></span> <span class='ocrx_word' id='word_1_40' title='bbox 1978 572 2102 624; x_wconf 89' lang='lat' dir='ltr'><strong><em>dili-</em></strong></span> 
     </span>
    </p>
   </div>
   <div class='ocr_carea' id='block_1_7' title="bbox 525 657 2104 727">
    <p class='ocr_par' dir='ltr' id='par_1_7' title="bbox 525 657 2104 727">
     <span class='ocr_line' id='line_1_7' title="bbox 525 657 2104 727; baseline 0.004 -19"><span class='ocrx_word' id='word_1_41' title='bbox 525 666 632 727; x_wconf 88' lang='lat' dir='ltr'><strong><em>gat,</em></strong></span> <span class='ocrx_word' id='word_1_42' title='bbox 650 657 694 708; x_wconf 93' lang='lat' dir='ltr'><strong><em>si</em></strong></span> <span class='ocrx_word' id='word_1_43' title='bbox 724 668 874 709; x_wconf 74' lang='lat' dir='ltr'><strong><em>razlus</em></strong></span> <span class='ocrx_word' id='word_1_44' title='bbox 898 665 971 709; x_wconf 90' lang='lat' dir='ltr'><strong><em>est</em></strong></span> <span class='ocrx_word' id='word_1_45' title='bbox 1004 659 1361 723; x_wconf 89' lang='lat' dir='ltr'><strong><em>multitudinis,</em></strong></span> <span class='ocrx_word' id='word_1_46' title='bbox 1384 676 1485 713; x_wconf 90' lang='lat' dir='ltr'><strong><em>non</em></strong></span> <span class='ocrx_word' id='word_1_47' title='bbox 1508 676 1745 726; x_wconf 86' lang='lat' dir='ltr'><strong><em>pecorum</em></strong></span> <span class='ocrx_word' id='word_1_48' title='bbox 1766 662 1855 715; x_wconf 87' lang='lat' dir='ltr'><strong><em>sed</em></strong></span> <span class='ocrx_word' id='word_1_49' title='bbox 1878 664 2104 716; x_wconf 85' lang='lat' dir='ltr'><strong><em>rationa-</em></strong></span> 
     </span>
    </p>
   </div>
   <div class='ocr_carea' id='block_1_8' title="bbox 526 748 2105 821">
    <p class='ocr_par' dir='ltr' id='par_1_8' title="bbox 526 748 2105 821">
     <span class='ocr_line' id='line_1_8' title="bbox 526 748 2105 821; baseline 0.006 -22"><span class='ocrx_word' id='word_1_50' title='bbox 526 748 651 799; x_wconf 87' lang='lat' dir='ltr'><strong><em>lium</em></strong></span> <span class='ocrx_word' id='word_1_51' title='bbox 687 757 1067 812; x_wconf 85' lang='lat' dir='ltr'><strong><em>creaturarum,</em></strong></span> <span class='ocrx_word' id='word_1_52' title='bbox 1113 759 1161 801; x_wconf 89' lang='lat' dir='ltr'><strong><em>et</em></strong></span> <span class='ocrx_word' id='word_1_53' title='bbox 1190 766 1366 802; x_wconf 90' lang='lat' dir='ltr'><strong><em>eorum</em></strong></span> <span class='ocrx_word' id='word_1_54' title='bbox 1401 766 1517 820; x_wconf 80' lang='lat' dir='ltr'><strong><em>quce</em></strong></span> <span class='ocrx_word' id='word_1_55' title='bbox 1555 752 1721 821; x_wconf 85' lang='lat' dir='ltr'><strong><em>diligit</em></strong></span> <span class='ocrx_word' id='word_1_56' title='bbox 1750 756 2105 808; x_wconf 85' lang='lat' dir='ltr'><strong><em>communione</em></strong></span> 
     </span>
    </p>
   </div>
   <div class='ocr_carea' id='block_1_9' title="bbox 523 842 2095 915">
    <p class='ocr_par' dir='ltr' id='par_1_9' title="bbox 523 842 2095 915">
     <span class='ocr_line' id='line_1_9' title="bbox 523 842 2095 915; baseline 0.005 -24"><span class='ocrx_word' id='word_1_57' title='bbox 523 842 761 893; x_wconf 82' lang='lat' dir='ltr'><strong><em>concordi</em></strong></span> <span class='ocrx_word' id='word_1_58' title='bbox 787 842 1008 895; x_wconf 72' lang='lat' dir='ltr'><strong><em>sociatus</em></strong></span> <span class='ocrx_word' id='word_1_59' title='bbox 1028 851 1119 909; x_wconf 87' lang='lat' dir='ltr'><strong><em>est,</em></strong></span> <span class='ocrx_word' id='word_1_60' title='bbox 1144 858 1246 894; x_wconf 86' lang='lat' dir='ltr'><strong><em>non</em></strong></span> <span class='ocrx_word' id='word_1_61' title='bbox 1268 842 1485 895; x_wconf 82' lang='lat' dir='ltr'><strong><em>absurde</em></strong></span> <span class='ocrx_word' id='word_1_62' title='bbox 1503 846 1724 914; x_wconf 89' lang='lat' dir='ltr'><strong><em>populus</em></strong></span> <span class='ocrx_word' id='word_1_63' title='bbox 1744 857 2064 915; x_wconf 70' lang='lat' dir='ltr'><strong><em>nuncupata“</em></strong></span> <span class='ocrx_word' id='word_1_64' title='bbox 2081 886 2095 899; x_wconf 93' lang='lat'><strong><em>.</em></strong></span> 
     </span>
    </p>
   </div>
   <div class='ocr_carea' id='block_1_10' title="bbox 523 932 2103 1004">
    <p class='ocr_par' dir='ltr' id='par_1_10' title="bbox 523 932 2103 1004">
     <span class='ocr_line' id='line_1_10' title="bbox 523 932 2103 1004; baseline 0.005 -22"><span class='ocrx_word' id='word_1_65' title='bbox 523 939 664 983; x_wconf 86' lang='lat' dir='ltr'><strong><em>tanto</em></strong></span> <span class='ocrx_word' id='word_1_66' title='bbox 687 933 859 1001; x_wconf 86' lang='lat' dir='ltr'><strong><em>utique</em></strong></span> <span class='ocrx_word' id='word_1_67' title='bbox 885 932 1061 985; x_wconf 87' lang='lat' dir='ltr'><strong><em>melior</em></strong></span> <span class='ocrx_word' id='word_1_68' title='bbox 1085 944 1271 1003; x_wconf 89' lang='lat' dir='ltr'><strong><em>quanto</em></strong></span> <span class='ocrx_word' id='word_1_69' title='bbox 1310 936 1361 987; x_wconf 91' lang='lat' dir='ltr'><strong><em>in</em></strong></span> <span class='ocrx_word' id='word_1_70' title='bbox 1389 935 1711 989; x_wconf 86' lang='lat' dir='ltr'><strong><em>melioribus:</em></strong></span> <span class='ocrx_word' id='word_1_71' title='bbox 1748 947 1983 1004; x_wconf 85' lang='lat' dir='ltr'><strong><em>tantoque</em></strong></span> <span class='ocrx_word' id='word_1_72' title='bbox 2014 937 2103 990; x_wconf 87' lang='lat' dir='ltr'><strong><em>de-</em></strong></span> 
     </span>
    </p>
   </div>
   <div class='ocr_carea' id='block_1_11' title="bbox 522 1022 2096 1097">
    <p class='ocr_par' dir='ltr' id='par_1_11' title="bbox 522 1022 2096 1097">
     <span class='ocr_line' id='line_1_11' title="bbox 522 1022 2096 1097; baseline 0.004 -24"><span class='ocrx_word' id='word_1_73' title='bbox 522 1022 675 1073; x_wconf 87' lang='lat' dir='ltr'><strong><em>terior</em></strong></span> <span class='ocrx_word' id='word_1_74' title='bbox 701 1032 891 1091; x_wconf 88' lang='lat' dir='ltr'><strong><em>quanto</em></strong></span> <span class='ocrx_word' id='word_1_75' title='bbox 920 1034 989 1076; x_wconf 91' lang='lat' dir='ltr'><strong><em>est</em></strong></span> <span class='ocrx_word' id='word_1_76' title='bbox 1009 1024 1061 1077; x_wconf 91' lang='lat' dir='ltr'><strong><em>in</em></strong></span> <span class='ocrx_word' id='word_1_77' title='bbox 1085 1024 1418 1079; x_wconf 87' lang='lat' dir='ltr'><strong><em>deterioribus</em></strong></span> <span class='ocrx_word' id='word_1_78' title='bbox 1440 1042 1667 1081; x_wconf 88' lang='lat' dir='ltr'><strong><em>concors.</em></strong></span> <span class='ocrx_word' id='word_1_79' title='bbox 1688 1028 1819 1081; x_wconf 86' lang='lat' dir='ltr'><strong><em>Tum</em></strong></span> <span class='ocrx_word' id='word_1_80' title='bbox 1849 1029 2096 1097; x_wconf 79' lang='lat' dir='ltr'><strong><em>subjicit:</em></strong></span> 
     </span>
    </p>
   </div>
   <div class='ocr_carea' id='block_1_12' title="bbox 521 1108 2100 1188">
    <p class='ocr_par' dir='ltr' id='par_1_12' title="bbox 521 1108 2100 1188">
     <span class='ocr_line' id='line_1_12' title="bbox 521 1108 2100 1188; baseline 0.008 -25"><span class='ocrx_word' id='word_1_81' title='bbox 521 1108 814 1163; x_wconf 82' lang='lat' dir='ltr'><strong><em>Secundum</em></strong></span> <span class='ocrx_word' id='word_1_82' title='bbox 846 1114 992 1165; x_wconf 88' lang='lat' dir='ltr'><strong><em>istam</em></strong></span> <span class='ocrx_word' id='word_1_83' title='bbox 1019 1114 1362 1182; x_wconf 80' lang='lat' dir='ltr'><strong><em>deﬁnitionem</em></strong></span> <span class='ocrx_word' id='word_1_84' title='bbox 1397 1126 1620 1170; x_wconf 89' lang='lat' dir='ltr'><strong><em>nostram</em></strong></span> <span class='ocrx_word' id='word_1_85' title='bbox 1646 1117 1902 1172; x_wconf 82' lang='lat' dir='ltr'><strong><em>Romanus</em></strong></span> <span class='ocrx_word' id='word_1_86' title='bbox 1929 1136 2100 1188; x_wconf 90' lang='lat' dir='ltr'><strong><em>popu-</em></strong></span> 
     </span>
    </p>
   </div>
   <div class='ocr_carea' id='block_1_13' title="bbox 522 1203 2099 1282">
    <p class='ocr_par' dir='ltr' id='par_1_13' title="bbox 522 1203 2099 1282">
     <span class='ocr_line' id='line_1_13' title="bbox 522 1203 2099 1282; baseline 0.009 -27"><span class='ocrx_word' id='word_1_87' title='bbox 522 1203 600 1256; x_wconf 90' lang='lat' dir='ltr'><strong><em>lus</em></strong></span> <span class='ocrx_word' id='word_1_88' title='bbox 640 1207 862 1273; x_wconf 85' lang='lat' dir='ltr'><strong><em>populus</em></strong></span> <span class='ocrx_word' id='word_1_89' title='bbox 898 1218 1007 1273; x_wconf 81' lang='lat' dir='ltr'><strong><em>est,</em></strong></span> <span class='ocrx_word' id='word_1_90' title='bbox 1058 1205 1203 1277; x_wconf 89' lang='lat' dir='ltr'><strong><em>etc.]</em></strong></span> <span class='ocrx_word' id='word_1_91' title='bbox 1236 1209 1397 1264; x_wconf 84' lang='lat' dir='ltr'><strong><em>Miror</em></strong></span> <span class='ocrx_word' id='word_1_92' title='bbox 1435 1208 1489 1263; x_wconf 90' lang='lat' dir='ltr'><strong><em>in</em></strong></span> <span class='ocrx_word' id='word_1_93' title='bbox 1527 1220 1758 1264; x_wconf 78' lang='lat' dir='ltr'><strong><em>mentem</em></strong></span> <span class='ocrx_word' id='word_1_94' title='bbox 1801 1212 2099 1282; x_wconf 79' lang='lat' dir='ltr'><strong><em>Augustino</em></strong></span> 
     </span>
    </p>
   </div>
   <div class='ocr_carea' id='block_1_14' title="bbox 519 1298 2101 1373">
    <p class='ocr_par' dir='ltr' id='par_1_14' title="bbox 519 1298 2101 1373">
     <span class='ocr_line' id='line_1_14' title="bbox 519 1298 2101 1373; baseline 0.008 -26"><span class='ocrx_word' id='word_1_95' title='bbox 519 1311 625 1349; x_wconf 87' lang='lat' dir='ltr'><strong><em>non</em></strong></span> <span class='ocrx_word' id='word_1_96' title='bbox 660 1299 869 1352; x_wconf 85' lang='lat' dir='ltr'><strong><em>venisse</em></strong></span> <span class='ocrx_word' id='word_1_97' title='bbox 900 1298 1000 1353; x_wconf 87' lang='lat' dir='ltr'><strong><em>loci</em></strong></span> <span class='ocrx_word' id='word_1_98' title='bbox 1055 1299 1271 1354; x_wconf 85' lang='lat' dir='ltr'><strong><em>Denter.</em></strong></span> <span class='ocrx_word' id='word_1_99' title='bbox 1321 1317 1493 1363; x_wconf 69' lang='grc' dir='ltr'>χχιιι,</span> <span class='ocrx_word' id='word_1_100' title='bbox 1520 1302 1583 1356; x_wconf 74' lang='grc'><strong>21</strong></span> <span class='ocrx_word' id='word_1_101' title='bbox 1621 1321 1633 1355; x_wconf 92' lang='lat'>:</span> <span class='ocrx_word' id='word_1_102' title='bbox 1664 1301 1777 1373; x_wconf 84' lang='lat' dir='ltr'><strong><em>Ipsi</em></strong></span> <span class='ocrx_word' id='word_1_103' title='bbox 1810 1321 1888 1357; x_wconf 90' lang='lat' dir='ltr'><strong><em>me</em></strong></span> <span class='ocrx_word' id='word_1_104' title='bbox 1919 1322 2101 1373; x_wconf 85' lang='lat' dir='ltr'><strong><em>provo-</em></strong></span> 
     </span>
    </p>
   </div>
   <div class='ocr_carea' id='block_1_15' title="bbox 517 1391 2099 1461">
    <p class='ocr_par' dir='ltr' id='par_1_15' title="bbox 517 1391 2099 1461">
     <span class='ocr_line' id='line_1_15' title="bbox 517 1391 2099 1461; baseline 0.007 -22"><span class='ocrx_word' id='word_1_105' title='bbox 517 1400 753 1453; x_wconf 82' lang='lat' dir='ltr'><strong><em>caverunt</em></strong></span> <span class='ocrx_word' id='word_1_106' title='bbox 778 1391 831 1442; x_wconf 91' lang='lat' dir='ltr'><strong><em>in</em></strong></span> <span class='ocrx_word' id='word_1_107' title='bbox 850 1407 907 1443; x_wconf 89' lang='lat' dir='ltr'><strong><em>eo</em></strong></span> <span class='ocrx_word' id='word_1_108' title='bbox 938 1392 1025 1461; x_wconf 88' lang='lat' dir='ltr'><strong><em>qui</em></strong></span> <span class='ocrx_word' id='word_1_109' title='bbox 1052 1408 1150 1444; x_wconf 91' lang='lat' dir='ltr'><strong><em>non</em></strong></span> <span class='ocrx_word' id='word_1_110' title='bbox 1180 1401 1285 1445; x_wconf 87' lang='lat' dir='ltr'><strong><em>erat</em></strong></span> <span class='ocrx_word' id='word_1_111' title='bbox 1318 1392 1479 1455; x_wconf 90' lang='lat' dir='ltr'><strong><em>Deus,</em></strong></span> <span class='ocrx_word' id='word_1_112' title='bbox 1510 1403 1559 1446; x_wconf 88' lang='lat' dir='ltr'><strong><em>et</em></strong></span> <span class='ocrx_word' id='word_1_113' title='bbox 1582 1395 1904 1449; x_wconf 87' lang='lat' dir='ltr'><strong><em>irritaverunt</em></strong></span> <span class='ocrx_word' id='word_1_114' title='bbox 1931 1398 1982 1449; x_wconf 88' lang='lat' dir='ltr'><strong><em>in</em></strong></span> <span class='ocrx_word' id='word_1_115' title='bbox 2014 1413 2099 1450; x_wconf 84' lang='lat' dir='ltr'><strong><em>va-</em></strong></span> 
     </span>
    </p>
   </div>
   <div class='ocr_carea' id='block_1_16' title="bbox 518 1480 2097 1552">
    <p class='ocr_par' dir='ltr' id='par_1_16' title="bbox 518 1480 2097 1552">
     <span class='ocr_line' id='line_1_16' title="bbox 518 1480 2097 1552; baseline 0.008 -22"><span class='ocrx_word' id='word_1_116' title='bbox 518 1480 761 1533; x_wconf 86' lang='lat' dir='ltr'><strong><em>nitatibus</em></strong></span> <span class='ocrx_word' id='word_1_117' title='bbox 796 1482 933 1542; x_wconf 87' lang='lat' dir='ltr'><strong><em>suis,</em></strong></span> <span class='ocrx_word' id='word_1_118' title='bbox 977 1492 1024 1534; x_wconf 90' lang='lat' dir='ltr'><strong><em>et</em></strong></span> <span class='ocrx_word' id='word_1_119' title='bbox 1064 1499 1154 1552; x_wconf 91' lang='lat' dir='ltr'><strong><em>ego</em></strong></span> <span class='ocrx_word' id='word_1_120' title='bbox 1182 1486 1464 1552; x_wconf 84' lang='lat' dir='ltr'><strong><em>provocabo</em></strong></span> <span class='ocrx_word' id='word_1_121' title='bbox 1491 1501 1574 1538; x_wconf 92' lang='lat' dir='ltr'><strong><em>eos</em></strong></span> <span class='ocrx_word' id='word_1_122' title='bbox 1600 1487 1651 1538; x_wconf 88' lang='lat' dir='ltr'><strong><em>in</em></strong></span> <span class='ocrx_word' id='word_1_123' title='bbox 1679 1502 1735 1539; x_wconf 90' lang='lat' dir='ltr'><strong><em>eo</em></strong></span> <span class='ocrx_word' id='word_1_124' title='bbox 1760 1502 1845 1549; x_wconf 83' lang='lat' dir='ltr'><strong><em>om</em></strong></span> <span class='ocrx_word' id='word_1_125' title='bbox 1874 1503 1973 1542; x_wconf 67' lang='lat' dir='ltr'><strong><em>non</em></strong></span> <span class='ocrx_word' id='word_1_126' title='bbox 2003 1503 2097 1541; x_wconf 68' lang='grc' dir='ltr'><strong><em>εει·</em></strong></span> 
     </span>
    </p>
   </div>
   <div class='ocr_carea' id='block_1_17' title="bbox 518 1575 2097 1643">
    <p class='ocr_par' dir='ltr' id='par_1_17' title="bbox 518 1575 2097 1643">
     <span class='ocr_line' id='line_1_17' title="bbox 518 1575 2097 1643; baseline 0.006 -19"><span class='ocrx_word' id='word_1_127' title='bbox 518 1586 770 1638; x_wconf 73' lang='lat' dir='ltr'><strong><em>roruws,</em></strong></span> <span class='ocrx_word' id='word_1_128' title='bbox 801 1583 847 1626; x_wconf 92' lang='lat' dir='ltr'><strong><em>et</em></strong></span> <span class='ocrx_word' id='word_1_129' title='bbox 871 1575 923 1626; x_wconf 88' lang='lat' dir='ltr'><strong><em>in</em></strong></span> <span class='ocrx_word' id='word_1_130' title='bbox 956 1585 1101 1643; x_wconf 81' lang='lat' dir='ltr'><strong><em>gente</em></strong></span> <span class='ocrx_word' id='word_1_131' title='bbox 1138 1576 1293 1628; x_wconf 87' lang='lat' dir='ltr'><strong><em>stulta</em></strong></span> <span class='ocrx_word' id='word_1_132' title='bbox 1317 1576 1529 1629; x_wconf 87' lang='lat' dir='ltr'><strong><em>irritabo</em></strong></span> <span class='ocrx_word' id='word_1_133' title='bbox 1563 1577 1699 1631; x_wconf 89' lang='lat' dir='ltr'><strong><em>illos.</em></strong></span> <span class='ocrx_word' id='word_1_134' title='bbox 1731 1577 1828 1633; x_wconf 84' lang='lat' dir='ltr'><strong><em>L‘bi</em></strong></span> <span class='ocrx_word' id='word_1_135' title='bbox 1863 1579 2002 1633; x_wconf 90' lang='lat' dir='ltr'><strong><em>Deus</em></strong></span> <span class='ocrx_word' id='word_1_136' title='bbox 2030 1579 2097 1634; x_wconf 89' lang='lat' dir='ltr'><strong><em>ad</em></strong></span> 
     </span>
    </p>
   </div>
   <div class='ocr_carea' id='block_1_18' title="bbox 516 1664 2094 1735">
    <p class='ocr_par' dir='ltr' id='par_1_18' title="bbox 516 1664 2094 1735">
     <span class='ocr_line' id='line_1_18' title="bbox 516 1664 2094 1735; baseline 0.006 -20"><span class='ocrx_word' id='word_1_137' title='bbox 516 1664 753 1729; x_wconf 77' lang='lat' dir='ltr'><strong><em>gentium</em></strong></span> <span class='ocrx_word' id='word_1_138' title='bbox 787 1666 1119 1719; x_wconf 88' lang='lat' dir='ltr'><strong><em>vocationem</em></strong></span> <span class='ocrx_word' id='word_1_139' title='bbox 1152 1668 1393 1735; x_wconf 76' lang='lat' dir='ltr'><strong><em>respicit,</em></strong></span> <span class='ocrx_word' id='word_1_140' title='bbox 1444 1678 1496 1719; x_wconf 87' lang='lat' dir='ltr'><strong><em>ut</em></strong></span> <span class='ocrx_word' id='word_1_141' title='bbox 1530 1668 1685 1722; x_wconf 89' lang='lat' dir='ltr'><strong><em>docet</em></strong></span> <span class='ocrx_word' id='word_1_142' title='bbox 1716 1668 1908 1723; x_wconf 85' lang='lat' dir='ltr'><strong><em>Paulus</em></strong></span> <span class='ocrx_word' id='word_1_143' title='bbox 1941 1672 2094 1725; x_wconf 67' lang='lat' dir='ltr'><strong><em>liom.</em></strong></span> 
     </span>
    </p>
   </div>
   <div class='ocr_carea' id='block_1_19' title="bbox 2209 486 3736 567">
    <p class='ocr_par' dir='ltr' id='par_1_19' title="bbox 2209 486 3736 567">
     <span class='ocr_line' id='line_1_19' title="bbox 2209 486 3736 567; baseline 0.019 -32"><span class='ocrx_word' id='word_1_144' title='bbox 2209 494 2383 553; x_wconf 90' lang='lat' dir='ltr'><strong><em>pterea</em></strong></span> <span class='ocrx_word' id='word_1_145' title='bbox 2418 486 2644 541; x_wconf 88' lang='lat' dir='ltr'><strong><em>Paulum</em></strong></span> <span class='ocrx_word' id='word_1_146' title='bbox 2688 492 2977 561; x_wconf 82' lang='lat' dir='ltr'><strong><em>apostolum</em></strong></span> <span class='ocrx_word' id='word_1_147' title='bbox 3023 513 3123 549; x_wconf 86' lang='lat' dir='ltr'><strong><em>non</em></strong></span> <span class='ocrx_word' id='word_1_148' title='bbox 3166 499 3219 551; x_wconf 91' lang='lat' dir='ltr'><strong><em>id</em></strong></span> <span class='ocrx_word' id='word_1_149' title='bbox 3255 514 3423 567; x_wconf 88' lang='lat' dir='ltr'><strong><em>aperte</em></strong></span> <span class='ocrx_word' id='word_1_150' title='bbox 3456 509 3651 563; x_wconf 85' lang='lat' dir='ltr'><strong><em>scribere</em></strong></span> <span class='ocrx_word' id='word_1_151' title='bbox 3670 531 3736 565; x_wconf 79' lang='lat' dir='ltr'><strong><em>vo-</em></strong></span> 
     </span>
    </p>
   </div>
   <div class='ocr_carea' id='block_1_20' title="bbox 2208 580 3737 666">
    <p class='ocr_par' dir='ltr' id='par_1_20' title="bbox 2208 580 3737 666">
     <span class='ocr_line' id='line_1_20' title="bbox 2208 580 3737 666; baseline 0.02 -35"><span class='ocrx_word' id='word_1_152' title='bbox 2208 580 2394 644; x_wconf 82' lang='lat' dir='ltr'><strong><em>luisse;</em></strong></span> <span class='ocrx_word' id='word_1_153' title='bbox 2408 598 2474 634; x_wconf 83' lang='lat' dir='ltr'><strong><em>ue</em></strong></span> <span class='ocrx_word' id='word_1_154' title='bbox 2490 582 2800 638; x_wconf 88' lang='lat' dir='ltr'><strong><em>calumniam</em></strong></span> <span class='ocrx_word' id='word_1_155' title='bbox 2828 589 3057 642; x_wconf 88' lang='lat' dir='ltr'><strong><em>videlicet</em></strong></span> <span class='ocrx_word' id='word_1_156' title='bbox 3078 592 3372 661; x_wconf 86' lang='lat' dir='ltr'><strong><em>incurreret,</em></strong></span> <span class='ocrx_word' id='word_1_157' title='bbox 3394 602 3522 666; x_wconf 81' lang='lat' dir='ltr'><strong><em>quod</em></strong></span> <span class='ocrx_word' id='word_1_158' title='bbox 3544 601 3737 663; x_wconf 77' lang='lat' dir='ltr'><strong><em>Romano</em></strong></span> 
     </span>
    </p>
   </div>
   <div class='ocr_carea' id='block_1_21' title="bbox 2204 672 3737 763">
    <p class='ocr_par' dir='ltr' id='par_1_21' title="bbox 2204 672 3737 763">
     <span class='ocr_line' id='line_1_21' title="bbox 2204 672 3737 763; baseline 0.018 -39"><span class='ocrx_word' id='word_1_159' title='bbox 2204 672 2418 743; x_wconf 90' lang='lat' dir='ltr'><strong><em>imperio</em></strong></span> <span class='ocrx_word' id='word_1_160' title='bbox 2448 678 2583 729; x_wconf 90' lang='lat' dir='ltr'><strong><em>male</em></strong></span> <span class='ocrx_word' id='word_1_161' title='bbox 2609 681 2875 749; x_wconf 83' lang='lat' dir='ltr'><strong><em>aptaverit,</em></strong></span> <span class='ocrx_word' id='word_1_162' title='bbox 2922 701 3039 737; x_wconf 86' lang='lat' dir='ltr'><strong><em>cum</em></strong></span> <span class='ocrx_word' id='word_1_163' title='bbox 3081 700 3367 754; x_wconf 88' lang='lat' dir='ltr'><strong><em>speraretur</em></strong></span> <span class='ocrx_word' id='word_1_164' title='bbox 3409 702 3651 763; x_wconf 74' lang='lat' dir='ltr'><strong><em>teternum,</em></strong></span> <span class='ocrx_word' id='word_1_165' title='bbox 3696 715 3737 755; x_wconf 81' lang='lat' dir='ltr'><strong><em>ut</em></strong></span> 
     </span>
    </p>
   </div>
   <div class='ocr_carea' id='block_1_22' title="bbox 2207 768 3738 860">
    <p class='ocr_par' dir='ltr' id='par_1_22' title="bbox 2207 768 3738 860">
     <span class='ocr_line' id='line_1_22' title="bbox 2207 768 3738 860; baseline 0.018 -44"><span class='ocrx_word' id='word_1_166' title='bbox 2207 768 2303 817; x_wconf 90' lang='lat' dir='ltr'><strong><em>hoc</em></strong></span> <span class='ocrx_word' id='word_1_167' title='bbox 2323 770 2458 835; x_wconf 87' lang='lat' dir='ltr'><strong><em>quod</em></strong></span> <span class='ocrx_word' id='word_1_168' title='bbox 2488 768 2616 822; x_wconf 90' lang='lat' dir='ltr'><strong><em>dixit</em></strong></span> <span class='ocrx_word' id='word_1_169' title='bbox 2638 786 2656 823; x_wconf 81' lang='lat'><strong><em>.&#39;</em></strong></span> <span class='ocrx_word' id='word_1_170' title='bbox 2684 770 2787 839; x_wconf 80' lang='lat' dir='ltr'><strong><em>iam</em></strong></span> <span class='ocrx_word' id='word_1_171' title='bbox 2815 774 2956 828; x_wconf 89' lang='lat' dir='ltr'><strong><em>enim</em></strong></span> <span class='ocrx_word' id='word_1_172' title='bbox 2981 779 3289 847; x_wconf 81' lang='lat' dir='ltr'><strong><em>mysterium</em></strong></span> <span class='ocrx_word' id='word_1_173' title='bbox 3331 782 3612 852; x_wconf 69' lang='lat' dir='ltr'><strong><em>iniquitatis</em></strong></span> <span class='ocrx_word' id='word_1_174' title='bbox 3635 805 3738 860; x_wconf 81' lang='lat' dir='ltr'><strong><em>ape-</em></strong></span> 
     </span>
    </p>
   </div>
   <div class='ocr_carea' id='block_1_23' title="bbox 2204 859 3739 945">
    <p class='ocr_par' dir='ltr' id='par_1_23' title="bbox 2204 859 3739 945">
     <span class='ocr_line' id='line_1_23' title="bbox 2204 859 3739 945; baseline 0.016 -35"><span class='ocrx_word' id='word_1_175' title='bbox 2204 868 2374 923; x_wconf 87' lang='lat' dir='ltr'><strong><em>ratur,</em></strong></span> <span class='ocrx_word' id='word_1_176' title='bbox 2406 859 2665 914; x_wconf 85' lang='lat' dir='ltr'><strong><em>Neronem</em></strong></span> <span class='ocrx_word' id='word_1_177' title='bbox 2690 866 2905 919; x_wconf 87' lang='lat' dir='ltr'><strong><em>voluerit</em></strong></span> <span class='ocrx_word' id='word_1_178' title='bbox 2931 868 3177 939; x_wconf 89' lang='lat' dir='ltr'><strong><em>intelligi,</em></strong></span> <span class='ocrx_word' id='word_1_179' title='bbox 3217 875 3362 941; x_wconf 85' lang='lat' dir='ltr'><strong><em>cujus</em></strong></span> <span class='ocrx_word' id='word_1_180' title='bbox 3384 876 3495 943; x_wconf 89' lang='lat' dir='ltr'><strong><em>jam</em></strong></span> <span class='ocrx_word' id='word_1_181' title='bbox 3522 880 3646 945; x_wconf 79' lang='lat' dir='ltr'><strong><em>facta</em></strong></span> <span class='ocrx_word' id='word_1_182' title='bbox 3670 859 3739 936; x_wconf 73' lang='lat' dir='ltr'><strong><em>ve.</em></strong></span> 
     </span>
    </p>
   </div>
   <div class='ocr_carea' id='block_1_24' title="bbox 2205 948 3741 1029">
    <p class='ocr_par' dir='ltr' id='par_1_24' title="bbox 2205 948 3741 1029">
     <span class='ocr_line' id='line_1_24' title="bbox 2205 948 3741 1029; baseline 0.02 -31"><span class='ocrx_word' id='word_1_183' title='bbox 2205 948 2282 999; x_wconf 90' lang='lat' dir='ltr'><strong><em>lut</em></strong></span> <span class='ocrx_word' id='word_1_184' title='bbox 2310 948 2606 1004; x_wconf 76' lang='lat' dir='ltr'><strong><em>Antichristi</em></strong></span> <span class='ocrx_word' id='word_1_185' title='bbox 2636 953 2980 1029; x_wconf 80' lang='lat' dir='ltr'><strong><em>videbantur.[</em></strong></span> <span class='ocrx_word' id='word_1_186' title='bbox 3008 958 3134 1013; x_wconf 84' lang='lat' dir='ltr'><strong><em>Mihi</em></strong></span> <span class='ocrx_word' id='word_1_187' title='bbox 3166 962 3331 1018; x_wconf 91' lang='lat' dir='ltr'><strong><em>multo</em></strong></span> <span class='ocrx_word' id='word_1_188' title='bbox 3352 967 3675 1024; x_wconf 87' lang='lat' dir='ltr'><strong><em>verisimilius</em></strong></span> <span class='ocrx_word' id='word_1_189' title='bbox 3696 975 3741 1028; x_wconf 78' lang='lat' dir='ltr'><strong><em>fit</em></strong></span> 
     </span>
    </p>
   </div>
   <div class='ocr_carea' id='block_1_25' title="bbox 2204 1036 3771 1118">
    <p class='ocr_par' dir='ltr' id='par_1_25' title="bbox 2204 1036 3771 1118">
     <span class='ocr_line' id='line_1_25' title="bbox 2204 1036 3771 1118; baseline 0.017 -26"><span class='ocrx_word' id='word_1_190' title='bbox 2204 1036 2425 1093; x_wconf 91' lang='lat' dir='ltr'><strong><em>Paulum</em></strong></span> <span class='ocrx_word' id='word_1_191' title='bbox 2455 1042 2540 1097; x_wconf 89' lang='lat' dir='ltr'><strong><em>hic</em></strong></span> <span class='ocrx_word' id='word_1_192' title='bbox 2568 1044 2742 1112; x_wconf 85' lang='lat' dir='ltr'><strong><em>egisse</em></strong></span> <span class='ocrx_word' id='word_1_193' title='bbox 2771 1046 2837 1101; x_wconf 91' lang='lat' dir='ltr'><strong><em>de</em></strong></span> <span class='ocrx_word' id='word_1_194' title='bbox 2864 1049 3153 1107; x_wconf 87' lang='lat' dir='ltr'><strong><em>rebellione</em></strong></span> <span class='ocrx_word' id='word_1_195' title='bbox 3176 1052 3479 1110; x_wconf 57' lang='lat' dir='ltr'><strong><em>Iudaeorum</em></strong></span> <span class='ocrx_word' id='word_1_196' title='bbox 3503 1060 3554 1113; x_wconf 92' lang='lat' dir='ltr'><strong><em>in</em></strong></span> <span class='ocrx_word' id='word_1_197' title='bbox 3578 1062 3743 1118; x_wconf 80' lang='lat' dir='ltr'><strong><em>Roma-</em></strong></span> <span class='ocrx_word' id='word_1_198' title='bbox 3768 1100 3771 1105; x_wconf 83' lang='grc'><strong>-</strong></span> 
     </span>
    </p>
   </div>
   <div class='ocr_carea' id='block_1_26' title="bbox 2203 1132 3744 1224">
    <p class='ocr_par' dir='ltr' id='par_1_26' title="bbox 2203 1132 3744 1224">
     <span class='ocr_line' id='line_1_26' title="bbox 2203 1132 3744 1224; baseline 0.017 -40"><span class='ocrx_word' id='word_1_199' title='bbox 2203 1145 2324 1195; x_wconf 89' lang='lat' dir='ltr'><strong><em>nos,</em></strong></span> <span class='ocrx_word' id='word_1_200' title='bbox 2360 1132 2425 1187; x_wconf 91' lang='lat' dir='ltr'><strong><em>de</em></strong></span> <span class='ocrx_word' id='word_1_201' title='bbox 2454 1150 2553 1202; x_wconf 88' lang='lat' dir='ltr'><strong><em>qua</em></strong></span> <span class='ocrx_word' id='word_1_202' title='bbox 2587 1136 2867 1193; x_wconf 89' lang='lat' dir='ltr'><strong><em>obscurius</em></strong></span> <span class='ocrx_word' id='word_1_203' title='bbox 2898 1139 3107 1197; x_wconf 89' lang='lat' dir='ltr'><strong><em>locutus</em></strong></span> <span class='ocrx_word' id='word_1_204' title='bbox 3137 1154 3236 1209; x_wconf 89' lang='lat' dir='ltr'><strong><em>est,</em></strong></span> <span class='ocrx_word' id='word_1_205' title='bbox 3264 1162 3331 1201; x_wconf 90' lang='lat' dir='ltr'><strong><em>ne</em></strong></span> <span class='ocrx_word' id='word_1_206' title='bbox 3356 1160 3567 1205; x_wconf 88' lang='lat' dir='ltr'><strong><em>noceret</em></strong></span> <span class='ocrx_word' id='word_1_207' title='bbox 3606 1171 3744 1224; x_wconf 82' lang='lat' dir='ltr'><strong><em>popu-</em></strong></span> 
     </span>
    </p>
   </div>
   <div class='ocr_carea' id='block_1_27' title="bbox 2201 1221 3745 1302">
    <p class='ocr_par' dir='ltr' id='par_1_27' title="bbox 2201 1221 3745 1302">
     <span class='ocr_line' id='line_1_27' title="bbox 2201 1221 3745 1302; baseline 0.017 -28"><span class='ocrx_word' id='word_1_208' title='bbox 2201 1221 2403 1276; x_wconf 83' lang='lat' dir='ltr'><strong><em>laribus</em></strong></span> <span class='ocrx_word' id='word_1_209' title='bbox 2432 1224 2563 1279; x_wconf 87' lang='lat' dir='ltr'><strong><em>suis.</em></strong></span> <span class='ocrx_word' id='word_1_210' title='bbox 2591 1226 2723 1281; x_wconf 86' lang='lat' dir='ltr'><strong><em>Vide</em></strong></span> <span class='ocrx_word' id='word_1_211' title='bbox 2748 1228 2847 1283; x_wconf 90' lang='lat' dir='ltr'><strong><em>hac</em></strong></span> <span class='ocrx_word' id='word_1_212' title='bbox 2873 1229 2941 1285; x_wconf 90' lang='lat' dir='ltr'><strong><em>de</em></strong></span> <span class='ocrx_word' id='word_1_213' title='bbox 2966 1247 3025 1286; x_wconf 89' lang='lat' dir='ltr'><strong><em>re</em></strong></span> <span class='ocrx_word' id='word_1_214' title='bbox 3050 1231 3393 1302; x_wconf 86' lang='lat' dir='ltr'><strong><em>interpretem</em></strong></span> <span class='ocrx_word' id='word_1_215' title='bbox 3426 1238 3583 1293; x_wconf 85' lang='lat' dir='ltr'><strong><em>Henr.</em></strong></span> <span class='ocrx_word' id='word_1_216' title='bbox 3609 1221 3745 1299; x_wconf 80' lang='lat' dir='ltr'><strong><em>llam-</em></strong></span> 
     </span>
    </p>
   </div>
   <div class='ocr_carea' id='block_1_28' title="bbox 2202 1316 3746 1401">
    <p class='ocr_par' dir='ltr' id='par_1_28' title="bbox 2202 1316 3746 1401">
     <span class='ocr_line' id='line_1_28' title="bbox 2202 1316 3746 1401; baseline 0.016 -33"><span class='ocrx_word' id='word_1_217' title='bbox 2202 1316 2405 1381; x_wconf 89' lang='lat' dir='ltr'><strong><em>mondi,</em></strong></span> <span class='ocrx_word' id='word_1_218' title='bbox 2426 1317 2477 1370; x_wconf 92' lang='lat' dir='ltr'><strong><em>in</em></strong></span> <span class='ocrx_word' id='word_1_219' title='bbox 2506 1318 2883 1376; x_wconf 89' lang='lat' dir='ltr'><strong><em>additamentis</em></strong></span> <span class='ocrx_word' id='word_1_220' title='bbox 2911 1339 3031 1391; x_wconf 71' lang='lat' dir='ltr'><strong><em>qua:</em></strong></span> <span class='ocrx_word' id='word_1_221' title='bbox 3055 1325 3487 1384; x_wconf 56' lang='lat' dir='ltr'><strong><em>adnotationibus</em></strong></span> <span class='ocrx_word' id='word_1_222' title='bbox 3507 1333 3617 1401; x_wconf 87' lang='lat' dir='ltr'><strong><em>ejus</em></strong></span> <span class='ocrx_word' id='word_1_223' title='bbox 3636 1339 3746 1392; x_wconf 64' lang='lat' dir='ltr'><strong><em>seria</em></strong></span> 
     </span>
    </p>
   </div>
   <div class='ocr_carea' id='block_1_29' title="bbox 2202 1406 3744 1489">
    <p class='ocr_par' dir='ltr' id='par_1_29' title="bbox 2202 1406 3744 1489">
     <span class='ocr_line' id='line_1_29' title="bbox 2202 1406 3744 1489; baseline 0.015 -32"><span class='ocrx_word' id='word_1_224' title='bbox 2202 1406 2371 1474; x_wconf 89' lang='lat' dir='ltr'><strong><em>ptoris</em></strong></span> <span class='ocrx_word' id='word_1_225' title='bbox 2402 1406 2703 1463; x_wconf 87' lang='lat' dir='ltr'><strong><em>admiscuit.</em></strong></span> <span class='ocrx_word' id='word_1_226' title='bbox 2744 1409 2849 1465; x_wconf 86' lang='lat' dir='ltr'><strong><em>Sed</em></strong></span> <span class='ocrx_word' id='word_1_227' title='bbox 2883 1418 3017 1467; x_wconf 85' lang='lat' dir='ltr'><strong><em>hanc</em></strong></span> <span class='ocrx_word' id='word_1_228' title='bbox 3045 1415 3475 1473; x_wconf 82' lang='lat' dir='ltr'><strong><em>observationem</em></strong></span> <span class='ocrx_word' id='word_1_229' title='bbox 3501 1420 3744 1489; x_wconf 79' lang='lat' dir='ltr'><strong><em>Augustini</em></strong></span> 
     </span>
    </p>
   </div>
   <div class='ocr_carea' id='block_1_30' title="bbox 2206 1496 3745 1570">
    <p class='ocr_par' dir='ltr' id='par_1_30' title="bbox 2206 1496 3745 1570">
     <span class='ocr_line' id='line_1_30' title="bbox 2206 1496 3745 1570; baseline 0.013 -22"><span class='ocrx_word' id='word_1_230' title='bbox 2206 1496 2463 1564; x_wconf 85' lang='lat' dir='ltr'><strong><em>Optimam</em></strong></span> <span class='ocrx_word' id='word_1_231' title='bbox 2496 1500 2870 1569; x_wconf 75' lang='lat' dir='ltr'><strong><em>existimat-im,</em></strong></span> <span class='ocrx_word' id='word_1_232' title='bbox 2918 1505 2983 1556; x_wconf 90' lang='lat' dir='ltr'><strong><em>ad</em></strong></span> <span class='ocrx_word' id='word_1_233' title='bbox 3034 1507 3295 1562; x_wconf 89' lang='lat' dir='ltr'><strong><em>rationem</em></strong></span> <span class='ocrx_word' id='word_1_234' title='bbox 3327 1508 3641 1567; x_wconf 84' lang='lat' dir='ltr'><strong><em>reddendam</em></strong></span> <span class='ocrx_word' id='word_1_235' title='bbox 3666 1516 3745 1570; x_wconf 83' lang='lat' dir='ltr'><strong><em>ob-</em></strong></span> 
     </span>
    </p>
   </div>
   <div class='ocr_carea' id='block_1_31' title="bbox 2200 1588 3747 1665">
    <p class='ocr_par' dir='ltr' id='par_1_31' title="bbox 2200 1588 3747 1665">
     <span class='ocr_line' id='line_1_31' title="bbox 2200 1588 3747 1665; baseline 0.013 -24"><span class='ocrx_word' id='word_1_236' title='bbox 2200 1588 2472 1642; x_wconf 85' lang='lat' dir='ltr'><strong><em>scuritatis</em></strong></span> <span class='ocrx_word' id='word_1_237' title='bbox 2502 1590 2919 1662; x_wconf 86' lang='lat' dir='ltr'><strong><em>Apocalypseos,</em></strong></span> <span class='ocrx_word' id='word_1_238' title='bbox 2953 1595 3006 1648; x_wconf 91' lang='lat' dir='ltr'><strong><em>in</em></strong></span> <span class='ocrx_word' id='word_1_239' title='bbox 3030 1612 3133 1665; x_wconf 85' lang='lat' dir='ltr'><strong><em>qua</em></strong></span> <span class='ocrx_word' id='word_1_240' title='bbox 3160 1597 3380 1653; x_wconf 79' lang='lat' dir='ltr'><strong><em>exitium</em></strong></span> <span class='ocrx_word' id='word_1_241' title='bbox 3405 1601 3583 1657; x_wconf 74' lang='lat' dir='ltr'><strong><em>Roma:</em></strong></span> <span class='ocrx_word' id='word_1_242' title='bbox 3602 1606 3747 1661; x_wconf 59' lang='lat' dir='ltr'><strong><em>ethnL</em></strong></span> 
     </span>
    </p>
   </div>
   <div class='ocr_carea' id='block_1_32' title="bbox 2200 1682 3277 1759">
    <p class='ocr_par' dir='ltr' id='par_1_32' title="bbox 2200 1682 3277 1759">
     <span class='ocr_line' id='line_1_32' title="bbox 2200 1682 3277 1759; baseline 0.009 -26"><span class='ocrx_word' id='word_1_243' title='bbox 2200 1693 2278 1734; x_wconf 72' lang='lat' dir='ltr'><strong><em>cm</em></strong></span> <span class='ocrx_word' id='word_1_244' title='bbox 2304 1682 2695 1750; x_wconf 59' lang='lat' dir='ltr'><strong><em>praedicabatur</em></strong></span> <span class='ocrx_word' id='word_1_245' title='bbox 2722 1686 2933 1739; x_wconf 91' lang='lat' dir='ltr'><strong><em>nomine</em></strong></span> <span class='ocrx_word' id='word_1_246' title='bbox 2966 1688 3277 1759; x_wconf 80' lang='lat' dir='ltr'><strong><em>Babylonis.</em></strong></span> 
     </span>
    </p>
   </div>
   <div class='ocr_carea' id='block_1_33' title="bbox 515 1755 3745 1854">
    <p class='ocr_par' dir='ltr' id='par_1_33' title="bbox 515 1755 3745 1854">
     <span class='ocr_line' id='line_1_33' title="bbox 515 1755 3745 1854; baseline 0.01 -48"><span class='ocrx_word' id='word_1_247' title='bbox 515 1768 583 1817; x_wconf 67' lang='grc' dir='ltr'><strong><em>Χ,</em></strong></span> <span class='ocrx_word' id='word_1_248' title='bbox 625 1755 708 1808; x_wconf 89' lang='grc'><strong>19.</strong></span> <span class='ocrx_word' id='word_1_249' title='bbox 754 1756 893 1811; x_wconf 88' lang='lat' dir='ltr'><strong><em>Sane</em></strong></span> <span class='ocrx_word' id='word_1_250' title='bbox 929 1756 1015 1809; x_wconf 92' lang='lat' dir='ltr'><strong><em>vix</em></strong></span> <span class='ocrx_word' id='word_1_251' title='bbox 1052 1756 1199 1825; x_wconf 82' lang='lat' dir='ltr'><strong><em>digni</em></strong></span> <span class='ocrx_word' id='word_1_252' title='bbox 1232 1768 1385 1812; x_wconf 91' lang='lat' dir='ltr'><strong><em>erant</em></strong></span> <span class='ocrx_word' id='word_1_253' title='bbox 1414 1761 1630 1814; x_wconf 84' lang='lat' dir='ltr'><strong><em>nomine</em></strong></span> <span class='ocrx_word' id='word_1_254' title='bbox 1661 1762 1869 1830; x_wconf 85' lang='lat' dir='ltr'><strong><em>populi,</em></strong></span> <span class='ocrx_word' id='word_1_255' title='bbox 1900 1763 1989 1831; x_wconf 88' lang='lat' dir='ltr'><strong><em>qui</em></strong></span> <span class='ocrx_word' id='word_1_256' title='bbox 2019 1764 2096 1819; x_wconf 86' lang='lat' dir='ltr'><strong><em>sic</em></strong></span> <span class='ocrx_word' id='word_1_257' title='bbox 2123 1767 2171 1827; x_wconf 88' lang='lat' dir='ltr'><strong><em>B</em></strong></span> <span class='ocrx_word' id='word_1_258' title='bbox 2270 1769 2397 1839; x_wconf 90' lang='lat' dir='ltr'><strong><em>Cap.</em></strong></span> <span class='ocrx_word' id='word_1_259' title='bbox 2442 1772 2531 1826; x_wconf 66' lang='grc'><strong><em>29.</em></strong></span> <span class='ocrx_word' id='word_1_260' title='bbox 2573 1771 2678 1827; x_wconf 90' lang='lat' dir='ltr'><strong><em>Per</em></strong></span> <span class='ocrx_word' id='word_1_261' title='bbox 2719 1774 2855 1829; x_wconf 88' lang='lat' dir='ltr'><strong><em>hunc</em></strong></span> <span class='ocrx_word' id='word_1_262' title='bbox 2895 1755 3358 1850; x_wconf 38' lang='lat' dir='ltr'><strong><em>Eliam&#39;magnum</em></strong></span> <span class='ocrx_word' id='word_1_263' title='bbox 3401 1782 3745 1854; x_wconf 80' lang='lat' dir='ltr'><strong><em>mirabilequ</em></strong></span> 
     </span>
    </p>
   </div>
   <div class='ocr_carea' id='block_1_34' title="bbox 516 1847 1245 1917">
    <p class='ocr_par' dir='ltr' id='par_1_34' title="bbox 516 1847 1245 1917">
     <span class='ocr_line' id='line_1_34' title="bbox 516 1847 1245 1917; baseline 0.003 -17"><span class='ocrx_word' id='word_1_264' title='bbox 516 1847 765 1917; x_wconf 86' lang='lat' dir='ltr'><strong><em>descripti</em></strong></span> <span class='ocrx_word' id='word_1_265' title='bbox 798 1857 921 1902; x_wconf 91' lang='lat' dir='ltr'><strong><em>sunt</em></strong></span> <span class='ocrx_word' id='word_1_266' title='bbox 948 1864 976 1902; x_wconf 93' lang='lat' dir='ltr'><strong><em>a</em></strong></span> <span class='ocrx_word' id='word_1_267' title='bbox 1010 1849 1245 1904; x_wconf 87' lang='lat' dir='ltr'><strong><em>Lucilio:</em></strong></span> 
     </span>
    </p>
   </div>
   <div class='ocr_carea' id='block_1_35' title="bbox 574 1984 1956 2053">
    <p class='ocr_par' dir='ltr' id='par_1_35' title="bbox 574 1984 1956 2053">
     <span class='ocr_line' id='line_1_35' title="bbox 574 1984 1956 2053; baseline 0.006 -21"><span class='ocrx_word' id='word_1_268' title='bbox 574 1984 854 2053; x_wconf 50' lang='lat' dir='ltr'><strong><em>{Euhemero</em></strong></span> <span class='ocrx_word' id='word_1_269' title='bbox 875 2000 902 2035; x_wconf 90' lang='lat' dir='ltr'><strong><em>a</em></strong></span> <span class='ocrx_word' id='word_1_270' title='bbox 925 1999 1069 2053; x_wconf 84' lang='lat' dir='ltr'><strong><em>mane</em></strong></span> <span class='ocrx_word' id='word_1_271' title='bbox 1094 1988 1150 2035; x_wconf 89' lang='lat' dir='ltr'><strong><em>ad</em></strong></span> <span class='ocrx_word' id='word_1_272' title='bbox 1176 1994 1389 2053; x_wconf 83' lang='lat' dir='ltr'><strong><em>noctem,</em></strong></span> <span class='ocrx_word' id='word_1_273' title='bbox 1415 1988 1544 2053; x_wconf 78' lang='lat' dir='ltr'><strong><em>festo</em></strong></span> <span class='ocrx_word' id='word_1_274' title='bbox 1568 1996 1713 2051; x_wconf 89' lang='lat' dir='ltr'><strong><em>atque</em></strong></span> <span class='ocrx_word' id='word_1_275' title='bbox 1742 1990 1956 2053; x_wconf 88' lang='lat' dir='ltr'><strong><em>profesto</em></strong></span> 
     </span>
    </p>
   </div>
   <div class='ocr_carea' id='block_1_36' title="bbox 575 2045 1981 2116">
    <p class='ocr_par' dir='ltr' id='par_1_36' title="bbox 575 2045 1981 2116">
     <span class='ocr_line' id='line_1_36' title="bbox 575 2045 1981 2116; baseline 0.008 -24"><span class='ocrx_word' id='word_1_276' title='bbox 575 2045 699 2116; x_wconf 57' lang='grc' dir='ltr'><strong><em>Τειιο</em></strong></span> <span class='ocrx_word' id='word_1_277' title='bbox 724 2048 891 2116; x_wconf 78' lang='lat' dir='ltr'><strong><em>itidem</em></strong></span> <span class='ocrx_word' id='word_1_278' title='bbox 916 2050 1202 2116; x_wconf 68' lang='lat' dir='ltr'><strong><em>paritertpie</em></strong></span> <span class='ocrx_word' id='word_1_279' title='bbox 1227 2052 1329 2109; x_wconf 87' lang='lat' dir='ltr'><strong><em>die,</em></strong></span> <span class='ocrx_word' id='word_1_280' title='bbox 1356 2045 1658 2116; x_wconf 80' lang='lat' dir='ltr'><strong><em>pupulusque</em></strong></span> <span class='ocrx_word' id='word_1_281' title='bbox 1678 2088 1691 2110; x_wconf 91' lang='lat'><strong><em>,</em></strong></span> <span class='ocrx_word' id='word_1_282' title='bbox 1719 2045 1981 2116; x_wconf 72' lang='lat' dir='ltr'><strong><em>patresque</em></strong></span> 
     </span>
    </p>
   </div>
   <div class='ocr_carea' id='block_1_37' title="bbox 576 2108 1905 2175">
    <p class='ocr_par' dir='ltr' id='par_1_37' title="bbox 576 2108 1905 2175">
     <span class='ocr_line' id='line_1_37' title="bbox 576 2108 1905 2175; baseline 0.005 -20"><span class='ocrx_word' id='word_1_283' title='bbox 576 2108 768 2175; x_wconf 46' lang='lat' dir='ltr'><strong><em>iactare</em></strong></span> <span class='ocrx_word' id='word_1_284' title='bbox 788 2111 901 2157; x_wconf 87' lang='lat' dir='ltr'><strong><em>indo</em></strong></span> <span class='ocrx_word' id='word_1_285' title='bbox 920 2108 1035 2175; x_wconf 77' lang='lat' dir='ltr'><strong><em>foro</em></strong></span> <span class='ocrx_word' id='word_1_286' title='bbox 1058 2126 1113 2160; x_wconf 86' lang='lat' dir='ltr'><strong><em>se</em></strong></span> <span class='ocrx_word' id='word_1_287' title='bbox 1138 2124 1327 2175; x_wconf 85' lang='lat' dir='ltr'><strong><em>omnes,</em></strong></span> <span class='ocrx_word' id='word_1_288' title='bbox 1351 2108 1602 2162; x_wconf 77' lang='lat' dir='ltr'><strong><em>decedere</em></strong></span> <span class='ocrx_word' id='word_1_289' title='bbox 1623 2108 1858 2175; x_wconf 76' lang='lat' dir='ltr'><strong><em>nusquam</em></strong></span> <span class='ocrx_word' id='word_1_290' title='bbox 1892 2108 1905 2173; x_wconf 64' lang='grc' dir='ltr'><em>ζ</em></span> 
     </span>
    </p>
   </div>
   <div class='ocr_carea' id='block_1_38' title="bbox 579 2170 1923 2236">
    <p class='ocr_par' dir='ltr' id='par_1_38' title="bbox 579 2170 1923 2236">
     <span class='ocr_line' id='line_1_38' title="bbox 579 2170 1923 2236; baseline 0.008 -22"><span class='ocrx_word' id='word_1_291' title='bbox 579 2170 666 2236; x_wconf 66' lang='lat' dir='ltr'><strong><em>lini</em></strong></span> <span class='ocrx_word' id='word_1_292' title='bbox 686 2185 745 2236; x_wconf 83' lang='lat' dir='ltr'><strong><em>_s--</em></strong></span> <span class='ocrx_word' id='word_1_293' title='bbox 773 2179 921 2236; x_wconf 81' lang='lat' dir='ltr'><strong><em>atque</em></strong></span> <span class='ocrx_word' id='word_1_294' title='bbox 946 2173 1109 2220; x_wconf 78' lang='lat' dir='ltr'><strong><em>eidem</em></strong></span> <span class='ocrx_word' id='word_1_295' title='bbox 1134 2174 1294 2221; x_wconf 86' lang='lat' dir='ltr'><strong><em>studio</em></strong></span> <span class='ocrx_word' id='word_1_296' title='bbox 1317 2186 1489 2222; x_wconf 82' lang='lat' dir='ltr'><strong><em>omnes</em></strong></span> <span class='ocrx_word' id='word_1_297' title='bbox 1510 2176 1697 2223; x_wconf 86' lang='lat' dir='ltr'><strong><em>dedere</em></strong></span> <span class='ocrx_word' id='word_1_298' title='bbox 1725 2170 1775 2224; x_wconf 76' lang='lat' dir='ltr'><strong><em>et</em></strong></span> <span class='ocrx_word' id='word_1_299' title='bbox 1795 2170 1923 2236; x_wconf 73' lang='lat' dir='ltr'><strong><em>arti,</em></strong></span> 
     </span>
    </p>
   </div>
   <div class='ocr_carea' id='block_1_39' title="bbox 582 2232 1824 2301">
    <p class='ocr_par' dir='ltr' id='par_1_39' title="bbox 582 2232 1824 2301">
     <span class='ocr_line' id='line_1_39' title="bbox 582 2232 1824 2301; baseline 0.008 -24"><span class='ocrx_word' id='word_1_300' title='bbox 582 2232 740 2301; x_wconf 41' lang='lat' dir='ltr'><strong><em>Verba</em></strong></span> <span class='ocrx_word' id='word_1_301' title='bbox 763 2232 879 2301; x_wconf 82' lang='lat' dir='ltr'><strong><em>dare</em></strong></span> <span class='ocrx_word' id='word_1_302' title='bbox 906 2242 957 2280; x_wconf 91' lang='lat' dir='ltr'><strong><em>ut</em></strong></span> <span class='ocrx_word' id='word_1_303' title='bbox 977 2241 1119 2301; x_wconf 78' lang='lat' dir='ltr'><strong><em>caute</em></strong></span> <span class='ocrx_word' id='word_1_304' title='bbox 1146 2237 1347 2301; x_wconf 81' lang='lat' dir='ltr'><strong><em>possint,</em></strong></span> <span class='ocrx_word' id='word_1_305' title='bbox 1373 2248 1594 2301; x_wconf 84' lang='lat' dir='ltr'><strong><em>pugnare</em></strong></span> <span class='ocrx_word' id='word_1_306' title='bbox 1619 2237 1786 2286; x_wconf 89' lang='lat' dir='ltr'><strong><em>dolose</em></strong></span> <span class='ocrx_word' id='word_1_307' title='bbox 1810 2277 1824 2301; x_wconf 88' lang='lat'><strong><em>,</em></strong></span> 
     </span>
    </p>
   </div>
   <div class='ocr_carea' id='block_1_40' title="bbox 572 2292 1809 2356">
    <p class='ocr_par' dir='ltr' id='par_1_40' title="bbox 572 2292 1809 2356">
     <span class='ocr_line' id='line_1_40' title="bbox 572 2292 1809 2356; baseline 0.007 -18"><span class='ocrx_word' id='word_1_308' title='bbox 572 2292 809 2356; x_wconf 64' lang='lat' dir='ltr'><strong><em>Blanditia</em></strong></span> <span class='ocrx_word' id='word_1_309' title='bbox 834 2301 1047 2351; x_wconf 83' lang='lat' dir='ltr'><strong><em>certare,</em></strong></span> <span class='ocrx_word' id='word_1_310' title='bbox 1074 2292 1249 2344; x_wconf 83' lang='lat' dir='ltr'><strong><em>bonum</em></strong></span> <span class='ocrx_word' id='word_1_311' title='bbox 1270 2292 1503 2346; x_wconf 81' lang='lat' dir='ltr'><strong><em>simulare</em></strong></span> <span class='ocrx_word' id='word_1_312' title='bbox 1530 2300 1685 2346; x_wconf 88' lang='lat' dir='ltr'><strong><em>virum</em></strong></span> <span class='ocrx_word' id='word_1_313' title='bbox 1710 2312 1767 2347; x_wconf 90' lang='lat' dir='ltr'><strong><em>se</em></strong></span> <span class='ocrx_word' id='word_1_314' title='bbox 1794 2336 1809 2356; x_wconf 88' lang='lat'><strong><em>,</em></strong></span> 
     </span>
    </p>
   </div>
   <div class='ocr_carea' id='block_1_41' title="bbox 572 2354 1901 2419">
    <p class='ocr_par' dir='ltr' id='par_1_41' title="bbox 572 2354 1901 2419">
     <span class='ocr_line' id='line_1_41' title="bbox 572 2354 1901 2419; baseline 0.007 -17"><span class='ocrx_word' id='word_1_315' title='bbox 572 2354 775 2403; x_wconf 77' lang='lat' dir='ltr'><strong><em>Insidias</em></strong></span> <span class='ocrx_word' id='word_1_316' title='bbox 799 2356 984 2419; x_wconf 89' lang='lat' dir='ltr'><strong><em>facere,</em></strong></span> <span class='ocrx_word' id='word_1_317' title='bbox 1008 2366 1062 2407; x_wconf 89' lang='lat' dir='ltr'><strong><em>ut</em></strong></span> <span class='ocrx_word' id='word_1_318' title='bbox 1092 2360 1132 2405; x_wconf 88' lang='lat' dir='ltr'><strong><em>si</em></strong></span> <span class='ocrx_word' id='word_1_319' title='bbox 1156 2358 1323 2407; x_wconf 92' lang='lat' dir='ltr'><strong><em>hostes</em></strong></span> <span class='ocrx_word' id='word_1_320' title='bbox 1342 2358 1440 2407; x_wconf 89' lang='lat' dir='ltr'><strong><em>sint</em></strong></span> <span class='ocrx_word' id='word_1_321' title='bbox 1462 2361 1689 2409; x_wconf 89' lang='lat' dir='ltr'><strong><em>omnibus</em></strong></span> <span class='ocrx_word' id='word_1_322' title='bbox 1712 2354 1901 2412; x_wconf 82' lang='lat' dir='ltr'><strong><em>omnes.</em></strong></span> 
     </span>
    </p>
   </div>
   <div class='ocr_carea' id='block_1_42' title="bbox 508 2503 2090 2574">
    <p class='ocr_par' dir='ltr' id='par_1_42' title="bbox 508 2503 2090 2574">
     <span class='ocr_line' id='line_1_42' title="bbox 508 2503 2090 2574; baseline 0.005 -19"><span class='ocrx_word' id='word_1_323' title='bbox 508 2503 651 2569; x_wconf 80' lang='lat' dir='ltr'><strong><em>Quos</em></strong></span> <span class='ocrx_word' id='word_1_324' title='bbox 677 2504 1104 2574; x_wconf 84' lang='lat' dir='ltr'><strong><em>elegantissimos</em></strong></span> <span class='ocrx_word' id='word_1_325' title='bbox 1130 2519 1320 2561; x_wconf 90' lang='lat' dir='ltr'><strong><em>versus</em></strong></span> <span class='ocrx_word' id='word_1_326' title='bbox 1352 2504 1505 2561; x_wconf 90' lang='lat' dir='ltr'><strong><em>nobis</em></strong></span> <span class='ocrx_word' id='word_1_327' title='bbox 1525 2506 1761 2561; x_wconf 83' lang='lat' dir='ltr'><strong><em>servavit</em></strong></span> <span class='ocrx_word' id='word_1_328' title='bbox 1781 2505 2090 2563; x_wconf 88' lang='lat' dir='ltr'><strong><em>Lactantius</em></strong></span> 
     </span>
    </p>
   </div>
   <div class='ocr_carea' id='block_1_43' title="bbox 505 2594 1230 2667">
    <p class='ocr_par' dir='ltr' id='par_1_43' title="bbox 505 2594 1230 2667">
     <span class='ocr_line' id='line_1_43' title="bbox 505 2594 1230 2667; baseline 0.003 -20"><span class='ocrx_word' id='word_1_329' title='bbox 505 2594 818 2649; x_wconf 89' lang='lat' dir='ltr'><strong><em>lnst.divin.</em></strong></span> <span class='ocrx_word' id='word_1_330' title='bbox 839 2597 929 2650; x_wconf 89' lang='lat' dir='ltr'><strong><em>lib.</em></strong></span> <span class='ocrx_word' id='word_1_331' title='bbox 959 2613 1011 2663; x_wconf 79' lang='grc' dir='ltr'><strong><em>ν,</em></strong></span> <span class='ocrx_word' id='word_1_332' title='bbox 1037 2612 1158 2667; x_wconf 85' lang='lat' dir='ltr'><strong><em>cap.</em></strong></span> <span class='ocrx_word' id='word_1_333' title='bbox 1176 2597 1230 2652; x_wconf 90' lang='lat'><strong><em>9.</em></strong></span> 
     </span>
    </p>
   </div>
   <div class='ocr_carea' id='block_1_44' title="bbox 574 2686 2091 2762">
    <p class='ocr_par' dir='ltr' id='par_1_44' title="bbox 574 2686 2091 2762">
     <span class='ocr_line' id='line_1_44' title="bbox 574 2686 2091 2762; baseline 0.005 -22"><span class='ocrx_word' id='word_1_334' title='bbox 574 2686 739 2741; x_wconf 81' lang='lat' dir='ltr'><strong><em>Liano</em></strong></span> <span class='ocrx_word' id='word_1_335' title='bbox 779 2705 867 2743; x_wconf 84' lang='lat' dir='ltr'><strong><em>xx.</em></strong></span> <span class='ocrx_word' id='word_1_336' title='bbox 898 2687 1027 2759; x_wconf 85' lang='lat' dir='ltr'><strong><em>Cap.</em></strong></span> <span class='ocrx_word' id='word_1_337' title='bbox 1064 2690 1115 2744; x_wconf 91' lang='lat'><strong><em>7.</em></strong></span> <span class='ocrx_word' id='word_1_338' title='bbox 1161 2690 1235 2745; x_wconf 92' lang='lat' dir='ltr'><strong><em>De</em></strong></span> <span class='ocrx_word' id='word_1_339' title='bbox 1265 2691 1433 2760; x_wconf 83' lang='lat' dir='ltr'><strong><em>Apoc.</em></strong></span> <span class='ocrx_word' id='word_1_340' title='bbox 1468 2706 1567 2757; x_wconf 84' lang='lat' dir='ltr'><strong><em>xx,</em></strong></span> <span class='ocrx_word' id='word_1_341' title='bbox 1603 2692 1629 2745; x_wconf 90' lang='grc'><strong><em>1</em></strong></span> <span class='ocrx_word' id='word_1_342' title='bbox 1661 2700 1715 2746; x_wconf 90' lang='lat' dir='ltr'><strong><em>et</em></strong></span> <span class='ocrx_word' id='word_1_343' title='bbox 1748 2706 1897 2762; x_wconf 84' lang='lat' dir='ltr'><strong><em>seqq.</em></strong></span> <span class='ocrx_word' id='word_1_344' title='bbox 1946 2691 2091 2747; x_wconf 82' lang='lat' dir='ltr'><strong><em>Mille</em></strong></span> 
     </span>
    </p>
   </div>
   <div class='ocr_carea' id='block_1_45' title="bbox 504 2783 2088 2854">
    <p class='ocr_par' dir='ltr' id='par_1_45' title="bbox 504 2783 2088 2854">
     <span class='ocr_line' id='line_1_45' title="bbox 504 2783 2088 2854; baseline 0.005 -23"><span class='ocrx_word' id='word_1_345' title='bbox 504 2790 667 2833; x_wconf 85' lang='lat' dir='ltr'><strong><em>autem</em></strong></span> <span class='ocrx_word' id='word_1_346' title='bbox 699 2783 821 2835; x_wconf 90' lang='lat' dir='ltr'><strong><em>anni</em></strong></span> <span class='ocrx_word' id='word_1_347' title='bbox 850 2783 1049 2837; x_wconf 88' lang='lat' dir='ltr'><strong><em>duobus</em></strong></span> <span class='ocrx_word' id='word_1_348' title='bbox 1082 2784 1247 2837; x_wconf 91' lang='lat' dir='ltr'><strong><em>modis</em></strong></span> <span class='ocrx_word' id='word_1_349' title='bbox 1283 2794 1525 2853; x_wconf 87' lang='lat' dir='ltr'><strong><em>possunt,</em></strong></span> <span class='ocrx_word' id='word_1_350' title='bbox 1561 2796 1807 2854; x_wconf 89' lang='lat' dir='ltr'><strong><em>quantum</em></strong></span> <span class='ocrx_word' id='word_1_351' title='bbox 1848 2787 1973 2839; x_wconf 91' lang='lat' dir='ltr'><strong><em>mihi</em></strong></span> <span class='ocrx_word' id='word_1_352' title='bbox 2004 2803 2088 2839; x_wconf 90' lang='lat' dir='ltr'><strong><em>oc-</em></strong></span> 
     </span>
    </p>
   </div>
   <div class='ocr_carea' id='block_1_46' title="bbox 498 2872 2087 2944">
    <p class='ocr_par' dir='ltr' id='par_1_46' title="bbox 498 2872 2087 2944">
     <span class='ocr_line' id='line_1_46' title="bbox 498 2872 2087 2944; baseline 0.005 -21"><span class='ocrx_word' id='word_1_353' title='bbox 498 2873 674 2938; x_wconf 78' lang='lat' dir='ltr'><strong><em>currit,</em></strong></span> <span class='ocrx_word' id='word_1_354' title='bbox 695 2872 911 2941; x_wconf 83' lang='lat' dir='ltr'><strong><em>intelligi</em></strong></span> <span class='ocrx_word' id='word_1_355' title='bbox 933 2890 952 2927; x_wconf 90' lang='lat'><strong><em>:</em></strong></span> <span class='ocrx_word' id='word_1_356' title='bbox 988 2884 1077 2927; x_wconf 90' lang='lat' dir='ltr'><strong><em>aut</em></strong></span> <span class='ocrx_word' id='word_1_357' title='bbox 1100 2876 1223 2944; x_wconf 90' lang='lat' dir='ltr'><strong><em>quia</em></strong></span> <span class='ocrx_word' id='word_1_358' title='bbox 1242 2876 1296 2927; x_wconf 90' lang='lat' dir='ltr'><strong><em>in</em></strong></span> <span class='ocrx_word' id='word_1_359' title='bbox 1320 2874 1513 2929; x_wconf 88' lang='lat' dir='ltr'><strong><em>ultimis</em></strong></span> <span class='ocrx_word' id='word_1_360' title='bbox 1544 2877 1693 2930; x_wconf 89' lang='lat' dir='ltr'><strong><em>annis</em></strong></span> <span class='ocrx_word' id='word_1_361' title='bbox 1727 2876 1864 2931; x_wconf 90' lang='lat' dir='ltr'><strong><em>mille</em></strong></span> <span class='ocrx_word' id='word_1_362' title='bbox 1882 2877 1978 2929; x_wconf 87' lang='lat' dir='ltr'><strong><em>ista</em></strong></span> <span class='ocrx_word' id='word_1_363' title='bbox 2009 2894 2087 2931; x_wconf 90' lang='lat' dir='ltr'><strong><em>res</em></strong></span> 
     </span>
    </p>
   </div>
   <div class='ocr_carea' id='block_1_47' title="bbox 495 2964 2085 3039">
    <p class='ocr_par' dir='ltr' id='par_1_47' title="bbox 495 2964 2085 3039">
     <span class='ocr_line' id='line_1_47' title="bbox 495 2964 2085 3039; baseline 0.006 -24"><span class='ocrx_word' id='word_1_364' title='bbox 495 2964 691 3033; x_wconf 78' lang='lat' dir='ltr'><strong><em>agitur,</em></strong></span> <span class='ocrx_word' id='word_1_365' title='bbox 723 2966 779 3018; x_wconf 90' lang='lat' dir='ltr'><strong><em>id</em></strong></span> <span class='ocrx_word' id='word_1_366' title='bbox 806 2977 907 3035; x_wconf 81' lang='lat' dir='ltr'><strong><em>est,</em></strong></span> <span class='ocrx_word' id='word_1_367' title='bbox 941 2976 1083 3021; x_wconf 88' lang='lat' dir='ltr'><strong><em>sexto</em></strong></span> <span class='ocrx_word' id='word_1_368' title='bbox 1107 2984 1361 3022; x_wconf 87' lang='lat' dir='ltr'><strong><em>annorum</em></strong></span> <span class='ocrx_word' id='word_1_369' title='bbox 1386 2967 1650 3031; x_wconf 87' lang='lat' dir='ltr'><strong><em>milliaria,</em></strong></span> <span class='ocrx_word' id='word_1_370' title='bbox 1682 2979 1921 3039; x_wconf 88' lang='lat' dir='ltr'><strong><em>tanquam</em></strong></span> <span class='ocrx_word' id='word_1_371' title='bbox 1944 2979 2085 3024; x_wconf 78' lang='lat' dir='ltr'><strong><em>sexto</em></strong></span> 
     </span>
    </p>
   </div>
   <div class='ocr_carea' id='block_1_48' title="bbox 495 3055 2084 3129">
    <p class='ocr_par' dir='ltr' id='par_1_48' title="bbox 495 3055 2084 3129">
     <span class='ocr_line' id='line_1_48' title="bbox 495 3055 2084 3129; baseline 0.006 -22"><span class='ocrx_word' id='word_1_372' title='bbox 495 3055 615 3120; x_wconf 77' lang='lat' dir='ltr'><strong><em>die,</em></strong></span> <span class='ocrx_word' id='word_1_373' title='bbox 661 3058 808 3126; x_wconf 89' lang='lat' dir='ltr'><strong><em>cujus</em></strong></span> <span class='ocrx_word' id='word_1_374' title='bbox 837 3074 970 3111; x_wconf 91' lang='lat' dir='ltr'><strong><em>nunc</em></strong></span> <span class='ocrx_word' id='word_1_375' title='bbox 998 3060 1164 3129; x_wconf 85' lang='lat' dir='ltr'><strong><em>spatia</em></strong></span> <span class='ocrx_word' id='word_1_376' title='bbox 1196 3061 1477 3127; x_wconf 87' lang='lat' dir='ltr'><strong><em>posteriora</em></strong></span> <span class='ocrx_word' id='word_1_377' title='bbox 1504 3062 1810 3127; x_wconf 87' lang='lat' dir='ltr'><strong><em>volvuntur;</em></strong></span> <span class='ocrx_word' id='word_1_378' title='bbox 1848 3072 2084 3116; x_wconf 87' lang='lat' dir='ltr'><strong><em>secuturo</em></strong></span> 
     </span>
    </p>
   </div>
   <div class='ocr_carea' id='block_1_49' title="bbox 2202 1861 3745 1946">
    <p class='ocr_par' dir='ltr' id='par_1_49' title="bbox 2202 1861 3745 1946">
     <span class='ocr_line' id='line_1_49' title="bbox 2202 1861 3745 1946; baseline 0.01 -34"><span class='ocrx_word' id='word_1_379' title='bbox 2202 1861 2523 1930; x_wconf 84' lang='lat' dir='ltr'><strong><em>prophetam,</em></strong></span> <span class='ocrx_word' id='word_1_380' title='bbox 2548 1866 2776 1931; x_wconf 86' lang='lat' dir='ltr'><strong><em>exposita</em></strong></span> <span class='ocrx_word' id='word_1_381' title='bbox 2800 1866 2897 1918; x_wconf 89' lang='lat' dir='ltr'><strong><em>sibi</em></strong></span> <span class='ocrx_word' id='word_1_382' title='bbox 2923 1868 3050 1937; x_wconf 90' lang='lat' dir='ltr'><strong><em>lege,</em></strong></span> <span class='ocrx_word' id='word_1_383' title='bbox 3078 1869 3257 1923; x_wconf 89' lang='lat' dir='ltr'><strong><em>ultimo</em></strong></span> <span class='ocrx_word' id='word_1_384' title='bbox 3285 1880 3532 1939; x_wconf 88' lang='lat' dir='ltr'><strong><em>tempore,</em></strong></span> <span class='ocrx_word' id='word_1_385' title='bbox 3559 1884 3665 1927; x_wconf 87' lang='lat' dir='ltr'><strong><em>ante</em></strong></span> <span class='ocrx_word' id='word_1_386' title='bbox 3674 1880 3745 1946; x_wconf 80' lang='lat' dir='ltr'><strong><em>ju-</em></strong></span> 
     </span>
    </p>
   </div>
   <div class='ocr_carea' id='block_1_50' title="bbox 2201 1952 3745 2027">
    <p class='ocr_par' dir='ltr' id='par_1_50' title="bbox 2201 1952 3745 2027">
     <span class='ocr_line' id='line_1_50' title="bbox 2201 1952 3745 2027; baseline 0.01 -24"><span class='ocrx_word' id='word_1_387' title='bbox 2201 1953 2409 2015; x_wconf 70' lang='lat' dir='ltr'><strong><em>ditium,</em></strong></span> <span class='ocrx_word' id='word_1_388' title='bbox 2435 1952 2649 2008; x_wconf 79' lang='lat' dir='ltr'><strong><em>Judwos</em></strong></span> <span class='ocrx_word' id='word_1_389' title='bbox 2671 1957 2721 2009; x_wconf 89' lang='lat' dir='ltr'><strong><em>in</em></strong></span> <span class='ocrx_word' id='word_1_390' title='bbox 2750 1954 3005 2011; x_wconf 80' lang='lat' dir='ltr'><strong><em>Christum</em></strong></span> <span class='ocrx_word' id='word_1_391' title='bbox 3032 1976 3225 2027; x_wconf 89' lang='lat' dir='ltr'><strong><em>verum,</em></strong></span> <span class='ocrx_word' id='word_1_392' title='bbox 3258 1962 3313 2014; x_wconf 91' lang='lat' dir='ltr'><strong><em>id</em></strong></span> <span class='ocrx_word' id='word_1_393' title='bbox 3341 1972 3417 2015; x_wconf 86' lang='lat' dir='ltr'><strong><em>est</em></strong></span> <span class='ocrx_word' id='word_1_394' title='bbox 3445 1964 3495 2016; x_wconf 90' lang='lat' dir='ltr'><strong><em>in</em></strong></span> <span class='ocrx_word' id='word_1_395' title='bbox 3523 1963 3745 2019; x_wconf 85' lang='lat' dir='ltr'><strong><em>Christum</em></strong></span> 
     </span>
    </p>
   </div>
   <div class='ocr_carea' id='block_1_51' title="bbox 2200 2047 3745 2113">
    <p class='ocr_par' dir='ltr' id='par_1_51' title="bbox 2200 2047 3745 2113">
     <span class='ocr_line' id='line_1_51' title="bbox 2200 2047 3745 2113; baseline 0.01 -18"><span class='ocrx_word' id='word_1_396' title='bbox 2200 2054 2428 2097; x_wconf 85' lang='lat' dir='ltr'><strong><em>nostrum</em></strong></span> <span class='ocrx_word' id='word_1_397' title='bbox 2458 2061 2564 2099; x_wconf 86' lang='lat' dir='ltr'><strong><em>esse</em></strong></span> <span class='ocrx_word' id='word_1_398' title='bbox 2601 2047 2910 2113; x_wconf 87' lang='lat' dir='ltr'><strong><em>credituros,</em></strong></span> <span class='ocrx_word' id='word_1_399' title='bbox 2947 2052 3330 2107; x_wconf 87' lang='lat' dir='ltr'><strong><em>celeberrimum</em></strong></span> <span class='ocrx_word' id='word_1_400' title='bbox 3370 2067 3446 2109; x_wconf 90' lang='lat' dir='ltr'><strong><em>est</em></strong></span> <span class='ocrx_word' id='word_1_401' title='bbox 3472 2057 3526 2109; x_wconf 87' lang='lat' dir='ltr'><strong><em>in</em></strong></span> <span class='ocrx_word' id='word_1_402' title='bbox 3554 2074 3745 2112; x_wconf 73' lang='lat' dir='ltr'><strong><em>sermons</em></strong></span> 
     </span>
    </p>
   </div>
   <div class='ocr_carea' id='block_1_52' title="bbox 2197 2134 3746 2214">
    <p class='ocr_par' dir='ltr' id='par_1_52' title="bbox 2197 2134 3746 2214">
     <span class='ocr_line' id='line_1_52' title="bbox 2197 2134 3746 2214; baseline 0.013 -29"><span class='ocrx_word' id='word_1_403' title='bbox 2197 2134 2533 2205; x_wconf 86' lang='lat' dir='ltr'><strong><em>cordibusque</em></strong></span> <span class='ocrx_word' id='word_1_404' title='bbox 2564 2136 2834 2208; x_wconf 70' lang='lat' dir='ltr'><strong><em>ﬁdelium]</em></strong></span> <span class='ocrx_word' id='word_1_405' title='bbox 2858 2139 3045 2195; x_wconf 86' lang='lat' dir='ltr'><strong><em>Mirum</em></strong></span> <span class='ocrx_word' id='word_1_406' title='bbox 3070 2153 3149 2196; x_wconf 81' lang='lat' dir='ltr'><strong><em>est</em></strong></span> <span class='ocrx_word' id='word_1_407' title='bbox 3177 2144 3284 2199; x_wconf 89' lang='lat' dir='ltr'><strong><em>illis</em></strong></span> <span class='ocrx_word' id='word_1_408' title='bbox 3308 2146 3633 2214; x_wconf 88' lang='lat' dir='ltr'><strong><em>temporibus</em></strong></span> <span class='ocrx_word' id='word_1_409' title='bbox 3650 2164 3746 2205; x_wconf 85' lang='lat' dir='ltr'><strong><em>eam</em></strong></span> 
     </span>
    </p>
   </div>
   <div class='ocr_carea' id='block_1_53' title="bbox 2196 2224 3746 2294">
    <p class='ocr_par' dir='ltr' id='par_1_53' title="bbox 2196 2224 3746 2294">
     <span class='ocr_line' id='line_1_53' title="bbox 2196 2224 3746 2294; baseline 0.009 -16"><span class='ocrx_word' id='word_1_410' title='bbox 2196 2224 2503 2294; x_wconf 83' lang='lat' dir='ltr'><strong><em>Opinionem</em></strong></span> <span class='ocrx_word' id='word_1_411' title='bbox 2553 2236 2657 2280; x_wconf 88' lang='lat' dir='ltr'><strong><em>tam</em></strong></span> <span class='ocrx_word' id='word_1_412' title='bbox 2708 2229 2843 2283; x_wconf 88' lang='lat' dir='ltr'><strong><em>altas</em></strong></span> <span class='ocrx_word' id='word_1_413' title='bbox 2893 2231 3105 2286; x_wconf 85' lang='lat' dir='ltr'><strong><em>radices</em></strong></span> <span class='ocrx_word' id='word_1_414' title='bbox 3156 2233 3211 2287; x_wconf 93' lang='lat' dir='ltr'><strong><em>in</em></strong></span> <span class='ocrx_word' id='word_1_415' title='bbox 3252 2236 3464 2291; x_wconf 90' lang='lat' dir='ltr'><strong><em>animos</em></strong></span> <span class='ocrx_word' id='word_1_416' title='bbox 3503 2237 3746 2292; x_wconf 84' lang='lat' dir='ltr'><strong><em>hominum</em></strong></span> 
     </span>
    </p>
   </div>
   <div class='ocr_carea' id='block_1_54' title="bbox 2195 2318 3745 2396">
    <p class='ocr_par' dir='ltr' id='par_1_54' title="bbox 2195 2318 3745 2396">
     <span class='ocr_line' id='line_1_54' title="bbox 2195 2318 3745 2396; baseline 0.01 -26"><span class='ocrx_word' id='word_1_417' title='bbox 2195 2318 2387 2387; x_wconf 79' lang='lat' dir='ltr'><strong><em>egisse,</em></strong></span> <span class='ocrx_word' id='word_1_418' title='bbox 2429 2327 2682 2385; x_wconf 87' lang='lat' dir='ltr'><strong><em>tantoque</em></strong></span> <span class='ocrx_word' id='word_1_419' title='bbox 2710 2336 2977 2378; x_wconf 90' lang='lat' dir='ltr'><strong><em>consensu</em></strong></span> <span class='ocrx_word' id='word_1_420' title='bbox 3004 2340 3123 2380; x_wconf 90' lang='lat' dir='ltr'><strong><em>esse</em></strong></span> <span class='ocrx_word' id='word_1_421' title='bbox 3154 2338 3451 2396; x_wconf 85' lang='lat' dir='ltr'><strong><em>receptam,</em></strong></span> <span class='ocrx_word' id='word_1_422' title='bbox 3484 2344 3597 2383; x_wconf 93' lang='lat' dir='ltr'><strong><em>cum</em></strong></span> <span class='ocrx_word' id='word_1_423' title='bbox 3624 2331 3745 2385; x_wconf 87' lang='lat' dir='ltr'><strong><em>Chri-</em></strong></span> 
     </span>
    </p>
   </div>
   <div class='ocr_carea' id='block_1_55' title="bbox 2194 2409 3745 2487">
    <p class='ocr_par' dir='ltr' id='par_1_55' title="bbox 2194 2409 3745 2487">
     <span class='ocr_line' id='line_1_55' title="bbox 2194 2409 3745 2487; baseline 0.006 -24"><span class='ocrx_word' id='word_1_424' title='bbox 2194 2416 2311 2463; x_wconf 88' lang='lat' dir='ltr'><strong><em>stus</em></strong></span> <span class='ocrx_word' id='word_1_425' title='bbox 2337 2409 2688 2465; x_wconf 88' lang='lat' dir='ltr'><strong><em>disertissime</em></strong></span> <span class='ocrx_word' id='word_1_426' title='bbox 2735 2412 2981 2467; x_wconf 88' lang='lat' dir='ltr'><strong><em>docuerit</em></strong></span> <span class='ocrx_word' id='word_1_427' title='bbox 3017 2415 3202 2469; x_wconf 90' lang='lat' dir='ltr'><strong><em>Matth.</em></strong></span> <span class='ocrx_word' id='word_1_428' title='bbox 3239 2432 3381 2481; x_wconf 80' lang='lat' dir='ltr'><strong><em>xvu,</em></strong></span> <span class='ocrx_word' id='word_1_429' title='bbox 3414 2417 3501 2483; x_wconf 72' lang='grc'><strong><em>12,</em></strong></span> <span class='ocrx_word' id='word_1_430' title='bbox 3543 2426 3593 2472; x_wconf 90' lang='lat' dir='ltr'><strong><em>et</em></strong></span> <span class='ocrx_word' id='word_1_431' title='bbox 3633 2422 3745 2487; x_wconf 90' lang='lat' dir='ltr'><strong><em>apud</em></strong></span> 
     </span>
    </p>
   </div>
   <div class='ocr_carea' id='block_1_56' title="bbox 2194 2500 3746 2577">
    <p class='ocr_par' dir='ltr' id='par_1_56' title="bbox 2194 2500 3746 2577">
     <span class='ocr_line' id='line_1_56' title="bbox 2194 2500 3746 2577; baseline 0.008 -24"><span class='ocrx_word' id='word_1_432' title='bbox 2194 2500 2331 2553; x_wconf 89' lang='lat' dir='ltr'><strong><em>alios</em></strong></span> <span class='ocrx_word' id='word_1_433' title='bbox 2356 2501 2733 2571; x_wconf 87' lang='lat' dir='ltr'><strong><em>evangelistas,</em></strong></span> <span class='ocrx_word' id='word_1_434' title='bbox 2770 2505 2986 2560; x_wconf 91' lang='lat' dir='ltr'><strong><em>nomine</em></strong></span> <span class='ocrx_word' id='word_1_435' title='bbox 3016 2505 3150 2560; x_wconf 72' lang='lat' dir='ltr'><strong><em>Elia:</em></strong></span> <span class='ocrx_word' id='word_1_436' title='bbox 3171 2508 3577 2577; x_wconf 83' lang='lat' dir='ltr'><strong><em>intelligendum</em></strong></span> <span class='ocrx_word' id='word_1_437' title='bbox 3613 2510 3746 2567; x_wconf 85' lang='lat' dir='ltr'><strong><em>fuisse</em></strong></span> 
     </span>
    </p>
   </div>
   <div class='ocr_carea' id='block_1_57' title="bbox 2193 2595 3745 2665">
    <p class='ocr_par' dir='ltr' id='par_1_57' title="bbox 2193 2595 3745 2665">
     <span class='ocr_line' id='line_1_57' title="bbox 2193 2595 3745 2665; baseline 0.005 -15"><span class='ocrx_word' id='word_1_438' title='bbox 2193 2595 2451 2651; x_wconf 86' lang='lat' dir='ltr'><strong><em>Joannem</em></strong></span> <span class='ocrx_word' id='word_1_439' title='bbox 2483 2598 2797 2665; x_wconf 89' lang='lat' dir='ltr'><strong><em>Baptistam.</em></strong></span> <span class='ocrx_word' id='word_1_440' title='bbox 2844 2599 3025 2655; x_wconf 88' lang='lat' dir='ltr'><strong><em>Facile</em></strong></span> <span class='ocrx_word' id='word_1_441' title='bbox 3054 2611 3167 2654; x_wconf 90' lang='lat' dir='ltr'><strong><em>erat</em></strong></span> <span class='ocrx_word' id='word_1_442' title='bbox 3204 2603 3483 2657; x_wconf 87' lang='lat' dir='ltr'><strong><em>intellectu</em></strong></span> <span class='ocrx_word' id='word_1_443' title='bbox 3514 2605 3637 2656; x_wconf 85' lang='lat' dir='ltr'><strong><em>diem</em></strong></span> <span class='ocrx_word' id='word_1_444' title='bbox 3662 2604 3745 2657; x_wconf 84' lang='lat' dir='ltr'><strong><em>Do-</em></strong></span> 
     </span>
    </p>
   </div>
   <div class='ocr_carea' id='block_1_58' title="bbox 2192 2688 3746 2759">
    <p class='ocr_par' dir='ltr' id='par_1_58' title="bbox 2192 2688 3746 2759">
     <span class='ocr_line' id='line_1_58' title="bbox 2192 2688 3746 2759; baseline 0.007 -20"><span class='ocrx_word' id='word_1_445' title='bbox 2192 2688 2315 2739; x_wconf 87' lang='lat' dir='ltr'><strong><em>mini</em></strong></span> <span class='ocrx_word' id='word_1_446' title='bbox 2346 2705 2585 2758; x_wconf 90' lang='lat' dir='ltr'><strong><em>magnum</em></strong></span> <span class='ocrx_word' id='word_1_447' title='bbox 2611 2699 2657 2742; x_wconf 91' lang='lat' dir='ltr'><strong><em>et</em></strong></span> <span class='ocrx_word' id='word_1_448' title='bbox 2682 2690 2957 2743; x_wconf 87' lang='lat' dir='ltr'><strong><em>terribilem</em></strong></span> <span class='ocrx_word' id='word_1_449' title='bbox 2979 2735 2993 2759; x_wconf 91' lang='lat'><strong><em>,</em></strong></span> <span class='ocrx_word' id='word_1_450' title='bbox 3046 2706 3166 2745; x_wconf 77' lang='lat' dir='ltr'><strong><em>eSSe</em></strong></span> <span class='ocrx_word' id='word_1_451' title='bbox 3203 2708 3324 2747; x_wconf 89' lang='lat' dir='ltr'><strong><em>eum</em></strong></span> <span class='ocrx_word' id='word_1_452' title='bbox 3360 2694 3502 2748; x_wconf 88' lang='lat' dir='ltr'><strong><em>diem</em></strong></span> <span class='ocrx_word' id='word_1_453' title='bbox 3534 2696 3612 2749; x_wconf 88' lang='lat' dir='ltr'><strong><em>vel</em></strong></span> <span class='ocrx_word' id='word_1_454' title='bbox 3639 2705 3746 2750; x_wconf 65' lang='lat' dir='ltr'><strong><em>temo</em></strong></span> 
     </span>
    </p>
   </div>
   <div class='ocr_carea' id='block_1_59' title="bbox 2191 2782 3745 2857">
    <p class='ocr_par' dir='ltr' id='par_1_59' title="bbox 2191 2782 3745 2857">
     <span class='ocr_line' id='line_1_59' title="bbox 2191 2782 3745 2857; baseline 0.008 -25"><span class='ocrx_word' id='word_1_455' title='bbox 2191 2795 2288 2849; x_wconf 89' lang='lat' dir='ltr'><strong><em>pus</em></strong></span> <span class='ocrx_word' id='word_1_456' title='bbox 2318 2796 2422 2851; x_wconf 90' lang='lat' dir='ltr'><strong><em>quo</em></strong></span> <span class='ocrx_word' id='word_1_457' title='bbox 2461 2783 2597 2838; x_wconf 88' lang='lat' dir='ltr'><strong><em>Deus</em></strong></span> <span class='ocrx_word' id='word_1_458' title='bbox 2633 2782 3024 2854; x_wconf 84' lang='lat' dir='ltr'><strong><em>Jerosolymam</em></strong></span> <span class='ocrx_word' id='word_1_459' title='bbox 3054 2794 3109 2838; x_wconf 89' lang='lat' dir='ltr'><strong><em>et</em></strong></span> <span class='ocrx_word' id='word_1_460' title='bbox 3138 2786 3381 2841; x_wconf 75' lang='lat' dir='ltr'><strong><em>Judzeam</em></strong></span> <span class='ocrx_word' id='word_1_461' title='bbox 3412 2803 3597 2857; x_wconf 90' lang='lat' dir='ltr'><strong><em>passus</em></strong></span> <span class='ocrx_word' id='word_1_462' title='bbox 3632 2798 3701 2843; x_wconf 86' lang='lat' dir='ltr'><strong><em>est</em></strong></span> <span class='ocrx_word' id='word_1_463' title='bbox 3723 2805 3745 2845; x_wconf 83' lang='lat' dir='ltr'><strong><em>a</em></strong></span> 
     </span>
    </p>
   </div>
   <div class='ocr_carea' id='block_1_60' title="bbox 2191 2868 3745 2944">
    <p class='ocr_par' dir='ltr' id='par_1_60' title="bbox 2191 2868 3745 2944">
     <span class='ocr_line' id='line_1_60' title="bbox 2191 2868 3745 2944; baseline 0.007 -22"><span class='ocrx_word' id='word_1_464' title='bbox 2191 2868 2448 2925; x_wconf 84' lang='lat' dir='ltr'><strong><em>Romanis</em></strong></span> <span class='ocrx_word' id='word_1_465' title='bbox 2475 2872 2666 2941; x_wconf 88' lang='lat' dir='ltr'><strong><em>diripi,</em></strong></span> <span class='ocrx_word' id='word_1_466' title='bbox 2697 2873 2942 2943; x_wconf 88' lang='lat' dir='ltr'><strong><em>ferroque</em></strong></span> <span class='ocrx_word' id='word_1_467' title='bbox 2971 2884 3025 2929; x_wconf 91' lang='lat' dir='ltr'><strong><em>et</em></strong></span> <span class='ocrx_word' id='word_1_468' title='bbox 3055 2876 3177 2944; x_wconf 85' lang='lat' dir='ltr'><strong><em>igne</em></strong></span> <span class='ocrx_word' id='word_1_469' title='bbox 3207 2878 3429 2932; x_wconf 89' lang='lat' dir='ltr'><strong><em>vastari.</em></strong></span> <span class='ocrx_word' id='word_1_470' title='bbox 3464 2878 3569 2933; x_wconf 91' lang='lat' dir='ltr'><strong><em>Sed</em></strong></span> <span class='ocrx_word' id='word_1_471' title='bbox 3598 2880 3745 2933; x_wconf 87' lang='lat' dir='ltr'><strong><em>nullus</em></strong></span> 
     </span>
    </p>
   </div>
   <div class='ocr_carea' id='block_1_61' title="bbox 2189 2960 3744 3032">
    <p class='ocr_par' dir='ltr' id='par_1_61' title="bbox 2189 2960 3744 3032">
     <span class='ocr_line' id='line_1_61' title="bbox 2189 2960 3744 3032; baseline 0.005 -17"><span class='ocrx_word' id='word_1_472' title='bbox 2189 2960 2453 3031; x_wconf 87' lang='lat' dir='ltr'><strong><em>interpres</em></strong></span> <span class='ocrx_word' id='word_1_473' title='bbox 2485 2962 2586 3017; x_wconf 92' lang='lat' dir='ltr'><strong><em>hoc</em></strong></span> <span class='ocrx_word' id='word_1_474' title='bbox 2611 2964 2661 3016; x_wconf 92' lang='lat' dir='ltr'><strong><em>in</em></strong></span> <span class='ocrx_word' id='word_1_475' title='bbox 2688 2964 2889 3032; x_wconf 87' lang='lat' dir='ltr'><strong><em>majore</em></strong></span> <span class='ocrx_word' id='word_1_476' title='bbox 2911 2964 3031 3020; x_wconf 85' lang='lat' dir='ltr'><strong><em>luce</em></strong></span> <span class='ocrx_word' id='word_1_477' title='bbox 3053 2966 3329 3021; x_wconf 69' lang='lat' dir='ltr'><strong><em>collocavit</em></strong></span> <span class='ocrx_word' id='word_1_478' title='bbox 3358 2967 3744 3024; x_wconf 78' lang='lat' dir='ltr'><strong><em>Henricollam-</em></strong></span> 
     </span>
    </p>
   </div>
   <div class='ocr_carea' id='block_1_62' title="bbox 2189 3053 3741 3129">
    <p class='ocr_par' dir='ltr' id='par_1_62' title="bbox 2189 3053 3741 3129">
     <span class='ocr_line' id='line_1_62' title="bbox 2189 3053 3741 3129; baseline 0.005 -24"><span class='ocrx_word' id='word_1_479' title='bbox 2189 3054 2409 3119; x_wconf 90' lang='lat' dir='ltr'><strong><em>mondo,</em></strong></span> <span class='ocrx_word' id='word_1_480' title='bbox 2456 3054 2520 3107; x_wconf 89' lang='lat' dir='ltr'><strong><em>ad</em></strong></span> <span class='ocrx_word' id='word_1_481' title='bbox 2554 3053 2739 3109; x_wconf 88' lang='lat' dir='ltr'><strong><em>Matth.</em></strong></span> <span class='ocrx_word' id='word_1_482' title='bbox 2779 3071 2904 3109; x_wconf 79' lang='lat' dir='ltr'><strong><em>xxw</em></strong></span> <span class='ocrx_word' id='word_1_483' title='bbox 2952 3064 3006 3110; x_wconf 91' lang='lat' dir='ltr'><strong><em>ct</em></strong></span> <span class='ocrx_word' id='word_1_484' title='bbox 3046 3057 3193 3111; x_wconf 87' lang='lat' dir='ltr'><strong><em>alibi.</em></strong></span> <span class='ocrx_word' id='word_1_485' title='bbox 3228 3057 3347 3111; x_wconf 89' lang='lat' dir='ltr'><strong><em>Non</em></strong></span> <span class='ocrx_word' id='word_1_486' title='bbox 3394 3074 3516 3113; x_wconf 89' lang='lat' dir='ltr'><strong><em>raro</em></strong></span> <span class='ocrx_word' id='word_1_487' title='bbox 3546 3061 3741 3129; x_wconf 84' lang='lat' dir='ltr'><strong><em>contigit</em></strong></span> 
     </span>
    </p>
   </div>
   <div class='ocr_carea' id='block_1_63' title="bbox 494 3142 3742 3222">
    <p class='ocr_par' dir='ltr' id='par_1_63' title="bbox 494 3142 3742 3222">
     <span class='ocr_line' id='line_1_63' title="bbox 494 3142 3742 3222; baseline 0.002 -24"><span class='ocrx_word' id='word_1_488' title='bbox 494 3146 679 3199; x_wconf 75' lang='lat' dir='ltr'><strong><em>deinde</em></strong></span> <span class='ocrx_word' id='word_1_489' title='bbox 705 3147 911 3202; x_wconf 91' lang='lat' dir='ltr'><strong><em>sabbato</em></strong></span> <span class='ocrx_word' id='word_1_490' title='bbox 935 3190 949 3216; x_wconf 92' lang='lat'><strong><em>,</em></strong></span> <span class='ocrx_word' id='word_1_491' title='bbox 978 3150 1114 3220; x_wconf 87' lang='lat' dir='ltr'><strong><em>quod</em></strong></span> <span class='ocrx_word' id='word_1_492' title='bbox 1142 3167 1245 3204; x_wconf 92' lang='lat' dir='ltr'><strong><em>non</em></strong></span> <span class='ocrx_word' id='word_1_493' title='bbox 1272 3151 1418 3205; x_wconf 85' lang='lat' dir='ltr'><strong><em>habet</em></strong></span> <span class='ocrx_word' id='word_1_494' title='bbox 1448 3168 1735 3220; x_wconf 86' lang='lat' dir='ltr'><strong><em>vesperam,</em></strong></span> <span class='ocrx_word' id='word_1_495' title='bbox 1784 3155 1954 3222; x_wconf 79' lang='lat' dir='ltr'><strong><em>requie</em></strong></span> <span class='ocrx_word' id='word_1_496' title='bbox 1981 3155 2078 3208; x_wconf 68' lang='lat' dir='ltr'><strong><em>sci.</em></strong></span> <span class='ocrx_word' id='word_1_497' title='bbox 2111 3142 2156 3205; x_wconf 91' lang='lat' dir='ltr'><strong><em>C</em></strong></span> <span class='ocrx_word' id='word_1_498' title='bbox 2188 3145 2383 3199; x_wconf 89' lang='lat' dir='ltr'><strong><em>multos</em></strong></span> <span class='ocrx_word' id='word_1_499' title='bbox 2430 3144 2671 3200; x_wconf 89' lang='lat' dir='ltr'><strong><em>homines</em></strong></span> <span class='ocrx_word' id='word_1_500' title='bbox 2707 3162 2812 3200; x_wconf 92' lang='lat' dir='ltr'><strong><em>non</em></strong></span> <span class='ocrx_word' id='word_1_501' title='bbox 2845 3147 3067 3203; x_wconf 88' lang='lat' dir='ltr'><strong><em>hebetes</em></strong></span> <span class='ocrx_word' id='word_1_502' title='bbox 3099 3150 3446 3205; x_wconf 85' lang='lat' dir='ltr'><strong><em>consensisse</em></strong></span> <span class='ocrx_word' id='word_1_503' title='bbox 3474 3151 3527 3204; x_wconf 88' lang='lat' dir='ltr'><strong><em>in</em></strong></span> <span class='ocrx_word' id='word_1_504' title='bbox 3566 3166 3742 3216; x_wconf 84' lang='lat' dir='ltr'><strong><em>errore,</em></strong></span> 
     </span>
    </p>
   </div>
   <div class='ocr_carea' id='block_1_64' title="bbox 492 3236 2086 3314">
    <p class='ocr_par' dir='ltr' id='par_1_64' title="bbox 492 3236 2086 3314">
     <span class='ocr_line' id='line_1_64' title="bbox 492 3236 2086 3314; baseline 0.008 -25"><span class='ocrx_word' id='word_1_505' title='bbox 492 3236 613 3290; x_wconf 75' lang='lat' dir='ltr'><strong><em>licet</em></strong></span> <span class='ocrx_word' id='word_1_506' title='bbox 648 3250 960 3304; x_wconf 88' lang='lat' dir='ltr'><strong><em>sanctorum,</em></strong></span> <span class='ocrx_word' id='word_1_507' title='bbox 987 3257 1099 3314; x_wconf 79' lang='lat' dir='ltr'><strong><em>qute</em></strong></span> <span class='ocrx_word' id='word_1_508' title='bbox 1140 3258 1243 3295; x_wconf 86' lang='lat' dir='ltr'><strong><em>non</em></strong></span> <span class='ocrx_word' id='word_1_509' title='bbox 1273 3242 1423 3296; x_wconf 87' lang='lat' dir='ltr'><strong><em>habet</em></strong></span> <span class='ocrx_word' id='word_1_510' title='bbox 1462 3244 1617 3311; x_wconf 75' lang='lat' dir='ltr'><strong><em>finem</em></strong></span> <span class='ocrx_word' id='word_1_511' title='bbox 1643 3284 1657 3308; x_wconf 93' lang='lat'><strong><em>,</em></strong></span> <span class='ocrx_word' id='word_1_512' title='bbox 1703 3245 1829 3314; x_wconf 65' lang='grc' dir='ltr'><strong><em>οἱα]</em></strong></span> <span class='ocrx_word' id='word_1_513' title='bbox 1873 3246 1935 3299; x_wconf 84' lang='lat' dir='ltr'><strong><em>Hi</em></strong></span> <span class='ocrx_word' id='word_1_514' title='bbox 1963 3256 2086 3301; x_wconf 88' lang='lat' dir='ltr'><strong><em>sunt</em></strong></span> 
     </span>
    </p>
   </div>
   <div class='ocr_carea' id='block_1_65' title="bbox 494 3328 2085 3406">
    <p class='ocr_par' dir='ltr' id='par_1_65' title="bbox 494 3328 2085 3406">
     <span class='ocr_line' id='line_1_65' title="bbox 494 3328 2085 3406; baseline 0.006 -26"><span class='ocrx_word' id='word_1_515' title='bbox 494 3328 702 3384; x_wconf 87' lang='lat' dir='ltr'><strong><em>fructus</em></strong></span> <span class='ocrx_word' id='word_1_516' title='bbox 736 3330 1039 3401; x_wconf 76' lang='lat' dir='ltr'><strong><em>allegorica:</em></strong></span> <span class='ocrx_word' id='word_1_517' title='bbox 1069 3334 1454 3400; x_wconf 63' lang='lat' dir='ltr'><strong><em>arithmeticae,</em></strong></span> <span class='ocrx_word' id='word_1_518' title='bbox 1506 3350 1572 3389; x_wconf 88' lang='lat' dir='ltr'><strong><em>ex</em></strong></span> <span class='ocrx_word' id='word_1_519' title='bbox 1602 3350 1704 3406; x_wconf 89' lang='lat' dir='ltr'><strong><em>qua</em></strong></span> <span class='ocrx_word' id='word_1_520' title='bbox 1756 3336 2085 3406; x_wconf 85' lang='lat' dir='ltr'><strong><em>collegerunt</em></strong></span> 
     </span>
    </p>
   </div>
   <div class='ocr_carea' id='block_1_66' title="bbox 494 3424 2081 3495">
    <p class='ocr_par' dir='ltr' id='par_1_66' title="bbox 494 3424 2081 3495">
     <span class='ocr_line' id='line_1_66' title="bbox 494 3424 2081 3495; baseline 0.008 -24"><span class='ocrx_word' id='word_1_521' title='bbox 494 3430 703 3475; x_wconf 89' lang='lat' dir='ltr'><strong><em>veteres</em></strong></span> <span class='ocrx_word' id='word_1_522' title='bbox 756 3424 909 3477; x_wconf 92' lang='lat' dir='ltr'><strong><em>multi</em></strong></span> <span class='ocrx_word' id='word_1_523' title='bbox 953 3425 1135 3479; x_wconf 90' lang='lat' dir='ltr'><strong><em>mundi</em></strong></span> <span class='ocrx_word' id='word_1_524' title='bbox 1185 3426 1407 3495; x_wconf 86' lang='lat' dir='ltr'><strong><em>hujusce</em></strong></span> <span class='ocrx_word' id='word_1_525' title='bbox 1454 3427 1789 3483; x_wconf 89' lang='lat' dir='ltr'><strong><em>durationem</em></strong></span> <span class='ocrx_word' id='word_1_526' title='bbox 1837 3429 1950 3483; x_wconf 81' lang='lat' dir='ltr'><strong><em>fore</em></strong></span> <span class='ocrx_word' id='word_1_527' title='bbox 1989 3445 2081 3483; x_wconf 88' lang='lat' dir='ltr'><strong><em>sex</em></strong></span> 
     </span>
    </p>
   </div>
   <div class='ocr_carea' id='block_1_67' title="bbox 500 3512 2080 3588">
    <p class='ocr_par' dir='ltr' id='par_1_67' title="bbox 500 3512 2080 3588">
     <span class='ocr_line' id='line_1_67' title="bbox 500 3512 2080 3588; baseline 0.008 -24"><span class='ocrx_word' id='word_1_528' title='bbox 500 3512 723 3566; x_wconf 88' lang='lat' dir='ltr'><strong><em>millium</em></strong></span> <span class='ocrx_word' id='word_1_529' title='bbox 754 3529 1014 3571; x_wconf 90' lang='lat' dir='ltr'><strong><em>annorum</em></strong></span> <span class='ocrx_word' id='word_1_530' title='bbox 1040 3562 1056 3586; x_wconf 89' lang='lat'><strong><em>,</em></strong></span> <span class='ocrx_word' id='word_1_531' title='bbox 1104 3520 1336 3588; x_wconf 86' lang='lat' dir='ltr'><strong><em>septimo</em></strong></span> <span class='ocrx_word' id='word_1_532' title='bbox 1358 3534 1490 3576; x_wconf 89' lang='lat' dir='ltr'><strong><em>vero</em></strong></span> <span class='ocrx_word' id='word_1_533' title='bbox 1516 3521 1817 3575; x_wconf 90' lang='lat' dir='ltr'><strong><em>millenario</em></strong></span> <span class='ocrx_word' id='word_1_534' title='bbox 1841 3522 1889 3575; x_wconf 90' lang='lat' dir='ltr'><strong><em>ei</em></strong></span> <span class='ocrx_word' id='word_1_535' title='bbox 1921 3521 2080 3577; x_wconf 84' lang='lat' dir='ltr'><strong><em>ﬁnem</em></strong></span> 
     </span>
    </p>
   </div>
   <div class='ocr_carea' id='block_1_68' title="bbox 498 3604 2079 3681">
    <p class='ocr_par' dir='ltr' id='par_1_68' title="bbox 498 3604 2079 3681">
     <span class='ocr_line' id='line_1_68' title="bbox 498 3604 2079 3681; baseline 0.005 -24"><span class='ocrx_word' id='word_1_536' title='bbox 498 3604 806 3673; x_wconf 89' lang='lat' dir='ltr'><strong><em>impositum</em></strong></span> <span class='ocrx_word' id='word_1_537' title='bbox 840 3607 937 3673; x_wconf 91' lang='lat' dir='ltr'><strong><em>iri,</em></strong></span> <span class='ocrx_word' id='word_1_538' title='bbox 979 3618 1035 3663; x_wconf 89' lang='lat' dir='ltr'><strong><em>et</em></strong></span> <span class='ocrx_word' id='word_1_539' title='bbox 1064 3618 1178 3664; x_wconf 90' lang='lat' dir='ltr'><strong><em>tum</em></strong></span> <span class='ocrx_word' id='word_1_540' title='bbox 1211 3611 1325 3666; x_wconf 90' lang='lat' dir='ltr'><strong><em>fore</em></strong></span> <span class='ocrx_word' id='word_1_541' title='bbox 1354 3620 1614 3667; x_wconf 78' lang='lat' dir='ltr'><strong><em>aeternum</em></strong></span> <span class='ocrx_word' id='word_1_542' title='bbox 1650 3614 1853 3681; x_wconf 92' lang='lat' dir='ltr'><strong><em>piorum</em></strong></span> <span class='ocrx_word' id='word_1_543' title='bbox 1886 3613 2079 3667; x_wconf 87' lang='lat' dir='ltr'><strong><em>sabba-</em></strong></span> 
     </span>
    </p>
   </div>
   <div class='ocr_carea' id='block_1_69' title="bbox 499 3687 2080 3775">
    <p class='ocr_par' dir='ltr' id='par_1_69' title="bbox 499 3687 2080 3775">
     <span class='ocr_line' id='line_1_69' title="bbox 499 3687 2080 3775; baseline 0.008 -27"><span class='ocrx_word' id='word_1_544' title='bbox 499 3696 737 3751; x_wconf 88' lang='lat' dir='ltr'><strong><em>tismum.</em></strong></span> <span class='ocrx_word' id='word_1_545' title='bbox 770 3687 863 3753; x_wconf 81' lang='lat' dir='ltr'><strong><em>Sic</em></strong></span> <span class='ocrx_word' id='word_1_546' title='bbox 893 3700 949 3755; x_wconf 93' lang='lat' dir='ltr'><strong><em>S.</em></strong></span> <span class='ocrx_word' id='word_1_547' title='bbox 986 3700 1257 3758; x_wconf 87' lang='lat' dir='ltr'><strong><em>Barnabas</em></strong></span> <span class='ocrx_word' id='word_1_548' title='bbox 1283 3703 1443 3771; x_wconf 88' lang='lat' dir='ltr'><strong><em>epist.</em></strong></span> <span class='ocrx_word' id='word_1_549' title='bbox 1492 3718 1615 3773; x_wconf 88' lang='lat' dir='ltr'><strong><em>cap.</em></strong></span> <span class='ocrx_word' id='word_1_550' title='bbox 1667 3702 1754 3769; x_wconf 78' lang='grc'><strong><em>15,</em></strong></span> <span class='ocrx_word' id='word_1_551' title='bbox 1806 3704 1871 3758; x_wconf 90' lang='lat' dir='ltr'><strong><em>ad</em></strong></span> <span class='ocrx_word' id='word_1_552' title='bbox 1919 3721 2080 3775; x_wconf 86' lang='lat' dir='ltr'><strong><em>quem</em></strong></span> 
     </span>
    </p>
   </div>
   <div class='ocr_carea' id='block_1_70' title="bbox 497 3788 2079 3864">
    <p class='ocr_par' dir='ltr' id='par_1_70' title="bbox 497 3788 2079 3864">
     <span class='ocr_line' id='line_1_70' title="bbox 497 3788 2079 3864; baseline 0.004 -22"><span class='ocrx_word' id='word_1_553' title='bbox 497 3788 617 3843; x_wconf 90' lang='lat' dir='ltr'><strong><em>vide</em></strong></span> <span class='ocrx_word' id='word_1_554' title='bbox 645 3797 800 3846; x_wconf 87' lang='lat' dir='ltr'><strong><em>notas</em></strong></span> <span class='ocrx_word' id='word_1_555' title='bbox 829 3790 1128 3847; x_wconf 87' lang='lat' dir='ltr'><strong><em>doctissimi</em></strong></span> <span class='ocrx_word' id='word_1_556' title='bbox 1160 3794 1261 3848; x_wconf 92' lang='lat' dir='ltr'><strong><em>viri</em></strong></span> <span class='ocrx_word' id='word_1_557' title='bbox 1289 3793 1447 3850; x_wconf 84' lang='lat' dir='ltr'><strong><em>Joan.</em></strong></span> <span class='ocrx_word' id='word_1_558' title='bbox 1483 3794 1637 3862; x_wconf 89' lang='lat' dir='ltr'><strong><em>Bapt.</em></strong></span> <span class='ocrx_word' id='word_1_559' title='bbox 1670 3794 1948 3859; x_wconf 88' lang='lat' dir='ltr'><strong><em>Cotelerii,</em></strong></span> <span class='ocrx_word' id='word_1_560' title='bbox 1989 3796 2079 3864; x_wconf 90' lang='lat' dir='ltr'><strong><em>qui</em></strong></span> 
     </span>
    </p>
   </div>
   <div class='ocr_carea' id='block_1_71' title="bbox 497 3880 2079 3957">
    <p class='ocr_par' dir='ltr' id='par_1_71' title="bbox 497 3880 2079 3957">
     <span class='ocr_line' id='line_1_71' title="bbox 497 3880 2079 3957; baseline 0.006 -25"><span class='ocrx_word' id='word_1_561' title='bbox 497 3880 723 3936; x_wconf 90' lang='lat' dir='ltr'><strong><em>aliorum</em></strong></span> <span class='ocrx_word' id='word_1_562' title='bbox 763 3884 812 3938; x_wconf 91' lang='lat' dir='ltr'><strong><em>ei</em></strong></span> <span class='ocrx_word' id='word_1_563' title='bbox 856 3885 1266 3939; x_wconf 89' lang='lat' dir='ltr'><strong><em>assentientium</em></strong></span> <span class='ocrx_word' id='word_1_564' title='bbox 1308 3894 1363 3939; x_wconf 90' lang='lat' dir='ltr'><strong><em>et</em></strong></span> <span class='ocrx_word' id='word_1_565' title='bbox 1402 3886 1618 3942; x_wconf 91' lang='lat' dir='ltr'><strong><em>nomina</em></strong></span> <span class='ocrx_word' id='word_1_566' title='bbox 1650 3892 1707 3939; x_wconf 92' lang='lat' dir='ltr'><strong><em>et</em></strong></span> <span class='ocrx_word' id='word_1_567' title='bbox 1742 3886 1859 3940; x_wconf 89' lang='lat' dir='ltr'><strong><em>loca</em></strong></span> <span class='ocrx_word' id='word_1_568' title='bbox 1886 3900 2079 3957; x_wconf 82' lang='lat' dir='ltr'><strong><em>suppe-</em></strong></span> 
     </span>
    </p>
   </div>
   <div class='ocr_carea' id='block_1_72' title="bbox 496 3968 760 4026">
    <p class='ocr_par' dir='ltr' id='par_1_72' title="bbox 496 3968 760 4026">
     <span class='ocr_line' id='line_1_72' title="bbox 496 3968 760 4026; baseline 0.011 -3"><span class='ocrx_word' id='word_1_569' title='bbox 496 3968 704 4026; x_wconf 87' lang='lat' dir='ltr'><strong><em>ditabit.</em></strong></span> <span class='ocrx_word' id='word_1_570' title='bbox 743 3981 760 4003; x_wconf 81' lang='lat'>‘</span> 
     </span>
    </p>
   </div>
   <div class='ocr_carea' id='block_1_73' title="bbox 565 4061 2072 4140">
    <p class='ocr_par' dir='ltr' id='par_1_73' title="bbox 565 4061 2072 4140">
     <span class='ocr_line' id='line_1_73' title="bbox 565 4061 2072 4140; baseline 0.009 -25"><span class='ocrx_word' id='word_1_571' title='bbox 565 4061 697 4131; x_wconf 87' lang='lat' dir='ltr'><strong><em>Cap.</em></strong></span> <span class='ocrx_word' id='word_1_572' title='bbox 732 4064 824 4119; x_wconf 85' lang='grc'><strong><em>15.</em></strong></span> <span class='ocrx_word' id='word_1_573' title='bbox 866 4064 943 4120; x_wconf 90' lang='lat' dir='ltr'><strong><em>De</em></strong></span> <span class='ocrx_word' id='word_1_574' title='bbox 969 4065 1070 4120; x_wconf 92' lang='lat' dir='ltr'><strong><em>hoc</em></strong></span> <span class='ocrx_word' id='word_1_575' title='bbox 1099 4067 1497 4139; x_wconf 88' lang='lat' dir='ltr'><strong><em>Apocalypseos</em></strong></span> <span class='ocrx_word' id='word_1_576' title='bbox 1538 4068 1657 4123; x_wconf 90' lang='lat' dir='ltr'><strong><em>loco</em></strong></span> <span class='ocrx_word' id='word_1_577' title='bbox 1686 4084 1806 4140; x_wconf 89' lang='lat' dir='ltr'><strong><em>cap.</em></strong></span> <span class='ocrx_word' id='word_1_578' title='bbox 1841 4087 1932 4136; x_wconf 84' lang='lat' dir='ltr'><strong><em>xx,</em></strong></span> <span class='ocrx_word' id='word_1_579' title='bbox 1967 4073 2072 4128; x_wconf 75' lang='lat' dir='ltr'><strong><em>l5:</em></strong></span> 
     </span>
    </p>
   </div>
   <div class='ocr_carea' id='block_1_74' title="bbox 495 4152 2077 4230">
    <p class='ocr_par' dir='ltr' id='par_1_74' title="bbox 495 4152 2077 4230">
     <span class='ocr_line' id='line_1_74' title="bbox 495 4152 2077 4230; baseline 0.008 -24"><span class='ocrx_word' id='word_1_580' title='bbox 495 4152 563 4207; x_wconf 88' lang='lat' dir='ltr'><strong><em>Et</em></strong></span> <span class='ocrx_word' id='word_1_581' title='bbox 602 4155 829 4209; x_wconf 77' lang='lat' dir='ltr'><strong><em>exhibuit</em></strong></span> <span class='ocrx_word' id='word_1_582' title='bbox 854 4174 995 4211; x_wconf 88' lang='lat' dir='ltr'><strong><em>mare</em></strong></span> <span class='ocrx_word' id='word_1_583' title='bbox 1029 4169 1255 4213; x_wconf 90' lang='lat' dir='ltr'><strong><em>mortuos</em></strong></span> <span class='ocrx_word' id='word_1_584' title='bbox 1296 4162 1385 4230; x_wconf 89' lang='lat' dir='ltr'><strong><em>qui</em></strong></span> <span class='ocrx_word' id='word_1_585' title='bbox 1425 4162 1478 4214; x_wconf 90' lang='lat' dir='ltr'><strong><em>in</em></strong></span> <span class='ocrx_word' id='word_1_586' title='bbox 1512 4178 1569 4214; x_wconf 91' lang='lat' dir='ltr'><strong><em>eo</em></strong></span> <span class='ocrx_word' id='word_1_587' title='bbox 1597 4172 1762 4229; x_wconf 88' lang='lat' dir='ltr'><strong><em>erant,</em></strong></span> <span class='ocrx_word' id='word_1_588' title='bbox 1800 4172 1845 4216; x_wconf 93' lang='lat' dir='ltr'><strong><em>et</em></strong></span> <span class='ocrx_word' id='word_1_589' title='bbox 1869 4180 2002 4218; x_wconf 89' lang='lat' dir='ltr'><strong><em>mors</em></strong></span> <span class='ocrx_word' id='word_1_590' title='bbox 2030 4174 2077 4219; x_wconf 92' lang='lat' dir='ltr'><strong><em>et</em></strong></span> 
     </span>
    </p>
   </div>
   <div class='ocr_carea' id='block_1_75' title="bbox 495 4248 2077 4324">
    <p class='ocr_par' dir='ltr' id='par_1_75' title="bbox 495 4248 2077 4324">
     <span class='ocr_line' id='line_1_75' title="bbox 495 4248 2077 4324; baseline 0.007 -24"><span class='ocrx_word' id='word_1_591' title='bbox 495 4248 724 4311; x_wconf 79' lang='lat' dir='ltr'><strong><em>infernus</em></strong></span> <span class='ocrx_word' id='word_1_592' title='bbox 743 4251 1088 4324; x_wconf 81' lang='lat' dir='ltr'><strong><em>reddiderunt</em></strong></span> <span class='ocrx_word' id='word_1_593' title='bbox 1130 4262 1352 4307; x_wconf 89' lang='lat' dir='ltr'><strong><em>mortuos</em></strong></span> <span class='ocrx_word' id='word_1_594' title='bbox 1388 4270 1515 4324; x_wconf 91' lang='lat' dir='ltr'><strong><em>quos</em></strong></span> <span class='ocrx_word' id='word_1_595' title='bbox 1544 4256 1597 4308; x_wconf 89' lang='lat' dir='ltr'><strong><em>in</em></strong></span> <span class='ocrx_word' id='word_1_596' title='bbox 1624 4272 1675 4310; x_wconf 91' lang='lat' dir='ltr'><strong><em>se</em></strong></span> <span class='ocrx_word' id='word_1_597' title='bbox 1697 4256 1971 4320; x_wconf 89' lang='lat' dir='ltr'><strong><em>habebant;</em></strong></span> <span class='ocrx_word' id='word_1_598' title='bbox 2000 4258 2077 4311; x_wconf 91' lang='lat' dir='ltr'><strong><em>sic</em></strong></span> 
     </span>
    </p>
   </div>
   <div class='ocr_carea' id='block_1_76' title="bbox 493 4322 2073 4417">
    <p class='ocr_par' dir='ltr' id='par_1_76' title="bbox 493 4322 2073 4417">
     <span class='ocr_line' id='line_1_76' title="bbox 493 4322 2073 4417; baseline 0.003 -20"><span class='ocrx_word' id='word_1_599' title='bbox 493 4322 874 4397; x_wconf 66' lang='lat' dir='ltr'><strong><em>ratiocinatum</em></strong></span> <span class='ocrx_word' id='word_1_600' title='bbox 910 4342 1015 4397; x_wconf 89' lang='lat' dir='ltr'><strong><em>Sed</em></strong></span> <span class='ocrx_word' id='word_1_601' title='bbox 1044 4346 1129 4413; x_wconf 87' lang='lat' dir='ltr'><strong><em>qui</em></strong></span> <span class='ocrx_word' id='word_1_602' title='bbox 1154 4355 1272 4398; x_wconf 91' lang='lat' dir='ltr'><strong><em>sunt</em></strong></span> <span class='ocrx_word' id='word_1_603' title='bbox 1292 4350 1478 4399; x_wconf 85' lang='lat' dir='ltr'><strong><em>mortui</em></strong></span> <span class='ocrx_word' id='word_1_604' title='bbox 1501 4364 1628 4417; x_wconf 90' lang='lat' dir='ltr'><strong><em>quos</em></strong></span> <span class='ocrx_word' id='word_1_605' title='bbox 1659 4349 1881 4401; x_wconf 76' lang='lat' dir='ltr'><strong><em>exhibuit</em></strong></span> <span class='ocrx_word' id='word_1_606' title='bbox 1912 4365 2073 4413; x_wconf 87' lang='lat' dir='ltr'><strong><em>mare,</em></strong></span> 
     </span>
    </p>
   </div>
   <div class='ocr_carea' id='block_1_77' title="bbox 491 4435 2075 4507">
    <p class='ocr_par' dir='ltr' id='par_1_77' title="bbox 491 4435 2075 4507">
     <span class='ocr_line' id='line_1_77' title="bbox 491 4435 2075 4507; baseline 0.004 -20"><span class='ocrx_word' id='word_1_607' title='bbox 491 4437 579 4504; x_wconf 85' lang='lat' dir='ltr'><strong><em>qui</em></strong></span> <span class='ocrx_word' id='word_1_608' title='bbox 600 4436 653 4487; x_wconf 90' lang='lat' dir='ltr'><strong><em>in</em></strong></span> <span class='ocrx_word' id='word_1_609' title='bbox 679 4452 736 4489; x_wconf 88' lang='lat' dir='ltr'><strong><em>eo</em></strong></span> <span class='ocrx_word' id='word_1_610' title='bbox 760 4438 942 4489; x_wconf 90' lang='lat' dir='ltr'><strong><em>erant?</em></strong></span> <span class='ocrx_word' id='word_1_611' title='bbox 966 4435 1143 4507; x_wconf 86' lang='lat' dir='ltr'><strong><em>Neque</em></strong></span> <span class='ocrx_word' id='word_1_612' title='bbox 1158 4438 1292 4491; x_wconf 90' lang='lat' dir='ltr'><strong><em>enim</em></strong></span> <span class='ocrx_word' id='word_1_613' title='bbox 1312 4440 1396 4507; x_wconf 87' lang='lat' dir='ltr'><strong><em>qui</em></strong></span> <span class='ocrx_word' id='word_1_614' title='bbox 1426 4440 1478 4492; x_wconf 91' lang='lat' dir='ltr'><strong><em>in</em></strong></span> <span class='ocrx_word' id='word_1_615' title='bbox 1507 4441 1638 4493; x_wconf 91' lang='lat' dir='ltr'><strong><em>mari</em></strong></span> <span class='ocrx_word' id='word_1_616' title='bbox 1661 4442 1948 4493; x_wconf 85' lang='lat' dir='ltr'><strong><em>moriuntur</em></strong></span> <span class='ocrx_word' id='word_1_617' title='bbox 1975 4458 2075 4494; x_wconf 91' lang='lat' dir='ltr'><strong><em>non</em></strong></span> 
     </span>
    </p>
   </div>
   <div class='ocr_carea' id='block_1_78' title="bbox 2189 3238 3743 3312">
    <p class='ocr_par' dir='ltr' id='par_1_78' title="bbox 2189 3238 3743 3312">
     <span class='ocr_line' id='line_1_78' title="bbox 2189 3238 3743 3312; baseline 0.006 -24"><span class='ocrx_word' id='word_1_618' title='bbox 2189 3238 2312 3306; x_wconf 90' lang='lat' dir='ltr'><strong><em>quia</em></strong></span> <span class='ocrx_word' id='word_1_619' title='bbox 2346 3238 2649 3293; x_wconf 90' lang='lat' dir='ltr'><strong><em>maluerunt</em></strong></span> <span class='ocrx_word' id='word_1_620' title='bbox 2676 3241 2981 3309; x_wconf 88' lang='lat' dir='ltr'><strong><em>superiores</em></strong></span> <span class='ocrx_word' id='word_1_621' title='bbox 3004 3242 3155 3311; x_wconf 89' lang='lat' dir='ltr'><strong><em>sequi</em></strong></span> <span class='ocrx_word' id='word_1_622' title='bbox 3181 3258 3341 3311; x_wconf 89' lang='lat' dir='ltr'><strong><em>quam</em></strong></span> <span class='ocrx_word' id='word_1_623' title='bbox 3374 3258 3558 3299; x_wconf 88' lang='lat' dir='ltr'><strong><em>eorum</em></strong></span> <span class='ocrx_word' id='word_1_624' title='bbox 3581 3245 3743 3312; x_wconf 83' lang='lat' dir='ltr'><strong><em>placita</em></strong></span> 
     </span>
    </p>
   </div>
   <div class='ocr_carea' id='block_1_79' title="bbox 2188 3330 3668 3407">
    <p class='ocr_par' dir='ltr' id='par_1_79' title="bbox 2188 3330 3668 3407">
     <span class='ocr_line' id='line_1_79' title="bbox 2188 3330 3668 3407; baseline 0.005 -22"><span class='ocrx_word' id='word_1_625' title='bbox 2188 3330 2513 3399; x_wconf 80' lang='lat' dir='ltr'><strong><em>expendere.</em></strong></span> <span class='ocrx_word' id='word_1_626' title='bbox 2542 3331 2673 3386; x_wconf 91' lang='lat' dir='ltr'><strong><em>Vide</em></strong></span> <span class='ocrx_word' id='word_1_627' title='bbox 2701 3331 3091 3387; x_wconf 85' lang='lat' dir='ltr'><strong><em>Tertullianum</em></strong></span> <span class='ocrx_word' id='word_1_628' title='bbox 3122 3333 3189 3388; x_wconf 92' lang='lat' dir='ltr'><strong><em>de</em></strong></span> <span class='ocrx_word' id='word_1_629' title='bbox 3219 3334 3418 3389; x_wconf 86' lang='lat' dir='ltr'><strong><em>Anima</em></strong></span> <span class='ocrx_word' id='word_1_630' title='bbox 3446 3351 3565 3407; x_wconf 89' lang='lat' dir='ltr'><strong><em>cap.</em></strong></span> <span class='ocrx_word' id='word_1_631' title='bbox 3587 3337 3668 3393; x_wconf 82' lang='grc'><strong>55.</strong></span> 
     </span>
    </p>
   </div>
   <div class='ocr_carea' id='block_1_80' title="bbox 2258 3421 3741 3493">
    <p class='ocr_par' dir='ltr' id='par_1_80' title="bbox 2258 3421 3741 3493">
     <span class='ocr_line' id='line_1_80' title="bbox 2258 3421 3741 3493; baseline 0.003 -18"><span class='ocrx_word' id='word_1_632' title='bbox 2258 3421 2419 3477; x_wconf 78' lang='lat' dir='ltr'><strong><em>Lieno</em></strong></span> <span class='ocrx_word' id='word_1_633' title='bbox 2448 3438 2557 3476; x_wconf 82' lang='lat' dir='ltr'><strong><em>xxi.</em></strong></span> <span class='ocrx_word' id='word_1_634' title='bbox 2587 3421 2715 3491; x_wconf 89' lang='lat' dir='ltr'><strong><em>Cap.</em></strong></span> <span class='ocrx_word' id='word_1_635' title='bbox 2750 3424 2802 3487; x_wconf 83' lang='lat'><strong><em>5,</em></strong></span> <span class='ocrx_word' id='word_1_636' title='bbox 2835 3423 2861 3493; x_wconf 85' lang='lat'><strong>§</strong></span> <span class='ocrx_word' id='word_1_637' title='bbox 2899 3425 2949 3477; x_wconf 87' lang='grc'><strong><em>1.</em></strong></span> <span class='ocrx_word' id='word_1_638' title='bbox 2978 3421 3179 3478; x_wconf 88' lang='lat' dir='ltr'><strong><em>Contra</em></strong></span> <span class='ocrx_word' id='word_1_639' title='bbox 3211 3425 3477 3493; x_wconf 88' lang='lat' dir='ltr'><strong><em>supplicia</em></strong></span> <span class='ocrx_word' id='word_1_640' title='bbox 3510 3426 3741 3479; x_wconf 88' lang='lat' dir='ltr'><strong><em>malorum</em></strong></span> 
     </span>
    </p>
   </div>
   <div class='ocr_carea' id='block_1_81' title="bbox 2184 3512 3742 3583">
    <p class='ocr_par' dir='ltr' id='par_1_81' title="bbox 2184 3512 3742 3583">
     <span class='ocr_line' id='line_1_81' title="bbox 2184 3512 3742 3583; baseline 0.002 -17"><span class='ocrx_word' id='word_1_641' title='bbox 2184 3520 2384 3567; x_wconf 66' lang='lat' dir='ltr'><strong><em>aeterna</em></strong></span> <span class='ocrx_word' id='word_1_642' title='bbox 2415 3512 2553 3566; x_wconf 89' lang='lat' dir='ltr'><strong><em>hanc</em></strong></span> <span class='ocrx_word' id='word_1_643' title='bbox 2592 3512 2692 3567; x_wconf 89' lang='lat' dir='ltr'><strong><em>sibi</em></strong></span> <span class='ocrx_word' id='word_1_644' title='bbox 2722 3515 2973 3582; x_wconf 88' lang='lat' dir='ltr'><strong><em>proponit</em></strong></span> <span class='ocrx_word' id='word_1_645' title='bbox 2994 3514 3355 3583; x_wconf 88' lang='lat' dir='ltr'><strong><em>objectionem</em></strong></span> <span class='ocrx_word' id='word_1_646' title='bbox 3384 3535 3396 3569; x_wconf 93' lang='lat'>:</span> <span class='ocrx_word' id='word_1_647' title='bbox 3426 3516 3636 3571; x_wconf 84' lang='lat' dir='ltr'><strong><em>Nullum</em></strong></span> <span class='ocrx_word' id='word_1_648' title='bbox 3658 3527 3742 3580; x_wconf 91' lang='lat' dir='ltr'><strong><em>est,</em></strong></span> 
     </span>
    </p>
   </div>
   <div class='ocr_carea' id='block_1_82' title="bbox 2183 3604 3743 3678">
    <p class='ocr_par' dir='ltr' id='par_1_82' title="bbox 2183 3604 3743 3678">
     <span class='ocr_line' id='line_1_82' title="bbox 2183 3604 3743 3678; baseline 0.003 -21"><span class='ocrx_word' id='word_1_649' title='bbox 2183 3604 2439 3674; x_wconf 87' lang='lat' dir='ltr'><strong><em>inquiunt,</em></strong></span> <span class='ocrx_word' id='word_1_650' title='bbox 2472 3620 2657 3673; x_wconf 90' lang='lat' dir='ltr'><strong><em>corpus</em></strong></span> <span class='ocrx_word' id='word_1_651' title='bbox 2691 3606 2826 3676; x_wconf 88' lang='lat' dir='ltr'><strong><em>quod</em></strong></span> <span class='ocrx_word' id='word_1_652' title='bbox 2864 3608 3025 3676; x_wconf 91' lang='lat' dir='ltr'><strong><em>possit</em></strong></span> <span class='ocrx_word' id='word_1_653' title='bbox 3053 3608 3243 3673; x_wconf 88' lang='lat' dir='ltr'><strong><em>dolere,</em></strong></span> <span class='ocrx_word' id='word_1_654' title='bbox 3284 3624 3381 3661; x_wconf 90' lang='lat' dir='ltr'><strong><em>nec</em></strong></span> <span class='ocrx_word' id='word_1_655' title='bbox 3410 3611 3565 3678; x_wconf 89' lang='lat' dir='ltr'><strong><em>possit</em></strong></span> <span class='ocrx_word' id='word_1_656' title='bbox 3593 3608 3743 3677; x_wconf 85' lang='lat' dir='ltr'><strong><em>mori.]</em></strong></span> 
     </span>
    </p>
   </div>
   <div class='ocr_carea' id='block_1_83' title="bbox 2184 3695 3742 3768">
    <p class='ocr_par' dir='ltr' id='par_1_83' title="bbox 2184 3695 3742 3768">
     <span class='ocr_line' id='line_1_83' title="bbox 2184 3695 3742 3768; baseline 0.002 -18"><span class='ocrx_word' id='word_1_657' title='bbox 2184 3695 2317 3750; x_wconf 86' lang='lat' dir='ltr'><strong><em>Eam</em></strong></span> <span class='ocrx_word' id='word_1_658' title='bbox 2363 3696 2717 3765; x_wconf 91' lang='lat' dir='ltr'><strong><em>objectionem</em></strong></span> <span class='ocrx_word' id='word_1_659' title='bbox 2760 3697 2999 3752; x_wconf 90' lang='lat' dir='ltr'><strong><em>confutat</em></strong></span> <span class='ocrx_word' id='word_1_660' title='bbox 3028 3698 3449 3767; x_wconf 90' lang='lat' dir='ltr'><strong><em>operosissime,</em></strong></span> <span class='ocrx_word' id='word_1_661' title='bbox 3503 3700 3742 3768; x_wconf 88' lang='lat' dir='ltr'><strong><em>variisque</em></strong></span> 
     </span>
    </p>
   </div>
   <div class='ocr_carea' id='block_1_84' title="bbox 2182 3786 3737 3855">
    <p class='ocr_par' dir='ltr' id='par_1_84' title="bbox 2182 3786 3737 3855">
     <span class='ocr_line' id='line_1_84' title="bbox 2182 3786 3737 3855; baseline 0.001 -14"><span class='ocrx_word' id='word_1_662' title='bbox 2182 3786 2426 3841; x_wconf 89' lang='lat' dir='ltr'><strong><em>adductis</em></strong></span> <span class='ocrx_word' id='word_1_663' title='bbox 2474 3787 2872 3843; x_wconf 90' lang='lat' dir='ltr'><strong><em>incredibilibus</em></strong></span> <span class='ocrx_word' id='word_1_664' title='bbox 2918 3797 2971 3842; x_wconf 92' lang='lat' dir='ltr'><strong><em>et</em></strong></span> <span class='ocrx_word' id='word_1_665' title='bbox 3022 3787 3171 3842; x_wconf 80' lang='lat' dir='ltr'><strong><em>falsis</em></strong></span> <span class='ocrx_word' id='word_1_666' title='bbox 3202 3788 3450 3843; x_wconf 90' lang='lat' dir='ltr'><strong><em>historiis</em></strong></span> <span class='ocrx_word' id='word_1_667' title='bbox 3476 3804 3542 3845; x_wconf 85' lang='lat' dir='ltr'><strong><em>ex</em></strong></span> <span class='ocrx_word' id='word_1_668' title='bbox 3571 3789 3737 3855; x_wconf 80' lang='lat' dir='ltr'><strong><em>Plinio,</em></strong></span> 
     </span>
    </p>
   </div>
   <div class='ocr_carea' id='block_1_85' title="bbox 2182 3880 3738 3951">
    <p class='ocr_par' dir='ltr' id='par_1_85' title="bbox 2182 3880 3738 3951">
     <span class='ocr_line' id='line_1_85' title="bbox 2182 3880 3738 3951; baseline -0.001 -15"><span class='ocrx_word' id='word_1_669' title='bbox 2182 3897 2282 3936; x_wconf 90' lang='lat' dir='ltr'><strong><em>nec</em></strong></span> <span class='ocrx_word' id='word_1_670' title='bbox 2313 3892 2488 3936; x_wconf 87' lang='lat' dir='ltr'><strong><em>tamen</em></strong></span> <span class='ocrx_word' id='word_1_671' title='bbox 2533 3881 2809 3937; x_wconf 86' lang='lat' dir='ltr'><strong><em>satisfacit.</em></strong></span> <span class='ocrx_word' id='word_1_672' title='bbox 2839 3881 2975 3949; x_wconf 86' lang='lat' dir='ltr'><strong><em>Quid</em></strong></span> <span class='ocrx_word' id='word_1_673' title='bbox 3018 3880 3224 3936; x_wconf 75' lang='lat' dir='ltr'><strong><em>[acilius</em></strong></span> <span class='ocrx_word' id='word_1_674' title='bbox 3269 3892 3391 3937; x_wconf 88' lang='lat' dir='ltr'><strong><em>erat</em></strong></span> <span class='ocrx_word' id='word_1_675' title='bbox 3431 3882 3574 3937; x_wconf 90' lang='lat' dir='ltr'><strong><em>dictu</em></strong></span> <span class='ocrx_word' id='word_1_676' title='bbox 3602 3896 3738 3951; x_wconf 86' lang='lat' dir='ltr'><strong><em>quam</em></strong></span> 
     </span>
    </p>
   </div>
   <div class='ocr_carea' id='block_1_86' title="bbox 2182 3974 3740 4045">
    <p class='ocr_par' dir='ltr' id='par_1_86' title="bbox 2182 3974 3740 4045">
     <span class='ocr_line' id='line_1_86' title="bbox 2182 3974 3740 4045; baseline -0.001 -18"><span class='ocrx_word' id='word_1_677' title='bbox 2182 3974 2317 4029; x_wconf 87' lang='lat' dir='ltr'><strong><em>alias</em></strong></span> <span class='ocrx_word' id='word_1_678' title='bbox 2359 3975 2504 4045; x_wconf 86' lang='lat' dir='ltr'><strong><em>leges</em></strong></span> <span class='ocrx_word' id='word_1_679' title='bbox 2553 3974 2667 4030; x_wconf 79' lang='lat' dir='ltr'><strong><em>fore</em></strong></span> <span class='ocrx_word' id='word_1_680' title='bbox 2706 3983 2763 4030; x_wconf 91' lang='lat' dir='ltr'><strong><em>et</em></strong></span> <span class='ocrx_word' id='word_1_681' title='bbox 2801 3988 3084 4043; x_wconf 87' lang='lat' dir='ltr'><strong><em>corporum</em></strong></span> <span class='ocrx_word' id='word_1_682' title='bbox 3129 3982 3184 4029; x_wconf 94' lang='lat' dir='ltr'><strong><em>et</em></strong></span> <span class='ocrx_word' id='word_1_683' title='bbox 3225 3974 3514 4043; x_wconf 89' lang='lat' dir='ltr'><strong><em>spirituum</em></strong></span> <span class='ocrx_word' id='word_1_684' title='bbox 3541 3990 3604 4029; x_wconf 90' lang='lat' dir='ltr'><strong><em>eo</em></strong></span> <span class='ocrx_word' id='word_1_685' title='bbox 3628 3984 3740 4028; x_wconf 90' lang='lat' dir='ltr'><strong><em>tem-</em></strong></span> 
     </span>
    </p>
   </div>
   <div class='ocr_carea' id='block_1_87' title="bbox 2184 4066 3739 4138">
    <p class='ocr_par' dir='ltr' id='par_1_87' title="bbox 2184 4066 3739 4138">
     <span class='ocr_line' id='line_1_87' title="bbox 2184 4066 3739 4138; baseline 0.001 -19"><span class='ocrx_word' id='word_1_686' title='bbox 2184 4083 2333 4136; x_wconf 85' lang='lat' dir='ltr'><strong><em>pore,</em></strong></span> <span class='ocrx_word' id='word_1_687' title='bbox 2364 4084 2522 4138; x_wconf 90' lang='lat' dir='ltr'><strong><em>quam</em></strong></span> <span class='ocrx_word' id='word_1_688' title='bbox 2552 4083 2722 4133; x_wconf 88' lang='lat' dir='ltr'><strong><em>nunc;</em></strong></span> <span class='ocrx_word' id='word_1_689' title='bbox 2753 4067 3027 4137; x_wconf 87' lang='lat' dir='ltr'><strong><em>Deumque</em></strong></span> <span class='ocrx_word' id='word_1_690' title='bbox 3054 4066 3369 4123; x_wconf 69' lang='lat' dir='ltr'><strong><em>eﬁ‘ecturum</em></strong></span> <span class='ocrx_word' id='word_1_691' title='bbox 3397 4078 3456 4122; x_wconf 92' lang='lat' dir='ltr'><strong><em>ut</em></strong></span> <span class='ocrx_word' id='word_1_692' title='bbox 3481 4078 3625 4124; x_wconf 91' lang='lat' dir='ltr'><strong><em>certo</em></strong></span> <span class='ocrx_word' id='word_1_693' title='bbox 3644 4082 3739 4120; x_wconf 81' lang='lat' dir='ltr'><strong><em>cor-</em></strong></span> 
     </span>
    </p>
   </div>
   <div class='ocr_carea' id='block_1_88' title="bbox 2180 4158 3738 4228">
    <p class='ocr_par' dir='ltr' id='par_1_88' title="bbox 2180 4158 3738 4228">
     <span class='ocr_line' id='line_1_88' title="bbox 2180 4158 3738 4228; baseline -0.002 -16"><span class='ocrx_word' id='word_1_694' title='bbox 2180 4160 2326 4228; x_wconf 88' lang='lat' dir='ltr'><strong><em>poris</em></strong></span> <span class='ocrx_word' id='word_1_695' title='bbox 2356 4170 2531 4228; x_wconf 87' lang='lat' dir='ltr'><strong><em>motu,</em></strong></span> <span class='ocrx_word' id='word_1_696' title='bbox 2560 4175 2733 4227; x_wconf 86' lang='lat' dir='ltr'><strong><em>eoque</em></strong></span> <span class='ocrx_word' id='word_1_697' title='bbox 2760 4173 2869 4213; x_wconf 90' lang='lat' dir='ltr'><strong><em>non</em></strong></span> <span class='ocrx_word' id='word_1_698' title='bbox 2896 4159 2966 4211; x_wconf 90' lang='lat' dir='ltr'><strong><em>ita</em></strong></span> <span class='ocrx_word' id='word_1_699' title='bbox 2996 4173 3189 4227; x_wconf 86' lang='lat' dir='ltr'><strong><em>magno</em></strong></span> <span class='ocrx_word' id='word_1_700' title='bbox 3223 4168 3279 4211; x_wconf 91' lang='lat' dir='ltr'><strong><em>ut</em></strong></span> <span class='ocrx_word' id='word_1_701' title='bbox 3306 4168 3502 4214; x_wconf 87' lang='lat' dir='ltr'><strong><em>noceat</em></strong></span> <span class='ocrx_word' id='word_1_702' title='bbox 3530 4158 3738 4227; x_wconf 88' lang='lat' dir='ltr'><strong><em>corpori,</em></strong></span> 
     </span>
    </p>
   </div>
   <div class='ocr_carea' id='block_1_89' title="bbox 2182 4248 3739 4321">
    <p class='ocr_par' dir='ltr' id='par_1_89' title="bbox 2182 4248 3739 4321">
     <span class='ocr_line' id='line_1_89' title="bbox 2182 4248 3739 4321; baseline -0.003 -14"><span class='ocrx_word' id='word_1_703' title='bbox 2182 4254 2445 4307; x_wconf 85' lang='lat' dir='ltr'><strong><em>excitetur</em></strong></span> <span class='ocrx_word' id='word_1_704' title='bbox 2495 4254 2680 4321; x_wconf 81' lang='lat' dir='ltr'><strong><em>ingens</em></strong></span> <span class='ocrx_word' id='word_1_705' title='bbox 2710 4250 2863 4306; x_wconf 90' lang='lat' dir='ltr'><strong><em>dolor</em></strong></span> <span class='ocrx_word' id='word_1_706' title='bbox 2891 4251 2945 4305; x_wconf 91' lang='lat' dir='ltr'><strong><em>in</em></strong></span> <span class='ocrx_word' id='word_1_707' title='bbox 2975 4251 3166 4305; x_wconf 89' lang='lat' dir='ltr'><strong><em>animis</em></strong></span> <span class='ocrx_word' id='word_1_708' title='bbox 3197 4251 3601 4320; x_wconf 83' lang='lat' dir='ltr'><strong><em>improborum?</em></strong></span> <span class='ocrx_word' id='word_1_709' title='bbox 3628 4248 3739 4303; x_wconf 86' lang='lat' dir='ltr'><strong><em>Vide</em></strong></span> 
     </span>
    </p>
   </div>
   <div class='ocr_carea' id='block_1_90' title="bbox 2179 4341 3739 4415">
    <p class='ocr_par' dir='ltr' id='par_1_90' title="bbox 2179 4341 3739 4415">
     <span class='ocr_line' id='line_1_90' title="bbox 2179 4341 3739 4415; baseline -0.002 -17"><span class='ocrx_word' id='word_1_710' title='bbox 2179 4344 2418 4414; x_wconf 87' lang='lat' dir='ltr'><strong><em>Dionysii</em></strong></span> <span class='ocrx_word' id='word_1_711' title='bbox 2452 4345 2652 4398; x_wconf 84' lang='lat' dir='ltr'><strong><em>Petavii</em></strong></span> <span class='ocrx_word' id='word_1_712' title='bbox 2686 4344 2928 4412; x_wconf 85' lang='lat' dir='ltr'><strong><em>Dogmat.</em></strong></span> <span class='ocrx_word' id='word_1_713' title='bbox 2962 4343 3196 4415; x_wconf 85' lang='lat' dir='ltr'><strong><em>theolog.</em></strong></span> <span class='ocrx_word' id='word_1_714' title='bbox 3225 4352 3358 4399; x_wconf 90' lang='lat' dir='ltr'><strong><em>tom.</em></strong></span> <span class='ocrx_word' id='word_1_715' title='bbox 3397 4343 3485 4397; x_wconf 82' lang='grc' dir='ltr'><strong>ΙΙΙ.</strong></span> <span class='ocrx_word' id='word_1_716' title='bbox 3524 4344 3662 4414; x_wconf 82' lang='lat' dir='ltr'><strong><em>Opus</em></strong></span> <span class='ocrx_word' id='word_1_717' title='bbox 3683 4341 3739 4396; x_wconf 84' lang='lat' dir='ltr'><strong><em>de</em></strong></span> 
     </span>
    </p>
   </div>
   <div class='ocr_carea' id='block_1_91' title="bbox 2179 4434 2871 4504">
    <p class='ocr_par' dir='ltr' id='par_1_91' title="bbox 2179 4434 2871 4504">
     <span class='ocr_line' id='line_1_91' title="bbox 2179 4434 2871 4504; baseline -0.001 -15"><span class='ocrx_word' id='word_1_718' title='bbox 2179 4435 2395 4504; x_wconf 84' lang='lat' dir='ltr'><strong><em>Angelis</em></strong></span> <span class='ocrx_word' id='word_1_719' title='bbox 2425 4436 2517 4489; x_wconf 87' lang='lat' dir='ltr'><strong><em>lib.</em></strong></span> <span class='ocrx_word' id='word_1_720' title='bbox 2550 4450 2629 4498; x_wconf 83' lang='lat' dir='ltr'><strong><em>tu,</em></strong></span> <span class='ocrx_word' id='word_1_721' title='bbox 2662 4449 2781 4503; x_wconf 89' lang='lat' dir='ltr'><strong><em>cap.</em></strong></span> <span class='ocrx_word' id='word_1_722' title='bbox 2814 4434 2871 4488; x_wconf 83' lang='lat'><strong><em>5.</em></strong></span> 
     </span>
    </p>
   </div>
   <div class='ocr_carea' id='block_1_92' title="bbox 493 4515 3738 4599">
    <p class='ocr_par' dir='ltr' id='par_1_92' title="bbox 493 4515 3738 4599">
     <span class='ocr_line' id='line_1_92' title="bbox 493 4515 3738 4599; baseline 0.001 -22"><span class='ocrx_word' id='word_1_723' title='bbox 493 4534 612 4578; x_wconf 90' lang='lat' dir='ltr'><strong><em>sunt</em></strong></span> <span class='ocrx_word' id='word_1_724' title='bbox 641 4526 694 4579; x_wconf 89' lang='lat' dir='ltr'><strong><em>in</em></strong></span> <span class='ocrx_word' id='word_1_725' title='bbox 723 4526 946 4596; x_wconf 79' lang='lat' dir='ltr'><strong><em>inferno,</em></strong></span> <span class='ocrx_word' id='word_1_726' title='bbox 980 4537 1070 4580; x_wconf 88' lang='lat' dir='ltr'><strong><em>aut</em></strong></span> <span class='ocrx_word' id='word_1_727' title='bbox 1099 4545 1317 4597; x_wconf 90' lang='lat' dir='ltr'><strong><em>corpora</em></strong></span> <span class='ocrx_word' id='word_1_728' title='bbox 1342 4546 1515 4583; x_wconf 90' lang='lat' dir='ltr'><strong><em>eorum</em></strong></span> <span class='ocrx_word' id='word_1_729' title='bbox 1538 4542 1801 4585; x_wconf 84' lang='lat' dir='ltr'><strong><em>servantur</em></strong></span> <span class='ocrx_word' id='word_1_730' title='bbox 1827 4534 1877 4584; x_wconf 90' lang='lat' dir='ltr'><strong><em>in</em></strong></span> <span class='ocrx_word' id='word_1_731' title='bbox 1908 4534 2073 4595; x_wconf 89' lang='lat' dir='ltr'><strong><em>mari;</em></strong></span> <span class='ocrx_word' id='word_1_732' title='bbox 2102 4515 2153 4575; x_wconf 82' lang='lat' dir='ltr'><strong>D</strong></span> <span class='ocrx_word' id='word_1_733' title='bbox 2250 4527 2379 4594; x_wconf 83' lang='lat' dir='ltr'><strong><em>Cap.</em></strong></span> <span class='ocrx_word' id='word_1_734' title='bbox 2410 4527 2501 4580; x_wconf 71' lang='grc'><strong>21.</strong></span> <span class='ocrx_word' id='word_1_735' title='bbox 2539 4527 2605 4581; x_wconf 91' lang='lat' dir='ltr'><strong><em>Ut</em></strong></span> <span class='ocrx_word' id='word_1_736' title='bbox 2640 4526 2777 4581; x_wconf 91' lang='lat' dir='ltr'><strong><em>Deus</em></strong></span> <span class='ocrx_word' id='word_1_737' title='bbox 2822 4529 3118 4582; x_wconf 87' lang='lat' dir='ltr'><strong><em>sententiam</em></strong></span> <span class='ocrx_word' id='word_1_738' title='bbox 3156 4544 3302 4582; x_wconf 87' lang='lat' dir='ltr'><strong><em>suam</em></strong></span> <span class='ocrx_word' id='word_1_739' title='bbox 3350 4530 3544 4599; x_wconf 85' lang='lat' dir='ltr'><strong><em>mitiget</em></strong></span> <span class='ocrx_word' id='word_1_740' title='bbox 3580 4538 3622 4581; x_wconf 90' lang='lat' dir='ltr'><strong><em>et</em></strong></span> <span class='ocrx_word' id='word_1_741' title='bbox 3673 4543 3738 4580; x_wconf 87' lang='lat' dir='ltr'><strong><em>re-</em></strong></span> 
     </span>
    </p>
   </div>
   <div class='ocr_carea' id='block_1_93' title="bbox 494 4618 2075 4686">
    <p class='ocr_par' dir='ltr' id='par_1_93' title="bbox 494 4618 2075 4686">
     <span class='ocr_line' id='line_1_93' title="bbox 494 4618 2075 4686; baseline 0.006 -19"><span class='ocrx_word' id='word_1_742' title='bbox 494 4626 604 4682; x_wconf 90' lang='lat' dir='ltr'><strong><em>aut,</em></strong></span> <span class='ocrx_word' id='word_1_743' title='bbox 636 4618 773 4686; x_wconf 86' lang='lat' dir='ltr'><strong><em>quod</em></strong></span> <span class='ocrx_word' id='word_1_744' title='bbox 800 4629 872 4672; x_wconf 86' lang='lat' dir='ltr'><strong><em>est</em></strong></span> <span class='ocrx_word' id='word_1_745' title='bbox 893 4618 1181 4684; x_wconf 88' lang='lat' dir='ltr'><strong><em>absurdius,</em></strong></span> <span class='ocrx_word' id='word_1_746' title='bbox 1205 4637 1342 4675; x_wconf 91' lang='lat' dir='ltr'><strong><em>mare</em></strong></span> <span class='ocrx_word' id='word_1_747' title='bbox 1368 4621 1579 4675; x_wconf 88' lang='lat' dir='ltr'><strong><em>habebat</em></strong></span> <span class='ocrx_word' id='word_1_748' title='bbox 1602 4623 1756 4677; x_wconf 88' lang='lat' dir='ltr'><strong><em>bonos</em></strong></span> <span class='ocrx_word' id='word_1_749' title='bbox 1783 4633 2004 4677; x_wconf 87' lang='lat' dir='ltr'><strong><em>mortuos</em></strong></span> <span class='ocrx_word' id='word_1_750' title='bbox 2027 4634 2075 4677; x_wconf 90' lang='lat' dir='ltr'><strong><em>et</em></strong></span> 
     </span>
    </p>
   </div>
   <div class='ocr_carea' id='block_1_94' title="bbox 492 4707 2072 4784">
    <p class='ocr_par' dir='ltr' id='par_1_94' title="bbox 492 4707 2072 4784">
     <span class='ocr_line' id='line_1_94' title="bbox 492 4707 2072 4784; baseline 0.006 -25"><span class='ocrx_word' id='word_1_751' title='bbox 492 4707 723 4775; x_wconf 80' lang='lat' dir='ltr'><strong><em>infernus</em></strong></span> <span class='ocrx_word' id='word_1_752' title='bbox 749 4710 931 4764; x_wconf 87' lang='lat' dir='ltr'><strong><em>malos.</em></strong></span> <span class='ocrx_word' id='word_1_753' title='bbox 968 4711 1094 4777; x_wconf 83' lang='lat' dir='ltr'><strong><em>Quis</em></strong></span> <span class='ocrx_word' id='word_1_754' title='bbox 1125 4712 1221 4766; x_wconf 90' lang='lat' dir='ltr'><strong><em>hoc</em></strong></span> <span class='ocrx_word' id='word_1_755' title='bbox 1247 4716 1495 4784; x_wconf 88' lang='lat' dir='ltr'><strong><em>putaverit</em></strong></span> <span class='ocrx_word' id='word_1_756' title='bbox 1512 4716 1537 4768; x_wconf 86' lang='lat'><em>?</em></span> <span class='ocrx_word' id='word_1_757' title='bbox 1564 4713 1669 4769; x_wconf 86' lang='lat' dir='ltr'><strong><em>Sed</em></strong></span> <span class='ocrx_word' id='word_1_758' title='bbox 1696 4715 1923 4783; x_wconf 78' lang='lat' dir='ltr'><strong><em>profecto</em></strong></span> <span class='ocrx_word' id='word_1_759' title='bbox 1949 4732 2072 4769; x_wconf 86' lang='lat' dir='ltr'><strong><em>con-</em></strong></span> 
     </span>
    </p>
   </div>
   <div class='ocr_carea' id='block_1_95' title="bbox 494 4799 2073 4877">
    <p class='ocr_par' dir='ltr' id='par_1_95' title="bbox 494 4799 2073 4877">
     <span class='ocr_line' id='line_1_95' title="bbox 494 4799 2073 4877; baseline 0.007 -28"><span class='ocrx_word' id='word_1_760' title='bbox 494 4799 748 4855; x_wconf 86' lang='lat' dir='ltr'><strong><em>venienter</em></strong></span> <span class='ocrx_word' id='word_1_761' title='bbox 772 4804 981 4871; x_wconf 88' lang='lat' dir='ltr'><strong><em>quidam</em></strong></span> <span class='ocrx_word' id='word_1_762' title='bbox 1002 4803 1096 4857; x_wconf 88' lang='lat' dir='ltr'><strong><em>hoc</em></strong></span> <span class='ocrx_word' id='word_1_763' title='bbox 1122 4804 1235 4858; x_wconf 89' lang='lat' dir='ltr'><strong><em>loco</em></strong></span> <span class='ocrx_word' id='word_1_764' title='bbox 1258 4821 1398 4859; x_wconf 89' lang='lat' dir='ltr'><strong><em>mare</em></strong></span> <span class='ocrx_word' id='word_1_765' title='bbox 1418 4823 1511 4875; x_wconf 89' lang='lat' dir='ltr'><strong><em>pro</em></strong></span> <span class='ocrx_word' id='word_1_766' title='bbox 1527 4807 1623 4860; x_wconf 86' lang='lat' dir='ltr'><strong><em>ista</em></strong></span> <span class='ocrx_word' id='word_1_767' title='bbox 1642 4808 1829 4859; x_wconf 75' lang='lat' dir='ltr'><strong><em>steculo</em></strong></span> <span class='ocrx_word' id='word_1_768' title='bbox 1850 4808 2073 4877; x_wconf 89' lang='lat' dir='ltr'><strong><em>positum</em></strong></span> 
     </span>
    </p>
   </div>
   <div class='ocr_carea' id='block_1_96' title="bbox 491 4895 2069 4969">
    <p class='ocr_par' dir='ltr' id='par_1_96' title="bbox 491 4895 2069 4969">
     <span class='ocr_line' id='line_1_96' title="bbox 491 4895 2069 4969; baseline 0.006 -25"><span class='ocrx_word' id='word_1_769' title='bbox 491 4895 795 4967; x_wconf 83' lang='lat' dir='ltr'><strong><em>accipiunt.]</em></strong></span> <span class='ocrx_word' id='word_1_770' title='bbox 826 4895 941 4950; x_wconf 86' lang='lat' dir='ltr'><strong><em>Non</em></strong></span> <span class='ocrx_word' id='word_1_771' title='bbox 970 4896 1140 4952; x_wconf 89' lang='lat' dir='ltr'><strong><em>semel</em></strong></span> <span class='ocrx_word' id='word_1_772' title='bbox 1169 4898 1358 4953; x_wconf 82' lang='lat' dir='ltr'><strong><em>fefellit</em></strong></span> <span class='ocrx_word' id='word_1_773' title='bbox 1385 4901 1736 4969; x_wconf 85' lang='lat' dir='ltr'><strong><em>Augustinum</em></strong></span> <span class='ocrx_word' id='word_1_774' title='bbox 1759 4915 1860 4953; x_wconf 89' lang='lat' dir='ltr'><strong><em>vox</em></strong></span> <span class='ocrx_word' id='word_1_775' title='bbox 1883 4900 2069 4954; x_wconf 88' lang='lat' dir='ltr'><strong><em>Latina</em></strong></span> 
     </span>
    </p>
   </div>
   <div class='ocr_carea' id='block_1_97' title="bbox 491 4975 2071 5065">
    <p class='ocr_par' dir='ltr' id='par_1_97' title="bbox 491 4975 2071 5065">
     <span class='ocr_line' id='line_1_97' title="bbox 491 4975 2071 5065; baseline 0.004 -28"><span class='ocrx_word' id='word_1_776' title='bbox 491 4989 742 5055; x_wconf 76' lang='lat' dir='ltr'><strong><em>infernus,</em></strong></span> <span class='ocrx_word' id='word_1_777' title='bbox 784 4989 926 5058; x_wconf 89' lang='lat' dir='ltr'><strong><em>quod</em></strong></span> <span class='ocrx_word' id='word_1_778' title='bbox 958 4991 1245 5045; x_wconf 88' lang='lat' dir='ltr'><strong><em>nesciverit</em></strong></span> <span class='ocrx_word' id='word_1_779' title='bbox 1276 4990 1419 5065; x_wconf 77' lang='grc' dir='ltr'>ᾅδην,</span> <span class='ocrx_word' id='word_1_780' title='bbox 1467 4990 1727 5045; x_wconf 86' lang='lat' dir='ltr'><strong><em>llebraice</em></strong></span> <span class='ocrx_word' id='word_1_781' title='bbox 1771 4975 1948 5058; x_wconf 61' lang='lat' dir='ltr'><strong><em>51ml},</em></strong></span> <span class='ocrx_word' id='word_1_782' title='bbox 1998 4994 2071 5044; x_wconf 90' lang='lat' dir='ltr'><strong><em>si-</em></strong></span> 
     </span>
    </p>
   </div>
   <div class='ocr_carea' id='block_1_98' title="bbox 491 5077 2067 5149">
    <p class='ocr_par' dir='ltr' id='par_1_98' title="bbox 491 5077 2067 5149">
     <span class='ocr_line' id='line_1_98' title="bbox 491 5077 2067 5149; baseline 0.003 -20"><span class='ocrx_word' id='word_1_783' title='bbox 491 5077 746 5145; x_wconf 82' lang='lat' dir='ltr'><strong><em>gnificare</em></strong></span> <span class='ocrx_word' id='word_1_784' title='bbox 772 5078 1081 5149; x_wconf 83' lang='lat' dir='ltr'><strong><em>sepulcrum.</em></strong></span> <span class='ocrx_word' id='word_1_785' title='bbox 1109 5079 1241 5134; x_wconf 88' lang='lat' dir='ltr'><strong><em>Vide</em></strong></span> <span class='ocrx_word' id='word_1_786' title='bbox 1267 5094 1385 5148; x_wconf 63' lang='lat' dir='ltr'><strong><em>quae</em></strong></span> <span class='ocrx_word' id='word_1_787' title='bbox 1413 5080 1712 5133; x_wconf 87' lang='lat' dir='ltr'><strong><em>notavimus</em></strong></span> <span class='ocrx_word' id='word_1_788' title='bbox 1746 5080 1812 5132; x_wconf 90' lang='lat' dir='ltr'><strong><em>ad</em></strong></span> <span class='ocrx_word' id='word_1_789' title='bbox 1844 5089 1974 5133; x_wconf 91' lang='lat' dir='ltr'><strong><em>tom.</em></strong></span> <span class='ocrx_word' id='word_1_790' title='bbox 2004 5080 2067 5144; x_wconf 89' lang='lat' dir='ltr'><strong><em>ll,</em></strong></span> 
     </span>
    </p>
   </div>
   <div class='ocr_carea' id='block_1_99' title="bbox 491 5165 2068 5240">
    <p class='ocr_par' dir='ltr' id='par_1_99' title="bbox 491 5165 2068 5240">
     <span class='ocr_line' id='line_1_99' title="bbox 491 5165 2068 5240; baseline 0.002 -19"><span class='ocrx_word' id='word_1_791' title='bbox 491 5167 648 5235; x_wconf 89' lang='lat' dir='ltr'><strong><em>epist.</em></strong></span> <span class='ocrx_word' id='word_1_792' title='bbox 678 5165 767 5222; x_wconf 76' lang='grc'><strong><em>61.</em></strong></span> <span class='ocrx_word' id='word_1_793' title='bbox 811 5167 1005 5223; x_wconf 85' lang='lat' dir='ltr'><strong><em>Mortui</em></strong></span> <span class='ocrx_word' id='word_1_794' title='bbox 1047 5184 1181 5240; x_wconf 92' lang='lat' dir='ltr'><strong><em>quos</em></strong></span> <span class='ocrx_word' id='word_1_795' title='bbox 1226 5168 1414 5224; x_wconf 89' lang='lat' dir='ltr'><strong><em>reddet</em></strong></span> <span class='ocrx_word' id='word_1_796' title='bbox 1461 5184 1608 5225; x_wconf 82' lang='lat' dir='ltr'><strong><em>mare</em></strong></span> <span class='ocrx_word' id='word_1_797' title='bbox 1660 5179 1784 5224; x_wconf 90' lang='lat' dir='ltr'><strong><em>sunt</em></strong></span> <span class='ocrx_word' id='word_1_798' title='bbox 1809 5170 2068 5224; x_wconf 85' lang='lat' dir='ltr'><strong><em>cadavera</em></strong></span> 
     </span>
    </p>
   </div>
   <div class='ocr_carea' id='block_1_100' title="bbox 492 5258 2068 5328">
    <p class='ocr_par' dir='ltr' id='par_1_100' title="bbox 492 5258 2068 5328">
     <span class='ocr_line' id='line_1_100' title="bbox 492 5258 2068 5328; baseline 0.003 -19"><span class='ocrx_word' id='word_1_799' title='bbox 492 5270 676 5310; x_wconf 91' lang='lat' dir='ltr'><strong><em>eorum</em></strong></span> <span class='ocrx_word' id='word_1_800' title='bbox 708 5258 795 5325; x_wconf 89' lang='lat' dir='ltr'><strong><em>qui</em></strong></span> <span class='ocrx_word' id='word_1_801' title='bbox 826 5258 878 5311; x_wconf 90' lang='lat' dir='ltr'><strong><em>in</em></strong></span> <span class='ocrx_word' id='word_1_802' title='bbox 917 5272 983 5313; x_wconf 90' lang='lat' dir='ltr'><strong><em>eo</em></strong></span> <span class='ocrx_word' id='word_1_803' title='bbox 1016 5261 1320 5327; x_wconf 89' lang='lat' dir='ltr'><strong><em>perierunt;</em></strong></span> <span class='ocrx_word' id='word_1_804' title='bbox 1360 5275 1494 5313; x_wconf 88' lang='lat' dir='ltr'><strong><em>mors</em></strong></span> <span class='ocrx_word' id='word_1_805' title='bbox 1527 5274 1655 5313; x_wconf 90' lang='lat' dir='ltr'><strong><em>vero</em></strong></span> <span class='ocrx_word' id='word_1_806' title='bbox 1698 5268 1753 5312; x_wconf 85' lang='lat' dir='ltr'><strong><em>et</em></strong></span> <span class='ocrx_word' id='word_1_807' title='bbox 1779 5258 2068 5328; x_wconf 90' lang='lat' dir='ltr'><strong><em>sepulcrum</em></strong></span> 
     </span>
    </p>
   </div>
   <div class='ocr_carea' id='block_1_101' title="bbox 493 5349 2063 5423">
    <p class='ocr_par' dir='ltr' id='par_1_101' title="bbox 493 5349 2063 5423">
     <span class='ocr_line' id='line_1_101' title="bbox 493 5349 2063 5423; baseline 0.006 -24"><span class='ocrx_word' id='word_1_808' title='bbox 493 5358 613 5401; x_wconf 81' lang='lat' dir='ltr'><strong><em>sunt</em></strong></span> <span class='ocrx_word' id='word_1_809' title='bbox 640 5349 828 5418; x_wconf 89' lang='lat' dir='ltr'><strong><em>reliqui</em></strong></span> <span class='ocrx_word' id='word_1_810' title='bbox 866 5354 1082 5419; x_wconf 87' lang='lat' dir='ltr'><strong><em>mortui,</em></strong></span> <span class='ocrx_word' id='word_1_811' title='bbox 1113 5355 1200 5423; x_wconf 92' lang='lat' dir='ltr'><strong><em>qui</em></strong></span> <span class='ocrx_word' id='word_1_812' title='bbox 1229 5354 1281 5407; x_wconf 94' lang='lat' dir='ltr'><strong><em>in</em></strong></span> <span class='ocrx_word' id='word_1_813' title='bbox 1307 5362 1443 5408; x_wconf 85' lang='lat' dir='ltr'><strong><em>terra</em></strong></span> <span class='ocrx_word' id='word_1_814' title='bbox 1476 5354 1806 5420; x_wconf 89' lang='lat' dir='ltr'><strong><em>ceciderunt,</em></strong></span> <span class='ocrx_word' id='word_1_815' title='bbox 1838 5354 1949 5407; x_wconf 87' lang='lat' dir='ltr'><strong><em>sive</em></strong></span> <span class='ocrx_word' id='word_1_816' title='bbox 1978 5353 2063 5408; x_wconf 88' lang='lat' dir='ltr'><strong><em>in—</em></strong></span> 
     </span>
    </p>
   </div>
   <div class='ocr_carea' id='block_1_102' title="bbox 492 5441 2063 5521">
    <p class='ocr_par' dir='ltr' id='par_1_102' title="bbox 492 5441 2063 5521">
     <span class='ocr_line' id='line_1_102' title="bbox 492 5441 2063 5521; baseline 0.005 -29"><span class='ocrx_word' id='word_1_817' title='bbox 492 5441 701 5509; x_wconf 84' lang='lat' dir='ltr'><strong><em>sepulti,</em></strong></span> <span class='ocrx_word' id='word_1_818' title='bbox 736 5442 849 5497; x_wconf 90' lang='lat' dir='ltr'><strong><em>sive</em></strong></span> <span class='ocrx_word' id='word_1_819' title='bbox 870 5447 1083 5514; x_wconf 87' lang='lat' dir='ltr'><strong><em>sepulti.</em></strong></span> <span class='ocrx_word' id='word_1_820' title='bbox 1103 5446 1230 5500; x_wconf 85' lang='lat' dir='ltr'><strong><em>Nam</em></strong></span> <span class='ocrx_word' id='word_1_821' title='bbox 1256 5463 1390 5501; x_wconf 88' lang='lat' dir='ltr'><strong><em>mors</em></strong></span> <span class='ocrx_word' id='word_1_822' title='bbox 1418 5456 1468 5501; x_wconf 90' lang='lat' dir='ltr'><strong><em>et</em></strong></span> <span class='ocrx_word' id='word_1_823' title='bbox 1486 5446 1610 5521; x_wconf 79' lang='grc' dir='ltr'><strong><em>ᾅδης</em></strong></span> <span class='ocrx_word' id='word_1_824' title='bbox 1631 5462 1772 5516; x_wconf 79' lang='lat' dir='ltr'><strong><em>saepe</em></strong></span> <span class='ocrx_word' id='word_1_825' title='bbox 1794 5457 2063 5515; x_wconf 90' lang='lat' dir='ltr'><strong><em>ponuntur</em></strong></span> 
     </span>
    </p>
   </div>
   <div class='ocr_carea' id='block_1_103' title="bbox 494 5532 2065 5608">
    <p class='ocr_par' dir='ltr' id='par_1_103' title="bbox 494 5532 2065 5608">
     <span class='ocr_line' id='line_1_103' title="bbox 494 5532 2065 5608; baseline 0.004 -25"><span class='ocrx_word' id='word_1_826' title='bbox 494 5532 543 5584; x_wconf 73' lang='grc' dir='ltr'><strong><em>ἰκ</em></strong></span> <span class='ocrx_word' id='word_1_827' title='bbox 592 5534 941 5603; x_wconf 80' lang='grc' dir='ltr'><strong><em>παραλλήλου,</em></strong></span> <span class='ocrx_word' id='word_1_828' title='bbox 980 5546 1038 5589; x_wconf 91' lang='lat' dir='ltr'><strong><em>ut</em></strong></span> <span class='ocrx_word' id='word_1_829' title='bbox 1068 5537 1087 5589; x_wconf 87' lang='grc' dir='ltr'><strong>Ι</strong></span> <span class='ocrx_word' id='word_1_830' title='bbox 1119 5537 1242 5591; x_wconf 88' lang='lat' dir='ltr'><strong><em>Cor.</em></strong></span> <span class='ocrx_word' id='word_1_831' title='bbox 1276 5554 1374 5605; x_wconf 82' lang='lat' dir='ltr'><strong><em>xv,</em></strong></span> <span class='ocrx_word' id='word_1_832' title='bbox 1410 5538 1509 5603; x_wconf 61' lang='lat' dir='ltr'><strong><em>5dr;</em></strong></span> <span class='ocrx_word' id='word_1_833' title='bbox 1552 5540 1714 5608; x_wconf 88' lang='lat' dir='ltr'><strong><em>Apoc.</em></strong></span> <span class='ocrx_word' id='word_1_834' title='bbox 1753 5554 1841 5607; x_wconf 85' lang='lat' dir='ltr'><strong><em>xx,</em></strong></span> <span class='ocrx_word' id='word_1_835' title='bbox 1878 5537 1974 5591; x_wconf 69' lang='grc'><strong>142</strong></span> <span class='ocrx_word' id='word_1_836' title='bbox 2000 5536 2065 5590; x_wconf 89' lang='lat' dir='ltr'><strong><em>ad</em></strong></span> 
     </span>
    </p>
   </div>
   <div class='ocr_carea' id='block_1_104' title="bbox 494 5623 1261 5697">
    <p class='ocr_par' dir='ltr' id='par_1_104' title="bbox 494 5623 1261 5697">
     <span class='ocr_line' id='line_1_104' title="bbox 494 5623 1261 5697; baseline 0.016 -24"><span class='ocrx_word' id='word_1_837' title='bbox 494 5637 605 5691; x_wconf 67' lang='lat' dir='ltr'><strong><em>qua!</em></strong></span> <span class='ocrx_word' id='word_1_838' title='bbox 632 5623 743 5678; x_wconf 90' lang='lat' dir='ltr'><strong><em>loca</em></strong></span> <span class='ocrx_word' id='word_1_839' title='bbox 772 5625 893 5681; x_wconf 89' lang='lat' dir='ltr'><strong><em>vide</em></strong></span> <span class='ocrx_word' id='word_1_840' title='bbox 926 5630 1261 5697; x_wconf 86' lang='lat' dir='ltr'><strong><em>interpretes.</em></strong></span> 
     </span>
    </p>
   </div>
   <div class='ocr_carea' id='block_1_105' title="bbox 558 5714 2063 5792">
    <p class='ocr_par' dir='ltr' id='par_1_105' title="bbox 558 5714 2063 5792">
     <span class='ocr_line' id='line_1_105' title="bbox 558 5714 2063 5792; baseline 0.009 -25"><span class='ocrx_word' id='word_1_841' title='bbox 558 5714 686 5786; x_wconf 87' lang='lat' dir='ltr'><strong><em>Cap.</em></strong></span> <span class='ocrx_word' id='word_1_842' title='bbox 732 5717 817 5772; x_wconf 85' lang='grc'><strong>19.</strong></span> <span class='ocrx_word' id='word_1_843' title='bbox 859 5719 930 5773; x_wconf 89' lang='lat' dir='ltr'><strong><em>De</em></strong></span> <span class='ocrx_word' id='word_1_844' title='bbox 962 5720 1003 5775; x_wconf 90' lang='lat' dir='ltr'><strong><em>ll</em></strong></span> <span class='ocrx_word' id='word_1_845' title='bbox 1032 5723 1222 5779; x_wconf 86' lang='lat' dir='ltr'><strong><em>Thess.</em></strong></span> <span class='ocrx_word' id='word_1_846' title='bbox 1268 5741 1336 5791; x_wconf 95' lang='lat' dir='ltr'><strong><em>u,</em></strong></span> <span class='ocrx_word' id='word_1_847' title='bbox 1384 5728 1404 5779; x_wconf 91' lang='grc'><strong><em>1</em></strong></span> <span class='ocrx_word' id='word_1_848' title='bbox 1453 5734 1505 5780; x_wconf 90' lang='lat' dir='ltr'><strong><em>et</em></strong></span> <span class='ocrx_word' id='word_1_849' title='bbox 1547 5738 1661 5792; x_wconf 83' lang='lat' dir='ltr'><strong><em>seq.</em></strong></span> <span class='ocrx_word' id='word_1_850' title='bbox 1696 5724 1722 5792; x_wconf 64' lang='grc' dir='ltr'><strong>ἓ</strong></span> <span class='ocrx_word' id='word_1_851' title='bbox 1756 5725 1806 5779; x_wconf 84' lang='grc'><strong>5.</strong></span> <span class='ocrx_word' id='word_1_852' title='bbox 1843 5723 2063 5789; x_wconf 82' lang='lat' dir='ltr'><strong><em>Quidam</em></strong></span> 
     </span>
    </p>
   </div>
   <div class='ocr_carea' id='block_1_106' title="bbox 2181 4618 3737 4689">
    <p class='ocr_par' dir='ltr' id='par_1_106' title="bbox 2181 4618 3737 4689">
     <span class='ocr_line' id='line_1_106' title="bbox 2181 4618 3737 4689; baseline 0.001 -18"><span class='ocrx_word' id='word_1_853' title='bbox 2181 4620 2350 4687; x_wconf 83' lang='lat' dir='ltr'><strong><em>ﬂectat</em></strong></span> <span class='ocrx_word' id='word_1_854' title='bbox 2380 4620 2431 4670; x_wconf 89' lang='lat' dir='ltr'><strong><em>in</em></strong></span> <span class='ocrx_word' id='word_1_855' title='bbox 2461 4618 2685 4689; x_wconf 73' lang='lat' dir='ltr'><strong><em>melius.]</em></strong></span> <span class='ocrx_word' id='word_1_856' title='bbox 2717 4619 2873 4673; x_wconf 83' lang='lat' dir='ltr'><strong><em>Joan.</em></strong></span> <span class='ocrx_word' id='word_1_857' title='bbox 2903 4620 3122 4674; x_wconf 89' lang='lat' dir='ltr'><strong><em>Freder.</em></strong></span> <span class='ocrx_word' id='word_1_858' title='bbox 3156 4618 3462 4675; x_wconf 88' lang='lat' dir='ltr'><strong><em>Gronovius</em></strong></span> <span class='ocrx_word' id='word_1_859' title='bbox 3501 4630 3641 4676; x_wconf 90' lang='lat' dir='ltr'><strong><em>recte</em></strong></span> <span class='ocrx_word' id='word_1_860' title='bbox 3676 4620 3737 4673; x_wconf 87' lang='lat' dir='ltr'><strong><em>le-</em></strong></span> 
     </span>
    </p>
   </div>
   <div class='ocr_carea' id='block_1_107' title="bbox 2177 4710 3735 4781">
    <p class='ocr_par' dir='ltr' id='par_1_107' title="bbox 2177 4710 3735 4781">
     <span class='ocr_line' id='line_1_107' title="bbox 2177 4710 3735 4781; baseline 0.002 -20"><span class='ocrx_word' id='word_1_861' title='bbox 2177 4710 2254 4777; x_wconf 80' lang='lat' dir='ltr'><strong><em>git</em></strong></span> <span class='ocrx_word' id='word_1_862' title='bbox 2284 4710 2335 4762; x_wconf 89' lang='lat' dir='ltr'><strong><em>in</em></strong></span> <span class='ocrx_word' id='word_1_863' title='bbox 2365 4710 2593 4773; x_wconf 88' lang='lat' dir='ltr'><strong><em>mollius,</em></strong></span> <span class='ocrx_word' id='word_1_864' title='bbox 2617 4710 2897 4764; x_wconf 85' lang='lat' dir='ltr'><strong><em>Observat.</em></strong></span> <span class='ocrx_word' id='word_1_865' title='bbox 2929 4711 2981 4764; x_wconf 92' lang='lat' dir='ltr'><strong><em>in</em></strong></span> <span class='ocrx_word' id='word_1_866' title='bbox 3013 4712 3199 4780; x_wconf 88' lang='lat' dir='ltr'><strong><em>script.</em></strong></span> <span class='ocrx_word' id='word_1_867' title='bbox 3224 4713 3527 4766; x_wconf 88' lang='lat' dir='ltr'><strong><em>ecclesiast.</em></strong></span> <span class='ocrx_word' id='word_1_868' title='bbox 3552 4728 3662 4781; x_wconf 87' lang='lat' dir='ltr'><strong><em>cap.</em></strong></span> <span class='ocrx_word' id='word_1_869' title='bbox 3691 4712 3735 4765; x_wconf 86' lang='grc'><strong><em>6.</em></strong></span> 
     </span>
    </p>
   </div>
   <div class='ocr_carea' id='block_1_108' title="bbox 2178 4800 3733 4873">
    <p class='ocr_par' dir='ltr' id='par_1_108' title="bbox 2178 4800 3733 4873">
     <span class='ocr_line' id='line_1_108' title="bbox 2178 4800 3733 4873; baseline -0.002 -18"><span class='ocrx_word' id='word_1_870' title='bbox 2178 4800 2267 4855; x_wconf 91' lang='lat' dir='ltr'><strong><em>Sic</em></strong></span> <span class='ocrx_word' id='word_1_871' title='bbox 2293 4800 2621 4870; x_wconf 81' lang='lat' dir='ltr'><strong><em>llegesippus</em></strong></span> <span class='ocrx_word' id='word_1_872' title='bbox 2645 4801 2713 4855; x_wconf 89' lang='lat' dir='ltr'><strong><em>de</em></strong></span> <span class='ocrx_word' id='word_1_873' title='bbox 2736 4801 2953 4855; x_wconf 86' lang='lat' dir='ltr'><strong><em>Excidio</em></strong></span> <span class='ocrx_word' id='word_1_874' title='bbox 3000 4800 3264 4857; x_wconf 84' lang='lat' dir='ltr'><strong><em>ilierosol.</em></strong></span> <span class='ocrx_word' id='word_1_875' title='bbox 3291 4803 3386 4857; x_wconf 89' lang='lat' dir='ltr'><strong><em>lib.</em></strong></span> <span class='ocrx_word' id='word_1_876' title='bbox 3422 4820 3473 4869; x_wconf 87' lang='grc' dir='ltr'>ι,</span> <span class='ocrx_word' id='word_1_877' title='bbox 3504 4818 3618 4873; x_wconf 89' lang='lat' dir='ltr'><strong><em>cap.</em></strong></span> <span class='ocrx_word' id='word_1_878' title='bbox 3650 4802 3733 4856; x_wconf 74' lang='lat' dir='ltr'><strong><em>l2:</em></strong></span> 
     </span>
    </p>
   </div>
   <div class='ocr_carea' id='block_1_109' title="bbox 2177 4893 3735 4960">
    <p class='ocr_par' dir='ltr' id='par_1_109' title="bbox 2177 4893 3735 4960">
     <span class='ocr_line' id='line_1_109' title="bbox 2177 4893 3735 4960; baseline 0.001 -14"><span class='ocrx_word' id='word_1_879' title='bbox 2177 4893 2251 4946; x_wconf 84' lang='lat' dir='ltr'><strong><em>Ab</em></strong></span> <span class='ocrx_word' id='word_1_880' title='bbox 2282 4893 2573 4946; x_wconf 81' lang='lat' dir='ltr'><strong><em>Aristobulo</em></strong></span> <span class='ocrx_word' id='word_1_881' title='bbox 2618 4893 2946 4960; x_wconf 81' lang='lat' dir='ltr'><strong><em>impetravere</em></strong></span> <span class='ocrx_word' id='word_1_882' title='bbox 2990 4904 3044 4946; x_wconf 92' lang='lat' dir='ltr'><strong><em>ut</em></strong></span> <span class='ocrx_word' id='word_1_883' title='bbox 3087 4905 3298 4947; x_wconf 90' lang='lat' dir='ltr'><strong><em>matrem</em></strong></span> <span class='ocrx_word' id='word_1_884' title='bbox 3338 4897 3401 4948; x_wconf 94' lang='lat' dir='ltr'><strong><em>ab</em></strong></span> <span class='ocrx_word' id='word_1_885' title='bbox 3441 4897 3735 4950; x_wconf 76' lang='lat' dir='ltr'><strong><em>exsecutione</em></strong></span> 
     </span>
    </p>
   </div>
   <div class='ocr_carea' id='block_1_110' title="bbox 2176 4984 3729 5052">
    <p class='ocr_par' dir='ltr' id='par_1_110' title="bbox 2176 4984 3729 5052">
     <span class='ocr_line' id='line_1_110' title="bbox 2176 4984 3729 5052; baseline 0.005 -18"><span class='ocrx_word' id='word_1_886' title='bbox 2176 4985 2412 5052; x_wconf 63' lang='lat' dir='ltr'><strong><em>praecepti</em></strong></span> <span class='ocrx_word' id='word_1_887' title='bbox 2453 4984 2717 5037; x_wconf 84' lang='lat' dir='ltr'><strong><em>severioris</em></strong></span> <span class='ocrx_word' id='word_1_888' title='bbox 2752 4984 2819 5036; x_wconf 89' lang='lat' dir='ltr'><strong><em>ad</em></strong></span> <span class='ocrx_word' id='word_1_889' title='bbox 2861 4985 3099 5038; x_wconf 89' lang='lat' dir='ltr'><strong><em>molliora</em></strong></span> <span class='ocrx_word' id='word_1_890' title='bbox 3143 4987 3443 5050; x_wconf 87' lang='lat' dir='ltr'><strong><em>inﬂecteret.</em></strong></span> <span class='ocrx_word' id='word_1_891' title='bbox 3480 4988 3567 5043; x_wconf 89' lang='lat' dir='ltr'><strong><em>Sic</em></strong></span> <span class='ocrx_word' id='word_1_892' title='bbox 3596 5002 3729 5051; x_wconf 90' lang='lat' dir='ltr'><strong><em>mss.,</em></strong></span> 
     </span>
    </p>
   </div>
   <div class='ocr_carea' id='block_1_111' title="bbox 2174 5074 3731 5145">
    <p class='ocr_par' dir='ltr' id='par_1_111' title="bbox 2174 5074 3731 5145">
     <span class='ocr_line' id='line_1_111' title="bbox 2174 5074 3731 5145; baseline 0.001 -18"><span class='ocrx_word' id='word_1_893' title='bbox 2174 5076 2263 5129; x_wconf 90' lang='lat' dir='ltr'><strong><em>ubi</em></strong></span> <span class='ocrx_word' id='word_1_894' title='bbox 2305 5074 2433 5129; x_wconf 85' lang='lat' dir='ltr'><strong><em>editi</em></strong></span> <span class='ocrx_word' id='word_1_895' title='bbox 2475 5074 2594 5128; x_wconf 90' lang='lat' dir='ltr'><strong><em>libri</em></strong></span> <span class='ocrx_word' id='word_1_896' title='bbox 2624 5074 2823 5129; x_wconf 87' lang='lat' dir='ltr'><strong><em>habent</em></strong></span> <span class='ocrx_word' id='word_1_897' title='bbox 2851 5077 3081 5129; x_wconf 86' lang='lat' dir='ltr'><strong><em>meliora.</em></strong></span> <span class='ocrx_word' id='word_1_898' title='bbox 3115 5076 3267 5145; x_wconf 85' lang='lat' dir='ltr'><strong><em>Quod</em></strong></span> <span class='ocrx_word' id='word_1_899' title='bbox 3295 5093 3359 5132; x_wconf 80' lang='lat' dir='ltr'><strong><em>ex</em></strong></span> <span class='ocrx_word' id='word_1_900' title='bbox 3393 5078 3626 5134; x_wconf 88' lang='lat' dir='ltr'><strong><em>melioris</em></strong></span> <span class='ocrx_word' id='word_1_901' title='bbox 3647 5078 3731 5131; x_wconf 64' lang='lat' dir='ltr'><strong><em>invi</em></strong></span> 
     </span>
    </p>
   </div>
   <div class='ocr_carea' id='block_1_112' title="bbox 2174 5166 3729 5237">
    <p class='ocr_par' dir='ltr' id='par_1_112' title="bbox 2174 5166 3729 5237">
     <span class='ocr_line' id='line_1_112' title="bbox 2174 5166 3729 5237; baseline -0.001 -16"><span class='ocrx_word' id='word_1_902' title='bbox 2174 5168 2525 5236; x_wconf 89' lang='lat' dir='ltr'><strong><em>scriptoribus</em></strong></span> <span class='ocrx_word' id='word_1_903' title='bbox 2548 5166 2817 5222; x_wconf 84' lang='lat' dir='ltr'><strong><em>haustum.</em></strong></span> <span class='ocrx_word' id='word_1_904' title='bbox 2850 5167 3067 5223; x_wconf 86' lang='lat' dir='ltr'><strong><em>Tacitus</em></strong></span> <span class='ocrx_word' id='word_1_905' title='bbox 3097 5170 3236 5224; x_wconf 83' lang='lat' dir='ltr'><strong><em>Ann.</em></strong></span> <span class='ocrx_word' id='word_1_906' title='bbox 3265 5185 3313 5237; x_wconf 88' lang='grc' dir='ltr'>ι,</span> <span class='ocrx_word' id='word_1_907' title='bbox 3346 5172 3473 5224; x_wconf 85' lang='lat' dir='ltr'><strong><em>satis</em></strong></span> <span class='ocrx_word' id='word_1_908' title='bbox 3499 5184 3729 5237; x_wconf 83' lang='lat' dir='ltr'><strong><em>superque</em></strong></span> 
     </span>
    </p>
   </div>
   <div class='ocr_carea' id='block_1_113' title="bbox 2171 5257 3724 5330">
    <p class='ocr_par' dir='ltr' id='par_1_113' title="bbox 2171 5257 3724 5330">
     <span class='ocr_line' id='line_1_113' title="bbox 2171 5257 3724 5330; baseline -0.001 -20"><span class='ocrx_word' id='word_1_909' title='bbox 2171 5257 2409 5311; x_wconf 88' lang='lat' dir='ltr'><strong><em>missione</em></strong></span> <span class='ocrx_word' id='word_1_910' title='bbox 2451 5266 2498 5311; x_wconf 84' lang='lat' dir='ltr'><strong><em>et</em></strong></span> <span class='ocrx_word' id='word_1_911' title='bbox 2542 5258 2778 5328; x_wconf 88' lang='lat' dir='ltr'><strong><em>pecunia,</em></strong></span> <span class='ocrx_word' id='word_1_912' title='bbox 2826 5265 2874 5311; x_wconf 88' lang='lat' dir='ltr'><strong><em>et</em></strong></span> <span class='ocrx_word' id='word_1_913' title='bbox 2922 5258 3158 5313; x_wconf 89' lang='lat' dir='ltr'><strong><em>mollibus</em></strong></span> <span class='ocrx_word' id='word_1_914' title='bbox 3188 5260 3434 5314; x_wconf 90' lang='lat' dir='ltr'><strong><em>consultis</em></strong></span> <span class='ocrx_word' id='word_1_915' title='bbox 3464 5270 3724 5330; x_wconf 86' lang='lat' dir='ltr'><strong><em>peccatum.</em></strong></span> 
     </span>
    </p>
   </div>
   <div class='ocr_carea' id='block_1_114' title="bbox 2168 5353 3726 5424">
    <p class='ocr_par' dir='ltr' id='par_1_114' title="bbox 2168 5353 3726 5424">
     <span class='ocr_line' id='line_1_114' title="bbox 2168 5353 3726 5424; baseline -0.003 -16"><span class='ocrx_word' id='word_1_916' title='bbox 2168 5353 2497 5423; x_wconf 86' lang='lat' dir='ltr'><strong><em>Hegesippus</em></strong></span> <span class='ocrx_word' id='word_1_917' title='bbox 2530 5355 2721 5408; x_wconf 90' lang='lat' dir='ltr'><strong><em>iterum</em></strong></span> <span class='ocrx_word' id='word_1_918' title='bbox 2740 5368 2858 5423; x_wconf 90' lang='lat' dir='ltr'><strong><em>cap.</em></strong></span> <span class='ocrx_word' id='word_1_919' title='bbox 2887 5353 2951 5407; x_wconf 89' lang='grc'><strong><em>16</em></strong></span> <span class='ocrx_word' id='word_1_920' title='bbox 2975 5370 2989 5407; x_wconf 87' lang='lat'><strong>:</strong></span> <span class='ocrx_word' id='word_1_921' title='bbox 3024 5353 3300 5424; x_wconf 87' lang='lat' dir='ltr'><strong><em>Verbisque</em></strong></span> <span class='ocrx_word' id='word_1_922' title='bbox 3327 5355 3377 5408; x_wconf 87' lang='lat' dir='ltr'><strong><em>in</em></strong></span> <span class='ocrx_word' id='word_1_923' title='bbox 3403 5354 3604 5409; x_wconf 89' lang='lat' dir='ltr'><strong><em>mollius</em></strong></span> <span class='ocrx_word' id='word_1_924' title='bbox 3621 5368 3726 5419; x_wconf 82' lang='lat' dir='ltr'><strong><em>sup-</em></strong></span> 
     </span>
    </p>
   </div>
   <div class='ocr_carea' id='block_1_115' title="bbox 2174 5444 3660 5516">
    <p class='ocr_par' dir='ltr' id='par_1_115' title="bbox 2174 5444 3660 5516">
     <span class='ocr_line' id='line_1_115' title="bbox 2174 5444 3660 5516; baseline -0.005 -15"><span class='ocrx_word' id='word_1_925' title='bbox 2174 5448 2367 5515; x_wconf 87' lang='lat' dir='ltr'><strong><em>pliciter</em></strong></span> <span class='ocrx_word' id='word_1_926' title='bbox 2396 5448 2619 5516; x_wconf 81' lang='lat' dir='ltr'><strong><em>inﬂexis,</em></strong></span> <span class='ocrx_word' id='word_1_927' title='bbox 2654 5448 2968 5516; x_wconf 88' lang='lat' dir='ltr'><strong><em>mitigaverat</em></strong></span> <span class='ocrx_word' id='word_1_928' title='bbox 2999 5446 3398 5516; x_wconf 85' lang='lat' dir='ltr'><strong><em>indignationem</em></strong></span> <span class='ocrx_word' id='word_1_929' title='bbox 3425 5444 3660 5499; x_wconf 87' lang='lat' dir='ltr'><strong><em>consulis.</em></strong></span> 
     </span>
    </p>
   </div>
   <div class='ocr_carea' id='block_1_116' title="bbox 2242 5532 3720 5607">
    <p class='ocr_par' dir='ltr' id='par_1_116' title="bbox 2242 5532 3720 5607">
     <span class='ocr_line' id='line_1_116' title="bbox 2242 5532 3720 5607; baseline -0.006 -15"><span class='ocrx_word' id='word_1_930' title='bbox 2242 5538 2370 5607; x_wconf 88' lang='lat' dir='ltr'><strong><em>Cap.</em></strong></span> <span class='ocrx_word' id='word_1_931' title='bbox 2413 5539 2501 5593; x_wconf 73' lang='lat'><strong><em>26.</em></strong></span> <span class='ocrx_word' id='word_1_932' title='bbox 2551 5538 2749 5592; x_wconf 88' lang='lat' dir='ltr'><strong><em>Locum</em></strong></span> <span class='ocrx_word' id='word_1_933' title='bbox 2800 5538 2946 5592; x_wconf 88' lang='lat' dir='ltr'><strong><em>Pauli</em></strong></span> <span class='ocrx_word' id='word_1_934' title='bbox 2984 5535 3158 5591; x_wconf 87' lang='lat' dir='ltr'><strong><em>lCor.</em></strong></span> <span class='ocrx_word' id='word_1_935' title='bbox 3193 5553 3284 5600; x_wconf 90' lang='grc' dir='ltr'>ιιι,</span> <span class='ocrx_word' id='word_1_936' title='bbox 3327 5539 3411 5603; x_wconf 89' lang='grc'><strong>11,</strong></span> <span class='ocrx_word' id='word_1_937' title='bbox 3445 5537 3510 5591; x_wconf 90' lang='lat' dir='ltr'><strong><em>de</em></strong></span> <span class='ocrx_word' id='word_1_938' title='bbox 3552 5532 3720 5588; x_wconf 82' lang='lat' dir='ltr'><strong><em>funda-</em></strong></span> 
     </span>
    </p>
   </div>
   <div class='ocr_carea' id='block_1_117' title="bbox 2171 5629 3719 5700">
    <p class='ocr_par' dir='ltr' id='par_1_117' title="bbox 2171 5629 3719 5700">
     <span class='ocr_line' id='line_1_117' title="bbox 2171 5629 3719 5700; baseline -0.004 -15"><span class='ocrx_word' id='word_1_939' title='bbox 2171 5640 2353 5686; x_wconf 90' lang='lat' dir='ltr'><strong><em>mento</em></strong></span> <span class='ocrx_word' id='word_1_940' title='bbox 2382 5631 2467 5684; x_wconf 92' lang='lat' dir='ltr'><strong><em>cui</em></strong></span> <span class='ocrx_word' id='word_1_941' title='bbox 2496 5631 2583 5684; x_wconf 88' lang='lat' dir='ltr'><strong><em>alii</em></strong></span> <span class='ocrx_word' id='word_1_942' title='bbox 2610 5632 2823 5700; x_wconf 82' lang='lat' dir='ltr'><strong><em>quidem</em></strong></span> <span class='ocrx_word' id='word_1_943' title='bbox 2855 5629 3283 5697; x_wconf 69' lang='lat' dir='ltr'><strong><em>supertedificant</em></strong></span> <span class='ocrx_word' id='word_1_944' title='bbox 3309 5646 3525 5694; x_wconf 87' lang='lat' dir='ltr'><strong><em>aurum,</em></strong></span> <span class='ocrx_word' id='word_1_945' title='bbox 3552 5640 3719 5695; x_wconf 81' lang='lat' dir='ltr'><strong><em>argen-</em></strong></span> 
     </span>
    </p>
   </div>
   <div class='ocr_carea' id='block_1_118' title="bbox 2173 5720 3712 5794">
    <p class='ocr_par' dir='ltr' id='par_1_118' title="bbox 2173 5720 3712 5794">
     <span class='ocr_line' id='line_1_118' title="bbox 2173 5720 3712 5794; baseline -0.004 -16"><span class='ocrx_word' id='word_1_946' title='bbox 2173 5734 2282 5779; x_wconf 89' lang='lat' dir='ltr'><strong><em>tum</em></strong></span> <span class='ocrx_word' id='word_1_947' title='bbox 2309 5724 2515 5794; x_wconf 87' lang='lat' dir='ltr'><strong><em>aliaque</em></strong></span> <span class='ocrx_word' id='word_1_948' title='bbox 2542 5724 2808 5791; x_wconf 84' lang='lat' dir='ltr'><strong><em>pretiosa;</em></strong></span> <span class='ocrx_word' id='word_1_949' title='bbox 2848 5722 2935 5776; x_wconf 87' lang='lat' dir='ltr'><strong><em>alii</em></strong></span> <span class='ocrx_word' id='word_1_950' title='bbox 2969 5737 3096 5777; x_wconf 88' lang='lat' dir='ltr'><strong><em>vero</em></strong></span> <span class='ocrx_word' id='word_1_951' title='bbox 3122 5722 3259 5788; x_wconf 82' lang='lat' dir='ltr'><strong><em>ligna</em></strong></span> <span class='ocrx_word' id='word_1_952' title='bbox 3282 5767 3295 5789; x_wconf 92' lang='lat'><strong><em>,</em></strong></span> <span class='ocrx_word' id='word_1_953' title='bbox 3329 5724 3538 5790; x_wconf 87' lang='lat' dir='ltr'><strong><em>fenum,</em></strong></span> <span class='ocrx_word' id='word_1_954' title='bbox 3569 5720 3712 5786; x_wconf 79' lang='lat' dir='ltr'><strong><em>stipu-</em></strong></span> 
     </span>
    </p>
   </div>
  </div>
