3974 6356
187 303 288 360 505

897 295 1251 353 VARIORUM
1291 294 1894 353 EXERCI’I‘A’I‘IONES
1934 296 1997 351 IN
2037 297 2095 353 S.
2142 298 2506 358 AUUUSTINI
2544 301 2789 357 OPERA.

3340 293 3442 362 306

187 417 315 479 lam;
355 414 456 470 sibi
485 414 798 484 objicientes
827 409 1027 464 inducit
1064 411 1320 480 quosdam
1352 409 1441 478 qui
1471 410 1760 464 credebam
1788 417 1842 474 Α
1864 411 2053 465 Cicero
2075 428 2212 466 anno
2238 414 2450 468 demunt
2484 428 2601 484 post
2627 418 2823 474 Urbem
2855 419 3121 475 conditam
3152 420 3254 476 648
3293 434 3446 476 natus

186 507 502 576 baptismum
525 516 576 558 et
600 502 856 557 Ecclesia:
880 500 1154 554 catholicae
1185 501 1612 554 communionem
1636 501 1764 554 satis

190 614 308 654 esse
337 598 401 651 ad
430 590 698 649 vitandam
730 594 1125 647 damnationem
1156 602 1431 645 aeternam.
1463 591 1599 645 Tum
1627 591 1765 645 circa

186 706 308 745 eum
341 690 513 744 locum
545 687 770 741 multum
803 686 1028 751 Inesitat,
1060 686 1211 754 quasi
1240 685 1293 739 in
1320 700 1385 739 eo
1418 700 1595 739 sermo
1626 695 1768 739 esset

187 785 254 839 de
289 783 543 846 moribus,
572 795 689 834 cum
718 780 915 834 Paulus
947 780 1192 849 loquatur
1217 779 1284 833 de
1309 779 1571 833 docuina.
1607 780 1693 835 Sic
1715 787 1769 834 et

184 876 311 928 alibi
344 874 395 927 in
426 888 489 927 eo
517 869 919 940 interpretando
945 871 1214 924 mstuavit.
1260 869 1391 924 Vide
1420 870 1667 924 adnotata
1700 868 1765 922 ad

187 976 320 1019 tom.
354 964 421 1017 Vl
444 1009 458 1031 ,
494 964 545 1017 in
585 962 676 1016 lib.
709 964 775 1016 de
800 960 929 1016 Fide
956 970 1010 1016 et
1039 961 1300 1030 Operibus
1344 977 1462 1030 cap.
1501 961 1584 1015 15.
1638 962 1768 1016 llinc

186 1064 313 1109 nata
349 1055 450 1108 alia
484 1054 729 1109 aestuatio
761 1096 773 1118 ,
816 1068 932 1119 quae
965 1053 1020 1107 in
1050 1053 1193 1107 hisee
1236 1054 1411 1108 Verbis
1449 1068 1507 1107 se
1550 1052 1720 1131 prodit
1751 1069 1763 1104 :

185 1147 314 1199 Post
338 1148 483 1200 istius
507 1146 878 1216 sanctorporis
897 1156 1128 1210 mortem,
1153 1147 1313 1200 donec
1338 1148 1404 1199 ad
1424 1146 1571 1200 illum
1599 1147 1770 1200 venia-

182 1250 267 1290 tur
299 1239 385 1308 qui
410 1248 519 1308 post
549 1239 960 1292 resurrectionem
987 1254 1258 1309 corporum
1282 1239 1485 1307 futurus
1512 1248 1604 1304 est,
1627 1240 1769 1291 dant-

182 1332 405 1384 nationis
441 1340 487 1383 et
526 1331 947 1384 remunerationis
998 1329 1208 1383 ultimus
1267 1331 1407 1395 dies,
1453 1331 1496 1383 si
1520 1329 1615 1383 hoc
1644 1342 1769 1383 tem-

185 1422 320 1490 poris
363 1421 629 1475 intervallo
673 1422 884 1492 spiritus
923 1422 1281 1491 defunctorum
1314 1422 1565 1493 ejusmodi
1606 1424 1769 1491 ignem

184 1518 422 1568 dicuntur
448 1516 642 1585 perpeti
669 1532 814 1585 quem
854 1532 953 1569 non
982 1518 1200 1571 sentiant
1225 1516 1303 1569 illi
1340 1518 1425 1586 qui
1456 1534 1555 1570 non
1580 1519 1768 1571 [tabue-

178 1619 300 1661 runt
334 1608 460 1662 tales
488 1624 652 1661 mores
682 1616 728 1661 et
764 1624 960 1661 amores
980 1648 994 1673 ,
1027 1609 1081 1661 in
1118 1608 1271 1680 hujus
1307 1610 1535 1679 corporis
1566 1610 1685 1673 vita,
1716 1618 1769 1662 ut

175 1718 356 1754 eorum
383 1703 543 1772 ligna,
574 1700 770 1770 fenum,
795 1700 985 1771 stipula
1007 1711 1366 1766 consumatur;
1396 1702 1486 1754 alii
1516 1718 1629 1755 vero
1659 1717 1771 1755 sen-

1868 517 1969 559 est.
2024 507 2130 561 Sed
2184 522 2328 562 recte
2374 511 2699 568 Renedictini
2740 516 3023 571 lectionem
3050 518 3259 571 allatam
3284 558 3297 580 ,
3330 534 3446 585 qua:

1870 610 1949 652 est
1976 600 2210 653 omnium
2239 616 2368 656 mss.
2400 605 2665 673 codicum,
2700 608 3054 667 retinuerunt.
3083 610 3200 679 quia
3234 609 3449 664 minime

1870 704 2093 744 necesse
2124 703 2205 744 est
2233 696 2585 760 Augustinum
2617 714 2682 752 ex
2723 702 2979 755 memoria
3010 703 3333 770 loquentem,
3365 718 3451 755 ac-

1870 786 2103 836 curatius
2127 784 2358 838 calculos
2385 790 2662 855 posuisse;
2696 807 2797 847 nee
2831 802 2914 847 est
2940 804 3218 862 peccatum
3250 804 3450 848 tantum

1871 883 1928 928 ut
1957 875 2009 928 in
2046 875 2097 929 id
2130 876 2363 931 incidere
2396 894 2499 932 non
2534 883 2783 949 potuerit.

1943 964 2105 1020 Ltuno
2136 982 2265 1033 xxn,
2298 983 2417 1037 cap.
2444 969 2547 1041 8,§
2578 973 2627 1024 1.
2662 970 2787 1037 Cur,
2816 975 3070 1043 inquiunt,
3090 975 3328 1029 nuncilla
3359 979 3451 1029 nti-

1870 1056 2048 1109 rarula
2067 1073 2181 1126 qua:
2219 1060 2507 1126 praedicatis
2537 1063 2673 1131 facta
2688 1080 2815 1129 esse,
2849 1080 2947 1117 non
2968 1065 3155 1137 ﬁunt?]
3186 1067 3277 1120 Est
3302 1067 3450 1135 obje-

1870 1150 1977 1202 ctio
1998 1144 2353 1217 ethnicorum,
2374 1154 2438 1206 ad
2463 1169 2620 1223 quam
2640 1156 2972 1211 commodius
2998 1158 3305 1212 solvendam
3330 1160 3451 1212 ﬁcta

1870 1250 2016 1303 sunt,
2050 1252 2238 1309 quarto
2266 1247 2560 1313 praesertim
2593 1249 2807 1313 saeculo,
2845 1251 3251 1306 innumerabilia
3285 1254 3451 1307 mira—

1871 1334 1989 1388 cula
2021 1336 2366 1405 reliquiarum
2392 1378 2405 1403 ,
2437 1354 2556 1407 quae
2586 1348 2740 1394 antea
2774 1342 3013 1395 inaudita
3052 1342 3281 1397 fuerant.
3315 1344 3446 1397 Cum

1872 1427 2139 1480 incautius
2184 1442 2247 1481 ac
2288 1430 2510 1496 proinde
2539 1430 2717 1484 verius
2761 1431 3117 1502 loquebantur
3162 1432 3453 1487 Christiani

1873 1515 2029 1584 hujus
2060 1518 2179 1581 aevi,
2228 1516 2535 1573 fatebantur
2585 1521 2842 1578 miracula
2885 1539 2988 1577 non
3040 1524 3266 1593 amplius
3312 1525 3452 1593 lieni,

1871 1609 2013 1678 quod
2051 1611 2273 1679 contigit
2324 1613 2623 1680 Augustino
2657 1614 2706 1666 in
2752 1615 2845 1668 lib.
2891 1615 2957 1669 de
2992 1616 3127 1670 Vera
3172 1615 3449 1684 Religione

1873 1716 1993 1770 cap.
2028 1701 2118 1765 ‘25,
2146 1702 2237 1757 ubi
2268 1715 2424 1773 negat
2445 1706 2696 1760 miracula
2723 1707 2814 1760 illa
2846 1708 3040 1778 (qualia
3068 1708 3453 1780 apostolorum)

176 1795 307 1847 tiant
330 1834 343 1857 ,
385 1795 471 1861 qui
504 1794 800 1865 Itujusmodi
827 1810 994 1845 secum
1019 1793 1238 1860 cedi/icio
1264 1802 1587 1864 portaverant
1606 1811 1624 1858 ;
1658 1794 1764 1848 sive
1792 1797 1841 1858 B
1866 1794 1919 1846 in
1966 1804 2141 1846 nostra
2190 1804 2419 1864 tempora
2447 1798 2636 1851 durare
2677 1800 2944 1868 permissa.
2976 1802 3081 1855 Sed
3128 1811 3313 1869 postea
3343 1804 3454 1857 haec

173 1888 241 1939 ibi
270 1895 470 1939 tantum
492 1926 507 1952 ,
534 1889 635 1940 sive
661 1896 705 1938 et
736 1885 820 1938 hic
846 1893 893 1939 et
918 1885 1018 1949 ibi;
1060 1885 1160 1937 sive
1191 1886 1305 1938 ideo
1336 1884 1438 1951 hic,
1473 1893 1526 1937 ut
1556 1902 1655 1938 non
1679 1885 1770 1952 ibi,

171 1978 451 2032 saecularia
473 1980 698 2048 quamvis
726 1994 757 2030 a
784 1980 1112 2031 damnatione
1132 1979 1349 2032 venialia
1372 1988 1771 2031 concremantem

172 2071 351 2140 ignem
374 2070 684 2123 transitoria:
708 2069 1048 2123 tribulationis
1070 2071 1346 2136 inveniant,
1371 2086 1471 2123 non
1494 2070 1769 2140 redarguo,

178 2164 309 2231 quia
338 2162 549 2231 forsitan
578 2176 745 2215 verum
773 2170 867 2215 est.
901 2161 989 2217 Sic
1022 2162 1107 2217 hic
1131 2161 1275 2215 Pauli
1301 2162 1451 2215 locus
1482 2161 1582 2215 luit
1604 2162 1770 2215 veluti

177 2258 464 2326 scopulus,
498 2256 551 2308 in
582 2270 740 2324 quem
781 2271 885 2309 non
931 2256 1096 2309 semel
1138 2255 1355 2324 impegit
1400 2254 1768 2323 Augustinus;

179 2361 339 2414 quem
370 2355 548 2399 tamen
582 2345 781 2411 virum,
814 2346 965 2413 quasi
996 2361 1241 2415 magnum
1272 2346 1561 2417 Scriptura:
1598 2349 1765 2404 inter-

188 2448 410 2506 pretem,
442 2438 596 2492 multi
626 2438 780 2491 nobis
801 2437 1113 2503 venditant;
1145 2438 1236 2493 sed
1267 2438 1458 2508 quibus
1490 2440 1523 2493 ii
1552 2440 1769 2497 demum

193 2532 401 2584 credent
434 2529 627 2599 quibus
666 2529 867 2583 nullum
910 2539 995 2585 est
1035 2544 1310 2585 sacrorum
1356 2531 1611 2586 librorum
1658 2543 1772 2589 stu-

201 2622 363 2685 dium,
395 2629 486 2675 aut
514 2621 605 2692 qui
634 2620 917 2692 Augustini
957 2636 1117 2692 opera
1151 2638 1418 2694 nunquam
1448 2632 1654 2679 attente
1694 2625 1773 2680 le-

205 2722 391 2784 gerunt.

267 2805 417 2859 Ltsao
446 2820 576 2869 χχιι,
610 2820 728 2876 cap.
762 2805 815 2861 7.
849 2806 976 2859 Cum
1003 2805 1246 2860 sexcentis
1277 2806 1434 2876 ferme
1471 2805 1619 2859 annis
1651 2816 1770 2861 ante

211 2897 475 2953 Ciceronem
504 2898 755 2952 Romulus
778 2900 964 2968 fuerit,
1000 2896 1128 2968 etc.]
1173 2898 1221 2953 J.
1253 2897 1386 2953 Lud.
1418 2898 1574 2954 Vives
1604 2900 1771 2954 edidit

212 2998 313 3041 ante
336 2989 656 3056 Scipionem;
686 3005 878 3060 nempe
907 2988 1255 3044 Emilianum
1277 3030 1292 3055 ,
1322 2990 1408 3059 qui
1435 2989 1487 3044 in
1517 2990 1668 3045 libris
1699 2991 1766 3046 de

217 3083 472 3154 Republica
534 3085 757 3155 loquens
805 3101 834 3137 a
888 3082 1148 3139 Cicerone
1205 3083 1582 3148 inducebatur;
1643 3083 1765 3154 quia

1201 3432 1309 3506 IN
1365 3430 1771 3504 TOMUM

412 3718 811 3776 DESIDERIUS
852 3718 1173 3775 ERASMUS
1212 3716 1531 3774 LECTORI.

268 3810 707 3877 Quemadmodum
730 3812 781 3865 in
805 3812 1008 3881 prteliis
1030 3812 1163 3867 solet
1184 3811 1515 3881 potissimum
1532 3809 1763 3864 emicare

203 3905 354 3959 virtus
384 3916 433 3959 et
459 3906 620 3959 ardor
650 3906 874 3960 militum
915 3906 1248 3975 ducumque,
1301 3904 1371 3971 ita
1402 3903 1556 3958 divus
1588 3902 1765 3971 Angu-

202 3998 376 4063 stinus,
400 4012 514 4050 cum
541 4012 800 4063 nusquam
825 4012 930 4050 non
962 3997 1031 4051 sit
1056 3997 1237 4051 multis
1263 3994 1636 4063 suspiciendus
1662 4007 1763 4047 no-

200 4087 437 4153 minibus,
470 4086 608 4141 haud
642 4087 767 4141 alibi
815 4096 991 4142 tamen
1036 4087 1221 4155 eluxit,
1255 4094 1510 4155 quantum
1539 4084 1765 4139 valuerit

200 4183 429 4234 acumine
461 4182 688 4250 ingenii,
718 4181 1010 4235 subtilitate
1037 4180 1243 4249 judicii,
1278 4179 1642 4244 vehementia,
1673 4194 1761 4232 co-

202 4271 377 4339 piaque
408 4272 726 4337 disserendi,
752 4286 908 4340 quam
941 4271 995 4324 in
1027 4272 1108 4323 his
1140 4269 1322 4334 libris;
1356 4270 1407 4323 in
1436 4270 1631 4339 quibus
1664 4283 1762 4337 pro

200 4363 573 4430 tranquillitate
598 4363 790 4416 domus
826 4362 938 4427 Dei,
972 4377 1128 4431 quam
1162 4363 1319 4416 unice
1347 4360 1623 4431 diligebat,
1670 4376 1763 4426 pu-

198 4463 316 4518 gnat
348 4454 600 4507 adversus
639 4454 873 4507 haereses
902 4471 914 4505 :
939 4469 1071 4523 quas
1101 4469 1219 4508 cum
1255 4453 1353 4507 hoc
1399 4452 1521 4507 odio
1565 4451 1767 4520 majore

200 4557 627 4614 prosequeretur,
660 4561 766 4615 quo
794 4546 1088 4611 impensius
1131 4545 1345 4598 amabat
1372 4544 1570 4599 Christi
1606 4559 1767 4612 spon-

197 4653 303 4689 sam
344 4638 652 4702 Ecclesiam,
703 4650 877 4691 tamen
911 4638 1106 4706 ubique
1147 4636 1404 4705 singulari
1436 4636 1656 4690 caritate
1690 4636 1767 4689 la-

194 4726 375 4793 borat,
408 4741 463 4784 ut
493 4730 737 4784 homines
782 4739 935 4784 sanet
978 4728 1155 4799 potius
1196 4744 1351 4797 quam
1384 4727 1595 4798 perdat.
1626 4726 1765 4796 Lege

196 4819 436 4891 feliciter,
470 4838 532 4877 ac
563 4823 702 4877 vale.

649 4911 1295 4970 ANIMADVERSIONES

602 5023 656 5060 IN
696 5024 887 5061 LIBRUM
930 5024 997 5061 DE
1036 5020 1357 5060 ILERESIBUS.

1880 1886 2043 1940 verba
2072 1887 2399 1955 retractavit,
2434 1898 2651 1957 prepter
2680 1907 2814 1944 nova
2845 1893 3125 1959 miracula,
3157 1894 3309 1961 cujus
3351 1895 3453 1949 uti-

1877 1978 2079 2031 litatem
2098 1976 2527 2034 animadvertere
2552 1983 2722 2037 serius
2744 1985 2925 2053 coepit.
2942 1984 3039 2039 Hic
3056 2001 3265 2056 quoque
3288 1986 3452 2039 multa

1881 2082 2065 2123 narrat
2096 2087 2211 2140 qua:
2248 2072 2426 2127 omnia
2456 2073 2654 2128 claudit
2681 2077 2889 2145 egregia
2930 2076 3023 2129 illa
3052 2079 3359 2133 narratione
3387 2082 3453 2133 de

1877 2176 1979 2229 qua
2031 2161 2095 2216 ad
2143 2172 2271 2218 tom.
2301 2164 2344 2217 ν
2379 2166 2603 2234 egimus.
2654 2166 2757 2221 Sed
2798 2166 2864 2223 de
2908 2166 3056 2223 hisce
3101 2168 3371 2237 omnibus,
3403 2178 3455 2224 et

1880 2253 2176 2320 praesertim
2226 2254 2291 2309 de
2333 2258 2506 2324 quarti
2559 2257 2742 2311 sceculi
2793 2258 2932 2313 ﬁctis
2984 2258 3286 2327 miraculis,
3339 2261 3454 2316 vide

1878 2342 2043 2399 Henr.
2078 2346 2414 2403 Dodwellnm
2448 2350 2498 2402 in
2526 2350 2741 2405 dissert.
2774 2351 3009 2406 Irenaica
3031 2354 3088 2409 2.

1947 2438 2072 2510 Cap.
2103 2440 2193 2510 24,
2217 2441 2242 2512 §
2274 2443 2327 2497 5.
2347 2442 2473 2509 Qua:
2498 2444 2550 2497 in
2581 2443 2790 2498 theatris
2817 2445 3071 2499 mirabilia
3091 2445 3454 2515 spectantibus,

1878 2534 2200 2587 audientibus
2229 2535 2548 2591 incredibilia
2576 2548 2622 2591 et
2659 2539 2945 2592 exhibenda
2974 2540 3149 2592 molita
3171 2540 3271 2605 sit;
3298 2540 3455 2594 indu-

1880 2625 2009 2680 stria
2042 2641 2234 2696 nempe
2262 2626 2536 2699 bumana.]
2566 2630 2836 2700 lntelligit,
2880 2640 2939 2685 ut
2981 2631 3131 2686 Justo
3164 2632 3341 2701 Lipsio
3373 2633 3456 2686 vi-

1878 2717 2056 2783 detur,
2090 2727 2351 2789 pegmata,
2388 2734 2483 2775 seu
2515 2721 2790 2775 machinas
2818 2721 3181 2787 theatrorum;
3223 2737 3447 2792 quorum

1877 2818 2179 2880 pegmatum
2209 2813 2391 2882 ﬁgurae
2418 2822 2471 2868 et
2502 2823 2675 2868 motus
2699 2815 2957 2870 mirabilia
2983 2816 3285 2885 spectacula
3313 2832 3454 2887 prae-

1877 2901 2093 2968 bebant,
2126 2912 2182 2958 ut
2220 2903 2401 2959 multis
2430 2905 2668 2960 ostendit
2710 2906 2791 2960 vir
2831 2906 3173 2962 doctissimus
3216 2908 3269 2963 in
3318 2908 3454 2961 libro

1875 2992 1942 3046 de
1980 2993 2391 3063 Amphitheatre
2433 3012 2553 3068 cap.
2591 2997 2695 3067 22,
2726 2998 2867 3070 quod
2908 2999 3102 3070 legisse
3141 3015 3246 3055 non
3284 2999 3453 3070 ι)ωηὶ-

1872 3085 2024 3139 tebit.

1827 3431 2391 3505 OCTAVUM.

1793 3720 1840 3782 C
1869 3718 2137 3772 Credibile
2161 3728 2241 3770 est
2274 3718 2626 3786 Augustinum
2658 3727 2909 3787 excerpta
2936 3727 3138 3772 tantum
3169 3735 3233 3774 ex
3257 3736 3341 3786 eo,
3387 3723 3455 3776 ab

1875 3810 2059 3879 aliquo
2084 3810 2269 3864 Grmce
2300 3810 2503 3863 sciente
2532 3808 2691 3874 facta,
2728 3810 2995 3864 habuisse.

1943 3902 2145 3956 Haeres.
2184 3904 2231 3955 l.
2260 3901 2387 3965 Qum
2412 3911 2495 3955 est
2522 3901 2952 3955 Simonianorum
2983 3920 2993 3953 :
3024 3900 3199 3955 Jorcm
3229 3920 3280 3957 se
3309 3906 3449 3957 credi

1868 3993 2093 4058 volebat,
2148 3991 2428 4045 Minervam
2481 4008 2595 4045 vero
2645 3994 2954 4046 meretricem
2993 3995 3251 4062 quandam
3300 3996 3452 4049 lie/c-

1869 4102 1993 4151 nen,
2023 4102 2173 4155 quam
2208 4084 2303 4138 sibi
2331 4087 2520 4137 sociam
2566 4086 2809 4138 scelerum
2838 4086 3061 4154 fecerat;
3106 4088 3450 4158 imaginesque

1869 4187 1915 4231 et
1943 4193 2088 4229 suam
2126 4187 2170 4229 et
2207 4175 2432 4246 ejusdem
2475 4176 2750 4228 meretricis
2777 4176 3042 4245 discipulis
3071 4180 3177 4230 suis
3208 4180 3457 4245 prtebebat

1869 4270 2199 4333 adorandus;
2221 4284 2346 4335 quas
2368 4277 2413 4320 et
2438 4267 2633 4333 Romaz,
2658 4277 2899 4336 tanquam
2922 4265 3133 4322 deorum
3157 4270 3454 4337 simulacra,

1870 4363 2173 4417 auctoritate
2200 4359 2409 4429 publica
2434 4357 2812 4429 constituerat]
2859 4360 2947 4416 Sic
2976 4361 3225 4430 paulatim
3258 4378 3459 4431 augen-

1870 4467 1958 4511 tur
1986 4456 2198 4519 fabulas,
2224 4463 2379 4523 prout
2406 4469 2432 4505 a
2467 4454 2702 4520 pluribus
2733 4463 3017 4508 narrantur
3042 4473 3052 4505 :
3083 4454 3250 4509 instar
3277 4456 3457 4517 rivuli,

1869 4552 1977 4620 qui,
2013 4550 2133 4602 aliis
2176 4556 2335 4616 atque
2386 4546 2506 4599 aliis
2534 4546 2910 4600 accedentibus
2942 4547 3113 4614 aquis,
3149 4547 3361 4601 tandem
3398 4548 3455 4600 lit

1869 4641 2063 4696 amnis.
2096 4638 2545 4693 Clementinarum
2571 4636 3017 4705 Recognitionum
3051 4646 3234 4690 auctor
3264 4637 3357 4691 lib.
3391 4654 3454 4699 ll,

1871 4732 1901 4803 ᾗ
1928 4732 1980 4793 9,
2008 4740 2061 4785 et
2110 4730 2347 4785 Justinus
2383 4729 2580 4799 Martyr
2608 4729 2749 4796 apol.
2781 4728 2830 4793 l,
2858 4729 3211 4782 meminerunt
3242 4729 3457 4797 quidem

1871 4833 2061 4878 stature
2091 4823 2347 4887 Simonis,
2380 4820 2561 4875 Romae
2592 4822 2897 4884 collocatae;
2931 4820 3021 4873 sed
3053 4821 3120 4873 de
3150 4828 3324 4873 statua
3357 4821 3453 4874 Se-

1873 4913 1999 4966 lente
2020 4912 2102 4967 vel
2126 4912 2357 4978 Helenae,
2381 4912 2495 4980 ejus
2516 4911 2847 4975 concubinae,
2872 4910 2999 4964 nihil
3024 4910 3240 4965 habent.
3270 4911 3453 4978 Itaque

1873 5004 1975 5057 hoc
2007 5006 2113 5057 erit
2151 5004 2570 5057 additamentum
2614 5004 2915 5069 Augustini,
2954 5018 3018 5056 ex
3055 5002 3309 5057 memoria
3348 5004 3459 5058 lucc

268 5098 475 5154 Prtelat.
513 5101 706 5157 Noster
748 5117 864 5154 vero
899 5100 1227 5168 Epiphanius
1259 5098 1476 5168 Cyprius
1505 5097 1768 5166 episcopus
1794 5094 1848 5159 D
1872 5096 2176 5151 scribentis.
2229 5096 2415 5149 Mirum
2457 5104 2540 5149 est
2566 5095 2794 5148 fabulam
2827 5094 2893 5148 de
2926 5095 3096 5162 posita
3135 5110 3162 5147 a
3197 5094 3453 5147 Romanis

200 5190 372 5246 abhinc
392 5210 489 5246 non
513 5194 664 5265 longe
685 5194 831 5248 rebus
852 5192 1090 5245 humanis
1113 5198 1389 5259 exemptus,
1414 5189 1477 5241 de
1504 5187 1758 5256 octoginta

201 5278 456 5339 hteresibus
484 5285 717 5354 loquens,
750 5301 839 5338 sea:
870 5283 1029 5336 libros
1060 5282 1212 5334 etiam
1245 5279 1579 5347 conscripsit,
1614 5279 1769 5330 ltisth

202 5375 307 5427 rica
322 5380 603 5431 narratione
625 5392 1025 5430 commemorans
1041 5374 1231 5435 omnia,
1255 5372 1397 5425 nulla
1424 5370 1767 5439 disputatione

203 5468 428 5523 adversus
459 5470 732 5540 falsitatem
773 5485 865 5537 pro
902 5468 1108 5520 veritate
1148 5463 1465 5533 decertans.]
1498 5464 1768 5517 Adnotant

122 5558 133 5570 ‘
205 5554 521 5615 Benedictini
547 5561 611 5613 ad
642 5561 755 5614 haec
783 5561 944 5614 verba
966 5602 978 5623 ,
1014 5557 1366 5627 Augustinum
1397 5556 1595 5609 vidisse
1621 5555 1757 5607 dun-

206 5656 343 5702 taxat
364 5650 807 5721 Anacephalwosin
838 5648 1151 5719 Epiphanii;
1184 5647 1277 5702 sed
1309 5661 1375 5700 ne
1419 5646 1520 5699 hoc
1545 5645 1759 5713 quidem

208 5753 335 5804 Opus
368 5739 627 5809 integrum
657 5740 807 5804 vidit,
853 5740 1005 5809 cujus
1049 5739 1217 5802 initio,
1264 5747 1317 5792 et
1366 5738 1604 5804 pluribus
1631 5736 1763 5790 locis

216 5826 397 5887 indicat
416 5833 640 5903 scriptor
661 5848 719 5889 se
754 5832 973 5902 majoris
1004 5831 1183 5901 operis
1202 5830 1469 5900 epitomen
1508 5828 1762 5884 scribere.

1873 5196 2045 5242 statua
2074 5196 2181 5240 tam
2214 5198 2419 5256 turpem
2458 5195 2513 5240 et
2548 5197 2652 5239 tam
2684 5184 3051 5248 manifestam,
3081 5201 3199 5253 qua:
3232 5187 3457 5254 proinde

1873 5280 2065 5333 merito
2105 5279 2174 5333 ab
2213 5279 2441 5333 ethnicis
2487 5278 2780 5340 ridebatur,
2818 5291 2984 5345 usque
3024 5278 3159 5331 adeo
3189 5279 3458 5332 veteribus

1874 5369 2158 5436 placuisse,
2189 5380 2243 5422 ut
2275 5384 2379 5422 uno
2405 5385 2498 5423 ore
2526 5370 2667 5421 illam
2698 5367 3107 5422 altirmaverint.
3142 5368 3275 5423 Vide
3299 5369 3453 5423 Joan.

1873 5459 2025 5527 Bapt.
2050 5458 2370 5513 Cotelerium
2395 5460 2458 5511 ad
2482 5458 2902 5512 Constitutiones
2924 5458 3246 5525 apostolicus
3269 5459 3363 5513 Iib.
3381 5475 3454 5523 vt,

1871 5567 1990 5622 cap.
2021 5552 2074 5614 9,
2121 5553 2352 5619 itemque
2402 5552 2464 5603 ad
2510 5548 2954 5620 Recognitiunum
3011 5551 3104 5605 lib.
3140 5568 3197 5613 Il,
3249 5568 3365 5615 cap.
3399 5552 3454 5607 9.

1874 5644 1977 5699 Sed
2007 5645 2207 5697 fallitur
2238 5645 2318 5697 vir
2347 5644 2689 5697 doctissimus
2718 5659 2834 5696 cum
2868 5643 3040 5697 iunttit
3065 5645 3129 5697 ab
3159 5645 3455 5713 Augustino

1876 5737 2055 5803 negari
2091 5738 2231 5803 quod
2258 5738 2569 5788 narrabatur
2588 5734 2654 5788 de
2682 5735 2900 5787 interitu
2918 5736 3176 5798 Sitnonts,
3202 5734 3357 5801 epist.
3384 5730 3452 5785 56

1878 5828 1941 5880 ad
1971 5826 2321 5890 Casulanum,
2354 5843 2473 5882 cum
2515 5828 2660 5882 dicat
2706 5835 2907 5881 tantum
2940 5824 3205 5879 Romanos
3234 5834 3453 5883 negasse
