3974 6356
562 345 666 402 507

1460 330 2012 394 SUPPLEMENTUM
2053 328 2143 383 AD
2183 326 2413 383 OPERA
2452 327 2510 383 S.
2560 328 2948 388 AUGUSTINI.
3692 342 3770 401 ωδ

565 458 784 514 Petrum
817 456 905 512 die
936 455 1138 512 sabbati
1169 452 1461 524 jejunasse,
1510 466 1631 506 cum
1674 458 1818 505 esset
1848 448 1935 501 die
1979 445 2154 500 domi-
2180 443 2230 500 A
2259 440 2515 495 auxilium
2565 443 2704 496 aliud
2748 444 2983 497 divinmn
3034 446 3390 500 necessarium
3419 446 3502 512 sit,
3548 453 3669 521 quod
3694 473 3771 513 nou

568 553 692 607 nico
733 562 988 622 sequente
1035 566 1158 605 cum
1206 549 1427 605 Simone
1463 548 1615 617 Mago
1662 555 1979 600 certaturus.
2034 542 2148 596 Jam

567 646 761 702 eruditi
792 646 960 700 ferme
990 644 1335 716 consentiunt
1360 642 1628 696 Justiuum
1658 648 1748 693 aut
1774 638 1936 692 alium
1969 646 2156 690 aucto-

568 754 681 794 rem
717 738 873 807 hujus
902 735 1093 791 fabulae
1124 735 1405 803 deceptum
1433 731 1596 785 fuisse
1627 738 1798 784 statua
1826 727 2036 782 Herculi
2065 740 2158 795 po-

568 832 670 889 sita
709 829 763 883 in
795 829 965 882 insula
996 825 1281 891 Tiberina,
1314 824 1465 893 cujus
1496 824 1787 878 etiamnum
1822 819 1981 873 hodie
2006 818 2157 872 "basis

568 926 854 989 Superest,
908 934 1026 973 cum
1080 918 1176 971 hac
1240 916 1594 984 inscriptione
1647 911 1896 968 SEMONI
1938 908 2159 964 SANCO

568 1012 719 1068 DEO.
782 1012 915 1067 Vide
960 1012 1083 1067 Des.
1120 1009 1407 1065 Heraldum
1456 1007 1523 1062 ad
1560 1007 1878 1061 Tertullian.
1930 1003 2155 1071 Apolog.

568 1119 686 1174 cap.
714 1103 811 1167 i5;
843 1103 1008 1157 Henr.
1040 1101 1315 1156 Valesium
1350 1099 1414 1153 ad
1447 1098 1657 1153 Eusebii
1685 1098 1822 1152 Hist.
1846 1096 2038 1151 cccles.
2065 1094 2157 1149 lib.

571 1212 629 1258 tt,
654 1211 772 1266 cap.
801 1195 887 1261 15,
916 1195 1157 1264 aliosque
1184 1193 1403 1263 passim.
1430 1192 1567 1245 Hinc
1588 1200 1762 1244 autem
1788 1190 1954 1259 liquet
1975 1189 2162 1259 quanti

571 1288 849 1343 faciendus
884 1290 957 1342 sit
993 1302 1291 1341 consensus
1334 1286 1657 1347 multorum,
1719 1285 1837 1337 sine
1883 1284 2161 1348 examine,

574 1380 803 1434 aliorum
827 1390 943 1449 post
974 1380 1112 1433 alios
1142 1378 1280 1433 idem
1306 1386 1509 1431 temere
1531 1374 1938 1429 affirmantium.
1973 1374 2164 1430 Simile

574 1471 877 1541 exemplum
908 1471 1342 1525 animadvertere
1367 1478 1451 1524 est
1472 1466 1632 1522 Civit.
1667 1467 1763 1521 Dei
1794 1468 1889 1521 lib.
1921 1483 2009 1533 xx,
2041 1482 2163 1536 cap.

574 1564 666 1630 9.9,
690 1562 757 1617 de
783 1563 1011 1616 adventu
1036 1563 1165 1616 Elia:
1192 1569 1316 1616 ante
1348 1561 1590 1614 ultimum
1617 1558 1901 1628 judicium.
1935 1557 1991 1610 Si
2017 1573 2169 1611 erro-

576 1667 690 1707 rem
725 1653 895 1706 vitare
928 1652 1157 1706 velimus
1190 1652 1241 1704 in
1274 1649 1536 1720 ejusmodi
1571 1649 1753 1714 rebus,
1786 1665 1903 1717 qum
1932 1649 2162 1717 plurium

576 1746 887 1800 testimonio
918 1745 1137 1814 probari
1166 1744 1344 1798 solent
1369 1784 1384 1808 ,
1416 1753 1540 1797 ante
1577 1743 1757 1796 omnia
1801 1742 2169 1811 expendamus

2260 532 2483 602 negabat
2516 533 2782 604 Pelagius,
2830 536 3030 589 nemini
3073 551 3257 591 eorum
3297 538 3481 607 quibus
3506 542 3680 611 aliquid
3704 550 3776 603 im-

2258 636 2432 696 perat,
2484 626 2535 679 id
2566 627 2832 681 subtrahit
2887 630 3045 683 Deus.
3098 629 3204 685 Sed
3244 632 3422 686 omnia
3465 633 3545 688 hic
3582 649 3705 705 sunt,
3736 654 3777 697 ut

2260 719 2385 773 alibi
2416 720 2553 787 apud
2586 722 2965 790 Augustinum,
2988 722 3051 776 ad
3086 722 3341 777 invidiam
3369 722 3645 781 faciendam
3668 745 3778 786 com-

2264 812 2457 881 posita.
2497 811 2869 867 Consulendus
2898 814 2994 867 hac
3024 813 3091 868 de
3122 830 3182 868 re
3210 815 3343 868 liber
3372 814 3596 887 Dionysii
3623 818 3781 878 Petavii

2263 908 2330 960 de
2378 908 2575 962 Ilzeresi
2618 907 2898 978 Pelagiana
2940 916 2995 962 et
3035 908 3490 978 Semipelagiana,
3532 914 3612 981 qui
3649 926 3715 969 est
3744 920 3781 972 in

2265 1010 2411 1056 tomo
2456 1000 2521 1056 lll
2565 1002 2809 1071 Dogmat.
2859 1002 2977 1073 ejus
3023 1001 3462 1071 theologicorum.
3499 1004 3683 1061 Caetera
3709 1027 3783 1065 non

2265 1094 2618 1162 attingemus,
2669 1092 2735 1148 de
2784 1093 2979 1165 quibus
3018 1084 3082 1147 ad
3133 1095 3388 1164 epistolas
3432 1098 3684 1166 Augustini
3729 1113 3788 1158 sat

2266 1186 2449 1241 multis
2490 1186 2750 1252 diximus;
2781 1187 2877 1242 sed
2920 1187 3041 1241 hinc
3070 1189 3498 1249 observabimus.
3532 1192 3611 1245 ubi
3657 1196 3789 1263 agitur

2267 1279 2335 1333 de
2365 1280 2795 1334 adversariorum
2826 1280 3113 1346 sententia,
3168 1296 3275 1335 non
3315 1295 3435 1336 esse
3473 1282 3619 1338 facile
3644 1299 3790 1341 eorum

2267 1372 2590 1427 adversariis
2620 1372 2973 1427 credendum.

2737 1486 2950 1541 ANIMA
2963 1486 3045 1539 DV
3056 1486 3387 1543 ERSIONES

2581 1619 2631 1657 IN
2669 1619 2986 1658 TRACTA'I‘IJM
3026 1617 3291 1657 ADVERSUS
3330 1618 3553 1658 ιῦιιιεοε.

2344 1739 2471 1811 Cap.
2501 1743 2553 1805 5,
2587 1741 2613 1809 §
2640 1742 2694 1795 4.
2731 1742 2870 1806 Quid
2901 1742 2997 1796 sibi
3032 1751 3200 1797 autem
3229 1744 3349 1796 velit
3389 1743 3525 1812 quod
3547 1744 3615 1797 sic
3648 1763 3795 1812 prono-

534 1910 551 1921 .
577 1845 788 1907 oportet
816 1837 1008 1908 quibus
1035 1852 1220 1891 eorum
1252 1836 1342 1906 qui
1373 1836 1739 1901 consentiunt,
1774 1850 1859 1888 res
1889 1843 2165 1903 perspecta
2197 1824 2245 1884 Β
2274 1841 2447 1886 (mitur
2486 1834 2693 1902 quidam
2736 1833 2945 1903 psalmi,
2974 1851 3101 1904 quos
3138 1844 3186 1888 et
3227 1836 3329 1904 ipsi
3368 1836 3537 1904 legunt
3575 1847 3617 1889 et
3644 1838 3797 1903 habent,

577 1944 697 1985 esse
727 1930 979 1998 potuerit,
1014 1944 1213 1997 eosque
1240 1928 1307 1982 ab
1339 1928 1459 1982 aliis
1502 1928 1877 1996 sejungamus;
1919 1940 2039 1978 nam
2068 1925 2161 1994 qui

580 2028 831 2090 repetunt
858 2028 1064 2075 tantum
1093 2020 1161 2073 ab
1192 2020 1313 2074 aliis
1342 2027 1590 2088 accepta,
1623 2034 1681 2073 ea
1716 2019 1769 2072 in
1800 2033 1917 2086 quae
1947 2017 2171 2071 minime

582 2113 999 2183 inquisiverunt,
1034 2112 1239 2181 indigni
1271 2121 1397 2165 sunt
1424 2112 1512 2181 qui
1555 2111 1769 2165 testium
1808 2124 2030 2164 numero
2075 2108 2173 2161 ha-

582 2205 828 2260 beantur.
861 2203 1013 2272 Quod
1057 2205 1101 2258 si
1136 2205 1297 2258 etiam
1329 2204 1486 2272 primi
1525 2202 1601 2257 rei
1636 2212 1930 2256 assertores
1968 2200 2020 2255 id
2050 2216 2172 2271 pro-

586 2296 811 2350 tulerint
853 2296 993 2362 quod
1027 2295 1192 2363 probe
1224 2310 1328 2347 non
1361 2302 1576 2361 norant,
1610 2293 1777 2346 nubes
1808 2294 1894 2347 illa
1926 2293 2171 2363 speciosa

587 2391 803 2445 testium
843 2387 1095 2443 facillime
1125 2389 1432 2458 dissipatur.
1494 2388 1623 2454 Quae
1656 2388 1708 2441 in
1742 2387 1963 2441 historia
1993 2389 2059 2441 de
2089 2388 2175 2442 Si-

586 2480 764 2535 monis
782 2480 919 2550 Magi
952 2490 1125 2535 statua
1158 2480 1444 2534 observare
1471 2488 1571 2543 est,
1602 2494 1702 2533 nec
1732 2480 1846 2534 scio
1874 2495 1941 2533 an
1972 2495 2078 2534 non
2105 2479 2174 2535 de

588 2582 697 2629 tota
724 2574 1159 2629 Simonianorum
1198 2582 1341 2627 secta
1372 2572 1479 2625 dici
1512 2581 1737 2638 queant;
1772 2588 1892 2627 nam
1925 2574 2174 2642 quamvis

586 2672 797 2719 constet
817 2681 880 2720 ex
902 2665 1052 2721 Actis
1075 2665 1390 2734 apostolicis
1409 2664 1683 2719 Simonem
1708 2662 1874 2718 fuisse
1900 2665 2175 2720 hominem

588 2772 835 2827 nequam,
854 2758 1012 2811 multa
1040 2757 1105 2811 de
1127 2772 1192 2812 eo
1215 2758 1338 2811 ficta
1363 2765 1508 2825 sunt,
1534 2765 1588 2809 ut
1612 2757 1774 2825 liquet
1797 2772 1862 2811 ex
1879 2755 2174 2811 Clementis

588 2848 1085 2918 Recognitionibus.

660 2942 863 2995 Haeres.
897 2940 984 2995 50.
1020 2940 1304 3005 Vadianos,
1337 2955 1462 3010 quos
1492 2939 1715 3008 appellat
1748 2937 2093 3007 Epiphanius,
2126 2947 2176 2991 et

587 3032 962 3097 schismaticos,
999 3048 1097 3085 non
1124 3030 1390 3084 hwreticos
1413 3032 1517 3084 vult
1539 3030 1718 3095 videri,
1747 3030 1837 3083 alii
1867 3038 2048 3083 vocant
2072 3030 2178 3082 An-

590 3124 1116 3196 thropomorpltitas.]
1162 3124 1295 3179 Cum
1353 3124 1439 3177 hic
1496 3123 1850 3193 Epiphanium
1901 3132 2174 3176 auctorem

2276 1926 2330 1979 in
2361 1927 2645 1978 litterarum
2672 1927 2973 1980 auctoritate
2993 1936 3309 1987 sanctarum,
3339 1936 3395 1980 ut
3422 1928 3475 1980 in
3503 1944 3665 1983 eorum
3682 1930 3799 1983 titulis

2274 2019 2519 2087 scriptum
2547 2019 2651 2072 sit:
2678 2018 2780 2072 Pro
2814 2019 2876 2072 iis
2904 2036 3023 2089 quae
3065 2017 3523 2084 immutabuntur;
3556 2030 3699 2075 textus
3716 2037 3797 2074 vero

2274 2112 2566 2165 eorumdem
2610 2111 2926 2179 psalmorum
2968 2112 3214 2183 prtedicat
3261 2110 3545 2174 Christum,
3593 2112 3680 2166 nisi
3714 2114 3799 2183 quia

2276 2220 2453 2256 eorum
2479 2204 2694 2257 mutatio
2724 2220 2813 2273 per
2835 2204 2981 2258 illum
3018 2204 3197 2276 futura
3226 2204 3473 2274 prazdicta
3505 2214 3575 2257 est
3597 2221 3676 2273 per
3698 2222 3800 2272 quem

2277 2305 2488 2365 apparet
2513 2296 2719 2364 impleta
2734 2293 2786 2367 ?]
2810 2296 3045 2366 Respicit
3064 2296 3395 2365 Augustinus
3420 2296 3486 2350 ad
3517 2295 3679 2351 titulos
3696 2297 3800 2367 psal-

2278 2402 2510 2453 morum,
2555 2404 2622 2442 ex
2670 2387 2933 2443 divisione
2990 2389 3173 2443 Graeca
3220 2405 3368 2454 xuv,
3393 2404 3551 2443 vam
3572 2396 3623 2442 et
3665 2405 3799 2443 um.

2280 2479 2577 2535 Fatendum
2602 2521 2617 2547 ,
2650 2481 2751 2533 nisi
2782 2496 2969 2535 verum
3001 2481 3348 2535 dissimulare
3376 2481 3616 2545 velimus,
3645 2480 3804 2549 aptissi-

2280 2589 2423 2626 mum
2449 2572 2614 2627 fuisse
2638 2572 2995 2642 Augustinum
3017 2572 3085 2627 ad
3108 2573 3500 2629 retundendam
3524 2572 3803 2643 pertinaciam

2280 2664 2679 2718 Donatistarum
2709 2676 2798 2719 aut
2825 2666 3042 2720 stultam
3068 2665 3398 2735 impietatem
3424 2666 3801 2730 Manichaeorum;

2279 2756 2372 2811 sed
2402 2765 2589 2811 contra
2621 2756 2836 2812 Jndaeos
2863 2759 2913 2811 in
2937 2773 3157 2813 arenam
3179 2759 3510 2814 descendere
3534 2774 3633 2813 non
3652 2757 3800 2819 debuit,

2281 2847 2480 2919 quippe
2518 2848 2806 2904 destitutus
2851 2851 3015 2907 armis
3052 2849 3105 2904 in
3148 2851 3239 2905 illa
3284 2867 3461 2921 pugna
3494 2850 3639 2921 plane
3669 2864 3801 2904 neces

2282 2941 2457 3008 sariis,
2511 2941 2612 2996 hoc
2657 2952 2763 3006 est,
2816 2943 3118 3013 cognitione
3161 2943 3357 3013 linguae
3398 2938 3659 3011 Hebraicis
3683 2940 3801 2995 etlit-

2282 3032 2431 3086 terali
2465 3032 2675 3088 Veteris
2700 3033 3028 3088 Testamenti
3078 3026 3452 3103 intelligentia.
3500 3032 3599 3087 Res
3644 3048 3697 3086 ex
3722 3040 3797 3085 toto

2283 3124 2463 3181 libello
2518 3126 2714 3195 liquet,
2771 3127 2866 3182 sed
2918 3129 3215 3197 praesertim
3273 3144 3345 3182 ex
3386 3128 3488 3182 hoc
3530 3135 3800 3196 argumento,

592 3220 774 3274 laudet
821 3219 1171 3287 Augustinus,
1219 3217 1437 3277 omnino
1484 3218 1835 3273 existimarim
1891 3216 2173 3286 legendum
2204 3204 2252 3270 C
2281 3218 2421 3286 quod
2447 3227 2628 3273 tamen
2649 3219 2891 3287 pluribus
2910 3218 3269 3289 petisequitur.
3288 3220 3558 3289 Regerere
3584 3225 3802 3287 potuerunt

592 3310 887 3375 Audianos,
916 3311 992 3364 sic
1020 3310 1162 3364 enim
1185 3324 1279 3363 eos
1310 3310 1589 3363 haereticos
1615 3309 1681 3361 ab
1703 3308 1875 3362 Audio
1900 3308 2177 3363 conditore

592 3411 750 3457 vocat
805 3400 1233 3457 Constantiensis
1285 3400 1590 3469 episeOpus.
1646 3399 1763 3454 Non
1810 3415 2055 3456 morarer
2094 3401 2179 3456 hic

593 3493 815 3549 mendas
836 3494 1198 3561 librariorum,
1223 3494 1297 3548 uti
1321 3507 1420 3547 nec
1442 3493 1759 3548 Sirmondus
1785 3491 1910 3547 fecit
1932 3492 1983 3546 in
2004 3493 2179 3563 Opere

596 3587 988 3655 Praedestinati,
1021 3588 1264 3658 quamvis
1307 3588 1358 3641 in
1406 3587 1590 3643 codice
1627 3603 1728 3641 ms.
1762 3588 2027 3657 legeretur
2058 3587 2179 3641 Val-

596 3677 763 3735 diani.
797 3679 1022 3733 Nomina
1054 3678 1239 3732 minus.
1267 3687 1390 3732 nota
1423 3693 1636 3747 semper
1679 3677 1929 3732 facillime
1961 3693 1989 3731 a
2019 3678 2182 3733 libra-

594 3769 689 3822 riis
732 3769 1019 3838 depravata
1061 3778 1207 3823 sunt.
1247 3769 1381 3823 llinc
1412 3768 1553 3836 apud
1585 3768 1893 3823 Facundum
1941 3768 2183 3823 Hermia-

592 3874 812 3916 nensem
870 3860 965 3915 lib.
1012 3876 1108 3916 vnt
1152 3859 1241 3915 ed.
1288 3860 1556 3915 Sirmondi
1588 3861 1712 3914 anni
1756 3860 1844 3915 cla
1894 3860 1947 3915 la
1987 3876 2177 3927 cxcvr,

591 3955 695 4008 col.
726 3953 852 4008 67f.
884 3954 1026 4008 Idem
1074 3954 1309 4010 hteretici
1340 3964 1602 4008 vocantur
1640 3953 1886 4023 Basiani,
1928 3971 2046 4025 qua:
2077 3970 2180 4011 vox

591 4046 730 4102 facta
761 4063 788 4098 a
828 4047 1076 4102 Vadiani.

667 4138 868 4193 Haeresi
897 4138 987 4205 88,
1012 4153 1129 4208 quae
1159 4149 1241 4193 est
1272 4139 1678 4210 Pelagianorum
1706 4156 1718 4192 :
1754 4138 1824 4192 Hi
1858 4140 1950 4193 Dei
1977 4140 2177 4211 gratiw,

596 4254 697 4305 qua
748 4236 1094 4305 praedestinati
1143 4253 1315 4288 sumus
1354 4236 1404 4288 in
1459 4237 1786 4306 adoptionem
1826 4236 2053 4303 ﬁliorum
2094 4251 2182 4302 per

594 4329 773 4382 Iesum
802 4326 1057 4381 Christum
1086 4330 1137 4379 in
1168 4335 1354 4397 ipsum,
1386 4337 1433 4380 et
1463 4345 1561 4395 qua
1590 4328 1818 4380 eruimur
1848 4327 1909 4379 de
1937 4334 2184 4396 potestate

595 4422 940 4488 tenebrarum,
973 4431 1102 4485 etc.,
1141 4424 1190 4475 in
1226 4433 1426 4476 tantum
1464 4424 1657 4475 inimici
1696 4431 1834 4483 sunt,
1868 4431 1920 4474 ut
1949 4423 2059 4474 sine
2085 4420 2181 4473 Itac

597 4534 743 4588 posse
775 4515 1031 4578 hominem
1062 4516 1273 4570 credunt
1308 4518 1475 4585 facere
1508 4515 1679 4567 omnia
1710 4513 1883 4565 divina
1912 4512 2173 4577 mandata,

2283 3320 2336 3362 ct
2365 3309 2581 3379 quidem
2610 3310 2827 3375 merito,
2856 3310 3024 3365 Judzei
3058 3310 3200 3364 LXX
3231 3312 3556 3382 interpretes
3584 3310 3705 3363 male
3725 3314 3803 3361 ve'r-

2284 3401 2413 3455 tisse
2443 3402 2609 3460 verba
2659 3403 2919 3459 Hebraica
2953 3419 3070 3473 quae
3104 3403 3189 3457 hic
3228 3412 3357 3457 sunt
3388 3422 3401 3457 :
3429 3413 3639 3463 cum
3661 3386 3718 3465 St;
3746 3399 3804 3450 ha!

2282 3494 2690 3562 schoschannim,
2716 3497 2847 3568 ὑπὲρ
2879 3503 2977 3550 τῶν
3005 3496 3494 3566 ἀλλοιωθηδομῖἐνων,
3517 3494 3652 3563 quasi
3678 3494 3805 3559 legen-

2282 3589 2407 3643 dum
2433 3598 2578 3644 esset
2606 3589 2712 3657 hic,
2743 3597 2964 3647 ωιιπιυιυ
2991 3588 3371 3655 scheschonim,
3398 3588 3497 3642 hoc
3520 3596 3613 3650 est,
3636 3586 3804 3654 quimu-

2286 3692 2413 3745 tant,
2448 3682 2530 3737 vel
2560 3682 2748 3736 diversi
2792 3690 2947 3746 sunt;
2988 3696 3108 3736 esse
3146 3682 3467 3736 vertendum
3506 3675 3618 3734 cuin
3646 3676 3802 3745 Aquila.

2284 3790 2431 3845 super
2461 3774 2615 3837 (iliis;
2648 3788 2767 3827 nam
2798 3782 2947 3862 paup
2975 3773 3290 3862 esselilium
3310 3813 3325 3839 ,
3372 3789 3477 3843 qua
3507 3788 3629 3827 voce
3655 3768 3803 3838 signiﬁ-

2283 3876 2433 3921 Catur
2475 3864 2560 3919 hic
2600 3874 2692 3918 aut
2740 3861 3151 3920 instrumentum
3194 3866 3485 3932 musicum,
3527 3867 3610 3919 aut
3650 3862 3803 3916 initium

2284 3957 2499 4011 cantici.
2529 3955 2808 4023 Quomodo
2835 3956 3165 4010 contrarium
3199 3956 3480 4025 probasset
3507 3948 3803 4024 Augustinus?
3896 4024 3897 4033 χ

2286 4048 2491 4103 Deinde
2513 4049 2557 4102 si
2585 4049 2980 4103 concessissent
3008 4047 3086 4102 sic
3115 4062 3236 4102 esse
3266 4048 3578 4103 vertendum
3608 4057 3656 4098 ιιι
3681 4055 3802 4097 trans-
3896 4048 3897 4103 ξ

2286 4143 2526 4196 tulerunt
2566 4141 2708 4195 LXX
2752 4142 3090 4209 interpretes,
3146 4149 3437 4209 negassent
3481 4139 3598 4194 inde
3639 4136 3802 4203 sequia
3896 4120 3897 4127 “

2288 4234 2478 4289 Messia
2518 4234 2687 4302 legem
2719 4232 2912 4286 mutari
2939 4231 3214 4298 debuisse,
3244 4232 3338 4286 sed
3374 4241 3595 4289 tantum.
3625 4226 3804 4297 quando-

2286 4341 2389 4393 que
2408 4324 2634 4387 vcneril,
2656 4325 2905 4378 miseram
2934 4320 3045 4377 suae
3066 4322 3241 4390 gentis
3265 4332 3465 4377 sortem
3495 4322 3545 4375 in
3574 4318 3803 4373 beatiorem

2287 4424 2543 4469 tnutatum
2577 4414 2670 4477 iri;
2701 4414 2899 4468 frustra
2928 4414 3174 4468 sudasset
3196 4413 3525 4482 Augustinus
3547 4420 3600 4465 ut
3622 4410 3676 4462 iis
3700 4406 3806 4459 hisce

2286 4519 2377 4563 attt
2405 4508 2669 4562 similibus
2697 4507 3027 4578 argumentis
3056 4506 3333 4565 utentibus
3360 4522 3421 4561 os
3442 4503 3734 4561 occluderet.
3754 4501 3807 4551 Ac

595 4610 723 4681 etc.]
753 4609 1051 4665 Anathema
1086 4624 1214 4663 vero
1240 4608 1487 4663 omnibus
1516 4607 1602 4676 qui
1636 4606 1827 4661 divina:
1849 4605 2035 4674 gratiae
2058 4611 2181 4663 sunt
2204 4580 2259 4642 Ῑ)
2285 4616 2415 4656 sane
2444 4601 2652 4655 duobus
2679 4609 2883 4654 tantum
2918 4598 3123 4665 modis,
3152 4612 3275 4652 cum
3307 4597 3487 4667 aliquo
3511 4596 3696 4656 fructu,
3729 4588 3806 4643 dis-

597 4704 828 4759 inimici!
863 4703 970 4757 Nec
1010 4712 1137 4769 puto
1169 4702 1473 4770 Pelagium,
1498 4700 1544 4755 si
1575 4699 1944 4760 revivisceret,
1979 4696 2183 4751 delibe-

599 4807 835 4850 raturum
881 4811 947 4849 an
983 4804 1161 4863 posset
1211 4795 1537 4863 respondere
1583 4794 1771 4857 Amen;
1818 4808 2004 4862 magna
2052 4807 2182 4847 voce

599 4891 743 4944 illico
772 4889 842 4943 ita
868 4889 1236 4955 responderet.
1264 4888 1463 4943 Verum
1495 4888 1828 4941 accusatorie
1858 4886 1987 4941 dicit
2010 4889 2183 4953 Augu-

596 4984 767 5037 stinus
798 4981 1046 5035 inimicos
1076 4981 1261 5049 gratiae
1287 4980 1378 5034 Dei
1406 4994 1500 5033 eos
1533 4980 1621 5049 qui
1652 4980 1920 5034 internum
1943 4978 2181 5032 afflatum

598 5077 663 5129 ad
705 5075 942 5144 singulos
974 5073 1339 5127 necessarium
1384 5082 1564 5136 actus,
1596 5086 1825 5139 eumque
1871 5070 2186 5123 ineluctabi-

598 5169 700 5222 lem
744 5177 795 5221 et
822 5166 886 5219 ad
908 5166 1066 5219 finem
1093 5180 1258 5233 usque
1279 5163 1400 5216 vita:
1426 5162 1555 5216 solis
1578 5162 1765 5216 eleCIis
1787 5159 2051 5223 dandum;
2085 5159 2185 5212 hoc

598 5268 699 5320 est,
731 5260 947 5327 gratiam
976 5257 1277 5325 Augustini,
1328 5270 1431 5308 non
1464 5253 1579 5316 Dei,
1631 5252 2013 5321 repudiabant;
2058 5266 2181 5304 nam

599 5352 820 5421 gratiam
870 5352 1007 5403 hunc
1044 5347 1306 5413 afflatum,
1355 5356 1446 5401 aut
1487 5347 1705 5417 gratiam
1757 5345 1854 5397 Dei
1901 5344 2079 5398 vocari
2129 5344 2184 5396 in

598 5441 877 5508 Scriptura
936 5454 1209 5507 nunquam
1272 5435 1683 5492 demonstravit.
1738 5433 2002 5489 Caeterum
2060 5448 2181 5488 cum

600 5531 741 5586 Deus
772 5531 1022 5584 mandata
1068 5531 1295 5600 cuipiam
1338 5531 1449 5593 dat,
1494 5530 1610 5583 sine
1657 5528 1819 5582 dubio
1848 5542 1911 5581 ea
1958 5526 2046 5581 ille
2090 5542 2182 5597 po-

600 5631 705 5677 test
728 5622 1053 5685 observare;
1081 5637 1199 5675 nam
1234 5622 1397 5690 Deus,
1427 5620 1518 5691 qui
1542 5623 1718 5689 justus
1746 5630 1849 5682 est,
1883 5618 2183 5687 impossibi-

600 5715 667 5769 lia
702 5731 805 5766 non
834 5714 1033 5781 impera
1109 5714 1339 5767 sumitve
1368 5728 1553 5781 pcenas
1584 5713 1651 5766 de
1682 5713 1745 5766 iis
1776 5712 1863 5780 qui
1897 5726 2002 5763 non
2039 5708 2181 5763 fece-

602 5817 724 5865 runt
753 5805 1117 5873 impossibilia.
1157 5806 1308 5872 Quod
1334 5807 1375 5858 si
1408 5816 1600 5873 prmter
1631 5806 1832 5860 nudum
1866 5806 2177 5874 imperium,

2286 4702 2501 4762 ceptare
2549 4707 2668 4746 cum
2718 4690 2921 4746 Judaais
2984 4704 3290 4760 possumus.
3322 4689 3496 4759 [Alter
3541 4695 3618 4742 est
3655 4684 3692 4737 si
3732 4692 3804 4733 non

2288 4793 2489 4860 tantum
2539 4781 2835 4853 Scripturis
2884 4782 3007 4837 νει.
3056 4782 3419 4849 Testamenti,
3470 4794 3595 4851 quas
3639 4773 3804 4830 eludere

2289 4888 2507 4943 norunt,
2535 4878 2628 4932 sed
2663 4878 2876 4932 illorum
2907 4876 3253 4946 opinionibus
3281 4887 3338 4932 et
3364 4872 3690 4944 scriptoribus
3715 4879 3804 4920 con-

2287 4984 2366 5028 tra
2395 4975 2541 5045 ipsos
2566 4986 2809 5038 utamur;
2835 4972 2975 5043 quod
2999 4972 3181 5027 facere
3205 4986 3307 5026 non
3334 4969 3503 5040 potuit
3521 4961 3805 5032 Augustinus.

2287 5071 2373 5125 cui
2428 5070 2609 5139 ignota
2660 5068 2748 5123 illa
2802 5076 2956 5123 erant
3004 5065 3437 5121 armamentaria.
3486 5061 3623 5117 Alter
3647 5067 3749 5109 vero
3776 5048 3806 5100 si

2290 5161 2568 5214 historiam
2597 5168 2653 5214 et
2678 5159 2933 5214 miracula
2966 5157 3093 5214 Jesu
3131 5156 3391 5212 Nazareni
3425 5167 3546 5207 vere
3575 5145 3806 5213 contigisse

2287 5251 2663 5317 ostendamus;
2714 5251 2856 5320 quod
2905 5250 3081 5306 facere
3128 5250 3388 5319 potuisset
3422 5244 3732 5311 Augustinus.
3773 5230 3803 5283 si

2287 5344 2503 5399 omissis
2530 5344 2803 5414 allegoriis
2823 5386 2839 5409 ,
2882 5343 3192 5413 frigidisque
3221 5342 3463 5412 argutiis,
3492 5338 3554 5393 ad
3578 5336 3800 5390 accuratas

2292 5437 2735 5492 ratiocinationes
2780 5451 2840 5491 se
2888 5436 3266 5502 convertisset,
3306 5433 3488 5505 quales
3532 5436 3643 5483 sunt
3678 5424 3720 5477 in
3756 5414 3800 5469 Ιὶ·

2292 5528 2404 5582 bris
2434 5544 2469 5582 ιι
2494 5538 2547 5583 et
2577 5543 2635 5582 ιιι
2664 5527 2841 5596 operis
2870 5526 2938 5581 de
2979 5526 3215 5581 Veritate
3246 5523 3514 5594 religionis
3543 5512 3798 5573 ChriSIianm

2289 5622 2355 5675 ab
2386 5621 2519 5690 Hug.
2556 5620 2744 5675 Grotio
2770 5619 3080 5687 conscripti,
3113 5633 3232 5689 qua:
3272 5628 3325 5671 et
3358 5618 3411 5671 in
3436 5614 3549 5668 aliis
3589 5601 3795 5664 recentio—

2288 5730 2405 5767 rum
2442 5712 2801 5767 monumentis
2844 5710 3117 5779 copiosius
3150 5709 3405 5777 expositm
3450 5707 3687 5773 leguntur.

2288 5810 2403 5859 r‘utu
2436 5805 2501 5859 iis
2521 5804 2753 5871 satculis,
2786 5803 3121 5872 quantumvis
3139 5803 3206 5859 ab
3229 5800 3483 5874 imperitis
3503 5807 3585 5854 aut
3611 5788 3789 5848 factiosu
