3974 6356
284 338 395 394 509

991 333 1343 393 VARIORUM
1381 333 1979 392 EXERCITATIONES
2020 334 2085 390 IN
2122 335 2181 391 S.
2222 338 2588 398 AUGUSTINI
2628 342 2875 399 OPERA.

3455 347 3556 407 5l0

284 449 579 520 jactentur,
607 466 789 521 parum
832 460 959 507 nota
1001 463 1119 507 erat
1150 453 1505 510 ratiocinandi
1529 462 1583 508 et
1611 450 1873 524 probandi
1900 453 1955 514 Α
1980 464 2374 511 monstraturos
2402 474 2460 511 se
2485 459 2878 527 pollicerentur.
2912 458 3023 526 Qua
3049 458 3096 511 in
3126 473 3204 525 re,
3239 459 3552 515 intolerandi

288 556 540 600 accurata
572 548 873 602 methodus.

758 638 1409 695 ANIMADVERSIONES

575 747 627 785 IN
666 748 858 786 LIBRUM
898 750 964 787 DE
1006 750 1288 789 UTILITATE
1328 732 1609 789 CREDENlﬁ.

360 818 492 890 Cap.
529 822 591 889 5,
627 822 653 892 §
692 826 744 879 5.
782 824 960 878 Omnis
1011 825 1286 897 Scriptura
1332 844 1446 896 qua:
1498 826 1875 882 Testamentum

292 909 455 965 Vetus
478 923 700 979 vocatur,
727 914 998 986 diligenter
1020 933 1130 970 eam
1155 935 1305 972 nosse
1328 920 1645 990 cupientibus
1665 920 1877 990 quadri-

283 1006 427 1076 faria
455 1007 709 1070 traditur;
736 1010 1011 1062 secundum
1043 1011 1333 1077 historiam,
1369 1014 1649 1066 secundum
1678 1014 1876 1073 artiolo-

283 1096 451 1175 giam,
497 1098 777 1151 secundum
828 1100 1140 1171 analogiam,
1189 1104 1469 1156 secundant
1517 1102 1875 1174 allegoriam]

286 1187 421 1241 Marc
451 1189 625 1241 omnia
655 1189 722 1243 ad
750 1206 912 1243 unum
943 1192 1257 1258 referenda,
1289 1192 1730 1262 quid,_nimirum
1752 1234 1768 1261 ,
1801 1194 1875 1248 si-

286 1283 578 1352 gnificetur
608 1285 787 1339 verbis
818 1285 1143 1355 Scriptura},
1185 1303 1303 1357 quae
1334 1304 1397 1341 ex
1428 1289 1674 1343 omnibus
1700 1305 1877 1357 gram-

292 1377 618 1431 maticorum
671 1386 726 1432 et
773 1378 1080 1434 criticorum
1129 1379 1335 1449 legibus
1379 1389 1506 1435 sunt
1543 1381 1873 1449 explicanda.

294 1468 613 1539 Etiolngia,
646 1470 889 1541 analogia
927 1480 983 1526 et
1029 1471 1303 1541 allegoria,
1336 1487 1456 1542 qua:
1493 1488 1598 1525 non
1638 1474 1878 1526 nituntur

292 1546 549 1615 litteralis‘
572 1561 1023 1630 interpretationis
1052 1562 1433 1627 fundamento,
1468 1578 1631 1617 merae
1658 1570 1782 1616 sunt
1811 1561 1877 1616 ad

288 1655 549 1726 populum
592 1654 847 1725 phalerae,
894 1665 952 1708 ut
980 1655 1181 1710 dudum
1208 1656 1305 1710 viri
1335 1655 1475 1711 docti
1505 1654 1873 1710 ostenderunt.

286 1747 397 1803 Sed
424 1747 704 1802 videamus
737 1747 1005 1815 quomodo
1049 1747 1165 1801 haec
1202 1746 1463 1816 intelligat
1505 1747 1831 1816 Augustinus
1862 1765 1874 1799 :

1981 549 2221 615 profecto
2249 560 2423 613 erant,
2462 566 2581 604 cum
2629 552 2762 605 nihil
2807 551 2907 605 nisi
2950 563 3186 606 monstra
3232 552 3551 619 proferrent,

1977 650 2034 695 et
2061 658 2179 710 qua:
2204 644 2353 697 nulla
2381 644 2847 699 verisimilitudine
2869 654 3019 699 erant
3053 647 3242 709 tincta;
3275 648 3471 699 nedum
3499 656 3556 700 ut

1976 734 2189 789 ratione
2221 734 2543 803 niterentur,
2580 748 2635 788 ut
2668 738 2847 789 multis
2888 738 2942 790 in
2991 738 3120 791 locis
3158 746 3301 791 recte
3327 738 3557 791 ostendit

1981 827 2335 896 Augustinus.
2367 826 2564 881 Verum
2606 829 2691 882 hic
2726 830 2891 883 ‘aliter
2930 829 3217 898 respondet
3257 830 3360 883 illis
3399 845 3555 899 quam

1978 919 2171 974 vellem
2204 930 2259 974 et
2279 936 2436 990 quam
2474 938 2559 975 res
2583 923 2903 986 postulabat.
2936 924 3050 988 Quo
3071 924 3211 976 enim
3240 930 3558 991 argumento

1980 1012 2212 1080 probare
2268 1022 2475 1080 poterat
2525 1014 2672 1082 prius
2724 1027 2843 1067 esse
2895 1014 3137 1082 quaadam
3190 1013 3306 1066 sine
3356 1013 3559 1065 ratione

1982 1106 2129 1175 (nam
2172 1104 2273 1158 hoc
2300 1104 2455 1158 debet
2484 1104 2732 1174 ititellégi)
2765 1106 3053 1168 credenda,
3086 1120 3203 1172 qua:
3232 1112 3413 1171 postea
3441 1118 3561 1170 per-

1980 1196 2323 1263 ciperentur?
2350 1194 2479 1261 Quis
2508 1196 2904 1250 mendaciorum
2930 1205 2983 1247 et
3007 1195 3304 1247 fabularum
3340 1193 3559 1263 pr0p0|a

1981 1300 2088 1340 non
2117 1286 2287 1354 potuit
2322 1286 2515 1339 similia
2558 1288 2792 1355 exigere,
2832 1298 2883 1340 et
2926 1296 3110 1355 postea
3140 1287 3337 1349 dicere,
3369 1284 3415 1338 si
3442 1285 3561 1352 quis

1980 1387 2281 1432 commenta
2309 1379 2425 1445 ejus
2457 1378 2751 1446 rejecissﬂ,
2796 1394 2915 1431 eum
2962 1377 3125 1430 fuisse
3166 1376 3438 1443 indignum
3470 1374 3561 1444 qui

1982 1488 2047 1527 ea
2090 1472 2505 1541 assequeretur?
2536 1477 2614 1524 An
2656 1486 2761 1523 non
2791 1470 2960 1525 Juda-i
2987 1478 3041 1522 et
3065 1468 3265 1523 ethnici
3300 1466 3562 1520 Christia-

1984 1565 2069 1619 nis
2096 1573 2283 1619 contra
2311 1579 2369 1617 se
2399 1563 2839 1617 ratiocinantibus
2863 1562 2981 1615 talia
3015 1575 3273 1629 reponere
3297 1565 3560 1626 poterant,

1984 1672 2105 1711 esse
2152 1656 2501 1719 credeudum,
2550 1670 2655 1707 non
2700 1652 3159 1707 ratiocinandum?
3208 1651 3371 1719 Igitur
3410 1648 3563 1700 Chri-

1984 1750 2162 1815 stiani,
2199 1759 2254 1802 ut
2283 1748 2395 1815 pari
2418 1748 2538 1815 iure
2561 1756 2799 1816 agerent,
2837 1747 2941 1815 pati
2970 1746 3269 1800 debuerunt
3297 1743 3348 1795 id
3379 1751 3561 1796 contra

287 1838 594 1895 Secundum
639 1839 939 1905 historiam,
992 1839 1182 1906 inquit,
1227 1840 1471 1905 traditur,
1506 1856 1621 1892 cum
1670 1839 1884 1891 docetur
1910 1830 1961 1892 Β
1988 1857 2045 1897 se
2082 1843 2324 1896 adhiberi
2372 1858 2477 1910 quo
2510 1842 2588 1893 usi
2633 1841 2843 1893 fuerant
2887 1848 3071 1893 contra
3116 1838 3359 1892 ethnicos
3389 1844 3441 1887 et
3472 1833 3564 1888 Ju-

285 1931 415 2011 quid
457 1932 703 1997 scriptum
736 1940 828 1985 aut
857 1931 983 2002 quid
1012 1941 1208 2002 gestum
1237 1932 1335 1997 sit;
1363 1931 1485 2001 quid
1534 1946 1636 1984 non
1682 1937 1879 2000 gestum

288 2026 385 2082 sed
412 2025 763 2079 tantummodo
791 2027 1038 2095 scriptum
1068 2027 1217 2097 quasi
1242 2034 1437 2095 gestum
1463 2026 1548 2080 sit.
1581 2023 1673 2079 Sic
1700 2024 1879 2078 omnia

296 2128 482 2174 essent
533 2118 807 2183 historica,
855 2119 975 2185 quia
1026 2126 1118 2174 aut
1162 2120 1379 2188 scripta,
1430 2128 1521 2172 aut
1547 2128 1694 2188 gesta
1723 2126 1877 2181 sunt;

299 2226 403 2266 nec
426 2210 711 2281 quidquam
740 2210 901 2265 etiam
926 2219 1012 2264 est
1038 2211 1294 2279 scriptum
1320 2210 1473 2279 quasi
1502 2221 1730 2277 gestum,
1758 2225 1878 2263 cum

294 2312 506 2371 gestum
535 2318 641 2357 non
670 2302 761 2366 sit,
794 2312 987 2371 praeter
1018 2302 1319 2370 parabolas.
1344 2303 1672 2370 Augustinus
1698 2316 1881 2355 exem-

292 2396 446 2465 plum
479 2405 657 2450 tamen
685 2394 893 2465 profert
918 2410 1061 2450 verm
1093 2395 1330 2450 historia:
1359 2409 1390 2447 a
1415 2394 1627 2448 Christo
1653 2394 1881 2447 laudata:

291 2487 488 2543 Matth.
522 2503 617 2555 xtt,
650 2488 703 2553 5,
734 2487 789 2541 4.
829 2488 1124 2543 Secundum
1153 2486 1486 2558 wtiologiam,
1531 2486 1718 2554 inquit,
1759 2485 1882 2553 quid

292 2597 399 2649 qua
441 2580 507 2633 de
545 2595 700 2633 causa
743 2580 822 2633 vel
871 2582 1086 2649 factum,
1130 2579 1207 2632 vel
1247 2579 1437 2631 dictum
1484 2579 1572 2631 sit.
1615 2576 1775 2645 Cujus
1804 2578 1882 2632 rei

294 2674 604 2742 exemplum
646 2682 728 2727 est
771 2672 974 2727 dictum
1012 2672 1235 2737 Christi,
1280 2672 1346 2725 de
1389 2685 1549 2725 causa
1579 2668 1881 2740 permissis

294 2761 446 2818 Mose
475 2762 690 2816 divortii
738 2761 923 2816 Matth.
956 2778 1067 2829 xu,
1099 2764 1151 2816 8.
1184 2762 1251 2815 At
1284 2762 1335 2815 in
1369 2760 1697 2828 inquirendis
1740 2759 1885 2827 ejus-

296 2856 446 2911 modi
495 2856 689 2923 causis,
738 2862 949 2924 oportet
976 2863 1067 2908 aut
1092 2854 1343 2923 praeviam
1373 2852 1568 2907 habere
1598 2852 1886 2905 auctorita-

299 2957 411 3002 tem
433 2946 633 3002 Christi
672 2956 725 3001 et
768 2946 1168 3015 apostolorum,
1202 2956 1294 3003 aut
1323 2945 1681 3001 certissimam
1711 2944 1881 2998 histo-

305 3043 440 3096 riam
474 3040 817 3110 rationesque
870 3054 974 3093 non
1020 3038 1231 3094 dubias.
1268 3038 1475 3107 Alioqui
1498 3037 1768 3106 fquaelibet
1798 3050 1883 3089 ra-

307 3136 482 3187 tiones
501 3132 865 3203 quorumlibet
890 3133 1205 3198 reddentur,
1234 3148 1354 3202 quae
1380 3142 1658 3199 utramque
1685 3130 1889 3185 faciunt

310 3227 550 3296 paginam
592 3226 731 3295 apud
774 3235 1007 3280 veteres.
1032 3226 1219 3280 Tertio
1252 3225 1529 3279 secundum
1558 3223 1885 3291 analogiam,
1913 3207 1962 3270 C

306 3318 497 3387 inquit,
529 3333 643 3370 cum
673 3317 1050 3369 demonstratur
1086 3333 1187 3369 non
1227 3316 1322 3368 sibi
1352 3315 1617 3370 adversari
1656 3315 1758 3367 duo
1795 3312 1888 3367 Te-

301 3416 577 3471 stamenta,
615 3405 770 3460 Vetus
792 3416 839 3459 et
871 3406 1095 3460 Novum.
1122 3406 1274 3474 Quod
1319 3407 1677 3473 verissimum,
1709 3406 1755 3459 si
1778 3407 1893 3459 ani-

300 3514 425 3552 mus
451 3498 543 3553 Dei
576 3508 629 3552 et
657 3499 973 3552 mcurtomize
1004 3497 1285 3551 diversitas
1309 3497 1475 3565 probe
1505 3496 1889 3557 observentur,

300 3592 391 3647 lex
423 3593 566 3646 enim
598 3593 1051 3660 complectebatur
1082 3600 1360 3662 στοιχεῖα,
1399 3602 1453 3644 ut
1489 3590 1726 3658 loquitur
1758 3590 1893 3644 Pau-

302 3681 414 3745 lus,
448 3698 543 3736 seu
582 3682 825 3735 elementa
855 3681 1162 3751 religionis,
1200 3682 1393 3751 quibus
1424 3681 1489 3735 ad
1518 3683 1688 3736 instar
1713 3680 1893 3748 paeda-

302 3776 452 3845 gogi,
507 3774 755 3843 paulatim
805 3773 973 3829 Judaei
999 3774 1065 3827 ad
1114 3773 1491 3842 perfectionem
1537 3772 1895 3826 Christianam

309 3866 732 3921 deducerentur.
766 3865 949 3934 Itaque
971 3865 1136 3918 multa
1158 3865 1463 3919 ferebantur
1491 3865 1592 3918 sub
1616 3866 1751 3933 lege,
1778 3879 1897 3931 quas

313 3973 427 4010 non
457 3958 683 4026 amplius
712 3956 956 4011 feruntur
987 3958 1087 4010 sub
1121 3956 1441 4023 Evangelio;
1475 3956 1721 4021 quamvis
1750 3962 1901 4007 utro-

311 4049 478 4118 bique
510 4048 668 4102 fuerit
696 4048 833 4102 idem
862 4047 952 4099 Dei
981 4050 1212 4111 animus,
1242 4045 1335 4099 sed
1367 4045 1455 4114 qui
1484 4059 1587 4098 non
1616 4059 1718 4098 una
1756 4059 1901 4098 meo-

318 4142 527 4207 uomia,
562 4157 657 4209 pro
688 4150 845 4210 captu
869 4139 1183 4208 populorum
1207 4148 1261 4193 et
1291 4147 1610 4205 temporum,
1640 4150 1768 4190 usus
1796 4146 1897 4190 est.

309 4232 468 4300 Quod
488 4233 530 4286 si
547 4232 659 4285 haec
681 4231 1003 4285 misceantur
1024 4239 1076 4282 et
1098 4228 1343 4283 violentis
1358 4226 1629 4296 allegoriis
1656 4236 1905 4295 torquea-

310 4336 405 4381 tur
430 4325 599 4382 Vetus
614 4326 1042 4391 Testamentum,
1076 4339 1131 4380 ut
1159 4341 1252 4394 per
1276 4327 1452 4380 omnia
1480 4321 1618 4379 id‘em
1662 4323 1904 4376 videatur

310 4418 535 4474 tradere
584 4435 645 4474 ac
695 4420 1075 4489 Evangelium,
1134 4430 1242 4472 tum
1291 4434 1420 4473 vero
1474 4416 1715 4486 analogia
1760 4415 1905 4470 nulla

309 4510 638 4565 servabitur.
671 4511 929 4579 Denique,
980 4512 1260 4563 secundum
1302 4512 1625 4580 allegoriam,
1667 4524 1778 4560 cum
1810 4508 1904 4560 do-

1987 1936 2163 1998 dreos;
2212 1950 2309 1987 nec
2352 1944 2467 1987 erat
2492 1949 2587 1986 cur
2618 1941 2898 2002 promerea
2930 1931 3029 1984 sibi
3061 1932 3329 1993 timerent,
3360 1928 3564 1981 ratione

1987 2029 2128 2082 enim
2182 2028 2336 2095 longe
2383 2027 2626 2095 superior
2670 2025 2846 2078 futura
2894 2034 3008 2077 erat
3038 2023 3221 2090 religio
3244 2021 3563 2085 Christiana,

1984 2131 2044 2175 ut
2087 2121 2217 2173 satis
2255 2118 2606 2173 ostenderunt
2654 2118 2801 2187 Hngo
2831 2117 3070 2182 Grotius,
3099 2116 3293 2183 aliique
3331 2112 3418 2182 qui
3449 2126 3566 2165 eam

1985 2214 2195 2268 ratione
2211 2213 2497 2268 defendere
2518 2211 2883 2266 laudatissimo
2906 2210 3150 2263 instituto
3179 2218 3231 2262 et
3264 2204 3568 2259 felicissimo

1985 2318 2240 2358 successu
2268 2314 2564 2368 creperum.
2599 2303 2705 2356 Sed
2732 2304 2831 2355 tria
2862 2309 3016 2354 erant
3038 2314 3155 2369 quae
3190 2307 3432 2365 tempore
3456 2300 3565 2349 Au-

1986 2396 2183 2464 gustini
2225 2394 2518 2450 effecerunt
2560 2404 2616 2448 ut
2661 2392 2792 2447 fides
2838 2392 2955 2445 sine
2999 2390 3205 2444 ratione
3239 2388 3567 2455 exigeretur.

1987 2488 2245 2551 Primum,
2290 2496 2372 2542 est
2424 2486 2566 2555 quod
2616 2500 2720 2539 non
2768 2486 2897 2539 satis
2932 2493 3085 2538 erant
3128 2483 3179 2537 in
3210 2479 3569 2551 phil050phia,

1987 2579 2279 2646 criticaque
2326 2576 2626 2639 exercitati.
2657 2586 2713 2630 ut
2742 2576 3068 2645 Scriptorum
3100 2582 3283 2627 contra
3313 2569 3570 2639 objectio-

1988 2689 2086 2729 ues
2118 2673 2531 2727 Manichaeorum
2552 2711 2566 2737 ,
2598 2671 2931 2739 aliorumque
2972 2667 3259 2722 defendere
3289 2662 3571 2719 commode

1990 2777 2241 2837 possent;
2292 2778 2349 2820 ut
2396 2768 2563 2837 liquet
2602 2767 2686 2819 vel
2735 2781 2799 2821 ex
2848 2763 3070 2818 historia
3108 2760 3414 2825 creationis,
3452 2773 3573 2828 qua:

1990 2868 2272 2927 tantOpere
2300 2859 2457 2912 torsit
2483 2857 2859 2927 Augustinum,
2903 2866 2960 2909 ut
2987 2869 3158 2924 neque
3185 2852 3239 2905 in
3269 2849 3573 2905 Confessio-

1993 2957 2171 3023 nibus,
2206 2972 2377 3025 neque
2410 2956 2462 3009 in
2493 2956 2642 3010 libris
2662 2953 2729 3008 de
2758 2953 2951 3008 Genesi
2977 2951 3041 3005 ad
3072 2951 3330 3012 litteram,
3360 2945 3460 3000 sibi
3483 2952 3574 2997 aut

1995 3049 2089 3102 ulli
2138 3048 2475 3103 satisfecerit.
2526 3046 2741 3101 Creatio
2793 3054 2998 3113 septem
3053 3042 3241 3096 diebus
3297 3038 3571 3099 distincta.

1998 3142 2254 3211 quiesque
2293 3139 2383 3193 Dei
2430 3139 2659 3208 septimo
2690 3138 2777 3191 die
2816 3134 3021 3205 scopuli
3061 3133 3293 3196 fuerunt,
3338 3128 3404 3183 ad
3441 3141 3575 3197 quos

1995 3235 2213 3302 impegit
2243 3231 2666 3301 quotiescunque
2698 3229 2796 3283 hac
2826 3229 2879 3283 in
2912 3235 3058 3295 parte
3089 3224 3223 3279 sacri
3255 3220 3453 3278 Oc‘eani
3482 3234 3578 3273 na‘

1995 3328 2180 3396 vigare
2208 3340 2372 3380 ausus
2403 3334 2502 3378 est.
2539 3325 2767 3380 Sensum
2794 3320 3077 3375 litteralem
3107 3317 3257 3385 quasi
3292 3315 3575 3369 adversum

1996 3419 2189 3475 rationi
2236 3418 2439 3486 reiicit,
2491 3416 2837 3485 allegoricum
2888 3427 3016 3465 vero
3070 3426 3099 3462 a
3151 3407 3374 3462 vocibus
3424 3404 3580 3473 plane

1997 3512 2376 3567 abhorrentem
2405 3509 2766 3577 amplectitur.
2795 3506 3059 3568 Alterum,
3095 3502 3235 3573 quod
3264 3513 3449 3554 revera
3480 3495 3579 3550 sibi

1998 3604 2199 3660 conscii
2230 3610 2413 3658 essent
2448 3616 2554 3655 non
2604 3614 2771 3669 pauca
2799 3612 2829 3651 a
2858 3612 2918 3651 se
2964 3596 3068 3650 dici
3114 3595 3271 3663 plane
3309 3589 3579 3645 contraria

2000 3707 2162 3753 recta:
2189 3695 2418 3758 rationi;
2446 3692 2625 3762 qualia
2657 3700 2809 3744 erant
2841 3700 2947 3743 tam
2979 3687 3142 3740 multa
3173 3699 3292 3753 quae
3318 3682 3383 3735 de
3415 3680 3581 3749 gratia

1999 3802 2055 3847 et
2077 3789 2568 3859 prmdestinatione,
2616 3786 2840 3852 aliisque
2881 3780 3218 3851 dogmatibus
3247 3778 3312 3830 iis
3338 3774 3581 3835 adnexis,

2001 3881 2151 3952 quasi
2201 3879 2377 3947 capita
2425 3877 2546 3931 fidei
2595 3873 2861 3930 credenda
2892 3873 2959 3925 ab
2985 3870 3281 3938 Augustino
3314 3875 3582 3935 propone-

2004 3974 2217 4026 bantur.
2253 3969 2491 4038 Denique
2548 3968 2592 4021 is
2648 3980 2827 4020 sermo
2880 3962 2976 4017 fuit
3017 3961 3244 4029 partium
3283 3958 3391 4025 jam
3441 3954 3583 4008 vires

2005 4079 2130 4120 suas
2156 4061 2523 4126 sentientium,
2550 4069 2603 4112 et
2630 4055 2969 4111 multitudine
2994 4068 3086 4106 sua
3109 4050 3400 4111 fretarum;
3426 4060 3585 4115 quam

2006 4171 2149 4225 saepe
2170 4156 2334 4224 jactat
2366 4152 2452 4205 hic
2484 4151 2831 4219 Augustinus,
2858 4153 3161 4214 contempta
3194 4138 3461 4210 paucitate
3490 4136 3586 4190 ali-

2008 4257 2090 4302 ter
2112 4246 2478 4300 sentientium.
2507 4240 2781 4310 Ejusmodi
2807 4247 3004 4309 partes,
3032 4252 3095 4290 ac
3117 4234 3322 4303 ingenia
3347 4230 3453 4299 pati
3481 4242 3585 4283 non

2008 4344 2233 4406 possunt
2261 4336 2361 4389 sibi
2390 4334 2604 4402 obloqui
2637 4330 2934 4399 pauciores,
2966 4326 3062 4381 sed
3096 4324 3283 4379 volunt
3320 4321 3475 4374 ﬁdem
3508 4319 3586 4371 lo-

2008 4430 2293 4499 quentibus
2323 4427 2575 4479 continuo
2604 4424 2807 4477 haberi.

2081 4521 2211 4589 Cap.
2245 4520 2330 4574 10.
2357 4519 2643 4586 Postquam
2676 4516 2858 4568 multis
2886 4513 3114 4583 probare
3142 4515 3365 4563 conatus
3394 4515 3477 4559 est
3502 4518 3588 4557 sa-

310 4613 463 4658 cetur
507 4620 609 4656 non
646 4605 712 4656 ad
758 4603 977 4656 litteram
1024 4608 1130 4656 esse
1173 4602 1473 4669 accipienda
1512 4602 1747 4670 quazdam
1793 4616 1891 4669 qua

2011 4588 2287 4669 cerdotem
2333 4609 2383 4664 ei
2420 4611 2521 4678 .qui
2564 4607 2875 4676 religionem
2916 4600 3273 4657 Christianam
3315 4595 3418 4649 sihi
3465 4608 3587 4661 pro-

311 4696 511 4765 scripta
547 4702 681 4758 sunt,
712 4694 799 4747 sed
840 4694 1053 4763 ﬁgurate
1080 4694 1430 4763 intelligenda.
1462 4692 1585 4747 Scio
1612 4692 1737 4761 quid
1768 4692 1902 4745 alle-

310 4786 592 4858 goriarum
646 4776 857 4854 patroni
905 4786 1113 4839 soleant
1160 4785 1370 4847 dicere,
1430 4784 1522 4837 sed
1573 4799 1635 4837 ea
1689 4783 1905 4838 demum

310 4880 611 4950 allegorice
655 4890 779 4933 sunt
832 4880 1176 4948 intelligenda
1207 4895 1325 4948 quae
1369 4879 1665 4933 manifesta:
1706 4880 1907 4948 allego-

314 4976 423 5030 riae
461 4974 690 5041 speciem
733 4989 843 5042 pra:
872 4988 931 5027 se
960 4973 1158 5038 ferunt,
1194 4981 1251 5026 ut
1279 4973 1456 5027 Eccle.
1482 4988 1576 5036 xu,
1609 4972 1643 5025 4
1673 4981 1727 5026 et
1756 4986 1905 5041 seqq.

315 5065 531 5121 Cetera
572 5065 751 5120 omnia
793 5064 1007 5133 pr0prie
1051 5063 1411 5133 intelligenda.
1465 5063 1568 5117 Sed
1612 5064 1709 5117 hac
1744 5064 1813 5118 de
1850 5078 1909 5117 re

317 5157 486 5211 alias.

399 5252 531 5321 Cap.
561 5252 615 5307 9.
657 5252 791 5307 Vera
815 5252 1016 5321 religio,
1042 5252 1140 5307 nisi
1171 5252 1443 5305 credantur
1471 5266 1529 5305 ea
1556 5265 1672 5320 qua:
1697 5251 1909 5320 quisque

319 5353 527 5415 postea,
558 5345 603 5398 si
630 5360 681 5397 se
712 5343 831 5397 bene
858 5346 1089 5412 gesserit,
1125 5344 1407 5413 dignusque
1435 5345 1586 5412 fuerit
1610 5352 1912 5411 assequatur

324 5447 483 5505 atque
511 5436 778 5505 percipiat,
822 5446 867 5489 et
896 5436 1103 5489 omnino
1134 5437 1243 5489 sine
1271 5435 1490 5503 quodam
1516 5438 1658 5504 gravi
1682 5435 1909 5488 auctori-

330 5531 455 5581 tatis
486 5530 724 5597 imperio,
753 5528 871 5582 iniri
900 5528 995 5581 rite
1029 5527 1173 5581 nullo
1202 5539 1349 5598 pacto
1384 5526 1590 5597 potest.]
1627 5528 1749 5581 Haec
1780 5542 1911 5580 con-

326 5633 413 5677 tra
446 5622 785 5683 Manichacus,
838 5622 925 5690 qui
974 5621 1295 5675 catholicam
1342 5621 1632 5675 Ecclesiam
1682 5621 1914 5674 maxime

333 5714 779 5778 criminabantur,
816 5712 954 5781 quod
981 5713 1085 5766 illis
1111 5714 1197 5781 qui
1228 5712 1293 5766 ad
1323 5726 1439 5766 eam
1465 5712 1755 5790 veniebant
1781 5727 1915 5779 prte-

334 5807 544 5877 ciperet
594 5816 649 5859 ut
692 5804 995 5870 crederent,
1044 5821 1162 5860 cum
1208 5804 1309 5874 ipsi
1357 5804 1538 5860 omnia
1583 5805 1790 5860 ratione
1819 5806 1915 5861 (ιε-

2012 4707 2127 4761 bari
2185 4702 2353 4772 cupit,
2396 4700 2619 4757 credere
2662 4706 2941 4767 oportere,
2988 4709 3108 4747 eum
3140 4690 3320 4744 animo
3348 4686 3589 4740 veritatis

2008 4798 2202 4866 cupido
2250 4798 2319 4847 ita
2366 4808 2425 4847 se
2461 4806 2680 4861 gerere;
2737 4789 2859 4842 hinc
2894 4786 3095 4854 colligit
3127 4783 3283 4836 talem
3318 4777 3585 4831 hominem

2010 4890 2244 4945 vicissim
2305 4885 2571 4940 sacerdoti
2627 4884 2693 4937 de
2738 4882 2998 4950 religione.
3051 4874 3249 4944 aliquid
3304 4868 3591 4922 aflirmauti

2012 4980 2238 5037 credere
2268 4986 2539 5047 oportere.
2574 4974 2640 5028 In
2671 4974 2913 5043 religione
2936 4985 3072 5032 vero,
3106 4966 3294 5036 inquit,
3343 4962 3465 5023 quid
3494 4961 3592 5011 ini-

2013 5076 2165 5145 quius
2182 5074 2292 5141 ﬁeri
2307 5081 2466 5140 potest
2490 5086 2638 5135 quam
2665 5078 2719 5120 ut
2760 5066 2854 5118 Dei
2875 5064 3123 5117 antistites
3146 5062 3287 5113 nobis
3302 5074 3399 5109 non
3420 5056 3593 5115 ﬁctum

2014 5170 2241 5221 animum
2276 5165 2632 5235 pollicentibus
2662 5161 2893 5225 credant,
2935 5174 3025 5209 nos
3070 5156 3140 5208 eis
3184 5148 3592 5223 prwcipientibus

2016 5262 2234 5313 nolimus
2261 5258 2496 5310 credere?
2521 5256 2680 5309 Miror
2703 5262 2807 5305 tam
2837 5254 3004 5305 levem
3031 5248 3290 5302 rationem
3316 5256 3420 5298 tam
3449 5240 3592 5293 mul-

2019 5354 2086 5405 tis
2137 5350 2385 5419 perscqui
2444 5347 2761 5400 sustinuisse
2824 5344 3092 5396 rhetorem
3147 5347 3408 5393 nostrum.
3457 5332 3590 5386 Nam

2020 5444 2245 5513 primum
2297 5440 2488 5495 similia
2521 5438 2738 5493 Judazus
2766 5452 2828 5490 ac
2858 5435 3103 5488 ethnicus
3134 5429 3383 5486 sacerdos
3415 5426 3593 5480 dicere

2022 5544 2308 5607 potuerunt
2334 5532 2650 5586 Christianis
2669 5574 2682 5597 ,
2714 5544 2833 5584 cum
2864 5536 3130 5598 potestate
3157 5540 3219 5579 ac
3250 5534 3474 5577 numero
3502 5534 3595 5573 su-

2023 5628 2261 5695 periores
2292 5636 2445 5679 erant
2473 5625 2640 5679 Judmi
2669 5640 2731 5677 ac
2761 5623 2958 5678 ethnici
2991 5622 3042 5675 in
3074 5622 3317 5674 Romano
3346 5612 3589 5682 imperio.

2025 5720 2203 5785 Quare
2233 5715 2591 5770 Christianum
2615 5730 2643 5767 a
2673 5716 2763 5767 tali
2788 5716 3137 5783 responsione
3168 5709 3349 5781 satius
3372 5704 3469 5757 fuit
3499 5700 3593 5753 ab-

2025 5814 2246 5867 stinere.
2282 5810 2557 5875 Secundo,
2596 5810 2715 5880 quis
2742 5809 2920 5864 docuit
2952 5806 3334 5877 Augustinum,
3376 5792 3589 5851 nonnisi
