3974 6356
540 284 626 340 5H
1148 267 1155 275 '
1414 282 1962 365 SUPPLEMENTUM
2003 283 2092 338 AD
2130 284 2360 340 UPERA
2403 285 2461 343 s.
2504 283 2893 343 AUGUSTINI.
3671 305 3748 365 διε

553 398 597 450 is
614 397 940 466 quistudiosi
962 398 1072 451 veri
1097 410 1216 452 esse
1231 396 1925 467 creduntur,explicandam
1945 396 2108 452 fuisse
2136 402 2183 459 Α
2215 400 2285 453 ita
2329 400 2492 455 hebes
2525 412 2628 466 est,
2672 411 2728 455 ut
2755 403 2821 456 ab
2849 401 3049 456 insanis
3086 417 3189 459 non
3227 406 3453 462 multum
3485 375 3648 470 dist‘et.
3676 420 3752 484 Qui

531 489 838 557 religionem
863 488 1250 543 Christianam?
1272 489 1351 541 An
1377 504 1482 542 non
1515 488 1746 557 indignis
1776 490 1952 542 omnia
1980 503 2108 554 pan-

530 578 663 631 dunt
705 580 837 632 sacri
873 578 1201 647 Scriptores,
1230 583 1318 649 qui
1352 580 1531 646 libris,
1564 580 1618 633 in
1648 581 1957 650 quarumvis
1990 594 2104 633 ma-

532 686 631 723 nus
678 671 1025 736 deventuris,
1083 671 1395 741 religionem
1441 671 1804 725 Christianam
1847 686 1998 741 usque
2044 686 2107 727 ac

528 767 826 832 Judaicam,
855 768 1119 837 complexi
1144 767 1305 821 sunt?
1342 768 1538 822 Fateor
1567 766 1856 831 interdum,
1906 766 2105 821 vitandi

530 857 748 926 periculi
772 873 951 925 causa,
987 859 1314 937 fugiendteve
1336 860 1537 914 inutilis
1557 859 1992 925 concertationis,
2019 874 2105 913 sa-

530 951 631 1003 tius
662 964 780 1004 esse
830 959 1007 1004 tacere
1060 965 1219 1020 quam
1278 951 1417 1019 apud
1458 950 1729 1021 improbos
1772 950 1823 1003 id
1860 950 2105 1019 proloqui

525 1041 663 1109 quod
692 1049 967 1110 spernant,
1000 1050 1090 1095 aut
1122 1028 1243 1097 cum
1278 1042 1641 1111 indignatione
1676 1041 1960 1109 excipiant.
1995 1040 2105 1096 Sed

524 1134 761 1202 exceptis
789 1135 1049 1201 ejusmodi
1076 1135 1515 1201 circumstantiis,
1560 1135 1719 1189 debet
1746 1134 1934 1204 religio
1964 1135 2105 1203 apud

524 1243 709 1283 omnes
749 1228 1146 1284 accuratissime
1192 1230 1431 1298 probari,
1460 1239 1513 1284 et
1552 1210 1850 1299 prmsertim
1883 1231 2103 1300 quidem

524 1318 691 1373 libris.
726 1319 974 1385 Quinimo
1028 1320 1106 1373 sic
1159 1334 1218 1373 se
1262 1320 1426 1389 gessit
1475 1321 1587 1387 ipse
1618 1320 1975 1390 Augustinus,
2024 1322 2104 1376 sic

525 1424 711 1463 omnes
740 1410 1023 1464 Christiani
1049 1411 1319 1465 doctores.
1347 1410 1550 1478 Tertio,
1587 1427 1745 1465 nemo
1777 1413 1945 1467 nescit
1989 1428 2104 1468 om-

524 1516 620 1556 nes
646 1502 815 1555 bonos
840 1517 959 1557 esse
990 1501 1296 1566 habendos,
1332 1502 1457 1557 dum
1490 1504 1661 1558 malos
1692 1519 1811 1559 esse
1840 1521 1943 1558 non
1976 1520 2105 1559 con-

523 1600 649 1646 stat.
678 1592 807 1658 Quis
856 1600 1032 1646 autem
1088 1592 1322 1645 animum
1370 1593 1513 1646 novit
1556 1593 1673 1662 ejus
1707 1595 1798 1662 qui
1832 1596 1962 1663 petit
2002 1596 2104 1650 sibi

523 1683 774 1752 explicari
802 1683 1130 1751 religionem,
1168 1683 1269 1736 nisi
1312 1684 1542 1736 hominis
1574 1700 1753 1739 mores
1790 1701 1912 1739 eum
1946 1696 2101 1740 antea

2214 490 2370 545 fidem
2411 491 2593 546 habuit
2624 494 2717 546 tibi
2755 495 2870 547 sine
2909 497 3117 550 ratione
3137 538 3151 562 ,
3195 497 3339 551 idem
3370 501 3525 556 etiam
3553 506 3655 563 sine
3687 529 3752 568 ra.

2213 586 2356 640 tione
2377 600 2497 638 cum
2520 585 2811 651 videbitur,
2837 589 2928 641 tibi
2956 588 3111 643 fidem
3134 590 3420 659 detrahet;
3448 603 3754 661 assentietur-

2210 692 2312 746 que
2331 669 2662 745 teque'facile
2683 680 2915 743 Arianis,
2936 680 2980 734 si
3003 696 3180 736 rerum
3200 684 3492 752 potiantur,
3507 696 3751 767 autetiam,

2206 768 2349 836 quod
2379 768 2619 823 deterius
2646 780 2746 836 est,
2780 771 3282 840 Mubammedanis;
3324 778 3465 845 quod
3503 796 3671 839 revera
3697 790 3755 846 fe.

2208 870 2396 917 cerunt
2424 862 2558 928 Afri,
2589 872 2709 932 post
2737 865 3020 934 Augustini
3052 876 3319 936 tempora.
3351 868 3597 941 Quisquis
3621 882 3754 938 credit

2207 970 2330 1011 esse
2365 956 2598 1026 aliquam
2639 957 2952 1026 religionem
2982 974 3165 1014 veram
3187 1001 3203 1027 ,
3233 963 3533 1032 quaeritque
3560 968 3640 1023 ubi
3664 987 3755 1029 eam

2208 1049 2448 1105 invenire
2477 1051 2669 1119 possit,
2701 1065 2810 1105 non
2837 1061 2920 1105 est
2948 1060 3056 1106 tam
3091 1050 3290 1120 fatuus,
3320 1063 3380 1108 ut
3408 1056 3602 1112 nullam
3628 1064 3758 1120 ratio-

2210 1157 2331 1197 nem
2361 1142 2462 1197 sibi
2496 1142 2612 1198 dari
2640 1144 2893 1213 postulet.

2278 1233 2408 1287 lbiil.
2455 1233 2481 1304 §
2520 1233 2609 1288 21.
2640 1233 2777 1299 Quid
2816 1236 2955 1305 quod
2998 1251 3167 1290 omnes
3202 1238 3435 1292 haeretici
3474 1238 3659 1296 Christo
3689 1262 3760 1302 nos

2208 1326 2411 1380 credere
2441 1324 2904 1397 hortantur?etc.]
2938 1326 3135 1382 Verum
3164 1337 3269 1392 est,
3305 1329 3403 1383 sed
3431 1326 3594 1386 fuitne
3623 1335 3759 1391 haere-

2208 1418 2343 1472 ticus
2376 1429 2480 1471 tam
2510 1418 2792 1487 impudens
2813 1425 2905 1471 aut
2934 1427 3039 1471 tam
3067 1418 3291 1485 bardus,
3312 1421 3403 1489 qui
3428 1423 3594 1476 nullas
3612 1426 3758 1487 firmas

2209 1509 2442 1563 rationes
2471 1522 2592 1564 esse
2630 1508 2848 1563 Christo
2878 1509 3131 1564 credendi
3171 1510 3417 1565 diceret?
3445 1513 3556 1567 Non
3583 1518 3754 1586 Opinor.

2208 1602 2399 1657 Fuitne
2420 1603 2577 1657 etiam
2600 1603 2853 1657 sacerdos
2874 1611 2981 1657 tam
3003 1603 3223 1672 ignarus
3246 1614 3344 1659 aut
3366 1615 3474 1660 tam
3501 1608 3671 1676 hebes,
3689 1615 3755 1682 qui

2210 1694 2414 1763 aliquas
2445 1708 2630 1748 earum
2672 1694 2937 1749 rationum
2969 1694 3215 1763 proferre
3242 1712 3353 1751 non
3375 1702 3632 1767 potuerit?
3654 1704 3755 1759 Pro-

522 1775 862 1843 aperuerint?
913 1774 1019 1831 Sed
1070 1775 1227 1844 plane
1271 1775 1373 1828 alia
1404 1785 1485 1831 est
1522 1779 1659 1831 ratio
1688 1778 1978 1841 doctrin-'13.
2010 1779 2097 1832 cui
2127 1779 2174 1839 B
2203 1784 2343 1838 fecto
2370 1784 2414 1838 si
2446 1785 2566 1852 fuit,
2594 1785 2845 1855 indignus
2871 1785 2971 1840 fuit
3003 1787 3331 1842 sacerdotali
3358 1790 3566 1856 ordine;
3598 1804 3645 1847 et
3671 1811 3757 1862 per-

521 1865 765 1918 assentiri
800 1879 955 1919 nemo
984 1864 1144 1919 debet
1164 1873 1450 1933 antequam
1482 1880 1599 1919 eam
1624 1880 1805 1920 veram
1829 1882 1948 1922 esse
1974 1883 2103 1922 con-

520 1966 643 2012 stet.
682 1959 947 2013 Damnare
980 1973 1096 2013 eam
1141 1974 1247 2013 non
1276 1958 1471 2025 debet,
1522 1960 1816 2015 rationibus
1865 1961 2100 2015 nondum

520 2049 734 2115 auditis,
765 2049 858 2104 sed
889 2049 1138 2118 amplecti
1172 2049 1316 2104 nulla
1347 2050 1466 2119 lege
1498 2049 1739 2118 jubetur.
1774 2050 1975 2117 Quarto
2003 2050 2101 2106 de-

520 2143 701 2212 nique,
745 2144 952 2212 jubenti
996 2160 1082 2199 me
1130 2160 1227 2214 pro
1280 2145 1503 2215 imperio
1554 2146 1779 2201 credere
1830 2147 2100 2216 quidpiam

520 2234 661 2303 quod
686 2235 735 2288 ei
766 2248 954 2290 natura
992 2252 1084 2289 sua
1119 2237 1296 2292 notius
1326 2252 1433 2291 non
1472 2246 1554 2291 est
1583 2254 1740 2307 quam
1772 2240 1922 2304 mihi,
1956 2239 2102 2294 nulla

522 2331 730 2384 ratione
754 2329 917 2398 edita,
946 2331 1159 2385 nonnisi
1186 2332 1347 2386 stulte
1378 2333 1597 2388 credere
1627 2349 1873 2403 possum;
1908 2344 1961 2390 at
1986 2336 2103 2389 aui-

521 2434 640 2473 mus
662 2420 1078 2492 uniuscujusque
1104 2430 1188 2476 est
1209 2422 1308 2492 ipsi
1341 2423 1671 2479 notissimus.
1692 2425 1797 2480 Sed
1818 2426 1945 2495 quid
1969 2440 2102 2495 opus

521 2518 607 2564 est
651 2509 867 2564 verbis?
904 2511 959 2564 Si
1007 2512 1333 2581 Augustinus
1376 2513 1598 2569 vixisset
1644 2514 1784 2583 apud
1826 2515 2097 2585 ethnicos,

527 2602 714 2671 quales
741 2611 895 2657 erant
924 2601 1214 2658 etiamnum
1248 2604 1424 2659 Persae
1454 2606 1648 2675 aliique
1673 2606 1974 2663 Orientales
2002 2623 2100 2677 po-

521 2694 629 2764 puli
645 2694 762 2763 ejus
784 2703 1044 2763 tempore,
1060 2694 1385 2767 adiissetque
1406 2698 1741 2753 sacerdotem
1758 2708 1851 2753 aut
1865 2714 2077 2769 magum

522 2796 575 2841 et
606 2786 673 2839 ab
704 2786 795 2841 illo
832 2788 1130 2856 qutesiisset
1174 2789 1411 2843 rationes
1441 2791 1512 2845 ob
1540 2806 1673 2860 quas
1714 2793 1889 2862 ignem
1921 2793 2103 2849 Persas

521 2880 791 2948 colebant,
817 2880 883 2935 iis
910 2881 1125 2937 demum
1154 2882 1457 2938 crediturus
1485 2894 1767 2955 postquam
1803 2886 1981 2940 firmas
2010 2886 2105 2941 de-

521 2973 927 3044 prehendisset;
977 2975 1232 3029 sacerdos
1270 2990 1400 3031 vero
1439 2975 1528 3031 ille
1558 2976 1750 3031 similia
1784 2977 2012 3034 dixisset
2037 2980 2104 3037 de

518 3066 749 3122 utilitate
779 3067 1031 3122 credendi
1060 3083 1178 3138 qua:
1220 3067 1308 3122 hic
1340 3078 1522 3123 narrat
1555 3070 1885 3135 Maniclueo;
1917 3074 2101 3143 Augu-

518 3160 696 3214 stinus
721 3160 839 3216 sine
870 3160 1032 3216 dubio
1059 3161 1453 3218 intolerandam
1475 3178 1596 3219 esse
1624 3166 1961 3237 tyrannidem
1985 3182 2102 3223 seu-

517 3252 698 3315 sisset,
731 3259 787 3307 et
814 3251 1038 3308 dixisset
1082 3253 1127 3308 si
1158 3269 1321 3309 ausus
1371 3266 1533 3311 esset.
1563 3255 1642 3312 Ne
1669 3271 1797 3326 ergo
1831 3256 1969 3312 bona
2012 3274 2101 3313 ra-

518 3345 794 3401 tiocinatio
822 3347 1083 3402 habeatur
1114 3348 1167 3402 in
1200 3348 1380 3404 Africa
1408 3348 1713 3404 Christiana
1732 3390 1747 3418 ,
1796 3366 1916 3421 quae
1944 3366 2103 3421 para-

517 3438 773 3507 logismus
806 3439 999 3495 fuisset
1022 3440 1088 3496 ad
1118 3449 1296 3496 ortum
1329 3442 1637 3510 Euphratis.

586 3533 717 3603 Cap.
758 3532 842 3588 12.
887 3532 1073 3598 ραωνο
1101 3535 1274 3605 igitur,
1307 3535 1352 3588 si
1372 3536 1510 3605 quod
1542 3540 1761 3589 nescitur
1790 3536 2099 3591 credendum

517 3642 621 3679 non
651 3635 747 3690 est,
770 3625 1022 3696 quomodo
1050 3627 1268 3681 serviant
1289 3627 1581 3697 parentibus
1599 3628 1765 3693 liberi,
1789 3645 1970 3699 eosque
1992 3646 2103 3683 mu-

518 3726 605 3770 tua
628 3717 813 3787 pietate
832 3716 1065 3787 diligant,
1083 3733 1211 3788 quos
1238 3727 1471 3786 parentes
1492 3735 1608 3773 suos
1625 3735 1730 3773 esse
1749 3735 1851 3772 non
1871 3722 2104 3777 credant.

520 3808 641 3862 Non
673 3808 805 3861 enim
830 3809 1029 3862 ratione
1049 3809 1156 3862 ullo
1180 3820 1329 3879 pacto
1350 3810 1468 3862 sciri
1490 3819 1674 3881 potest,
1692 3811 1781 3863 sed
1806 3813 2105 3881 interposita

522 3899 703 3951 matris
722 3899 1026 3952 auctoritate
1046 3898 1109 3953 de
1130 3907 1275 3969 patre
1302 3900 1547 3965 creditur,
1573 3900 1635 3954 de
1664 3900 1776 3971 ipsa
1796 3888 1929 3955 vero’
1932 3894 2106 3955 matre

518 3992 817 4063 plerumque
844 4008 936 4046 nec
965 3993 1139 4056 matri,
1170 3994 1259 4048 sed
1287 3993 1656 4059 obstetricibus,
1696 3994 1994 4060 nutricibus,
2025 3997 2107 4064 fa—

520 4084 690 4147 mulis,
724 4083 852 4154 etc.]
882 4082 1087 4161 Verum
1123 4084 1237 4139 hinc
1282 4095 1407 4139 sunt
1444 4085 1603 4154 plane
1638 4086 1940 4152 dissimilia,
1983 4103 2105 4140 nam

520 4186 769 4244 parentes
792 4177 951 4231 etalii
972 4178 1110 4231 scire
1136 4187 1453 4246 possunt,et
1482 4194 1667 4233 revera
1696 4180 1871 4233 sciunt
1890 4180 2105 4248 quinam

520 4270 626 4324 sint
654 4270 733 4322 s‘ui
767 4278 821 4323 et
847 4279 1114 4323 certorum
1160 4269 1435 4324 hominum
1470 4271 1661 4337 liberi;
1695 4286 1795 4326 nec
1827 4270 1932 4325 ulla
1964 4272 2107 4325 utili-

522 4369 629 4413 tate
667 4360 963 4428 ducuntur,
1008 4360 1199 4423 saltem
1231 4362 1567 4432 plerumque,
1611 4362 1677 4417 ad
1722 4363 2106 4432 supponendos

519 4453 619 4507 sibi
658 4452 864 4507 alienos
901 4453 1118 4508 liberos.
1155 4453 1262 4509 Sed
1308 4454 1616 4509 sacerdotes
1658 4456 1745 4524 qui
1777 4455 1962 4510 volunt
2003 4455 2107 4509 sibi

520 4544 665 4598 credi
697 4544 762 4599 de
786 4544 1061 4614 religione,
1095 4547 1211 4613 ejus
1240 4547 1479 4601 veritatis
1510 4563 1615 4601 non
1640 4558 1764 4609 sunt
1791 4550 1959 4617 magis
1979 4563 2105 4602 con-

521 4637 615 4691 scii
644 4652 801 4705 quam
832 4638 922 4692 alii
948 4638 1213 4705 homines,
1237 4640 1279 4691 si
1304 4639 1601 4693 rationibus
1623 4641 1727 4694 sint
1750 4640 2019 4705 destituti;
2046 4649 2102 4694 et

520 4730 856 4798 plerumque.
899 4744 1006 4784 non
1036 4732 1151 4785 sine
1177 4745 1366 4800 magna
1395 4732 1621 4787 utilitate
1648 4747 1764 4799 sua,
1798 4747 1954 4787 suum
1981 4747 2103 4802 gre-

520 4839 637 4891 gem
668 4822 949 4891 augebant.

590 4914 723 4982 Cap.
756 4913 845 4969 14.
880 4913 941 4967 Si
964 4914 1092 4967 nihil
1114 4930 1193 4966 me
1218 4914 1420 4967 credere
1430 4915 1577 4985 jubet
1601 4915 2098 4985 (haereticus),hanc

520 5009 680 5077 ipsam
711 5023 879 5061 veram
909 5008 1213 5079 religionem
1242 5006 1401 5060 ullam
1445 5009 1498 5060 in
1536 5010 1683 5061 rebus
1719 5007 1953 5061 humanis
1989 5026 2096 5063 esse

520 5116 621 5151 non
652 5099 837 5162 credo;
866 5114 1019 5168 quam
1050 5098 1166 5151 c'um
1194 5114 1299 5152 esse
1332 5115 1433 5151 non
1462 5100 1634 5163 credo,
1672 5115 1775 5153 non
1803 5116 1996 5167 quwro.
2030 5100 2098 5153 At

520 5191 625 5252 ille,
670 5198 722 5242 ut
765 5191 972 5257 apinor,
1017 5190 1261 5258 quwrenti
1310 5200 1677 5245 monstraturus
1711 5200 1782 5243 est
1807 5227 1820 5242 .
1841 5231 1853 5244 .
1872 5228 1888 5244 .
1907 5232 1919 5244 .
1941 5231 1953 5244 .
1974 5231 1986 5243 .
2016 5192 2096 5244 Ad

520 5301 632 5337 eum
664 5284 822 5352 igitur
850 5284 935 5352 qui
964 5299 1044 5337 me
1069 5291 1200 5336 vetat
1229 5284 1427 5338 credere
1457 5301 1560 5338 non
1592 5284 1835 5350 venirem,
1868 5284 1967 5337 nisi
1994 5285 2096 5337 ali-

519 5375 643 5443 quid
666 5373 943 5428 crederem.
974 5373 1136 5427 Estne
1156 5376 1264 5429 ulla
1286 5380 1457 5447 major
1494 5374 1766 5441 dementia,
1794 5392 1945 5444 quam
1970 5385 2024 5427 ut
2054 5376 2098 5428 ei

521 5466 654 5532 sola,
699 5483 815 5535 qua:
859 5467 1005 5520 nulla
1036 5469 1244 5522 scientia
1284 5469 1504 5522 subnixa
1534 5477 1626 5530 est,
1654 5468 1757 5536 ﬁde
1785 5466 2102 5536 displiceam,

521 5575 635 5629 qua:
664 5559 729 5611 ad
752 5559 917 5629 ipsum
948 5576 1025 5613 me
1045 5561 1155 5614 sola
1177 5561 1413 5629 perduxit
1426 5559 1468 5630 Ρ]
1497 5560 1601 5615 Sed
1622 5560 1714 5629 qui
1736 5559 1907 5614 credit
1927 5574 2106 5614 veram

522 5651 754 5718 aliquam
774 5665 906 5734 esse
939 5653 1271 5722 religionem,
1299 5668 1397 5707 seu
1429 5652 1595 5706 Deum
1628 5653 1732 5707 coli
1763 5652 1900 5706 velle
1924 5653 1992 5706 ab
2014 5652 2108 5704 ho-

524 5746 773 5813 minibus,
816 5745 931 5804 sine
971 5745 1079 5802 ulla
1106 5748 1326 5805 omnino
1366 5745 1613 5813 ratione;
1645 5756 1737 5804 aut
1768 5747 1984 5811 insanit,
2019 5756 2109 5802 aut

2207 1893 2392 1947 peram
2435 1878 2489 1931 in
2529 1893 2651 1932 eum
2688 1888 2805 1934 erat
2847 1888 3151 1948 cooptatus.
3191 1880 3367 1935 Nemo
3407 1892 3492 1937 est
3534 1887 3614 1953 qui
3654 1890 3756 1947 nolit

2205 1969 2428 2024 credere
2462 1969 2514 2023 id
2545 1970 2690 2039 quod
2722 1984 2828 2024 non
2852 1970 3003 2037 vidit,
3035 1972 3081 2025 si
3105 1972 3265 2027 modo
3287 1973 3337 2027 ei
3363 1985 3570 2030 constet
3588 1992 3668 2032 eos
3689 1983 3756 2049 qui

2205 2065 2346 2133 quod
2378 2078 2485 2118 non
2514 2063 2648 2118 vidit
2673 2064 2868 2119 docent
2896 2065 3135 2134 potuisse
3162 2081 3279 2121 rem
3312 2067 3532 2133 rescire,
3560 2084 3649 2124 nec
3684 2072 3754 2125 fal-

2206 2155 2318 2210 lere
2350 2155 2584 2210 voluisse
2606 2198 2620 2223 ,
2653 2164 2745 2209 aut
2772 2154 2920 2225 ipsos
2948 2155 3204 2225 deceptos
3234 2156 3436 2223 fuisse;
3470 2160 3604 2229 quod
3639 2162 3755 2232 liqui-

2206 2246 2331 2301 dum
2361 2246 2515 2301 nobis
2557 2248 2617 2300 lit
2644 2246 2712 2301 de
2738 2245 2956 2301 Christo
2986 2255 3041 2303 et
3070 2248 3359 2317 apostolis,
3394 2258 3448 2304 et
3474 2259 3645 2307 natura
3668 2255 3753 2323 ipsa

2206 2355 2387 2396 rerum
2417 2355 2549 2411 quas
2576 2340 2899 2405 docuerunt,
2932 2350 2985 2395 et
3020 2341 3300 2397 miraculis
3332 2345 3642 2413 prmsertim.
3674 2346 3755 2401 Sed

2205 2432 2296 2503 qui
2337 2433 2442 2486 scis
2468 2473 2483 2496 ,
2525 2432 2756 2500 inquies,
2802 2431 2938 2486 facta
2964 2433 3126 2486 fuisse
3158 2433 3284 2486 talia
3318 2433 3592 2501 miracula,
3622 2450 3755 2505 eaque

2206 2525 2495 2594 contigisse
2537 2539 2655 2593 qua:
2701 2534 2983 2579 narrantur
3027 2524 3082 2577 in
3127 2525 3499 2594 apostolorum
3548 2526 3754 2595 scriptis?

2206 2616 2319 2671 Hoc
2340 2615 2472 2684 scio,
2490 2625 2646 2685 prout
2669 2615 2793 2670 novi
2822 2615 3060 2685 reliquos
3080 2629 3272 2670 omnes
3296 2615 3544 2670 Historiae
3564 2618 3752 2684 antique

2207 2716 2430 2762 eventus
2476 2706 2826 2772 indubitatos,
2874 2706 2983 2760 imo
3026 2715 3082 2761 et
3124 2706 3458 2761 firmioribus
3504 2708 3751 2762 rationibus

2208 2776 2399 2863 nixus’;
2444 2814 2549 2854 non
2580 2800 2703 2867 quia
2734 2797 2900 2852 credo
2934 2799 3236 2855 auctoritati
3274 2799 3591 2869 (fujuSpiam,
3619 2814 3644 2853 a
3676 2814 3750 2870 quo

2208 2903 2274 2943 au
2306 2888 2460 2943 fallar
2488 2903 2657 2943 necne
2688 2889 2892 2943 nescio.
3575 2931 3578 2936 .

2280 2981 2413 3036 Ibid.
2445 2980 2471 3051 §
2498 2981 2587 3035 5‘2.
2629 2982 2692 3034 At
2720 2982 2891 3051 ipsum
2921 2980 3242 3053 (Christum)
3269 2984 3522 3052 videmus,
3544 2996 3748 3054 quantum

2211 3071 2329 3139 illa,
2354 3073 2435 3125 cui
2461 3082 2507 3125 et
2534 3073 2634 3141 ipsi
2658 3073 2953 3145 (eretici)
2985 3075 3219 3140 credunt,
3247 3074 3394 3128 docet
3420 3075 3637 3139 historia,
3654 3076 3749 3128 nihil

2209 3166 2374 3234 prius,
2400 3180 2559 3234 neque
2588 3167 2797 3235 fortius,
2827 3181 2984 3233 quant
3010 3166 3149 3219 credi
3170 3166 3267 3218 sibi
3296 3166 3545 3229 voluisse;
3575 3182 3673 3219 cum
3690 3166 3750 3218 illi

2206 3257 2435 3310 nondum
2462 3266 2624 3310 essent
2663 3255 2858 3318 idonei,
2890 3272 3007 3309 cum
3042 3256 3225 3326 quibus
3254 3256 3305 3309 ei
3338 3272 3416 3309 res
3442 3265 3584 3321 esset,
3609 3255 3667 3307 ad
3689 3255 3751 3307 di-

2205 3348 2323 3400 vina
2352 3346 2677 3418 percipienda
2708 3344 2949 3418 secreta.]
2968 3344 3215 3401 Christus
3232 3346 3372 3414 apud
3395 3346 3599 3402 Iudaeos
3619 3346 3751 3398 Evan-

2204 3438 2399 3509 gelium
2447 3439 2729 3505 nuntiavit,
2778 3452 2937 3492 nemo
2977 3445 3155 3493 autem
3197 3436 3509 3492 Iudaeorum
3549 3447 3651 3491 erat
3683 3435 3749 3504 qui

2205 3547 2312 3586 non
2344 3531 2497 3585 facile
2521 3532 2979 3585 animadverteret
3006 3531 3075 3586 ab
3095 3545 3161 3585 eo
3188 3531 3412 3585 minime
3436 3529 3749 3585 idololatriam

2206 3626 2419 3680 suaderi
2455 3633 2510 3679 et
2538 3624 2752 3693 egregia
2782 3624 2849 3677 ad
2876 3638 3055 3678 mores
3082 3635 3349 3694 praecepta
3372 3622 3521 3687 dari;
3550 3622 3747 3693 quamvis

2207 3730 2314 3770 non
2356 3716 2720 3783 intelligerent
2765 3728 3097 3785 quaecunque
3146 3714 3382 3770 dicebat.
3426 3713 3587 3768 Nemo
3622 3713 3747 3767 etiam

2207 3808 2417 3863 illorum
2459 3807 2557 3860 fuit
2599 3806 2690 3876 qui
2729 3822 2834 3861 non
2879 3807 3035 3861 facile
3079 3806 3289 3861 videret
3333 3806 3577 3861 miracula
3613 3803 3669 3858 ab
3700 3817 3745 3856 eo

2209 3899 2347 3964 fieri,
2393 3906 2521 3964 quot
2552 3907 2605 3950 et
2635 3897 2811 3965 qualia
2848 3897 2918 3951 ah
2946 3898 3182 3966 antiquis
3216 3888 3493 3966 praphetis
3521 3895 3643 3950 facta
3668 3907 3745 3946 non

2209 3988 2442 4042 fuerant.
2489 3987 2616 4042 Duce
2646 3988 2727 4042 ha:
2756 3988 2886 4042 satis
2928 4002 3119 4057 graves
3159 3987 3380 4043 fuerunt
3419 3985 3651 4041 credendi
3685 3999 3744 4037 ra-

2210 4080 2402 4145 tiones,
2462 4095 2565 4134 nec
2614 4089 2790 4149 potest
2839 4079 3106 4145 Christus,
3155 4096 3275 4134 cum
3326 4081 3461 4133 bona
3509 4073 3745 4146 Augustini

2209 4173 2385 4235 venia,
2429 4186 2549 4226 cum
2595 4173 2660 4225 iis
2698 4171 2930 4226 conferri
2971 4172 3063 4240 qui
3104 4172 3221 4226 sine
3259 4173 3470 4226 ratione
3504 4170 3595 4224 sibi
3633 4164 3743 4221 credi

2209 4265 2413 4317 volunt.
2469 4263 2623 4331 Apud
2669 4263 2927 4318 Joannem
2982 4264 3181 4332 passim
3229 4264 3460 4318 inculcat
3495 4258 3742 4315 doctrinam

2211 4371 2363 4411 suam
2395 4370 2513 4410 esse
2549 4370 2578 4409 a
2619 4357 2775 4410 Patre
2803 4370 2903 4410 suo
2948 4367 3253 4424 acceptam;
3294 4356 3388 4411 sed
3417 4354 3513 4410 sibi
3540 4367 3633 4406 non
3658 4348 3743 4402 vult

2213 4450 2379 4513 credi,
2409 4450 2509 4503 nisi
2538 4450 2812 4504 miraculis
2835 4449 2990 4504 dictis
3010 4451 3121 4503 suis
3146 4450 3305 4504 fidem
3337 4447 3621 4503 faciat.|mo
3643 4454 3741 4495 vero

2213 4547 2291 4600 sic
2328 4544 2467 4613 apud
2506 4543 2795 4613 discipulos
2832 4543 3066 4613 loquitur
3106 4558 3224 4613 cap.
3272 4559 3363 4606 xv,
3404 4543 3470 4595 ‘34
3499 4559 3509 4592 :
3543 4538 3597 4592 Si
3620 4548 3741 4603 opera

2209 4655 2310 4692 non
2339 4636 2567 4706 fecissem
2591 4638 2642 4689 in
2668 4638 2758 4702 eis,
2782 4651 2895 4705 qua:
2922 4650 3067 4688 nemo
3088 4634 3220 4687 alius
3246 4634 3386 4703 fecit,
3411 4638 3642 4701 peccatum
3664 4638 3740 4675 non

2210 4731 2472 4785 haberent.
2520 4728 2685 4798 Igitur
2709 4728 2954 4783 Christus
2984 4728 3204 4782 minime
3234 4725 3512 4797 postulavit
3535 4721 3623 4777 sibi
3650 4717 3738 4772 sine

2206 4822 2416 4876 ratione
2443 4819 2617 4885 credi;
2643 4833 2742 4873 nec
2774 4819 2840 4873 ab
2866 4819 2929 4872 iis
2972 4832 3108 4887 quos
3133 4818 3361 4885 curavit,
3390 4826 3442 4869 ut
3470 4816 3738 4868 sanarentur

2206 4916 2271 4969 ad
2302 4930 2360 4970 se
2387 4914 2615 4979 delatos,
2644 4913 2800 4967 ﬁdem
2826 4914 3025 4982 exegit,
3056 4912 3159 4966 nisi
3187 4922 3461 4981 postquam
3488 4909 3585 4975 jAm
3606 4900 3734 4955 multa

2205 5009 2448 5063 ediderat
2476 5008 2751 5061 miracula.
2784 5004 3000 5068 Verum,
3040 5019 3107 5059 ne
3134 5003 3262 5073 quid
3304 4998 3630 5057 dissimulem,
3659 4991 3734 5041 hoc

2205 5103 2377 5155 sensit
2404 5098 2778 5168 Augustinus,
2830 5107 2888 5151 ut
2932 5096 3222 5151 ostendunt
3267 5090 3533 5165 sequentia
3570 5082 3730 5178 verba:

2213 5194 2351 5259 Quid
2370 5192 2504 5246 enint
2531 5191 2677 5243 aliud
2718 5198 2899 5260 agunt,
2931 5189 3122 5258 inquit,
3147 5196 3291 5242 tanta
3318 5197 3362 5240 et
3386 5197 3481 5238 tam
3506 5176 3641 5233 multa
3658 5176 3731 5221 nti-

2208 5286 2411 5351 racula,
2441 5286 2550 5354 ipso
2583 5284 2734 5337 etiam
2763 5283 2959 5336 dicente
2983 5299 3041 5335 ea
3064 5298 3164 5335 non
3194 5282 3306 5351 ﬁeri
3333 5281 3391 5334 ob
3425 5272 3571 5336 aliud,
3595 5264 3676 5320 nisi
3692 5267 3731 5354 td

2213 5380 2309 5434 sibi
2333 5378 2632 5432 crederent?
2661 5375 2803 5430 Nihil
2833 5376 3032 5440 verius,
3081 5374 3175 5429 sed
3206 5384 3357 5428 erant
3388 5370 3494 5438 ipsa
3519 5353 3727 5417 mitticula

2211 5470 2528 5539 gravissima
2562 5469 2720 5533 ratio,
2746 5483 2840 5522 cur
2867 5476 2982 5521 tuto
3012 5467 3060 5521 ei
3090 5467 3393 5529 crederent,
3415 5469 3463 5514 et
3480 5452 3727 5539 credere-Sc

2212 5538 2767 5631 posse'intelligerent.
2786 5558 3025 5615 Sciebant
3046 5558 3188 5613 enim
3207 5558 3327 5626 quia
3345 5557 3600 5625 peccatores
3618 5538 3723 5640 ll.th

2217 5629 2316 5706 non
2369 5654 2514 5706 audit
2566 5652 2652 5722 (ad
2707 5652 2911 5706 edenda
2965 5650 3216 5705 miracula
3267 5648 3452 5720 quibus
3502 5629 3722 5693 fraudibus

2225 5748 2335 5802 suis
2384 5746 2539 5801 tidem
2580 5744 2829 5812 faciant);
2862 5744 2949 5798 sed
2972 5745 3014 5798 si
3042 5745 3155 5811 quis
3188 5743 3282 5797 Dei
3313 5741 3466 5796 cultor
3485 5739 3567 5795 est,
3593 5731 3630 5779 et
3654 5732 3719 5771 00‘
