3974 6356
323 342 412 396 513

967 342 1315 401 VARIORUM
1354 344 1885 401 EXERCITATIONI

1993 348 2053 401 IN
2093 348 2149 402 s.
2191 349 2558 406 AUGUSTINI
2601 330 2852 407 optans.

3444 350 3552 405 514

319 456 537 510 luntatem
560 460 671 529 ejus
700 460 845 529 facit,
871 459 1007 515 hunc
1030 463 1260 517 exaudit.
1294 464 1448 518 Joan.
1470 480 1543 528 tx,
1568 465 1657 519 31.
1684 464 1870 533 Itaque
1898 466 1947 527 Α
1976 482 2151 519 carum
2176 464 2542 523 Ecclesiarum.
2566 469 2731 523 Paulo
2756 479 2902 539 post:
2937 465 2987 520 Η
2994 468 3074 520 inc
3099 467 3254 538 igitur
3282 466 3552 537 dirigimus

320 566 413 604 non
432 551 592 619 potuit
618 552 942 622 Augustinus
963 557 1212 625 exemplo
1236 556 1437 613 Christi
1465 558 1565 624 uti,
1600 566 1655 611 ut
1686 558 1880 627 proba-

320 653 395 698 ret
419 644 704 700 Ecclesiam
734 647 1055 703 catholicam
1079 648 1200 719 jure
1228 651 1330 705 sibi
1360 650 1478 704 sine
1501 650 1705 704 ratione
1728 650 1876 705 credi

318 735 581 803 postulare.
610 735 749 807 Ergo
764 737 851 793 ille
872 737 1091 805 alferens
1111 740 1439 807 medicinam,
1464 756 1576 810 qua:
1597 742 1880 810 corruptis-

317 825 452 878 simos
475 843 634 880 mores
658 837 903 883 sanatura
929 839 1079 896 esset,
1111 831 1376 884 miraculis
1406 830 1690 884 conciliavit
1730 830 1881 901 (sibi)

316 918 661 981 auctoritatem,
685 921 990 973 auctoritate
1014 922 1199 974 meruit
1222 921 1402 989 fidem.
1420 921 1549 987 Quae
1572 906 1733 975 verba
1758 920 1893 974 sunt“

316 1010 603 1077 Augustini,
639 1009 832 1078 quibus
864 1011 1021 1079 plane
1048 1011 1408 1076 assentimur;
1436 1021 1491 1065 at
1518 1025 1621 1064 non
1652 1025 1885 1079 sequen-

315 1100 437 1153 tibus
459 1118 471 1152 :
496 1100 598 1167 fide
627 1102 878 1154 contraxit
897 1102 1302 1167 multitudinem,
1322 1101 1647 1155 multitudine
1667 1100 1883 1153 obtinuit

314 1202 612 1256 uetustatem,
656 1202 904 1247 vetustate
958 1193 1214 1247 roborarit
1263 1194 1576 1263 religionem.
1630 1191 1885 1259 Quamvis

311 1286 437 1337 enim
473 1285 575 1338 lide
619 1284 722 1340 sibi
772 1285 911 1340 facta
952 1286 1097 1355 apud
1142 1285 1555 1349 multitudinem,
1588 1284 1882 1338 Ecclesiam

312 1392 445 1429 suam
485 1376 806 1443 condiderit,
836 1388 997 1447 atque
1027 1378 1303 1433 conditam
1352 1377 1598 1441 auxerit;
1644 1385 1882 1429 attamen

317 1485 369 1523 co
413 1485 513 1523 non
560 1471 828 1539 spectavit
858 1481 914 1524 ut
955 1470 1239 1538 aliquando
1271 1469 1590 1539 religionem
1617 1474 1883 1522 vetustate

316 1563 601 1627 roboraret,
627 1562 780 1632 quasi
806 1571 1044 1617 vetustas
1073 1571 1444 1632 argumentum
1469 1561 1789 1630 quandoque
1811 1560 1886 1613 l‘u-

313 1664 473 1708 turum
504 1667 647 1709 esset
669 1656 928 1708 veritatis.
968 1653 1081 1708 Non
1123 1654 1447 1708 assentimur
1470 1653 1534 1706 iis
1564 1651 1656 1722 qui
1683 1651 1882 1706 Christi

308 1744 545 1813 dogmata
579 1756 895 1815 sequuntur,
946 1746 1068 1815 quia
1098 1745 1314 1814 antiqua
1355 1754 1440 1798 est
1472 1744 1680 1797 illorum
1714 1742 1882 1808 lides;

1982 560 2449 629 prtescriptionem;
2480 563 2524 613 si
2569 561 2814 615 Dominus
2858 558 3009 614 Jesus
3044 558 3272 613 Christus
3295 561 3554 629 aposLolos

1983 653 2117 707 misit
2142 655 2207 705 ad
2238 654 2642 723 praedicandum,
2672 656 2801 708 alios
2828 672 2929 708 non
2950 671 3056 709 esse
3080 655 3395 724 recipiendos
3414 618 3558 724 3m-

1982 746 2254 810 dicatores,
2284 762 2436 814 quam
2466 744 2695 799 Christus
2738 747 2989 809 instituit;
3030 748 3149 814 quia
3187 764 3276 801 nec
3296 748 3429 800 alius
3450 745 3559 801 Pa-

1983 847 2108 889 trem
2136 838 2293 900 nouil,
2335 837 2432 889 nisi
2462 834 2630 890 Filius
2658 848 2705 890 et
2736 839 2814 890 cui
2845 835 2892 888 F
2896 839 3017 892 ilius
3044 838 3297 906 reuelauit,
3329 857 3417 893 nec
3440 841 3559 894 aliis

1983 929 2179 980 uidetur
2204 928 2451 981 reuelasse
2474 925 2644 981 Filius
2678 945 2828 997 quam
2850 928 3099 999 apostolis
3145 947 3270 999 quos
3315 932 3449 984 misit
3491 930 3560 984 ad

1984 1018 2366 1087 praedicandum
2412 1019 2596 1089 ubique
2637 1020 2774 1087 quod
2802 1020 2904 1073 illis
2931 1021 3184 1074 reuelauit.
3220 1022 3356 1085 Quid
3392 1031 3559 1075 autem

1983 1112 2332 1177 reuelauerint,
2372 1112 2425 1165 id
2470 1121 2563 1180 est,
2604 1112 2728 1181 quid
2759 1113 2863 1165 illis
2915 1111 3144 1167 Christus
3173 1114 3483 1179 reuelauerit,
3513 1122 3560 1167 et

1983 1200 2067 1254 hic
2098 1205 2422 1272 prwscribam
2447 1220 2548 1256 non
2576 1204 2726 1256 aliter
2753 1204 2959 1273 probari
2985 1203 3181 1267 debere,
3209 1206 3307 1258 nisi
3336 1223 3422 1274 per
3448 1222 3561 1260 eas-

1987 1294 2102 1345 dem
2124 1293 2382 1347 Ecclesias
2407 1311 2533 1363 quas
2571 1294 2672 1364 ipsi
2706 1294 2940 1365 Apostoli
2979 1295 3334 1362 condiderunt,
3366 1297 3465 1367 ipsi
3490 1299 3562 1350 eis

1985 1386 2334 1455 prwdicando,
2362 1394 2463 1439 tant
2487 1386 2615 1449 uiua,
2644 1388 2789 1455 quod-
2807 1387 2971 1452 aiunt,
3002 1403 3138 1453 uoce,
3170 1404 3321 1454 quant
3345 1405 3432 1457 per
3451 1390 3561 1458 rpi-

1984 1473 2145 1527 stolas
2179 1486 2373 1542 postea.
2408 1476 2469 1530 Si
2498 1479 2603 1529 hinc
2630 1477 2701 1529 ita
2724 1487 2861 1542 sunt,
2897 1486 3093 1531 constat
3120 1478 3333 1546 proinde
3367 1496 3563 1531 omnem

1986 1566 2269 1620 doctrinam
2290 1585 2406 1637 qua:
2434 1585 2549 1621 cum
2574 1568 2679 1621 illis
2699 1567 2939 1622 Ecclesiis
2954 1570 3245 1639 apostolicis
3268 1572 3563 1624 matricibus

1988 1668 2035 1711 et
2055 1661 2389 1729 originalibus
2402 1661 2523 1729 fidei
2545 1661 2822 1729 conspiret,
2840 1662 3035 1713 ueritati
3057 1660 3402 1729 deputandum
3418 1702 3431 1727 ,
3453 1663 3564 1715 sine

2000 1749 2154 1802 dubio
2186 1759 2437 1803 tenentem
2468 1751 2601 1819 quod
2633 1749 2878 1803 Ecclesia:
2901 1751 2964 1803 ab
3002 1751 3268 1820 apostolis,
3303 1752 3556 1821 apostolia

305 1840 393 1894 sed
436 1842 557 1910 quia
589 1848 952 1895 consentanea
982 1850 1067 1895 est
1100 1840 1311 1893 veritati
1342 1838 1570 1902 caelesti,
1601 1836 1685 1891 cui
1719 1835 1880 1890 ﬁdem
1909 1833 1960 1895 B
1987 1840 2212 1911 Christo,
2236 1841 2465 1896 Christus
2485 1860 2517 1894 a
2540 1841 2647 1897 Deo
2668 1844 2879 1911 accepit.
2910 1843 3036 1898 Haec
3056 1844 3342 1899 ostendunt
3364 1855 3565 1914 optimo

304 1930 539 1987 Christus
586 1932 860 1986 miraculis
908 1932 1020 1986 suis
1062 1930 1207 1986 fecit.
1258 1930 1363 1987 Sed
1394 1929 1696 1999 Augustino
1731 1941 1883 1982 com-

304 2025 519 2077 modum
552 2031 668 2076 erat
716 2024 911 2077 talibus
940 2024 1270 2093 argumentis
1309 2022 1384 2075 uti
1425 2024 1478 2076 in
1510 2022 1793 2075 haereticos
1819 2033 1883 2074 ac

301 2114 694 2182 schismaticos,
747 2116 940 2184 quibus
988 2116 1188 2185 passim
1232 2115 1521 2170 novitatem
1564 2124 1616 2167 ct
1646 2113 1887 2182 paucita-

308 2215 412 2259 tem
440 2206 756 2275 exprobrat;
782 2222 912 2276 quas
936 2207 1061 2261 olim
1085 2206 1405 2262 Christianis
1426 2206 1885 2275 exprobraverant

300 2299 521 2353 ethnici.

364 2392 498 2457 Cap.
533 2391 619 2446 18.
660 2389 788 2445 Cum
820 2392 974 2461 igitur
1014 2401 1213 2445 tantum
1239 2393 1491 2446 auxilium
1532 2391 1646 2456 Dei,
1688 2399 1885 2444 tantum

295 2484 613 2553 profectum,
647 2483 966 2553 fructumque
990 2484 1273 2550 videamus,
1292 2485 1637 2538 dubitabimus
1660 2500 1751 2537 nos
1772 2485 1885 2554 ejus

301 2572 557 2627 Ecclesiw
582 2575 795 2627 condere
829 2576 1043 2645 gremio,
1082 2590 1195 2642 qua:
1230 2591 1389 2645 usque
1421 2575 1488 2627 ad
1518 2574 1885 2643 confessionem

288 2668 494 2737 generis
525 2665 767 2731 humani,
791 2667 852 2719 ab
874 2666 1159 2734 apostolica
1189 2666 1326 2733 sede,
1346 2683 1435 2737 per
1454 2680 1766 2720 successores
1787 2665 1887 2735 epi-

288 2776 591 2830 scOporum,
619 2763 815 2828 frustra
851 2760 1106 2814 htereticis
1130 2761 1323 2813 circum
1355 2759 1659 2812 latrantibus
1686 2770 1733 2810 et
1764 2773 1886 2826 par-

285 2854 377 2905 tim
402 2854 573 2922 plebis
604 2853 764 2923 ipsius
785 2855 1010 2924 judicio,
1037 2856 1224 2921 partim
1247 2853 1583 2907 conciliorum
1617 2854 1883 2925 grauitate,

282 2948 481 3011 partim
508 2945 663 2998 etiam
682 2946 1048 2998 miraculorum
1075 2947 1365 3010 majestate,
1394 2945 1670 3011 damnatis,
1689 2944 1887 2997 culmen

283 3037 619 3089 auctoritatis
657 3037 869 3090 obtinuit
892 3036 937 3107 .9]
975 3036 1163 3091 Nescio
1198 3052 1265 3090 an
1297 3036 1416 3090 hcec
1445 3036 1606 3090 verba
1630 3051 1789 3105 usque
1817 3034 1886 3087 ad

284 3130 668 3197 confessionem
694 3128 905 3182 humani
938 3130 1135 3198 generis
1159 3130 1291 3183 satis
1318 3144 1445 3183 sana
1478 3130 1619 3193 sint;
1663 3131 1706 3183 si
1737 3135 1882 3193 sunt,

1990 1946 2154 1986 sensu
2186 1946 2345 2000 posse
2382 1934 2520 2003 apud
2554 1934 2903 2002 Augustinum
2943 1934 3047 2004 legi
3075 1936 3355 2003 apostolica
3380 1937 3500 2004 fide,
3535 1952 3565 1992 a

1988 2037 2091 2092 qna
2131 2023 2286 2078 sedes
2315 2024 2621 2094 apostolica:
2660 2026 2789 2093 ipsa:
2815 2039 3027 2079 omnem
3066 2027 3429 2083 anotoritatem
3462 2041 3566 2083 tra-

1990 2114 2219 2181 hebant;
2264 2117 2384 2172 ideo
2413 2118 2553 2173 enim
2585 2119 2649 2172 iis
2675 2119 2937 2174 creditum
2969 2128 3076 2184 est,
3109 2121 3249 2190 quod
3280 2136 3399 2175 cum
3438 2137 3566 2190 apo-

1987 2206 2189 2260 stolicis
2209 2208 2421 2277 scriptis
2446 2210 2647 2264 sentire
2670 2224 2730 2264 se
2749 2211 3149 2279 proﬁterentur,
3168 2228 3286 2282 qua:
3316 2215 3507 2283 scripta
3533 2230 3563 2269 a

1988 2298 2256 2368 plerisque
2267 2302 2755 2371 antiquissimorum
2770 2302 3138 2358 haereticorum
3157 2304 3559 2373 rejiciebantur.

2058 2392 2208 2458 Quod
2249 2395 2295 2448 si
2330 2395 2654 2465 Augustinus
2682 2401 2901 2451 omnino
2931 2399 3203 2465 scripserit
3229 2400 3565 2467 apostolicam

1987 2485 2177 2551 sedem,
2220 2485 2390 2539 voluit
2430 2486 2750 2541 Manichaeos
2787 2488 2944 2543 Afros
2982 2475 3248 2544 adducere
3283 2490 3348 2544 ad
3380 2491 3567 2545 Eccle-

1989 2576 2123 2629 siam
2162 2576 2479 2630 catholicam
2520 2577 2825 2633 Africanam
2852 2618 2867 2645 ,
2898 2595 3015 2649 quae
3046 2582 3414 2636 consentiebat
3448 2598 3568 2638 cum

1988 2666 2116 2721 sede
2136 2667 2394 2722 Romana.
2435 2669 2543 2723 Sed
2573 2669 2624 2723 id
2658 2680 3031 2740 argumentum
3073 2672 3275 2738 levius,
3300 2688 3418 2727 nam
3452 2675 3570 2743 quis

1989 2759 2316 2828 promiserat
2338 2761 2591 2816 Ecclesiis
2613 2762 2922 2831 apostolicis
2942 2779 3207 2833 nunquam
3226 2779 3315 2819 eas
3331 2779 3358 2817 a
3374 2764 3570 2820 Christi

1990 2851 2232 2907 doctrina
2253 2853 2629 2909 aberratnras?
2658 2854 2847 2910 Nemo.
2875 2856 3025 2911 Talia
3044 2868 3168 2911 sunt
3192 2873 3309 2927 quae
3331 2857 3474 2911 ducit
3503 2874 3568 2912 ex

1989 2956 2254 3013 consensu
2275 2944 2446 3013 plebis
2471 2954 2525 2998 et
2552 2945 2925 3009 conciliorum,
2949 2961 3067 3014 quae
3092 2955 3196 3000 tam
3218 2944 3366 2999 falsis
3392 2945 3569 3000 favere

1990 3043 2213 3105 possunt
2254 3050 2411 3106 quam
2458 3037 2629 3102 veris;
2667 3047 2760 3092 aut
2796 3053 2861 3093 ex
2906 3037 3173 3092 haereticis
3211 3040 3571 3092 miraculorum

1990 3130 2251 3191 maiestate
2279 3128 2566 3194 damnatis,
2595 3143 2713 3197 quae
2742 3129 2833 3183 illo
2870 3144 2987 3183 aevo
3018 3137 3391 3198 stratagemata
3420 3137 3572 3184 erant

293 3234 496 3273 sensus
537 3220 662 3286 erit,
708 3222 995 3275 conﬁtente
1032 3221 1269 3274 humano
1305 3236 1520 3289 genere.
1567 3220 1671 3275 Sed
1714 3220 1884 3274 multo
1910 3208 1956 3271 C
1989 3219 2351 3273 ecclesiastica
2381 3219 2573 3289 quibus
2601 3220 2893 3289 plebecula:
2922 3220 3073 3276 fucus
3102 3222 3281 3276 ﬁebat.
3316 3220 3446 3276 Vide
3476 3220 3571 3275 lib.

304 3313 438 3366 mihi
460 3314 786 3382 suspectiora
828 3324 954 3368 sunt
990 3314 1153 3369 verba
1182 3316 1243 3367 ab
1268 3316 1549 3383 apostolica
1578 3316 1695 3368 sede
1715 3356 1729 3380 ,
1760 3331 1882 3369 nam

306 3404 381 3456 sic
410 3404 615 3459 solebat
644 3406 696 3458 in
727 3404 1016 3459 Occidente
1047 3405 1207 3460 sedes
1229 3405 1465 3458 Romana
1488 3406 1668 3459 vocari
1693 3422 1708 3470 ;
1733 3407 1884 3474 cujus

311 3496 674 3550 auctoritatem
698 3496 946 3552 omnibus
970 3496 1175 3551 artibus
1201 3497 1526 3565 ampliﬁcare
1553 3498 1733 3551 conati
1756 3506 1884 3553 sunt

324 3589 661 3655 exscriptores
691 3588 945 3642 librorum
988 3588 1475 3643 ecclesiasticorum
1505 3590 1772 3643 monachi.
1816 3590 1874 3644 Si

327 3678 447 3731 enim
477 3681 797 3747 Augustinus
822 3682 890 3736 de
914 3681 1150 3736 Ecclesia
1175 3696 1269 3749 per
1290 3696 1476 3736 omnes
1504 3692 1671 3737 terras
1698 3696 1882 3750 Sparsa

328 3769 425 3824 haec
449 3772 727 3839 intellexit,
756 3772 947 3827 falsum
972 3783 1054 3828 est
1083 3788 1200 3828 eam
1224 3776 1286 3827 ab
1318 3774 1601 3841 apostolica
1632 3776 1749 3828 sede
1768 3775 1885 3826 cul-

328 3879 425 3915 men
450 3868 766 3919 auctoritatis
788 3868 1096 3933 obtinuisse;
1120 3882 1306 3921 omnes
1327 3868 1471 3922 enim
1495 3868 1887 3922 noruntOrien-

328 3954 443 4008 tales
474 3956 733 4012 Ecclesias
764 3958 974 4028 priores
1003 3968 1246 4027 tempore
1273 3958 1456 4024 luisse,
1478 3973 1578 4013 nec
1605 3958 1769 4011 ullam
1791 3974 1885 4013 au-

329 4048 604 4104 ctoritatem
656 4052 722 4105 ab
768 4053 871 4105 ulla
909 4052 1237 4107 Occidentali
1278 4052 1490 4107 trahere
1533 4052 1782 4107 voluisse.
1831 4052 1889 4106 Si

330 4140 441 4205 quid
475 4144 953 4210 apostolicasedes
981 4146 1165 4200 habuit
1200 4146 1549 4208 auctoritatis,
1583 4146 1634 4200 id
1666 4160 1881 4214 proma-

332 4232 459 4283 navit
480 4247 541 4286 ex
568 4237 941 4291 communione
969 4252 1087 4307 quae
1114 4238 1161 4291 ei
1186 4237 1282 4291 fuit
1303 4252 1422 4292 cum
1454 4238 1663 4291 caeteris
1690 4236 1888 4292 Eccle-

333 4320 413 4373 siis
438 4322 762 4395 Christianis,
788 4344 906 4397 qua:
931 4342 1117 4382 omnes
1147 4328 1305 4383 simul
1327 4345 1537 4384 omnem
1566 4344 1715 4383 suam
1738 4339 1890 4397 pote-

335 4420 501 4468 statem
519 4413 731 4471 Christo
757 4418 916 4487 capiti
940 4418 1156 4473 debent.
1176 4417 1253 4473 Ne
1275 4419 1536 4474 Africana:
1554 4420 1767 4490 quidem
1786 4420 1890 4474 Ec—

334 4503 516 4567 clesite,
545 4516 782 4577 tempore
817 4509 1065 4580 Cypriani
1096 4519 1148 4564 et
1177 4512 1342 4579 ipsius
1362 4510 1677 4580 Augustini,
1712 4520 1769 4565 ut
1806 4519 1891 4566 sat

1988 3321 2175 3365 contra
2202 3310 2480 3378 epistolam
2505 3310 2856 3366 Fundamenti
2885 3326 3004 3381 cap.
3034 3313 3087 3367 4.

2060 3401 2188 3471 Cap.
2234 3399 2320 3454 18.
2354 3400 2474 3455 Non
2504 3406 2643 3471 fama
2668 3402 2731 3456 de
2758 3403 2897 3471 fumo
2931 3413 3038 3469 est,
3076 3411 3122 3455 et
3150 3403 3317 3456 nescio
3346 3418 3443 3471 qua
3488 3405 3571 3473 fu-

1989 3493 2121 3548 bella
2149 3493 2379 3561 Persica,
2409 3495 2490 3547 cui
2516 3496 2639 3548 satis
2674 3506 2744 3550 est
2768 3512 2945 3550 aurem
2967 3498 3351 3549 accommodare
3379 3504 3425 3549 et
3454 3498 3571 3549 ani-

1988 3605 2124 3642 mum
2150 3605 2251 3642 non
2273 3588 2527 3657 subtilem,
2552 3589 2641 3643 sed
2666 3590 2814 3657 plane
2840 3588 3127 3660 puerilem]
3150 3589 3415 3643 Fabellam
3442 3590 3571 3643 Per-

1989 3680 2153 3733 sicam
2190 3689 2342 3735 vocat
2383 3679 2626 3747 dogmata
2666 3680 2898 3735 absurda
2939 3680 3232 3743 Manichaai,
3278 3682 3366 3749 qui
3409 3681 3570 3735 Persa

1990 3782 2106 3826 erat
2135 3788 2228 3824 seu
2263 3772 2605 3844 Babylonius.
2630 3772 2764 3827 Vide
2790 3782 2841 3827 et
2870 3773 3220 3841 Epiphanium
3260 3772 3453 3828 haeres.
3482 3773 3572 3837 46,

1991 3873 2041 3919 et
2075 3872 2259 3933 postea
2290 3866 2481 3919 librum
2508 3875 2691 3920 contra
2726 3865 2898 3934 Epist.
2930 3865 3229 3921 Manichtei.

2453 3956 3103 4012 ANIMADVELSIONES

2117 4096 2121 4101 .
2188 4064 2237 4102 ΙΝ
2278 4063 2467 4103 LIBRUM
2507 4064 2711 4103 CONTRA
2758 4064 3050 4103 EPISTOLAM
3090 4065 3375 4104 MANICHEI.

2062 4140 2194 4210 Cap.
2222 4141 2272 4193 1.
2297 4140 2545 4194 Nostrum
2566 4141 2721 4211 igitur
2744 4141 2841 4210 fuit
2862 4141 3049 4209 eligere
3071 4149 3118 4194 et
3141 4148 3318 4210 optare
3342 4142 3569 4206 meliora,

1993 4242 2048 4286 ut
2075 4234 2143 4285 ad
2168 4242 2384 4288 uestram
2414 4234 2774 4287 correctionem
2800 4235 2999 4285 aditum
3028 4234 3321 4286 haberemus
3346 4251 3363 4298 ;
3392 4251 3493 4287 non
3524 4236 3575 4286 in

1992 4328 2309 4385 contentione
2332 4336 2379 4379 et
2403 4326 2730 4379 aemulatione
2760 4335 2806 4378 et
2836 4327 3290 4396 persecutionibus,
3323 4328 3411 4380 sed
3434 4344 3577 4379 man-

1992 4427 2130 4469 suete
2175 4416 2518 4480 consolando,
2550 4415 2782 4470 benevole
2807 4416 3126 4471 cohortando
3145 4458 3158 4481 ,
3192 4418 3370 4470 leniter
3400 4418 3577 4486 dispu-

1994 4509 2189 4573 tando;
2212 4510 2343 4561 sicut
2364 4510 2607 4578 scriptum
2631 4517 2704 4562 est
2723 4524 2742 4561 :
2764 4508 2989 4562 Servum
3010 4508 3217 4562 Domini
3243 4525 3346 4562 non
3369 4520 3578 4577 oportet

334 4592 480 4662 liquet
498 4612 559 4650 ex
588 4601 931 4655 contentione
959 4616 1079 4656 cum
1107 4601 1399 4670 Stephano,
1426 4612 1481 4656 et
1501 4603 1603 4656 alia
1626 4603 1691 4657 de
1712 4612 1889 4657 trans-
1920 4582 1974 4644 Ῑ)
1997 4598 2226 4668 litigare,
2251 4597 2341 4652 sed
2373 4600 2553 4652 mitem
2582 4613 2702 4653 esse
2723 4601 2788 4652 ad
2810 4612 3016 4662 omnes,
3041 4598 3345 4667 docibilem,
3377 4599 3579 4665 patien-

334 4687 531 4741 marinis
554 4690 1021 4759 appellationibus,
1051 4693 1422 4748 auctoritatem
1452 4709 1602 4748 suam
1632 4693 1889 4750 Romana:

334 4775 509 4835 debere
536 4783 845 4850 voluerunt,
877 4787 1120 4853 quamvis
1154 4802 1270 4841 eam
1301 4786 1437 4842 forte
1467 4796 1693 4843 matrem
1725 4804 1890 4857 agno-

335 4883 540 4926 scerent.
576 4873 741 4945 Igitur
763 4884 820 4929 ut
843 4877 982 4946 quod
1012 4879 1255 4947 suspicor
1283 4880 1541 4947 aperiam,
1566 4879 1886 4934 crediderim

335 4960 589 5030 legendum
614 4967 678 5019 ab
702 4966 985 5035 apostolica
1013 4968 1136 5037 fide.
1180 4970 1412 5025 Primam
1448 4971 1588 5025 enim
1637 4971 1890 5024 Ecclesia:

333 5053 623 5114 Christianae
649 5062 1017 5116 auctoritatem
1047 5062 1330 5118 trahebant
1356 5064 1418 5117 ab
1446 5064 1727 5133 apostolica
1748 5064 1891 5131 ﬁde;

327 5150 453 5217 quod
483 5167 598 5206 cum
644 5152 934 5221 apostolis,
980 5168 1205 5222 nempe,
1238 5156 1516 5210 sentirent.
1561 5156 1646 5210 Sic
1675 5154 1889 5209 Tertul-

319 5240 486 5296 lianns
513 5246 858 5300 ratiocinator
878 5246 931 5300 in
958 5245 1053 5302 lib.
1084 5246 1152 5301 de
1178 5247 1483 5316 Praescript.
1512 5247 1888 5302 haereticorum

308 5348 426 5403 cap.
461 5336 530 5391 20
558 5347 613 5391 et
640 5336 732 5402 21,
765 5338 1047 5407 pluresque
1074 5338 1395 5407 apostolicus
1417 5347 1677 5392 memorat
1706 5337 1886 5406 sedes,

297 5441 412 5481 non
445 5443 629 5483 unam.
665 5428 945 5494 Ecclesias,
978 5430 1168 5499 inquit,
1200 5430 1341 5498 apud
1372 5446 1776 5500 unamquamque
1813 5432 1889 5483 ci-

286 5520 514 5575 vitatem
543 5520 881 5574 condiderunt
915 5521 1186 5591 (apostoli)
1222 5538 1253 5574 a
1283 5520 1463 5591 quibus
1486 5520 1889 5588 traducemﬁdei

272 5624 338 5672 et
360 5614 567 5667 semina
609 5614 856 5668 doctrina:
895 5623 1089 5669 cazlerte
1136 5616 1317 5669 exinde
1356 5613 1603 5668 Ecclesia:
1648 5622 1891 5668 mutuatae

263 5716 441 5772 sunt,
482 5716 525 5759 et
549 5708 775 5777 quotidie
799 5716 1117 5775 mutuantur,
1159 5720 1214 5761 ut
1239 5708 1486 5762 Ecclesia?
1521 5708 1666 5776 ﬁant.
1701 5707 1765 5759 At
1800 5722 1889 5774 per

259 5806 385 5863 hoc
415 5808 476 5855 et
503 5800 625 5863 ipsa:
654 5801 949 5870 apostolica:
972 5802 1301 5872 deputantur,
1333 5811 1387 5856 ut
1416 5801 1885 5869 sobolesapostoli-
1897 5769 1955 5881 1

1997 4701 2127 4757 tem,
2170 4691 2226 4745 in
2266 4691 2523 4745 modestia
2570 4692 2948 4761 corripientem
3001 4691 3213 4745 diversa
3261 4692 3574 4746 sentientes.

1994 4785 2247 4840 Nostrum
2283 4802 2401 4855 ergo
2431 4786 2528 4854 fuit
2567 4784 2691 4839 uelle
2721 4784 2811 4837 has
2850 4794 3018 4855 partes
3056 4792 3325 4854 expetere;
3364 4785 3460 4836 Dei
3503 4793 3578 4838 est

1994 4877 2277 4932 uolentibus
2312 4888 2359 4930 et
2391 4877 2669 4944 petentibus
2700 4878 2892 4930 donare
2916 4877 3051 4944 quod
3084 4878 3265 4929 bonum
3296 4876 3411 4947 est.]
3444 4876 3574 4944 Quis

1994 4985 2101 5038 non
2131 4968 2312 5023 laudet
2331 4969 2814 5031 mansuetudinem,
2830 4969 2928 5022 hac
2952 4970 3002 5021 in
3027 4983 3105 5034 re,
3125 4969 3401 5037 Augustini
3421 4969 3579 5038 ?quis

1995 5076 2103 5117 non
2124 5061 2339 5130 plaudat
2356 5061 2609 5131 episcopo
2632 5060 2778 5113 Pauli
2804 5061 3123 5114 monitorum
3148 5070 3252 5113 tam
3277 5071 3577 5130 opportune

1994 5154 2253 5209 memori?
2289 5151 2450 5208 Certe
2489 5168 2589 5223 ego
2628 5154 2739 5207 haec
2769 5153 2930 5208 verba
2967 5152 3095 5208 satis
3131 5153 3431 5208 exosculari
3469 5169 3575 5210 non

1998 5260 2235 5314 possum.
2267 5244 2372 5299 Sed
2398 5254 2450 5299 et
2486 5245 2782 5313 sequentia,
2816 5243 2978 5299 cedro
3006 5245 3182 5314 digna,
3220 5245 3448 5300 libenter
3479 5263 3575 5300 ex-

1994 5336 2224 5391 scribam
2252 5352 2266 5389 :
2296 5334 2387 5389 Illi
2414 5337 2465 5389 in
2492 5352 2577 5390 uos
2618 5337 2829 5389 sarviant
2860 5336 2947 5405 qui
2978 5337 3205 5389 nesciunt
3226 5353 3339 5389 cum
3368 5355 3467 5406 quo
3500 5340 3572 5391 la-

1994 5432 2115 5484 bore
2159 5446 2334 5484 uerum
2387 5430 2698 5492 inueniatur,
2753 5438 2799 5481 et
2842 5445 2997 5498 quam
3044 5429 3258 5499 difficile
3309 5441 3577 5483 caueantur

1989 5539 2200 5578 errores.
2234 5522 2325 5575 Illi
2346 5522 2400 5575 in
2425 5537 2510 5575 uos
2530 5522 2738 5575 swviant
2778 5522 2864 5590 qui
2895 5524 3127 5593 nesciunt
3151 5539 3302 5591 quam
3324 5539 3499 5576 rarum
3521 5532 3569 5576 et

1987 5615 2210 5667 arduum
2230 5616 2297 5667 sit
2316 5612 2547 5666 carnalia
2576 5613 2935 5681 phantasmata
2962 5614 3063 5683 pia:
3090 5618 3273 5669 mentis
3299 5614 3571 5667 serenitate

1986 5720 2246 5774 superare.
2278 5702 2368 5757 Illi
2399 5705 2449 5757 in
2478 5720 2563 5757 vos
2593 5704 2809 5757 steviant
2839 5705 2927 5774 qui
2967 5705 3195 5769 nesciunt
3226 5721 3341 5758 cum
3381 5712 3570 5769 quanta

1987 5796 2277 5866 difficultate
2301 5802 2508 5851 sanetur
2538 5796 2715 5851 oculus
2755 5797 3021 5853 interioris
3045 5796 3295 5865 hominis,
3329 5804 3385 5850 ut
3411 5794 3573 5865 possit
