3974 6356
586 365 691 421 515

1465 360 2015 417 SUPPLEMENTUM
2056 362 2146 417 AD
2182 362 2413 419 OPERA
2452 364 2511 419 S.
2553 361 2945 420 AUGUSTINI.

3686 366 3764 425 516

587 474 774 528 intueri
797 472 956 527 solem
984 489 1154 539 suum,
1178 459 1280 527 etc.
1310 470 1400 524 Illi
1428 472 1480 524 in
1506 488 1591 524 vos
1606 472 1813 525 steviant
1834 472 1921 539 qui
1936 472 2167 526 nesciunt
2192 476 2247 534 Α
2272 487 2387 526 sum
2411 475 2540 541 vita,
2568 484 2613 527 et
2644 490 2756 527 eum
2778 472 3074 544 pependisse
3099 478 3289 525 constet
3315 477 3430 524 ante
3454 473 3608 527 oculos
3633 476 3670 527 ei
3694 495 3769 533 non

585 565 769 634 quibus
798 566 1027 635 suspiriis
1050 574 1099 618 et
1126 563 1390 635 gemitibus
1413 563 1524 630 ﬁat,
1548 572 1604 615 ut
1630 579 1694 615 ea:
1715 565 2167 632 quantulacunque

590 652 735 724 pai’te
766 657 925 724 possit
951 655 1170 725 intelligi
1202 654 1357 707 Deus.
1391 654 1531 707 Nihil
1561 654 1743 707 verius
1775 664 1857 707 est
1887 668 2043 722 quam
2073 667 2166 707 eos

592 750 808 803 demum
837 750 1029 803 saevire
1070 750 1119 801 in
1162 748 1314 813 alios,
1350 755 1403 800 ut
1426 761 1518 800 eos
1544 746 1609 800 ad
1641 754 1843 800 rectam
1874 746 2058 805 fidem.
2090 745 2168 799 uti

590 849 796 909 putant,
825 840 1110 904 adducant,
1141 841 1230 908 qui
1255 840 1668 907 nesciuntquam
1692 838 1849 891 facile
1871 838 1941 891 sit
1962 852 2165 901 errare,

586 942 642 985 et
670 947 827 999 quam
851 931 1139 985 difficulter
1160 941 1529 1000 prmconcepta
1551 929 1716 984 semel
1744 928 1941 997 judicia
1971 943 2168 982 sanen-

592 1033 695 1075 tur.
747 1023 911 1076 Doleo
941 1023 1317 1093 Augustinum,
1348 1021 1413 1075 ad
1459 1031 1685 1075 mortem
1727 1035 1918 1087 usque,
1964 1019 2016 1072 in
2063 1026 2170 1071 tam

591 1115 672 1182 pia
705 1116 971 1169 sententia
1003 1131 1107 1168 non
1142 1115 1469 1183 perstitisse;
1503 1130 1624 1167 nam
1658 1113 1799 1166 hunc
1827 1111 2019 1165 librum
2040 1110 2173 1164 scri-

588 1207 693 1273 psit
715 1208 855 1259 circa
880 1221 1078 1259 annum
1097 1206 1199 1260 597
1227 1204 1353 1269 ;sed
1381 1219 1522 1257 anno
1547 1204 1672 1269 412,
1701 1202 1855 1270 plane
1876 1209 2174 1255 mutaverat

589 1304 845 1360 mentem,
892 1307 948 1348 ut
988 1296 1156 1364 liquet
1182 1309 1247 1349 ex
1277 1293 1502 1363 epistola
1543 1292 1608 1345 ad
1639 1292 1995 1347 Vincentium.
2037 1289 2172 1342 Tum

592 1384 804 1438 demum
830 1385 1095 1438 intellexit
1114 1385 1422 1438 facillimum
1447 1398 1567 1437 esse
1583 1392 1636 1435 et
1662 1381 2025 1450 mquissimum
2048 1380 2175 1433 ntul-

590 1478 713 1542 ctis,
739 1488 942 1532 terrore
965 1487 1019 1531 et
1040 1478 1086 1531 vi
1122 1477 1335 1530 militari
1368 1476 1611 1529 homines
1633 1474 1699 1527 ad
1728 1474 2047 1528 catholicam
2078 1472 2176 1524 Ec-

591 1570 807 1624 clesiam
840 1570 1135 1633 adducere;
1168 1580 1241 1633 et,
1273 1568 1413 1637 quod
1454 1567 1685 1631 mireris,
1716 1565 1906 1619 eodem
1935 1574 2176 1632 tempore

593 1678 699 1729 quo
742 1662 927 1729 gratim
980 1658 1335 1714 ineluctabilis
1387 1657 1719 1725 inspirationi
1771 1669 1960 1709 omnes
2008 1653 2177 1707 bonas

594 1750 866 1804 hominum
907 1753 1147 1805 actiones
1186 1749 1423 1803 tribuere
1459 1748 1643 1815 cmpit.
1684 1746 1853 1801 Doleo
1884 1746 2075 1807 etiam,
2121 1744 2176 1796 in

593 1853 697 1896 tam
728 1844 827 1911 piis
855 1844 1133 1911 Augustini
1169 1842 1346 1896 verbis
1368 1882 1382 1903 .
1417 1842 1522 1910 legi
1561 1840 1961 1894 damnationem
2003 1838 2173 1904 impe-

590 1946 826 1989 ratorum
850 1935 939 2004 qui
966 1945 1148 1990 contra
1172 1934 1490 1988 Manichmos
1523 1943 1599 1987 tot
1629 1940 1878 1986 cruentas
1911 1932 2054 1999 leges
2085 1938 2171 1983 tu-

592 2024 788 2092 lerunt,
816 2034 870 2079 et
898 2041 1016 2094 qum
1044 2027 1333 2079 etiamnum
1363 2026 1608 2092 leguntur
1639 2025 1691 2075 in
1712 2022 1898 2076 codice
1928 2021 2173 2075 Theodo-

592 2116 763 2169 siano.
780 2116 903 2171 Scio
924 2132 1110 2171 eorum
1132 2116 1315 2171 electos
1335 2124 1611 2169 accusatos
1636 2114 1801 2168 fuisse
1822 2111 2170 2167 nefandorum

592 2214 921 2274 stuprorum,
959 2207 1100 2273 quod
1146 2222 1242 2261 nos
1286 2207 1444 2261 docet
1482 2205 1808 2275 Augustinus
1848 2206 1901 2258 in
1942 2205 2079 2257 libro
2108 2204 2175 2258 de

596 2297 900 2353 llmresibus
923 2316 937 2365 ;
961 2300 1056 2354 sed
1090 2298 1226 2354 idem
1259 2299 1416 2353 docet
1441 2298 1710 2352 auditores
1741 2296 2021 2362 impiorum
2052 2294 2174 2347 illo-

595 2404 711 2441 rum
751 2390 1127 2459 mysteriorum
1169 2390 1382 2458 ignaros
1424 2387 1607 2442 fuisse.
1651 2386 1709 2442 Si
1745 2400 1873 2455 ergo
1911 2383 2177 2453 plectendi

595 2491 749 2534 erant
779 2480 1072 2545 Manichtei,
1120 2496 1226 2537 non
1271 2480 1388 2537 sine
1414 2479 1756 2535 distinctione
1798 2479 1865 2532 de
1894 2478 1961 2532 iis
2004 2491 2178 2545 paena:

597 2573 870 2625 sumendae
901 2573 1078 2635 fuere,
1111 2573 1252 2642 quod
1283 2582 1459 2627 tamen
1491 2587 1597 2627 non
1630 2574 1705 2624 tit.
1744 2571 1886 2639 Lege
1914 2571 1977 2634 7,
2007 2570 2092 2622 tit.
2118 2568 2174 2634 5,

595 2665 690 2720 lib.
716 2680 802 2718 xvr
829 2665 1030 2720 codicis
1052 2665 1410 2720 Theodosiani
1437 2666 1524 2735 jus
1545 2664 1813 2719 condendi
1845 2662 2174 2730 testamenti,

596 2767 688 2811 aut
724 2768 1043 2812 testamento
1074 2760 1126 2811 in
1153 2758 1431 2812 facultates
1464 2759 1628 2827 patris
1657 2758 1740 2811 vel
1764 2756 1999 2825 cujusvis
2037 2755 2177 2810 alios

595 2847 917 2902 succedendi
949 2889 965 2912 ,
998 2848 1223 2917 eripitur
1252 2848 1560 2905 Manichmis
1589 2848 1899 2917 quibusvis;
1929 2862 2029 2901 nec
2058 2861 2177 2900 eam

596 2944 1035 2998 constitutionem
1066 2952 1272 2999 tantum
1301 2945 1354 2998 in
1388 2944 1622 2998 futurum
1652 2944 1831 2997 valere
1860 2942 1971 2995 vult
1999 2940 2178 2995 Theo-

597 3036 798 3105 dosius,
828 3038 943 3102 sed,
979 3045 1171 3105 prmter
1208 3053 1422 3092 omnem
1454 3036 1919 3099 consuetudinem,
1950 3035 2005 3088 in
2032 3048 2177 3103 prm-

599 3132 832 3186 tcritum.
862 3131 993 3185 Vide
1022 3142 1074 3186 et
1106 3133 1159 3185 in
1189 3131 1378 3185 eodem
1408 3132 1563 3186 titulo
1592 3131 1695 3199 leg.
1726 3129 1817 3197 19,
1844 3141 1899 3183 et
1923 3129 2037 3184 Jac.
2071 3126 2179 3181 Go-

600 3223 827 3277 thofredi
851 3223 1316 3278 commentarium.

1058 3312 1709 3369 ANIMADVERSIONES

799 3419 850 3457 1N
891 3418 1074 3457 LIBROS
1112 3418 1316 3457 CONTRA
1354 3419 1595 3458 FAUSTUH
1634 3416 1973 3457 HANICHAEUM.

670 3495 831 3549 Libro
881 3511 972 3549 xw
1017 3503 1203 3550 contra
1251 3496 1450 3551 Mosem
1498 3496 1575 3548 sic
1619 3504 2019 3569 argumentatus
2062 3498 2181 3546 erat

601 3586 830 3639 Faustus
864 3603 876 3640 :
910 3587 994 3639 Ait
1017 3586 1198 3655 (Deut.
1233 3602 1348 3651 ut,
1376 3586 1468 3656 25)
1500 3586 1830 3639 maledictum
1850 3601 1958 3639 esse
1979 3600 2180 3637 ontnem

597 3680 682 3746 qni
714 3679 894 3746 pendet
913 3680 963 3731 in
985 3679 1147 3748 ligno.
1182 3677 1335 3731 Hunc
1359 3694 1482 3749 ergo
1505 3687 1557 3730 tu
1583 3679 1656 3731 vis
1686 3688 1740 3731 ut
1762 3677 2032 3745 accipiant,
2060 3676 2181 3729 huic

600 3781 653 3824 ut
682 3772 918 3835 credam;
950 3788 1083 3837 cum,
1108 3772 1149 3824 si
1171 3772 1370 3824 divinus
1401 3772 1519 3841 fuit,
1553 3779 1744 3824 constet
1793 3786 1909 3824 eum
1936 3770 2180 3822 scientent

598 3864 939 3933 volentemque
1000 3864 1324 3917 maledimisse
1370 3864 1603 3929 Christo;
1646 3866 1687 3917 si
1729 3880 1843 3917 vero
1878 3863 2054 3916 nolens
2093 3877 2182 3914 ne-

600 3956 862 4017 sciensque
887 3956 1227 4022 maledixerit,
1255 3963 1445 4010 constet
1479 3972 1594 4009 eum
1621 3973 1721 4009 non
1754 3957 1909 4026 fuisse
1930 3956 2177 4008 divinum.

600 4046 734 4098 Tum
768 4046 981 4101 facilem
1013 4048 1371 4115 objectionem
1412 4047 1620 4102 diluere
1649 4063 1753 4101 non
1798 4047 2035 4115 potuisse
2065 4045 2179 4098 Au-

599 4139 870 4206 gustinum
896 4138 1090 4192 mirum
1116 4148 1228 4205 est;
1263 4150 1488 4194 mortem
1516 4140 1658 4194 enim
1683 4140 2179 4193 etmaledictionem

603 4246 767 4283 unum
800 4230 1049 4300 idemque
1103 4246 1223 4285 esse
1254 4232 1385 4296 vult,
1415 4247 1512 4286 nec
1545 4232 1652 4284 ullo
1681 4230 1840 4283 modo
1868 4243 1987 4282 sese
2020 4243 2183 4296 expe-

601 4321 700 4374 dit.
737 4320 934 4374 Deinde
966 4320 1107 4385 quod
1148 4322 1360 4374 additur
1402 4321 1708 4375 Maledictus
1737 4320 1866 4385 Deo,
1902 4319 1979 4373 sic
2006 4320 2181 4372 inter-

605 4420 881 4480 pretatur:
914 4410 1032 4465 Nisi
1057 4413 1188 4465 enim
1222 4412 1357 4466 Deus
1379 4414 1568 4467 odisset
1607 4422 1868 4481 peccatum
1895 4420 1941 4464 et
1967 4418 2181 4464 mortem

599 4515 847 4567 nostram,
875 4520 977 4556 non
999 4505 1065 4557 nd
1089 4521 1201 4557 eam
1232 4505 1604 4574 suscipiendam
1627 4514 1777 4571 atque
1795 4502 2063 4556 delendam
2085 4499 2183 4554 Fi-

599 4595 728 4648 lium
752 4613 901 4651 suum
931 4598 1167 4650 mitteret.
1198 4597 1334 4663 Quid
1373 4612 1495 4667 ergo
1542 4597 1729 4648 mirum
1768 4594 1812 4646 si
1851 4592 2181 4647 maledictum

601 4686 712 4741 Deo
739 4690 874 4756 quod
913 4690 1019 4742 odit
1055 4688 1226 4741 Deus?
1268 4688 1372 4743 Sed
1413 4689 1553 4758 apud
1583 4689 1780 4743 Mosem
1808 4687 1951 4765 nulla
1977 4687 2182 4755 peccati

602 4783 822 4847 mentio,
856 4797 1030 4851 neque
1054 4780 1289 4850 cujusvis
1311 4782 1520 4846 mortis,
1546 4781 1641 4835 scd
1669 4789 1873 4834 tantum
1903 4779 2182 4833 cadaveris

598 4890 628 4928 e
650 4874 792 4942 ligno
825 4873 1138 4942 pendentis;
1172 4872 1314 4941 quod
1344 4886 1465 4926 esse
1487 4886 1603 4926 rem
1640 4885 1981 4940 summopere
2009 4868 2184 4939 pollu-

602 4979 709 5021 tam
734 4967 892 5022 docet
921 4966 1116 5021 Moses.
1150 4964 1285 5020 Vide
1314 4965 1381 5019 ad
1408 4980 1531 5020 eum
1561 4965 1735 5021 locum
1767 4964 2027 5019 Joannem
2059 4963 2182 5019 Cle-

600 5062 789 5114 ricutn.

672 5152 834 5203 Lmae
861 5164 971 5203 ινι.
1026 5148 1155 5217 Cap.
1188 5147 1279 5201 ‘22.
1310 5146 1448 5201 Hinc
1479 5157 1555 5201 est
1588 5157 1635 5201 et
1668 5148 1799 5201 illud
1838 5152 1983 5220 cujus
2018 5147 2180 5201 ambi-

602 5244 792 5312 guitate
819 5240 1044 5294 Faustus
1065 5241 1303 5310 fallitur:
1323 5238 1542 5294 Videbis
1568 5242 1728 5294 vitam
1774 5250 1915 5293 tuam
1946 5240 2183 5307 penden-

601 5346 728 5400 tem,
768 5344 821 5388 et
860 5350 967 5387 non
1003 5335 1192 5387 credes
1232 5335 1354 5387 vitm
1399 5343 1522 5387 tum.
1569 5334 1698 5400 Qua:
1741 5335 1895 5387 verba
1940 5342 1987 5387 el
2032 5336 2179 5387 aliter

600 5441 743 5493 posse
771 5426 987 5495 intelligi
1032 5435 1192 5492 potest
1227 5425 1409 5493 aliquis
1444 5426 1631 5491 dicere,
1679 5427 1742 5479 de
1770 5423 1975 5479 Christo
2008 5436 2177 5479 autem

599 5534 699 5570 non
734 5534 877 5588 posse
911 5518 1148 5586 intelligi,
1189 5533 1279 5599 nec
1309 5515 1538 5571 Faustus
1559 5534 1718 5572 ausus
1752 5529 1827 5571 est
1857 5518 2045 5582 dicere,
2084 5535 2177 5571 nec

599 5613 868 5681 quisquam
897 5625 1105 5681 prorsus
1135 5611 1364 5676 audebit,
1388 5611 1484 5664 nisi
1509 5612 1595 5682 qui
1633 5612 1884 5680 negaverit
1907 5619 1994 5662 aut
2023 5609 2180 5663 Chri-

599 5713 735 5757 stum
762 5721 864 5758 esse
891 5706 1070 5770 vitant,
1109 5715 1196 5757 aut
1225 5723 1257 5758 a
1282 5704 1481 5758 ludatis
1511 5706 1673 5758 visum
1712 5721 1818 5757 esse
1858 5705 2176 5770 pendentem,

598 5808 687 5855 aut
711 5816 793 5857 eos
822 5799 901 5855 illi
923 5816 1026 5854 non
1053 5800 1347 5858 credidisse.
1369 5801 1499 5858 Cum
1528 5815 1642 5855 vero
1664 5806 1713 5854 et
1734 5798 1840 5868 ipse
1864 5797 2004 5854 dicat
2031 5812 2044 5851 :
2068 5798 2181 5866 Ego

2271 567 2579 620 credentium
2613 565 2942 631 Judazorum,
2976 580 3078 617 non
3105 564 3249 618 video
3273 580 3362 616 cur
3404 565 3613 618 dubitare
3634 567 3770 622 debea-

2270 676 2381 712 mus
2406 660 2459 712 id
2481 660 2633 712 etiam
2655 659 2717 711 de
2733 658 2941 711 Christo
2967 658 3229 725 scripsisse
3246 656 3393 709 illum
3415 655 3474 709 de
3489 672 3578 726 quo
3597 656 3774 716 Christus

2270 752 2382 803 ait:
2408 749 2499 804 Ille
2526 749 2665 803 enim
2693 748 2761 803 de
2784 764 2870 803 me
2894 746 3152 818 scripsit.'|
3176 747 3281 801 Nos
3311 747 3514 813 quidem
3542 762 3634 801 non
3658 765 3774 808 secus

2273 859 2334 898 ac
2368 843 2699 911 Augustinus
2726 842 3075 911 agnoscimus
3115 841 3382 896 Christum
3423 855 3536 895 esse
3561 840 3777 899 hominum

2272 938 2448 1004 vitam,
2482 950 2712 1002 eumque
2740 934 3044 1003 pependisse
3067 947 3254 987 ‘coram
3294 932 3575 986 incredulis
3609 932 3777 1003 iudicis,

2272 1040 2326 1083 et
2355 1044 2382 1081 a
2414 1028 2749 1097 dogmatibus
2777 1026 3192 1080 Manichmorum
3219 1024 3442 1079 fortasse
3461 1026 3708 1079 alieniores
3722 1042 3782 1082 su<

2276 1135 2394 1174 mus
2424 1136 2581 1189 quam
2607 1119 2723 1187 ipse
2752 1117 2882 1182 fuit;
2915 1116 3009 1171 sed
3035 1126 3212 1171 tamen
3241 1131 3581 1185 pernegamus
3614 1117 3658 1169 in
3696 1117 3782 1173 loco

2276 1210 2673 1266 Deuteronomii
2696 1210 2775 1278 agi
2794 1209 2858 1262 de
2872 1207 3103 1262 Christo.
3124 1208 3217 1262 Est
3234 1208 3277 1263 is
3297 1209 3449 1262 Deut.
3469 1207 3713 1273 xxv1n.66,
3726 1211 3788 1265 ubi

2276 1304 2452 1360 Moses
2478 1306 2557 1359 sic
2578 1302 2833 1358 describit
2856 1302 3181 1356 anxietatem
3212 1299 3513 1355 Judmorum
3544 1299 3590 1351 in
3612 1301 3789 1367 captivi-

2276 1408 2439 1452 tatem
2482 1396 2832 1451 abductornm
2862 1411 2875 1448 :
2905 1393 2971 1447 In
3000 1393 3233 1465 gentibus
3267 1408 3466 1460 quoque
3502 1392 3617 1457 illis,
3646 1392 3789 1460 inquit,

2276 1506 2379 1543 non
2409 1490 2655 1557 quiesces,
2680 1503 2839 1556 neque
2867 1488 2961 1539 erit
2984 1486 3179 1555 requies
3208 1485 3420 1554 vestigio
3449 1483 3584 1552 pedis
3608 1483 3685 1534 tui.
3712 1482 3789 1535 Da-

2279 1583 2351 1647 bit
2377 1582 2515 1634 enim
2553 1581 2642 1633 tibi
2677 1578 2925 1632 Dominus
2964 1577 3033 1629 ibi
3072 1592 3160 1629 cor
3203 1576 3467 1647 pavidum,
3496 1584 3538 1627 et
3568 1573 3790 1639 deﬁcientes

2278 1673 2452 1725 oculos
2477 1679 2523 1724 et
2556 1671 2784 1723 animam
2814 1676 3167 1734 consumptam
3191 1681 3428 1730 maerore,
3458 1673 3503 1717 et
3522 1665 3608 1717 erit
3632 1665 3713 1715 vita
3733 1674 3789 1715 tua

2278 1764 2425 1832 quasi
2453 1761 2680 1830 pendens
2710 1771 2827 1813 ante
2856 1768 2922 1812 te.
2955 1757 3180 1811 Timebis
3202 1766 3349 1810 nocte
3373 1764 3420 1809 et
3440 1755 3537 1819 die,
3560 1765 3601 1806 et
3622 1770 3705 1806 non
3720 1771 3791 1806 m-

2201 1840 2250 1903 B
2278 1854 2365 1907 des
2392 1855 2507 1907 vita:
2530 1861 2647 1906 tute.
2680 1850 2835 1904 Mane
2863 1848 3001 1903 dices
3027 1866 3044 1903 :
3073 1849 3198 1914 Quis
3223 1848 3352 1900 mihi
3382 1846 3466 1899 det
3487 1846 3745 1913 vesperum?
3763 1854 3793 1897 ct

2278 1960 2480 2014 vespere
2502 1959 2521 1997 :
2547 1943 2659 2011 quis
2688 1942 2813 1994 mihi
2842 1940 2924 1993 det
2953 1942 3133 1993 mane?
3151 1946 3363 2010 prapter
3384 1937 3550 1991 cordis
3574 1935 3642 1988 tui
3666 1936 3795 2003 fanni-

2280 2036 2475 2099 dinem,
2508 2042 2615 2088 etc.
2648 2032 2818 2087 Nemo
2843 2048 2948 2086 non
2991 2031 3139 2085 videt
3164 2031 3249 2099 agi
3280 2028 3349 2084 de
3378 2029 3482 2080 vita
3509 2027 3650 2080 dubia
3675 2041 3723 2079 ac
3744 2028 3795 2077 in-

2278 2139 2423 2182 certa
2471 2142 2611 2195 qum,
2662 2135 2786 2178 nota
2826 2125 2987 2178 etiam
3042 2124 3244 2177 Latinis
3290 2122 3617 2190 metaphora,
3656 2119 3794 2173 dicitur

2282 2218 2520 2288 pendere.
2552 2217 2939 2271 Antecedentia
2962 2224 3016 2270 et
3035 2213 3421 2285 consequentia
3445 2212 3573 2267 hanc
3595 2226 3696 2265 esse
3713 2226 3795 2264 sen-

2282 2312 2498 2366 tentiam
2532 2310 2731 2379 liquido
2760 2310 3069 2365 ostendunt.
3100 2308 3221 2361 Non
3257 2306 3467 2362 credere
3489 2307 3599 2359 vita:
3619 2316 3720 2369 suta,
3745 2313 3796 2357 est
3888 2306 3889 2375 ἦ

2285 2400 2468 2469 procul
2505 2400 2649 2454 omni
2688 2398 2853 2453 dubio
2892 2396 3141 2453 securum
3181 2412 3289 2452 non
3332 2411 3454 2451 esse
3485 2395 3551 2450 de
3589 2394 3680 2448 vita
3716 2409 3797 2446 sua.

2282 2492 2435 2560 Quod
2465 2490 2509 2547 si
2532 2492 2657 2546 licet
2683 2492 2993 2546 conculcata
3017 2492 3233 2559 propria
3261 2486 3642 2556 significatione
3661 2499 3800 2538 vocum
3888 2492 3889 2511 λ

2283 2593 2338 2639 et
2359 2584 2610 2652 loquendi
2629 2598 2907 2653 generum,
2931 2598 2996 2637 ex
3020 2598 3120 2651 qua
3150 2580 3401 2650 egregius
3431 2580 3613 2645 oritur,
3633 2579 3800 2631 circum-

2284 2677 2598 2745 stantiisque
2629 2675 2729 2729 loci
2772 2671 3314 2729 convenientissimus
3362 2684 3570 2736 sensus,
3595 2668 3653 2722 ad
3678 2678 3799 2721 trans-

2285 2768 2506 2821 latitiam
2546 2764 2854 2835 confugere,
2894 2779 2993 2819 nec
3020 2763 3286 2818 rationem
3315 2761 3485 2816 ullam
3516 2760 3691 2814 habere
3713 2774 3798 2813 con-
3888 2792 3889 2807 η

2284 2859 2622 2927 sequentium
2671 2872 2733 2910 ac
2780 2855 3245 2918 antecedentium;
3297 2852 3534 2922 primum
3576 2851 3725 2905 omnia
3758 2862 3798 2901 ex
3888 2886 3889 2927 ξ

2285 2950 2535 3004 omnibus
2581 2948 2874 3015 Scriptura:
2919 2946 3053 3001 locis
3096 2944 3369 3000 deducere
3412 2943 3623 3008 licebit,
3665 2938 3799 2994 deinde
3888 2986 3889 3015 ἦ

2286 3042 2418 3096 nihil
2460 3043 2510 3095 in
2562 3040 2852 3107 Scriptura:
2898 3037 3346 3106 interpretatione
3393 3045 3594 3090 certum
3639 3032 3734 3094 erit,
3769 3036 3799 3081 et
3888 3040 3889 3087 ξ

2286 3134 2488 3202 qumvis
2512 3137 2817 3185 commenta
2839 3144 2902 3183 ex
2928 3143 2991 3182 ea
3018 3126 3234 3197 probari
3258 3133 3533 3194 poterunt.
3555 3122 3665 3178 Scio
3686 3120 3800 3175 Atha-

2205 3216 2253 3278 C
2284 3227 2490 3279 nasium
2520 3232 2574 3277 et
2618 3224 2751 3276 alios
2790 3220 2977 3275 Patres
3018 3220 3238 3276 Grmcos
3268 3234 3332 3272 ac
3377 3218 3589 3273 Latinos
3622 3214 3801 3269 similiter
3888 3206 3889 3271 ἓ

2283 3319 2425 3371 ltuuc
2458 3317 2633 3370 locum
2661 3313 3018 3384 explicuisse;
3052 3314 3145 3369 sed
3185 3314 3227 3366 si
3260 3312 3434 3366 multo
3470 3312 3635 3379 plures
3659 3305 3803 3376 prolet-
3888 3350 3889 3355 η

2280 3416 2487 3473 rentur,
2513 3422 2617 3460 non
2641 3406 2878 3460 efﬁceret
2899 3419 3085 3459 eorum
3108 3403 3406 3457 auctoritas
3427 3403 3485 3456 ut
3506 3416 3675 3454 omnes
3692 3407 3804 3452 recte

2284 3496 2739 3567 interpretationis
2763 3496 2904 3563 leges
2922 3496 3337 3564 abrogarentur;
3357 3509 3478 3548 cum
3498 3500 3689 3547 constet
3705 3486 3803 3557 (quid

2280 3592 2422 3645 enim
2450 3605 2547 3643 nos
2572 3590 2657 3642 hic
2685 3587 2899 3643 mentiri
2930 3596 3019 3641 aut
3045 3586 3399 3641 dissimulare
3428 3585 3648 3656 cogati),
3670 3595 3805 3651 prope-

2284 3680 2497 3734 modum
2531 3692 2717 3733 omnes
2752 3678 3030 3747 imperitos
3069 3678 3269 3731 criticm
3312 3692 3487 3733 sacrm
3526 3686 3577 3731 et
3623 3674 3805 3729 infelices

2281 3773 2573 3840 Scripturm
2616 3773 2935 3841 interpretes
2977 3771 3169 3839 fuisse,
3201 3772 3466 3842 quidquid
3503 3771 3719 3826 dictitent
3747 3764 3806 3834 qui
3888 3754 3889 3777 ξ

2283 3880 2382 3920 nec
2411 3878 2527 3930 eos,
2559 3880 2656 3919 nec
2682 3865 3014 3934 Scripturam
3041 3874 3124 3918 sat
3148 3864 3394 3919 studiose
3426 3864 3679 3934 legerunt.

2355 3959 2520 4012 Ltano
2548 3973 2675 4012 xvn.
2704 3959 2834 4026 Cap.
2876 3960 2926 4012 l.
2956 3958 3188 4013 Faustus
3226 3960 3280 4012 in
3324 3959 3444 4012 hmc
3472 3958 3626 4011 verba
3659 3952 3797 4007 Matth.

2284 4068 2335 4115 v,
2366 4051 2459 4104 12:
2480 4051 2600 4103 Non
2618 4053 2727 4104 veni
2743 4050 2931 4104 solvere
2955 4052 3134 4119 legem,
3160 4051 3247 4104 sed
3285 4050 3585 4121 adimplere,
3608 4047 3675 4102 sic
3692 4042 3805 4099 stulte

2284 4144 2671 4198 ratiocinatur:
2705 4143 2832 4207 Quis
2880 4144 2973 4196 hoc
3007 4152 3218 4196 testatur
3257 4143 3454 4196 dixisse
3492 4139 3687 4194 Iesum?
3710 4134 3805 4189 Mal-

2287 4237 2468 4291 thwus.
2495 4236 2592 4290 Ubi
2606 4238 2808 4289 'dixisse
2831 4238 2854 4289 .’
2876 4235 2941 4289 1η
2958 4247 3143 4290 monte.
3162 4236 3362 4300 Quibus
3380 4232 3724 4301 prrrsentibus?
3742 4228 3805 4281 Pe-

2288 4337 2387 4393 tro,
2407 4329 2635 4395 Andrea,
2660 4326 2852 4381 Iacobo
2877 4337 2925 4381 et
2940 4326 3407 4397 Joanne;quatuor
3421 4328 3500 4380 his
3524 4336 3717 4386 tantum,
3741 4335 3807 4371 ταν-
3888 4370 3889 4373 η

2289 4427 2425 4471 teras
2438 4419 2571 4471 enim
2595 4420 2809 4472 necdum
2830 4418 3068 4489 elegerat,
3095 4434 3187 4471 nec
3204 4420 3375 4488 ipsum
3398 4404 3808 4480 Matt/tamunde]

2287 4508 2375 4561 Sic
2426 4510 2842 4563 ratiocinabatur
2894 4508 3157 4573 Faustus,
3226 4511 3349 4579 quia
3410 4508 3657 4564 credebat
3709 4503 3808 4557 Mat-

2210 4590 2263 4651 D
2288 4600 2483 4653 thmum
2518 4601 2759 4655 ordinem
2792 4604 3046 4668 temporis
3087 4602 3139 4655 in
3188 4616 3286 4673 sua
3332 4602 3636 4655 narratione
3668 4598 3808 4651 obser-

2288 4706 2481 4762 vasse,
2532 4694 2672 4763 quod
2724 4692 2792 4746 ab
2842 4707 2908 4747 eo
2958 4708 3063 4747 non
3109 4691 3306 4746 factum
3356 4707 3480 4747 esse
3534 4689 3741 4746 ostendit
3772 4684 3805 4735 in

2288 4802 2380 4840 sua
2412 4786 2727 4854 Evangelica
2757 4786 3043 4840 Harmonia
3084 4785 3323 4839 Joannes
3344 4784 3612 4841 Clericus:
3643 4798 3701 4837 ex
3734 4790 3807 4847 qua

2290 4876 2478 4946 liquet,
2520 4891 2626 4930 non
2671 4876 2981 4931 Matthmum
3015 4884 3239 4942 tantum,
3269 4877 3363 4931 sed
3396 4887 3449 4931 et
3488 4876 3705 4945 reliquos
3729 4886 3803 4923 om-

2290 4984 2388 5024 nes
2426 4971 2698 5037 apostolos
2726 4985 2791 5023 eo
2822 4980 3063 5039 tempore
3103 4970 3214 5037 jam
3255 4968 3424 5023 fuisse
3452 4968 3661 5031 electos,
3691 4973 3807 5031 atque

2291 5074 2600 5115 sermonem
2633 5075 2663 5113 e
2694 5070 2876 5114 monte
2922 5060 3159 5113 habitum
3200 5059 3497 5113 audivisse.
3528 5059 3646 5113 Eam
3681 5052 3805 5109 adito.

2288 5151 2336 5205 si
2367 5151 2498 5205 tanti
2528 5160 2631 5204 est.
2660 5150 2826 5204 Miror
2856 5150 3210 5220 Augustinum
3258 5150 3361 5203 hoc
3390 5165 3494 5203 non
3537 5144 3804 5215 reposuisse,

2288 5258 2411 5298 cum
2440 5246 2730 5312 cmteroqui
2756 5243 2931 5297 futiles
2961 5242 3138 5295 Fausti
3169 5241 3409 5310 argutias
3431 5256 3537 5293 non
3569 5237 3692 5294 male
3712 5246 3807 5286 con-

2288 5336 2443 5389 futet.
2466 5334 2580 5387 Non
2611 5333 2782 5388 solum
2808 5343 2982 5387 tamen
3007 5333 3285 5398 Faustum,
3313 5333 3405 5387 sed
3432 5342 3486 5387 et
3504 5331 3630 5385 alios
3656 5326 3804 5380 multos

2289 5427 2420 5496 fugit
2440 5425 2553 5479 haec
2575 5425 2898 5491 observatio,
2925 5426 3045 5477 etin
3067 5425 3353 5478 nonnullos
3374 5438 3586 5478 errores
3603 5415 3802 5486 conjecit.

2357 5519 2520 5573 LIBRO
2550 5532 2680 5571 ml.
2711 5517 2841 5585 Cap.
2872 5517 2960 5571 55.
3000 5515 3127 5569 Cum
3174 5517 3331 5588 igitur
3358 5514 3611 5568 Abraham
3635 5527 3683 5564 eo
3713 5519 3804 5559 tem-

2285 5628 2409 5681 pore
2423 5614 2631 5675 viveret,
2648 5612 2699 5663 in
2712 5610 2857 5663 rebus
2879 5609 3137 5673 humanis,
3154 5625 3251 5677 quo
3264 5608 3468 5677 quidem
3481 5608 3583 5677 jam
3598 5606 3804 5674 fratrem

2282 5715 2521 5773 utroque,
2540 5713 2704 5756 autem
2723 5703 2904 5766 altero,
2924 5701 3001 5755 vel
3024 5704 3185 5755 altera
3208 5709 3416 5769 parente
3431 5708 3571 5751 natos
3587 5694 3699 5749 necti
3709 5704 3799 5741 con-

2274 5801 2425 5870 jugio
2454 5814 2556 5857 non
2577 5796 2763 5855 licebat
2787 5813 2807 5867 ;
2834 5797 2971 5868 ﬁlios
3008 5812 3122 5855 vero
3148 5799 3367 5867 fratrum
3390 5795 3616 5870 aliosque
3646 5784 3802 5853 lougln‘
