3974 6356
191 322 305 381 517

871 322 1227 380 VARIORUM
1269 321 1861 379 EXERCITATIONES
1936 322 2000 377 IN
2031 320 2097 379 'S.
2140 323 2509 381 AUGUSTINI
2549 325 2806 381 OPERA.

3342 328 3446 387 518

192 443 372 512 quiore
390 442 557 513 gradu
574 443 767 511 generis
784 441 1207 514 consanguineos,
1222 439 1507 507 nullalege,
1524 439 1664 491 nulla
1676 454 1767 509 po-
1794 441 1849 499 Α
1871 438 2015 493 nium
2040 439 2469 495 Christianorum
2492 443 2793 512 suspectius
2818 457 2940 499 esse
2959 456 3065 497 non
3091 430 3268 512 potest
3286 460 3444 514 quam

192 540 373 587 testate
394 532 644 603 prohibita
657 532 967 586 consuetudo
978 532 1251 603 jungebat,
1268 531 1394 600 quid
1415 529 1604 583 mirum
1624 531 1670 583 si
1689 545 1773 582 so-

192 641 365 679 rorem
379 642 544 691 suam,
565 626 617 678 id
638 635 731 692 est,
753 643 815 679 ex
835 626 1252 697 patrissanguine
1278 634 1593 694 procreatam
1620 624 1776 677 habe-

191 714 277 768 bat
302 718 549 769 morem?
575 716 713 770 Nam
736 716 832 771 hoc
861 719 971 787 ipse
993 718 1224 770 reddenti
1252 717 1348 771 sibi
1376 733 1487 770 eam
1516 718 1622 787 regi
1645 716 1774 771 dixit

194 808 259 860 de
290 819 434 875 patre
461 824 564 862 esse
584 824 829 875 sororem,
856 826 956 862 non
983 810 1046 864 de
1073 808 1278 881 matre.]
1303 810 1407 864 Sed
1434 824 1539 864 non
1573 818 1775 863 tantum

193 914 424 951 sororem
454 911 630 965 vocat,
678 900 819 969 quod
862 899 1166 969 atnbiguum
1208 915 1327 954 esse
1361 902 1550 967 potuit,
1596 900 1688 954 sed
1715 900 1778 967 ﬁ-

197 990 326 1042 liam
352 994 537 1059 patris,
580 1008 681 1045 non
720 1009 835 1045 vero
878 995 1078 1057 matris,
1104 992 1239 1047 Gen.
1272 1010 1359 1059 xx,
1388 992 1455 1047 12
1484 1009 1547 1048 ex
1582 1009 1685 1062 quo
1716 994 1779 1047 li-

198 1090 333 1149 quet
362 1085 577 1150 proprie
608 1084 709 1137 hoc
734 1098 856 1139 esse
902 1085 1326 1154 intelligendum.
1351 1085 1428 1138 Ac
1457 1100 1588 1138 sane
1632 1086 1776 1139 nulla

199 1184 284 1227 est
318 1175 544 1229 historia
566 1192 686 1245 qua:
718 1194 815 1231 nos
844 1175 1035 1230 doceat
1060 1192 1127 1231 eo
1157 1185 1422 1246 tempore,
1453 1176 1591 1245 apud
1618 1174 1779 1230 Chal-

198 1263 371 1329 daeos,
410 1267 593 1319 illicita
647 1267 810 1322 fuisse
850 1266 1075 1320 fratrum
1116 1279 1170 1320 et
1213 1282 1458 1321 sororum
1499 1267 1775 1337 conjugis;

206 1356 450 1420 quamvis
512 1355 614 1408 hoc
667 1355 899 1410 afﬁrmet
941 1356 1287 1425 Augustinus.
1349 1357 1549 1410 Eadem
1600 1367 1780 1410 tamen

208 1460 416 1513 quoque
456 1444 557 1499 fuit
600 1446 863 1499 sententia
896 1445 1199 1515 Epiphanii,
1230 1447 1371 1514 quod
1406 1456 1632 1500 testatur
1652 1446 1781 1500 H22-

205 1535 313 1588 resi
340 1537 433 1599 59,
474 1552 623 1589 num.
652 1540 705 1599 7,
734 1548 786 1589 et
808 1537 1116 1607 Hieronymi
1144 1539 1193 1591 in
1223 1538 1362 1592 libro
1383 1548 1573 1593 contra
1601 1538 1782 1593 Helvi-

201 1625 369 1678 dium.
416 1627 484 1680 At
527 1635 719 1681 neuter
760 1628 869 1681 ulla
908 1637 1054 1681 certa
1104 1628 1303 1694 profert
1332 1628 1447 1696 ejus
1496 1628 1571 1681 rei
1619 1642 1781 1697 argu-

199 1726 403 1781 menta,
440 1732 557 1785 qua:
588 1718 767 1770 notior
798 1718 876 1770 eis
903 1732 1024 1772 esse
1065 1733 1221 1787 quam
1265 1718 1418 1773 nobis
1450 1734 1553 1771 non
1588 1719 1779 1785 potuit.

1877 532 2197 600 scriptorum
2220 534 2577 600 ethnicorum,
2607 537 2694 605 qui
2724 552 2933 591 summo
2960 552 3224 592 consensu
3251 548 3452 593 testan-

1878 630 1964 676 tur
1999 622 2274 678 tEneidem
2303 641 2422 680 esse
2453 626 2619 681 fetum
2651 638 2825 697 poette
2858 627 3097 697 Augusto
3125 630 3364 699 aequalis,
3398 640 3453 684 et

1877 729 2101 783 quorum
2128 717 2435 770 testimonio
2459 718 2628 789 stylus
2648 729 2702 773 et
2727 720 3032 789 przestantia
3060 722 3317 789 poematis
3338 736 3448 775 ma-

1877 806 2080 860 ximum
2140 808 2344 874 pondus
2391 808 2614 863 addunt.
2664 810 2828 881 Igitur
2874 811 3123 866 audiendi
3175 795 3279 866 non
3326 822 3453 867 sunt

1877 898 1987 967 qui,
2024 898 2139 952 sine
2175 897 2297 953 ullis
2330 901 2656 969 argumentis
2700 900 2918 967 criticis,
2966 902 3056 955 diu
3088 911 3205 971 post
3233 913 3453 972 aposto-

1879 988 2054 1043 lorum
2097 997 2360 1058 tempora,
2404 991 2566 1045 libros
2607 1005 2788 1044 eorum
2844 993 2895 1045 in
2942 992 3159 1047 dubium
3197 1008 3455 1049 revocare

1879 1084 2115 1149 aggressi
2144 1089 2289 1147 sunt,
2324 1090 2380 1134 ttt
2405 1082 2723 1136 commentis
2752 1082 2864 1135 suis
2889 1083 3202 1137 contrarios.

1950 1171 2087 1226 lbid.
2122 1172 2281 1236 Quasi
2312 1188 2426 1224 vero
2456 1179 2501 1225 et
2540 1172 2593 1225 in
2623 1172 2805 1225 litteris
2837 1172 3170 1226 secutoribus
3212 1188 3311 1226 non
3338 1172 3452 1241 fue-

1880 1262 1985 1315 rint
2016 1260 2118 1333 (sic
2157 1262 2438 1331 legendum
2480 1262 2652 1331 potius
2697 1277 2855 1331 quam
2906 1262 3137 1330 fuerunt)
3192 1263 3457 1316 certissimi

1880 1363 2139 1419 auctores,
2180 1352 2274 1407 sub
2304 1368 2521 1422 quorum
2557 1352 2845 1406 nominibus
2874 1352 3034 1404 multa
3062 1361 3233 1422 postea
3258 1351 3459 1421 prolata

1884 1454 2001 1499 sunt
2027 1455 2075 1498 et
2110 1446 2225 1499 ideo
2255 1446 2561 1518 repudiata;
2590 1445 2711 1509 quia
2739 1444 2815 1497 vel
2859 1444 2938 1497 Itis
2962 1460 3073 1510 qum
3102 1445 3327 1514 ipsorum
3354 1460 3461 1497 esse

1883 1544 2154 1600 constaret,
2188 1537 2394 1589 minime
2421 1545 2784 1606 congruerunt,
2812 1535 2888 1587 vel
2916 1552 2973 1588 eo
3001 1544 3225 1601 tempore
3253 1549 3353 1602 quo
3380 1532 3459 1585 illi

1882 1627 2199 1695 scripserint,
2232 1642 2553 1696 nequaquam
2590 1627 2904 1680 innotescere
2924 1634 2970 1678 et
2992 1641 3081 1695 per
3109 1626 3248 1695 ipsos
3284 1626 3361 1678 vel
3383 1625 3461 1695 fa-

1884 1714 2257 1769 miliarissimos
2287 1732 2463 1768 eorum
2489 1708 2541 1768 in
2582 1726 2808 1784 posteros
2835 1714 2983 1783 prodi
3018 1718 3462 1784 commendarique

201 1807 585 1877 Hieronymum
610 1807 1031 1861 videturtemere
1058 1818 1392 1863 secutusesse
1415 1812 1769 1877 Augustinus.
1808 1810 1860 1871 Β
1883 1805 2221 1878 meruerunt.]
2240 1807 2394 1862 Hisce
2407 1807 2537 1861 nihil
2558 1816 2864 1876 potestesse
2880 1811 3250 1883 κριτικώτερον.
3269 1808 3461 1860 Exem-

268 1896 439 1951 LIBRO
475 1912 663 1951 xxxttt.
710 1898 838 1966 Cap.
874 1900 926 1951 6.
962 1898 1066 1953 Sed
1095 1900 1217 1966 quid
1255 1898 1393 1952 vobis
1437 1900 1623 1967 faciant
1664 1900 1781 1969 (al-

198 1988 431 2056 laquitur
479 1988 834 2057 Manichzeos,
878 1993 967 2060 qui
1014 1990 1215 2044 Veteris
1264 1991 1591 2045 Testameuti
1636 1991 1782 2046 Scri-

203 2091 389 2150 pturas
428 2096 649 2148 prorsus
692 2082 1025 2151 rejiciebaut,
1068 2082 1197 2136 Novi
1250 2082 1464 2136 falsatas
1495 2097 1615 2138 esse
1646 2098 1779 2137 eon-

202 2170 553 2242 tendcbant),
589 2190 711 2241 quos
741 2183 916 2227 contra
958 2176 1246 2230 testimonia
1290 2176 1681 2245 Scripturarum
1708 2177 1783 2229 ita

198 2263 539 2335 obsurdefecit
578 2266 840 2333 iniquitas,
885 2275 937 2318 ut
968 2268 1215 2336 quidquid
1246 2266 1513 2319 adversum
1552 2283 1637 2319 vos
1662 2266 1782 2319 inde

202 2358 469 2424 prolatum
509 2362 659 2428 fuerit
708 2376 809 2413 non
843 2377 948 2413 esse
977 2361 1168 2413 dictum
1215 2360 1276 2413 ab
1319 2362 1586 2432 Apostolo,
1618 2362 1708 2414 sed
1751 2378 1783 2414 a

200 2450 488 2519 nescioquo
507 2451 741 2519 falsario,
758 2450 850 2503 sub
872 2452 983 2522 ejus
1001 2452 1199 2505 nomine
1226 2456 1468 2521 scriptum
1489 2467 1593 2505 esse
1615 2450 1784 2505 dicere

195 2542 435 2593 audeatis
452 2540 498 2612 Ρ]
523 2542 661 2595 Nihil
713 2541 945 2612 iniquius
988 2558 1049 2597 ac
1079 2542 1365 2597 absurdius
1398 2543 1522 2611 litigi
1570 2551 1780 2611 poterat

194 2646 352 2700 quam
400 2634 541 2702 quod
588 2633 855 2688 faciebant
900 2634 1208 2700 Manichaei;
1240 2634 1353 2703 qui,
1398 2635 1546 2689 nullo
1586 2636 1781 2692 critico

192 2736 515 2793 argumento
554 2726 689 2791 nixi,
724 2729 817 2780 sed
862 2736 1064 2781 tantum
1097 2726 1420 2796 praejudiciis
1461 2728 1632 2795 iisque
1659 2741 1783 2795 per-

192 2816 449 2870 absurdis
477 2818 753 2882 obcaicati,
786 2816 975 2872 falsata
1006 2833 1125 2872 esse
1166 2816 1417 2871 dicebant
1450 2832 1784 2887 qumcunque

192 2920 348 2965 erant
382 2912 436 2963 in
465 2912 844 2980 Apostolorum
883 2912 1094 2980 scriptis
1127 2911 1366 2980 ipsorum
1398 2911 1606 2979 placitis
1648 2926 1781 2966 con-

192 3003 383 3056 traria.
414 3002 603 3056 Merito
633 3003 962 3073 Augustinus
986 3002 1123 3056 hanc
1146 3002 1252 3056 illis
1281 3004 1466 3071 objicit
1496 2987 1784 3057 ratiocina-

195 3095 401 3149 tionem
438 3094 531 3148 lib.
565 3110 691 3148 xxrv
718 3112 732 3148 :
756 3076 1221 3161 In‘apostolorum
1252 3096 1434 3149 litteris
1462 3096 1598 3163 quod
1636 3095 1780 3149 volu-

1884 1900 2028 1968 plum
2078 1899 2339 1955 habemus
2385 1901 2558 1969 ipsum
2599 1900 2975 1967 Augustinum,
3026 1900 3179 1970 cujus
3218 1900 3461 1969 genuinis

1884 1991 2134 2059 operibus
2163 1991 2392 2045 admista
2423 2002 2575 2046 erant
2615 1991 2824 2045 saeculis
2865 1991 3111 2046 barbaris
3149 1991 3312 2067 multa
3337 2006 3463 2060 sup-

1883 2081 2120 2150 posititia
2149 2098 2164 2147 ;
2200 2098 2316 2151 qua:
2343 2081 2553 2136 Erasmi
2589 2081 2862 2151 diligentia
2891 2082 3104 2151 quidem
3131 2084 3343 2152 partim,
3367 2081 3465 2137 sed

1884 2170 2250 2228 Lovanienses
2292 2174 2591 2243 praesertim
2623 2190 2686 2228 ac
2728 2175 3054 2230 Benedictini
3100 2174 3238 2230 tribu
3268 2177 3465 2231 merito

1885 2276 2193 2333 moverunt,
2246 2265 2413 2332 adjuti
2444 2266 2680 2320 indiculo
2709 2282 2929 2337 operum
2966 2267 3325 2337 Hipponensis
3351 2270 3465 2337 epi-

1885 2358 2029 2425 scopi
2060 2372 2091 2410 a
2122 2356 2361 2411 Possidio
2396 2356 2718 2423 Calamensi,
2751 2361 2922 2415 amico
2953 2359 3068 2428 ejus
3097 2374 3160 2414 ac
3200 2360 3465 2430 discipulo

1885 2450 2213 2517 conscripto,
2243 2460 2297 2502 et
2317 2464 2473 2518 quem
2494 2448 2729 2504 Joannes
2753 2449 3092 2504 Vlimmerius
3120 2451 3323 2520 primus
3351 2453 3465 2506 edi-

1885 2540 1982 2594 dit.
2009 2541 2143 2595 Hinc
2166 2542 2329 2594 multa
2352 2544 2503 2610 quasi
2528 2542 2808 2612 Augustini
2837 2541 3068 2607 laudata,
3092 2543 3464 2613 superioribus

1887 2631 2118 2697 saeculis,
2172 2632 2367 2685 merito
2412 2643 2598 2701 postea
2639 2632 2837 2701 rejecta
2889 2642 3032 2701 sunt,
3072 2643 3126 2687 et
3156 2634 3464 2689 auctoribus

1886 2721 2246 2777 Benedictinis
2279 2722 2398 2793 jure
2429 2723 2647 2793 posthac
2675 2724 3002 2793 rejicietttur.
3046 2725 3194 2788 Quod
3238 2741 3358 2779 cum
3392 2728 3461 2781 ita

1885 2813 1974 2878 sit,
2019 2800 2468 2867 obelus‘criticus
2497 2814 2597 2868 erit
2639 2814 2984 2883 apponendus
3015 2815 3196 2869 multis
3236 2816 3367 2870 locis
3398 2832 3461 2872 ex

1889 2907 1952 2958 iis
1992 2904 2265 2973 opusculis
2313 2906 2554 2974 prolatis,
2604 2906 2670 2961 ab
2717 2906 2781 2960 iis
2825 2907 2915 2977 qui
2964 2908 3030 2962 de
3077 2913 3463 2964 controversiis

1889 2995 2202 3065 theologicis
2243 2999 2610 3066 superioribus
2641 2997 2853 3053 Steculis
2879 2999 3230 3068 scripserunt.
3266 3004 3464 3069 Quam-

1888 3088 2074 3141 obrem
2106 3089 2219 3142 veri
2249 3100 2491 3145 amantes
2522 3092 2720 3160 gratias
2760 3088 3122 3149 Benedictinis
3148 3095 3345 3151 habere
3372 3098 3465 3152 de-

206 3200 321 3239 mus
344 3202 513 3239 verunt
558 3196 653 3251 est,
683 3186 818 3256 quod
845 3186 1084 3239 nolumus
1119 3186 1309 3255 falsum
1340 3196 1445 3250 est;
1476 3202 1577 3255 qua
1608 3186 1783 3255 itnpu-
1810 3184 1857 3247 C
1887 3177 2039 3245 bent,
2069 3195 2200 3247 quas
2223 3196 2318 3233 nos
2346 3180 2433 3234 hic
2464 3181 2528 3235 iis
2556 3182 2783 3237 libenter
2809 3184 3036 3253 agimus.

207 3276 419 3332 dentius
446 3292 509 3331 ac
550 3278 763 3332 stultius
812 3277 941 3330 nihil
972 3278 1264 3346 excogitari
1300 3277 1490 3345 potuit.
1523 3277 1781 3345 Suspicor

211 3384 335 3423 sane
360 3368 621 3434 homines,
666 3368 710 3423 si
738 3368 851 3422 ausi
880 3368 1124 3434 fuissent,
1154 3368 1451 3437 rejecturos
1475 3369 1640 3423 fuisse
1667 3385 1783 3424 om-

220 3475 331 3515 nem
348 3460 696 3530 Scripturam,
725 3471 828 3514 tam
852 3460 983 3514 Novi
1011 3476 1168 3529 quam
1196 3460 1406 3515 Veteris
1422 3460 1779 3524 Testameuti;

231 3553 309 3607 sed
335 3553 455 3623 quia
485 3568 705 3606 numero
735 3552 1163 3606 Christianorum
1191 3552 1398 3607 censeri
1428 3552 1699 3616 volebant,
1729 3552 1780 3605 in

232 3644 465 3699 absurdus
489 3630 824 3713 conjecturas
847 3657 968 3698 esse
997 3643 1264 3713 delapsos.

290 3734 411 3789 lbid.
443 3734 521 3788 De
559 3750 655 3803 quo
693 3734 822 3787 libro
850 3745 1038 3788 certum
1083 3737 1180 3788 erit
1209 3738 1358 3806 cujus
1389 3736 1476 3800 sit,
1522 3734 1567 3787 si
1603 3734 1782 3788 littera:

232 3841 337 3891 quas
357 3824 697 3894 apostolorum
726 3826 847 3878 dicit
884 3836 929 3879 et
977 3835 1109 3879 tenet
1139 3820 1369 3878 Ecclesia
1412 3823 1473 3877 ab
1495 3825 1621 3894 ipsis
1655 3841 1783 3891 apo-

232 3915 353 3969 stolis
381 3928 677 3985 pr0pagato,
714 3926 759 3969 et
789 3932 878 3984 per
916 3933 1088 3970 omnes
1122 3928 1292 3988 gentes
1325 3926 1468 3969 tanta
1510 3918 1784 3971 eminentia

233 4008 487 4072 deelarala,
516 4018 683 4061 utrum
710 4007 1059 4076 apostolorum
1092 4010 1191 4061 sint
1214 4010 1457 4061 incertum
1484 4019 1589 4070 est;
1620 4020 1664 4062 et
1688 4008 1783 4062 hoc

233 4101 313 4151 erit
351 4110 533 4152 certum
578 4100 838 4169 scripsisse
881 4101 1161 4166 apostolos,
1210 4099 1348 4169 quod
1376 4099 1496 4153 huic
1540 4100 1783 4155 Ecclesia:

234 4192 679 4245 contrariilta'retici
693 4190 959 4262 proferunt
972 4202 1236 4246 auctorum
1259 4210 1471 4247 suorum
1492 4194 1781 4247 nominibus

233 4282 471 4350 appellati,
509 4283 658 4352 longe
684 4292 794 4353 post
823 4285 1095 4351 apostolos,
1126 4284 1452 4336 existentium
1477 4283 1521 4354 ?]
1569 4285 1782 4353 Optime

231 4388 361 4429 sane.
395 4373 524 4428 Cum
564 4376 707 4429 enim
763 4375 1039 4429 videamus
1078 4375 1360 4444 plerosque
1395 4390 1583 4430 omnes
1622 4377 1780 4429 Citri-

229 4467 429 4534 stianos,
475 4471 543 4523 ab
568 4468 635 4523 iis
685 4484 852 4538 usque
882 4470 969 4539 qui
1012 4469 1257 4539 proxime
1295 4471 1609 4538 apostolica:
1638 4470 1779 4523 artati

1959 3269 2095 3325 lbid.
2125 3269 2333 3335 Nonne,
2358 3281 2414 3324 ut
2439 3271 2569 3326 alios
2599 3274 2851 3342 omittam,
2871 3276 2964 3328 sub
2995 3275 3328 3347 Hippocratis
3359 3298 3465 3335 me-

1887 3360 1990 3413 dici
2022 3360 2326 3415 nobilissimi
2370 3362 2595 3431 nomine,
2620 3364 2827 3434 quidam
2858 3366 2975 3419 libri
2996 3367 3182 3436 prolati
3209 3371 3260 3423 in
3289 3381 3465 3425 aucto.

1885 3454 2088 3505 ritatem
2129 3470 2159 3505 a
2208 3454 2419 3506 medicis
2449 3471 2550 3506 non
2586 3458 2777 3525 recepti
2811 3458 2963 3511 sunt?
2991 3458 3101 3513 Nec
3139 3478 3225 3515 eos
3268 3464 3465 3535 adjuvit

1885 3548 2136 3599 nonnulla
2156 3548 2438 3601 similitudo
2454 3564 2621 3601 rerum
2642 3560 2790 3618 atque
2804 3551 3086 3622 verborum,
3103 3555 3305 3623 quando
3323 3573 3463 3609 com-

1885 3642 2054 3707 parati
2082 3641 2152 3693 eis
2176 3657 2301 3709 quos
2329 3657 2440 3695 vere
2463 3640 2794 3712 Hippocratis
2812 3661 2915 3697 esse
2940 3656 3208 3711 constaret,
3244 3650 3466 3718 impares

1877 3730 2106 3802 judicati
2148 3743 2302 3797 sunt;
2334 3742 2380 3785 et
2419 3734 2554 3801 quod
2599 3734 2662 3786 ab
2695 3751 2751 3788 eo
2799 3744 3023 3803 tempore
3050 3755 3149 3807 quo
3187 3750 3233 3792 et
3278 3752 3461 3795 cratera

1883 3820 2072 3889 scripta
2098 3821 2209 3888 eius
2240 3838 2340 3875 non
2370 3823 2699 3877 innatuerunt
2724 3826 2860 3896 quod
2878 3842 2990 3881 vere
3009 3834 3119 3899 ejus
3148 3832 3353 3904 essent.]
3384 3834 3460 3889 De

1885 3911 2085 3965 criticis
2114 3928 2332 3982 Operum
2360 3914 2697 3983 Hippocratis
2720 3918 2987 3987 variisque
3016 3935 3201 3975 eorum
3224 3924 3462 3991 judiciis,

1885 4005 2162 4060 adeundus
2206 4007 2449 4061 medicus
2492 4008 2733 4063 eruditus
2763 4009 2945 4065 Daniel
2987 4013 3247 4085 Clericus,
3281 4017 3334 4071 in
3363 4019 3462 4072 Hi-

1886 4097 2048 4150 storia
2068 4095 2364 4163 Medicinae,
2390 4097 2595 4154 Gallico
2617 4115 2866 4158 sermone
2892 4109 3213 4176 conscripta,
3246 4120 3297 4163 et
3319 4112 3460 4166 edita

1884 4188 2266 4244 Amstelodami
2291 4207 2433 4247 anno
2458 4191 2707 4259 cloloccr,
2748 4206 2897 4264 parte
2930 4198 2982 4262 l,
3014 4197 3107 4252 lib.
3136 4200 3188 4262 5,
3219 4216 3337 4271 cap.
3366 4205 3455 4258 30.

1887 4284 2282 4341 Dissimilitudo
2310 4290 2633 4357 scriptorum
2675 4290 2850 4347 eﬁecit
2879 4301 2937 4347 ut
2980 4309 3043 4348 ex
3075 4294 3239 4363 ipsius
3280 4302 3463 4367 Augu-

1885 4376 2011 4430 stini
2039 4377 2290 4446 operibus
2321 4379 2587 4434 innumeri
2618 4380 2778 4434 libelli
2822 4381 3163 4450 ejicerentur,
3203 4388 3289 4455 qui
3322 4404 3463 4443 nunc

1886 4467 1952 4521 ad
2003 4470 2201 4523 calcem
2260 4469 2593 4539 singulorum
2650 4472 2976 4527 voluminum
3039 4477 3459 4545 conspiciuntur.

227 4571 603 4625 successerunt,
638 4578 739 4615 una
774 4577 905 4617 voce
944 4561 1213 4615 afﬁrmare
1242 4562 1379 4630 haec,
1416 4564 1598 4632 paucis
1624 4577 1781 4616 exce-
1805 4554 1860 4616 D
1888 4558 2028 4614 ldem
2053 4569 2107 4615 et
2130 4562 2183 4615 in
2210 4562 2339 4631 laliis
2366 4562 2612 4619 Patribus
2647 4562 2848 4621 Graecis
2876 4575 2930 4619 et
2959 4567 3162 4623 Latinis
3195 4570 3311 4625 fieri
3351 4587 3461 4628 cte-

228 4655 340 4722 ptis,
365 4656 651 4723 apostolica
690 4670 810 4709 esse
853 4656 1085 4723 scripta;
1112 4666 1323 4709 nonest
1364 4671 1459 4709 cur
1499 4656 1777 4724 quisquam

226 4744 286 4798 de
331 4746 533 4799 illorum
573 4744 879 4799 testimonio
907 4744 1135 4809 dubitet,
1186 4748 1230 4797 si
1259 4744 1418 4798 modo
1448 4744 1501 4797 in
1531 4745 1594 4798 iis
1632 4745 1779 4798 libris

226 4837 347 4890 nihil
382 4838 449 4891 sit
484 4836 626 4906 quod
664 4844 811 4890 recta
840 4836 977 4889 ratio
1025 4836 1300 4905 indignum
1330 4852 1450 4890 esse
1479 4836 1669 4904 spiritu
1692 4837 1779 4891 di—

224 4931 337 4982 vino
360 4928 703 4982 demonstret.
744 4927 859 4979 Jam
887 4936 1066 4980 autem
1095 4942 1252 4981 nemo
1279 4942 1392 4991 eos,
1437 4928 1527 4996 qui
1558 4942 1662 4981 non
1697 4927 1776 4980 fa-

136 5022 139 5025 '
226 5027 334 5072 tuus
371 5022 437 5073 sit
470 5026 560 5071 aut
581 5032 746 5087 pravo
776 5017 1190 5086 ingenio,|ibros
1223 5020 1393 5087 leget,
1424 5018 1554 5087 quin
1577 5016 1779 5087 dignis-

228 5112 374 5164 simos
410 5126 527 5165 esse
568 5125 659 5165 eos
690 5109 995 5164 auctoribus
1036 5110 1228 5178 quibus
1268 5109 1592 5176 tribuuntur,
1623 5110 1778 5163 viris-

228 5214 320 5268 que
345 5217 371 5254 a
410 5201 518 5256 Deo
566 5201 764 5267 missis,
794 5215 898 5254 non
936 5200 1158 5268 judicet.
1195 5200 1247 5252 ln
1307 5199 1370 5252 iis
1408 5199 1567 5254 etiam
1598 5199 1777 5256 divina

230 5293 450 5358 qutedam
479 5291 797 5360 simplicitas
822 5306 885 5345 ac
910 5292 1188 5346 sinceritas
1214 5290 1367 5356 uitet,
1401 5307 1519 5361 quae
1552 5306 1670 5347 cum
1695 5307 1781 5347 se-

230 5385 481 5448 quentium
510 5384 827 5438 sreculorum
860 5383 1126 5452 ﬁgmentis
1152 5397 1211 5436 ac
1241 5383 1528 5451 pigmentis
1561 5383 1780 5437 minime

232 5477 500 5543 consentit;
546 5484 605 5530 ut
634 5476 788 5529 facile
819 5476 1085 5544 intelligas
1129 5490 1189 5530 ea
1222 5490 1344 5530 esse
1386 5477 1687 5546 antiquiora
1723 5485 1778 5531 et

231 5568 441 5634 profecta
486 5569 554 5623 ab
597 5583 785 5623 eorum
833 5566 1073 5621 manibus
1123 5568 1313 5638 quibus
1356 5567 1561 5621 similes
1602 5569 1776 5623 nullos

232 5672 390 5727 postea
434 5662 594 5716 fuisse
621 5661 885 5715 videmus.
917 5659 1080 5730 Igitur
1109 5676 1228 5714 cum
1274 5660 1475 5713 nullum
1506 5660 1599 5726 sit,
1634 5662 1684 5713 in
1716 5676 1774 5714 re

239 5765 344 5820 psa,
369 5751 449 5808 vel
484 5752 759 5809 minimum
787 5752 1164 5821 suppositionis
1193 5751 1443 5806 indicium
1468 5767 1484 5816 ;
1519 5751 1771 5807 testimoo

1886 4661 2030 4720 ptum
2059 4662 2161 4714 est.

1959 4742 2087 4797 Ibid.
2138 4742 2249 4797 IIos
2302 4753 2467 4799 autem
2510 4744 2668 4799 libros
2716 4746 2893 4816 quibus
2926 4748 3006 4800 illi
3055 4751 3142 4817 qui
3187 4751 3249 4803 de
3295 4762 3462 4806 trans-

1882 4852 2026 4890 verso
2048 4839 2400 4907 proferuntur,
2424 4839 2708 4908 comparati
2750 4852 3078 4908 respuuntur,
3107 4844 3241 4895 unde
3263 4854 3463 4899 constat

1884 4942 1990 4981 esse
2024 4927 2383 4998 Hippocratis;
2415 4930 2567 4994 unde,
2601 4931 2643 4983 si
2680 4933 2791 5000 quis
2831 4931 2924 4984 hoc
2952 4942 3114 5002 neget,
3158 4950 3247 4988 nec
3282 4937 3461 4990 saltem

1885 5018 2160 5088 refellitur,
2191 5022 2278 5074 sed
2300 5021 2513 5086 ridetur,
2539 5022 2638 5075 nisi
2659 5024 2775 5091 quia
2801 5023 2875 5075 sic
2902 5039 3008 5089 eos,
3031 5024 3094 5077 ab
3124 5029 3232 5095 ipso
3259 5023 3463 5097 Hippo-

1887 5113 2042 5165 cratis
2064 5119 2312 5183 tempore,
2331 5130 2487 5183 usque
2515 5114 2583 5165 ad
2614 5115 2707 5168 hoc
2728 5124 2920 5183 tempus
2941 5127 2988 5169 et
3005 5117 3239 5188 deinceps
3267 5136 3464 5175 succes-

1887 5205 2046 5277 sionis
2057 5206 2209 5258 series
2220 5206 2608 5272 commendavit,
2628 5218 2680 5260 ut
2696 5208 2810 5260 hinc
2822 5208 3053 5262 dubitare
3064 5209 3308 5266 dementis
3320 5214 3383 5268 sit
3403 5216 3427 5269 ?
3444 5214 3461 5287 ]

1889 5297 2014 5350 Haec
2042 5306 2097 5351 et
2124 5306 2323 5353 ctetera
2355 5315 2474 5366 qua:
2514 5300 2581 5354 de
2620 5301 2759 5354 veris
2802 5304 3106 5356 auctoribus
3136 5303 3460 5374 dignoscen-

1888 5388 1989 5453 dis,
2024 5389 2205 5443 multis
2250 5390 2538 5445 illustravit
2566 5393 2829 5461 exemplis
2877 5404 2931 5447 et
2964 5392 3286 5451 testimoniis
3316 5409 3461 5456 vetc-

1885 5497 2000 5534 rum
2027 5482 2263 5536 Joannes
2284 5482 2527 5538 Clericus
2568 5485 2718 5540 Artis
2748 5489 2947 5543 critica:
2987 5499 3137 5558 parte
3163 5493 3215 5555 5,
3242 5503 3373 5546 sect.
3400 5496 3458 5555 2,

1879 5574 1970 5628 ubi
2000 5575 2107 5644 agit
2145 5574 2212 5628 de
2252 5575 2466 5630 indiciis
2507 5580 2914 5649 suppositionis,
2959 5598 3057 5638 nec
3085 5599 3216 5639 sane
3243 5586 3460 5643 critico-

1876 5681 1995 5719 rum
2046 5668 2524 5735 praestantissimus
2564 5673 2784 5729 meliora
2835 5684 3017 5745 posset
3062 5676 3196 5732 hanc
3246 5679 3297 5733 in
3340 5693 3454 5735 rem

1876 5755 2143 5828 proferre.
