3974 6356
570 364 671 417 519

1446 358 1988 415 SUPPLEMENTUM
2032 362 2122 415 AD
2161 358 2389 415 OPE'RA
2428 358 2487 413 S.
2532 354 2926 413 AUGUSTINI.
3684 365 3763 423 590

639 473 766 527 Ibid.
792 471 1043 539 Platonis,
1074 473 1378 542 Aristotelis,
1401 473 1677 540 Ciceronis,
1701 474 1978 538 Varronis,
2002 473 2135 527 alio-
2162 480 2214 537 Α
2240 489 2339 528 nec
2368 475 2655 543 quisquam
2701 474 2803 527 nisi
2848 476 3065 526 insanus
3105 470 3173 526 de
3220 471 3284 525 iis
3314 470 3553 527 dubitare
3580 482 3762 546 poterit;

566 582 774 636 rumque
810 564 1063 637 ejusmodi
1100 576 1361 620 auctorum
1383 566 1559 632 libros,
1591 567 1724 619 unde
1760 574 2003 619 noverunt
2054 566 2142 618 ho-

566 658 721 710 mines
745 658 875 725 quod
897 656 1125 725 ipsorum
1158 656 1279 719 sint,
1304 655 1403 709 nisi
1429 655 1601 709 eadem
1630 667 1916 724 temporum
1944 654 2144 707 sibimet

565 748 933 801 succedentium
958 747 1317 800 contestatione
1342 747 1587 800 continua
1605 744 1662 816 ?]
1693 747 1843 801 Adde
1865 753 1921 800 et
1941 744 2141 799 nullam

569 840 731 899 fuisse
772 837 839 892 iis
876 838 965 907 qui
1006 838 1132 893 talia
1171 838 1419 893 dixerunt
1458 836 1752 891 mentiendi
1809 836 2139 905 prepositam

567 931 868 986 mercedem
895 939 987 985 aut
1025 929 1330 985 utilitatem.
1362 931 1492 996 Quae
1522 930 1699 983 omnia
1727 926 2009 982 verissime
2035 925 2143 980 dici

568 1036 788 1098 possunt
812 1026 877 1079 de
905 1026 972 1079 iis
1010 1025 1162 1080 libris
1212 1025 1400 1091 sacris,
1448 1024 1538 1093 qui
1566 1036 1779 1093 semper
1822 1020 1986 1082 habiti
2020 1028 2147 1074 sunt

566 1134 751 1173 eorum
797 1118 1072 1172 hominum
1106 1131 1331 1186 quorum
1382 1116 1591 1169 nomina
1627 1114 1937 1182 praeferunt.
1988 1112 2044 1165 lu
2088 1124 2148 1165 re

568 1211 679 1278 ipsa
714 1208 845 1264 nihil
870 1218 953 1264 est
984 1208 1124 1278 quod
1168 1222 1273 1262 non
1312 1207 1383 1260 sit
1420 1204 1793 1275 dignissimum
1834 1202 2145 1256 hominibus

568 1302 820 1357 divinitus
855 1302 1082 1364 afflatis;
1115 1315 1327 1368 semper
1352 1299 1419 1351 ab
1460 1295 1713 1350 omnibus
1741 1293 1830 1363 qui
1872 1309 1930 1347 se
1960 1307 2145 1347 eorum

567 1395 858 1466 discipulos
891 1392 1116 1463 professi
1158 1401 1302 1459 sunt,
1343 1404 1527 1443 eorum
1554 1386 1771 1456 genuini
1806 1384 1945 1439 fetus
1979 1383 2146 1436 habiti

568 1500 723 1551 sunt;
770 1500 867 1540 nec
913 1484 1048 1538 ratio
1091 1482 1240 1537 hisce
1281 1481 1386 1534 ulla
1421 1479 1519 1533 fuit
1556 1475 1871 1531 mentiendi.
1915 1474 2048 1528 Nam
2080 1474 2143 1526 iis

569 1580 738 1646 libris,
764 1578 915 1649 quasi
944 1576 1143 1631 divinis
1184 1573 1434 1628 admissis
1476 1580 1679 1625 tantum
1721 1570 1875 1623 abest
1904 1578 1961 1621 ut
1989 1566 2146 1636 quid-

569 1687 745 1741 quam,
775 1670 840 1723 ad
870 1671 1005 1723 hanc
1034 1668 1191 1721 vitam
1219 1666 1359 1733 quod
1391 1664 1605 1728 attinet,
1632 1662 1967 1715 lucrarentur
1992 1658 2147 1713 Chri-

569 1761 749 1825 stiani,
783 1768 1071 1826 utcontra,
1112 1758 1221 1826 jam
1253 1756 1421 1809 ferme
1452 1754 1518 1807 ab
1549 1753 1724 1816 initio,
1751 1764 1927 1804 mores
1958 1763 2143 1804 eorum

2251 565 2351 617 nisi
2369 565 2426 617 si
2457 564 2594 618 forte
2633 563 2855 633 epistola
2899 564 3075 633 aliqua
3106 561 3300 616 alicubi
3325 562 3629 621 delitescens
3652 575 3767 638 quasi

2251 657 2566 711 Erasmiana
2609 666 2796 724 postea
2828 656 3154 723 proferatur,
3190 655 3323 710 etin
3366 655 3575 712 dubium
3602 661 3661 714 ab
3683 665 3771 720 aliis

2252 754 2554 800 revocetur.
2593 748 2866 811 Attamen,
2912 761 2981 800 ne
3009 745 3135 815 quid
3173 745 3586 814 dissimulemus,
3622 764 3695 807 ars
3713 764 3772 825 ly-

2251 837 2570 906 pographica
2594 852 2705 892 rem
2728 838 2895 892 multo
2927 838 3212 893 certiorem
3236 852 3299 892 ac
3326 838 3607 895 faciliorem
3634 846 3773 900 reddi-

2250 928 2355 990 dit;
2403 938 2646 998 poterant
2686 931 2827 984 enim
2874 945 2938 984 ex
2988 930 3265 985 codicibus
3313 946 3445 985 mss.
3487 936 3775 1003 supposititia

2250 1020 2414 1074 multa
2460 1020 2707 1089 proferri,
2756 1035 2875 1091 quae
2913 1022 3116 1075 revinci
3154 1021 3332 1091 facile,
3380 1035 3595 1092 propter
3626 1029 3777 1082 rarita-

2251 1120 2357 1165 tem
2389 1113 2793 1179 exemplarium,
2839 1128 2946 1166 nou
2989 1122 3257 1181 poterant.
3298 1116 3377 1167 Ac
3407 1128 3535 1168 sane
3563 1130 3682 1184 opus
3708 1117 3780 1173 fuit

2250 1201 2685 1270 splendidissima
2726 1203 2928 1258 criticse
2965 1203 3081 1258 luce
3126 1215 3182 1259 ut
3222 1214 3628 1261 secernerentur
3652 1209 3782 1277 ipsius

2248 1294 2527 1362 Augustini
2558 1309 2722 1364 opera
2750 1295 2978 1364 genuina
3007 1311 3034 1348 a
3066 1296 3445 1364 supposititiis.

2321 1384 2560 1440 Tandem
2590 1385 2668 1439 sic
2696 1386 2964 1455 egregiam
2995 1387 3197 1441 hancce
3230 1388 3639 1456 disputationem
3670 1392 3782 1446 clau-

2249 1474 2326 1529 dit
2354 1492 2366 1528 :
2398 1476 2524 1541 Quae
2557 1492 2672 1529 cum
2702 1478 2775 1531 ita
2799 1481 2922 1542 sint,
2969 1480 3082 1547 quis
3121 1480 3326 1533 tandem
3366 1488 3509 1534 tanto
3533 1482 3690 1550 furore
3713 1503 3783 1540 cat-

2248 1575 2409 1632 catur,
2444 1568 2542 1620 nisi
2572 1569 2941 1622 daemoniorum
2976 1571 3487 1640 mendaciloquorum
3513 1575 3703 1629 malitite
3722 1592 3779 1629 at-

2249 1675 2346 1723 que
2375 1659 2601 1728 fallacia:
2640 1662 3000 1714 consentiendo
3034 1663 3302 1716 subversus
3336 1664 3425 1729 sit,
3457 1665 3540 1732 qui
3577 1666 3695 1718 dicat
3716 1669 3782 1720 hoc

2249 1751 2430 1802 mereri
2475 1749 2596 1820 (hoc
2648 1760 2731 1805 est
2767 1754 3045 1822 consequi,
3090 1762 3146 1807 ut
3186 1755 3411 1824 passim)
3464 1772 3565 1809 non
3609 1762 3781 1825 potuisse

569 1866 622 1908 et
653 1850 1088 1914 consuetudines,
1127 1849 1236 1902 imo
1268 1846 1429 1901 etiam
1472 1843 1752 1913 Opiniones
1783 1841 1982 1902 multm,
2008 1855 2145 1909 prae-
2172 1851 2223 1911 Β
2249 1842 2601 1910 apostolorum
2646 1841 2949 1909 Ecclesiam,
2994 1854 3097 1898 tam
3131 1846 3313 1915 ﬁdam,
3365 1856 3470 1899 tam
3507 1865 3779 1904 numerosam

570 1946 757 2001 sertim
805 1945 1149 2015 sequentibus
1197 1942 1461 2009 aetatibus,
1505 1955 1570 1994 ex
1618 1937 1684 1991 iis
1725 1936 1969 2005 redargui
2013 1950 2142 2002 pos-

571 2046 714 2091 sent.
751 2036 993 2091 Profecto
1026 2036 1071 2089 si
1101 2034 1311 2089 conficti
1344 2039 1546 2095 essent,
1574 2029 1647 2082 ita
1675 2036 1859 2082 essent
1880 2027 2065 2094 scripti
2090 2034 2148 2080 ut

571 2129 636 2183 ad
664 2130 1084 2184 emolumentum
1115 2139 1301 2182 eorum
1333 2126 1632 2191 famamque
1659 2120 1750 2189 qui
1778 2120 1844 2172 iis
1872 2127 2149 2173 uterentur

571 2231 904 2290 spectarent;
938 2236 1040 2275 non
1068 2234 1161 2274 eos
1184 2230 1289 2274 tam
1329 2226 1531 2288 aperte,
1558 2215 1634 2268 uti
1665 2214 1884 2276 faciunt,
1917 2212 2145 2265 damna-

571 2321 710 2376 rent,
739 2321 794 2367 et
813 2322 871 2366 ut
897 2313 1192 2381 degeneres
1221 2310 1554 2365 Christianos
1592 2304 1929 2371 infamarent,
1962 2314 2018 2359 et
2047 2318 2146 2358 no-

572 2416 759 2455 vorum
781 2401 1090 2471 dogmatum
1120 2416 1184 2456 ac
1211 2403 1408 2455 rituum
1439 2396 1746 2453 conditores
1777 2396 1940 2451 fuisse
1963 2406 2147 2451 osten-

572 2492 777 2547 derent.

640 2584 772 2639 Ibid.
806 2582 963 2637 Multi
1005 2588 1165 2638 multa
1208 2584 1271 2638 de
1306 2583 1492 2637 litteris
1528 2583 1879 2637 ecclesiasticis
1924 2579 2148 2633 conscri-

574 2687 803 2744 pserunt,
834 2693 937 2731 non
965 2678 1170 2747 quidem
1206 2679 1510 2732 auctoritate
1555 2678 1826 2746 canonica,
1861 2678 1948 2730 sed
1973 2675 2147 2745 aliqua

571 2771 851 2841 adjuvandi
878 2771 1068 2836 studio,
1095 2771 1200 2823 sive
1228 2770 1478 2823 discendi.
1512 2770 1657 2823 Unde
1685 2778 1882 2823 constat
1906 2768 2030 2835 quid
2059 2783 2150 2820 cu-

572 2863 654 2927 ius
682 2861 770 2925 sit,
801 2861 901 2914 nisi
922 2862 1045 2930 quia
1073 2861 1136 2913 iis
1158 2860 1468 2931 tentpm'ibus
1496 2861 1676 2924 quibus
1705 2877 1765 2913 ea
1785 2861 1994 2929 quisque
2018 2859 2149 2911 scri-

571 2954 689 3021 psit,
720 2952 900 3021 quibus
940 2953 1101 3021 potuit
1142 2953 1415 3007 insinuavit
1461 2963 1611 3023 atque
1646 2952 1829 3019 edidit,
1862 2962 1906 3005 et
1951 2953 2068 3005 inde
2094 2951 2150 3004 in

570 3044 702 3096 alios
727 3028 876 3111 atque
906 3043 1057 3109 alios,
1104 3045 1397 3097 continuata
1424 3045 1628 3109 notitia,
1664 3044 1914 3111 latiusque
1945 3043 2148 3110 ﬁrmata

573 3133 639 3187 ad
672 3134 971 3201 posteriores
993 3135 1141 3187 etiam
1167 3150 1322 3204 usque
1353 3136 1420 3187 ad
1451 3144 1625 3187 nostra
1651 3142 1880 3202 tempora
1907 3146 2144 3202 pervene-

2250 1932 2469 1999 fratrum
2493 1932 2836 1991 concordiam.
2874 1944 2928 1986 ut
2966 1951 3141 1988 eorum
3169 1938 3363 2005 scripta
3387 1936 3603 2005 ﬁdeliter
3623 1943 3781 2009 trajice-

2250 2034 2392 2089 rent;
2421 2041 2535 2077 cum
2558 2042 2732 2079 eorum
2760 2027 3028 2079 cathedras
3060 2044 3216 2096 usque
3244 2028 3314 2079 ad
3344 2040 3611 2096 prtesentes
3630 2032 3782 2101 episco-

2251 2132 2342 2184 pos
2373 2118 2658 2171 certissima
2696 2120 3013 2173 successione
3042 2122 3388 2184 servaverint;
3434 2137 3547 2173 cum
3578 2124 3662 2176 hoc
3684 2140 3779 2193 qua-

2250 2210 2574 2280 liumcunque
2624 2212 2891 2265 hominum
2934 2213 3157 2281 scriptis,
3195 2214 3300 2266 sive
3345 2224 3493 2267 extra
3531 2213 3779 2283 Ecclesium,

2248 2303 2351 2355 sive
2372 2297 2427 2355 in
2456 2304 2569 2372 ipsa
2602 2302 2853 2370 Ecclesia,
2893 2312 3031 2357 tanta
3069 2303 3321 2372 facilitate
3369 2306 3781 2375 pratteniatI’jlltrc

2253 2397 2422 2465 probe
2463 2406 2586 2451 sunt
2616 2397 2929 2465 pensitanda
2960 2398 3025 2452 iis
3059 2399 3148 2468 qui
3182 2402 3385 2468 scripta
3413 2400 3704 2468 apostolica,
3735 2401 3782 2454 ali

2251 2489 2490 2556 ipsorum
2525 2497 2683 2544 astate
2721 2489 2970 2544 erunibus
3017 2499 3140 2543 nota
3187 2489 3374 2556 fuisse,
3425 2506 3615 2561 perque
3643 2491 3781 2545 Eccle~

2251 2581 2360 2635 sias
2407 2596 2616 2649 Sparsa,
2647 2596 2709 2635 ac
2738 2581 2944 2650 publice
2986 2581 3120 2636 lecta
3149 2592 3377 2651 negant;
3408 2582 3504 2637 sed
3544 2598 3572 2636 a
3608 2582 3779 2636 secundi

2251 2673 2471 2729 demum
2499 2674 2682 2729 saeculi
2707 2673 3012 2728 hominibus
3044 2675 3096 2728 in
3122 2675 3294 2729 lucem
3326 2684 3591 2744 protracta
3625 2674 3776 2726 volunt.

2254 2763 2476 2819 Videtur
2522 2765 2849 2835 Augustinus
2895 2766 2948 2819 in
2995 2766 3173 2820 animo
3213 2767 3466 2822 habuisse
3494 2768 3653 2821 locum
3687 2766 3777 2818 Ter-

2254 2856 2461 2912 tulliani
2490 2857 2557 2911 de
2586 2857 2996 2927 Prtescriptione
3021 2865 3207 2912 contra
3235 2858 3539 2923 haereticos,
3573 2872 3674 2925 cap.
3697 2856 3774 2908 ὅδε

2252 2950 2358 3018 Age
2376 2950 2515 3019 jam,
2537 2948 2623 3017 qui
2654 2948 2791 3001 voles
2816 2949 3160 3001 curiositatem
3182 2949 3363 3002 melius
3386 2963 3632 3013 exercere,-
3658 2948 3698 2997 in
3720 2960 3776 2996 ne-

2252 3046 2388 3114 gotio
2412 3042 2591 3095 salutis
2620 3052 2739 3107 ture,
2762 3057 3005 3111 percurre
3055 3041 3306 3095 Ecclesias
3336 3040 3652 3110 apostolicas,
3679 3036 3777 3105 apud

2254 3152 2381 3204 quas
2406 3140 2531 3206 ipsa:
2556 3136 2724 3188 adhuc
2756 3134 3010 3187 cathedra:
3035 3137 3387 3203 apostolorum
3417 3135 3519 3186 suis
3547 3134 3659 3185 locis
3684 3142 3777 3198 pars

574 3235 713 3293 runt,
742 3227 814 3279 ita
839 3235 896 3279 ut
925 3229 1226 3296 interrogati
1249 3227 1397 3297 cujus
1421 3228 1633 3296 quisque
1656 3224 1779 3280 liber
1806 3227 1890 3289 sit,
1910 3242 2014 3278 non
2047 3226 2145 3277 haz-
2171 3216 2219 3280 C
2253 3229 2444 3292 sident;
2477 3227 2616 3296 apud
2643 3242 2767 3296 quas
2792 3227 2915 3297 ipsa?
2944 3227 3251 3281 authenticaz
3292 3228 3476 3279 litterw
3505 3237 3661 3276 eorum
3684 3221 3778 3272 reri-

576 3319 775 3373 sitemus
804 3318 926 3388 quid
966 3320 1270 3387 respondere
1298 3318 1616 3388 debeamus.]
1658 3319 2006 3374 Verissimum
2048 3317 2149 3373 hoc

576 3419 657 3464 est
685 3411 750 3464 de
780 3409 931 3464 libris
973 3410 1373 3479 insignioribus,
1402 3420 1455 3467 et
1484 3411 1575 3481 qui
1607 3413 1659 3466 in
1705 3414 1944 3466 omnium
1972 3412 2149 3466 mani-

470 3568 481 3584 .
576 3501 674 3555 bus
706 3502 903 3556 versati
948 3501 1184 3568 fuerant,
1230 3503 1297 3556 ab
1328 3506 1439 3573 ipsa
1481 3504 1801 3574 scriptorum
1828 3506 2022 3575 quibus
2051 3505 2149 3559 tri-

575 3591 808 3647 buuntur
843 3601 1024 3649 astate.
1071 3594 1283 3663 Alioqui
1311 3594 1421 3664 jam
1463 3594 1554 3648 illo
1594 3611 1709 3650 aevo
1750 3596 1914 3650 multa
1946 3595 2153 3650 fuerant

577 3684 872 3753 supposita,
902 3693 959 3738 ut
986 3685 1036 3738 in
1063 3688 1210 3739 Artis
1237 3689 1438 3741 criticze
1467 3696 1618 3755 parte
1640 3698 1935 3742 memorata
1968 3688 2152 3743 multis

573 3785 845 3830 ostensum
884 3785 986 3831 est.
1021 3775 1156 3831 Hinc
1184 3788 1395 3847 quoque
1422 3778 1749 3847 Augustinus
1780 3780 2041 3848 potuisset
2070 3781 2153 3834 in-

579 3868 818 3937 telligere
853 3878 907 3923 et
936 3868 1250 3938 sibyllarum
1289 3880 1341 3924 et
1370 3870 1636 3925 Hermetis
1663 3871 1995 3940 Trismegisti
2024 3886 2152 3940 sup-

576 3960 779 4031 positos
816 3960 982 4016 fuisse
1008 3961 1194 4029 libros,
1222 3963 1311 4032 qui
1339 3972 1464 4017 ante
1496 3978 1664 4032 pauca
1706 3963 1900 4018 saecula
1931 3978 2152 4032 prorsus

582 4055 748 4125 ignoti
777 4055 1005 4109 fuerant.
1036 4056 1142 4111 Sed
1183 4073 1245 4111 ex
1272 4072 1339 4111 eo
1365 4059 1506 4127 quod
1543 4059 1695 4132 multi
1722 4066 1847 4112 sunt
1876 4057 1993 4112 libri
2024 4074 2153 4125 sup-

575 4149 755 4218 positi,
798 4164 902 4203 non
950 4150 1190 4217 sequitur
1228 4166 1415 4205 omnes
1466 4165 1624 4219 posse
1672 4150 1724 4204 in
1764 4150 2154 4220 suppositionis

575 4241 935 4310 suspicionem
968 4243 1139 4307 trahi;
1172 4251 1263 4296 aut
1304 4243 1425 4312 quia
1455 4252 1579 4297 sunt
1621 4242 1770 4296 multi
1797 4242 1932 4307 veri,
1963 4257 2155 4297 omnes

576 4346 733 4402 posse
760 4346 858 4401 pro
887 4333 1135 4401 legitimis
1166 4332 1361 4386 fetibus
1391 4348 1575 4386 eorum
1616 4332 1809 4402 quibus
1839 4331 2155 4387 tribuuntur

575 4423 781 4478 haberi.
812 4423 966 4490 Quod
993 4424 1529 4478 animadvertendum
1557 4424 1607 4477 in
1642 4438 1737 4477 eos
1763 4424 1852 4492 qui
1880 4438 1945 4476 ex
1980 4423 2154 4491 impe-

576 4515 697 4569 ritia
733 4513 959 4579 criticaa,
1003 4524 1094 4568 aut
1135 4514 1298 4569 nimio
1325 4514 1542 4581 alfcctu,
1589 4515 1640 4567 in
1674 4516 1930 4568 alterutro
1961 4514 2151 4569 horum

582 4615 943 4661 extremorum
976 4615 1289 4675 peccarunt.

647 4697 780 4752 Ibid.
834 4697 940 4752 Sed
984 4697 1107 4765 quid
1150 4713 1358 4767 pergam
1399 4698 1451 4751 in
1491 4698 1642 4769 longe
1682 4697 1975 4768 praeterita?
2021 4694 2155 4750 Ecce

578 4790 700 4844 istas
723 4792 913 4845 litteras
939 4807 1064 4860 quas
1085 4789 1325 4843 habemus
1346 4791 1401 4843 in
1432 4791 1686 4857 manibus,
1717 4791 1760 4842 si
1782 4799 1891 4860 post
1918 4790 2155 4856 aliquan-

575 4890 684 4935 tum
706 4893 900 4952 tempus
926 4883 1043 4935 vita:
1063 4880 1221 4951 hujus
1242 4891 1457 4951 nostrae,
1474 4884 1550 4934 vel
1569 4882 1687 4934 illas
1711 4882 1979 4951 quisquam
2013 4879 2155 4932 Fau-

574 4974 639 5025 sti
680 4989 809 5038 esse,
850 4973 926 5026 vel
973 4974 1065 5026 has
1106 4982 1253 5041 neget
1296 4989 1402 5026 esse
1432 4989 1587 5039 meas,
1640 4973 1774 5026 unde
1813 4972 2149 5036 convincitur,

575 5064 676 5119 nisi
703 5067 821 5135 quia
850 5066 927 5119 illi
952 5068 1038 5134 qui
1065 5082 1199 5118 nunc
1218 5066 1315 5119 ista
1348 5076 1616 5132 noverunt,
1645 5066 1879 5118 notitiam
1908 5082 2052 5117 suam
2081 5064 2150 5116 ad

576 5156 723 5226 longe
742 5158 897 5210 etiam
918 5166 1030 5223 post
1056 5157 1255 5226 futuros
1276 5158 1582 5210 continuatis
1606 5164 1922 5226 posterorum
1950 5170 2150 5207 succes-

575 5246 801 5300 sionibus
844 5248 1166 5320 trajiciunt?]
1205 5248 1350 5302 Talia
1402 5248 1640 5317 quotidie
1677 5247 1908 5317 experiri
1944 5246 2069 5317 licet
2095 5247 2149 5299 in

577 5337 642 5391 iis
662 5352 778 5407 quae
808 5339 1068 5407 majorum
1099 5348 1408 5394 nostrorum
1439 5348 1595 5394 astate
1617 5339 1816 5407 scripta
1842 5346 1995 5403 sunt;
2019 5349 2152 5405 quo—

577 5443 694 5482 rum
735 5429 991 5497 permulta
1036 5430 1107 5483 ita
1154 5431 1381 5485 celebria
1423 5430 1662 5494 fuerunt,
1710 5439 1767 5483 ut
1816 5429 1871 5482 in
1912 5427 2153 5482 omnium

576 5518 821 5573 manibus
871 5519 938 5573 ab
987 5520 1137 5575 initio
1184 5522 1400 5590 fuerint,
1452 5522 1665 5592 sintque
1715 5529 1896 5589 postea
1952 5522 2148 5572 futura.

575 5612 821 5682 Exempli
859 5625 1038 5678 causa,
1095 5614 1351 5668 habemus
1401 5615 1579 5669 Desid.
1628 5615 1838 5669 Erasmi
1884 5628 2046 5683 opera
2094 5621 2151 5667 et

574 5705 797 5760 seorsim
826 5712 880 5759 et
907 5706 1233 5774 conjunctim
1272 5708 1389 5776 ejus
1417 5717 1577 5765 astate
1605 5709 1769 5775 edita,
1809 5725 1931 5779 qua:
1954 5708 2017 5761 ad
2051 5720 2149 5762 nos

577 5799 905 5865 transmissa,
928 5812 1038 5872 nos
1062 5814 1272 5872 quoque
1310 5801 1375 5856 ad
1404 5812 1649 5871 posteros
1681 5803 2140 5869 transmittemus,

2178 4585 2233 4643 D

2253 3331 2450 3385 tantur,
2480 3329 2723 3374 sonantes
2743 3335 2913 3373 vocem
2932 3328 2979 3372 et
3006 3328 3434 3390 repra’sentantes
3466 3317 3634 3386 {aciem
3648 3312 3779 3366 unius-

2254 3416 2523 3483 cujusque.
2552 3412 2800 3466 Proxima
2838 3413 2927 3464 tibi
2960 3422 3032 3465 est
3057 3410 3291 3465 Achaia?
3321 3410 3479 3463 habes
3509 3406 3779 3461 Corinthum.

2256 3507 2315 3561 Si
2340 3522 2441 3558 non
2469 3506 2618 3575 longe
2645 3522 2698 3557 es
2735 3522 2766 3557 a
2815 3503 3144 3570 Macedonia,
3173 3503 3331 3557 habes
3362 3502 3635 3571 Philippos,
3665 3496 3779 3547 habes

2258 3598 2756 3652 Thessalonicenses.
2809 3596 2869 3652 Si
2914 3608 3054 3666 potes
3078 3597 3131 3650 in
3169 3597 3349 3650 Asiam
3398 3596 3625 3655 tendere,
3667 3588 3780 3639 habet

2255 3693 2538 3761 Ephesum.
2576 3693 2637 3748 Si
2658 3704 2829 3746 autem
2854 3682 3026 3745 Italia:
3052 3692 3276 3763 adjaces,
3314 3691 3551 3755 Romam,
3588 3683 3700 3739 unde
3716 3696 3779 3733 nos

2254 3785 2329 3839 bis
2350 3802 2544 3855 quoque
2571 3785 2845 3839 auctoritas
2868 3794 3054 3854 prarsto
3075 3792 3172 3837 est.

2332 3878 2501 3946 Igitur
2530 3891 2650 3930 cum
2684 3892 2711 3929 a
2764 3875 3094 3942 temporibus
3133 3872 3445 3942 apostolicis
3492 3872 3540 3924 in
3585 3861 3779 3922 Ecclesiis

2256 3984 2390 4038 quas
2414 3968 2771 4023 condiderant
2793 3969 3033 4021 recitata:
3065 3968 3289 4021 fuissent
3326 3965 3624 4019 authentica:
3652 3969 3779 4012 eorum

2257 4062 2463 4126 litterte,
2511 4075 2617 4113 non
2666 4059 2783 4113 sine
2811 4074 3016 4112 summa
3063 4059 3391 4127 impudentia
3440 4057 3504 4110 ab
3548 4046 3776 4107 hmr'eticisi

2257 4151 2604 4221 sequentibus
2629 4150 2874 4205 aetatibus
2896 4151 3118 4209 exortis.
3157 4150 3556 4218 rejiciebantur.

2723 4239 3374 4296 ANIMADVERSIONES

2698 4350 2748 4388 IN
2780 4348 2962 4388 LIBROS
2992 4350 3058 4387 DE
3086 4349 3397 4388 TRINITATE.

2329 4424 2490 4480 thsuo
2520 4441 2559 4479 1.
2587 4425 2715 4495 Cap.
2752 4428 2800 4490 1,
2837 4426 2863 4496 §
2897 4428 2947 4480 1.
2975 4425 3085 4479 'Esl
3112 4427 3230 4478 item
3261 4427 3408 4479 aliud
3451 4420 3689 4476 hominum
3715 4426 3778 4481 ge-

2257 4518 2381 4583 nusf,
2432 4534 2608 4570 eorum
2649 4520 2736 4587 qui
2790 4519 3072 4571 universam
3120 4519 3325 4586 quidem
3376 4524 3660 4573 creaturam,
3695 4515 3778 4571 θιιίε

2258 4610 2484 4679 profecto
2511 4608 2768 4662 mutabilis
2798 4618 2889 4674 est,
2923 4610 3155 4662 nituntur
3185 4608 3548 4670 transcendere,
3578 4611 3624 4655 ut
3650 4598 3706 4650 ad
3722 4596 3777 4645 im

2258 4700 2668 4754 commutabilem
2708 4702 3065 4765 substantiam,
3095 4718 3207 4771 quas
3246 4700 3387 4755 Deus
3415 4709 3506 4764 est,
3532 4697 3700 4763 erigant
3720 4688 3776 4737 in-

2258 4793 2556 4859 tentionem,
2590 4789 2720 4861 etc.]
2763 4792 3067 4846 Platonicos
3097 4792 3364 4861 intelligit,
3398 4800 3485 4844 aut
3527 4778 3776 4840 Platonico-

2258 4900 2377 4938 rum
2412 4884 2630 4939 lectioni
2668 4884 2910 4949 deditos;
2942 4884 2994 4937 hi
3040 4884 3207 4949 enim,
3240 4894 3432 4953 printer
3460 4889 3629 4933 omnes
3654 4868 3773 4926 alios.

2261 4976 2641 5047 incorporeum
2685 4991 2955 5030 summurn
3001 4976 3206 5030 Numen
3255 4990 3376 5029 esse
3415 4962 3773 5028 contendebant-

2261 5069 2491 5123 Eosdem
2533 5069 2752 5138 respicit
2795 5067 2941 5122 hisce
2986 5067 3179 5134 verbis,
3231 5067 3424 5137 quibus
3468 5048 3774 5131 paragraphus

2259 5159 2523 5214 clauditur
2546 5175 2562 5215 :
2589 5160 2687 5224 Qui
2715 5169 2884 5213 autem
2916 5167 3060 5229 putat
3100 5160 3212 5227 ejus
3244 5174 3350 5212 esse
3384 5151 3603 5228 pottrntirc
3629 5142 3771 5195 Deum.

2260 5261 2312 5302 ut
2343 5252 2563 5321 seipsum
2586 5252 2691 5320 ipse
2707 5251 2959 5320 genuerit,
2983 5266 3041 5302 eo
3063 5248 3181 5318 plus
3208 5256 3361 5314 errat,
3386 5242 3517 5317 quod
3537 5252 3625 5291 non
3643 5229 3770 5283 solum

2261 5339 2397 5394 Deus
2423 5344 2496 5395 ita
2519 5359 2616 5395 non
2639 5352 2732 5407 est,
2761 5343 2848 5396 sed
2870 5358 2956 5394 nec
2972 5342 3248 5409 spiritualis
3275 5357 3362 5394 nec
3391 5326 3647 5403 corporalis
3664 5330 3770 5372 crea-

2263 5443 2409 5499 tura;
2437 5433 2585 5486 nulla
2622 5436 2756 5487 enim
2784 5434 2992 5486 omnino
3039 5450 3118 5486 res
3167 5442 3239 5487 est
3270 5448 3382 5502 qua:
3414 5428 3609 5496 seipsam
3634 5410 3767 5483 9‘9"“

2262 5537 2316 5578 ut
2347 5527 2429 5578 sit.
2455 5526 2544 5580 Sic
2564 5528 2704 5580 enim
2730 5526 3082 5596 loquebantur
3104 5527 3260 5596 vulgo
3282 5517 3547 5580 Platonici,
3571 5517 3619 5565 ut
3637 5505 3765 5596 Deut“

2256 5617 2337 5670 sui
2367 5617 2531 5685 ipsius
2553 5619 2851 5685 genitorem
2884 5618 3160 5683 dicerent;
3191 5616 3331 5688 quod
3360 5608 3536 5680 insigni
3561 5587 3759 5658 exemplo

2256 5709 2592 5765 ostendimus
2618 5711 2681 5766 ad
2709 5720 2836 5766 tom.
2866 5710 2953 5786 Vl,
2987 5711 3080 5767 lib.
3105 5711 3170 5767 de
3192 5704 3568 5781 Quaestionibus
3581 5696 3757 5755 cnsui,

2256 5809 2444 5873 quiest.
2482 5802 2565 5858 ll}.
