3974 6356
189 385 281 444 521

864 383 1212 439 ιἰιιιιυιιυιι
1259 377 1762 438 EXERCl'l‘A'l'ION

1886 381 1950 435 ΙΝ
1991 382 2050 437 S.
2091 371 2456 437 AUGUSTINI
2496 380 2739 436 Ul‘blt.i.

2769 319 2787 350 ἱ

3351 383 3447 423 nat.)

3346 411 3447 442 0;:

255 505 382 570 Cap.
418 504 447 554 4
479 542 492 564 ,
529 505 555 571 §
599 500 649 553 7.
691 500 852 553 Docet
894 499 1188 552 catholicos
1229 500 1521 565 scriptores
1566 499 1758 550 docere
1787 504 1838 559 Α
1866 496 2081 565 Collegit
2110 497 2326 567 Dionys.
2365 499 2608 552 Petavius
2633 501 2875 567 DogmaL
2929 501 3165 564 theolog.
3215 515 3344 556 tum.
3387 510 3444 562 ι’,

187 598 317 665 quod
355 597 507 647 Pater
537 603 581 646 et
615 590 783 646 Filius
820 604 865 645 et
899 594 1124 662 Spiritus
1169 605 1396 656 sanctus,
1439 593 1595 644 unius
1627 596 1762 660 ejus-

187 692 396 759 demque
424 689 720 742 substantia:
753 689 1082 754 inseparabili
1113 689 1404 756 wqualitate
1435 690 1660 740 divinam
1683 689 1760 739 in-

188 785 380 835 sinuent
416 781 702 843 unitatem;
730 779 944 847 ideoque
978 795 1078 832 non
1113 781 1212 832 sint
1240 791 1339 832 tres
1371 779 1475 842 Dii,
1509 780 1596 831 sed
1633 796 1764 831 unus

188 874 345 936 Deus,
383 871 514 943 etc.]
564 872 686 925 Ich
732 883 786 925 et
834 870 1024 925 similia
1077 881 1126 922 ut
1175 884 1321 924 reetc
1376 871 1761 937 intelligantur,

188 967 349 1031 probe
377 962 723 1029 expendenda
773 973 854 1015 est
884 976 987 1014 vox
1021 962 1330 1030 (L’qlltllitas;
1373 976 1438 1014 ex
1465 976 1569 1030 qua
1601 962 1766 1029 liquet

187 1067 418 1121 veteres,
449 1057 690 1126 quamvis
742 1071 892 1107 unam
933 1056 1266 1121 eamdemque
1306 1053 1644 1106 substantiam
1686 1054 1760 1104 di-

185 1159 330 1215 cant,
375 1150 669 1218 intelligere
713 1163 841 1210 non,
884 1156 942 1200 ut
983 1161 1080 1199 nos
1133 1145 1312 1208 hodie,
1345 1161 1499 1198 unam
1543 1160 1765 1197 numero

186 1241 544 1304 substantiam,
575 1257 694 1309 quae
735 1240 832 1294 sibi
879 1238 1102 1306 aequalis
1145 1237 1250 1291 diei
1303 1252 1408 1290 non
1456 1237 1624 1299 solet;
1669 1236 1762 1291 sed

188 1351 346 1388 unam
379 1335 577 1403 specie,
604 1334 756 1401 cujus
787 1331 886 1384 tria
917 1329 1187 1383 individua
1217 1339 1363 1382 recte
1392 1329 1642 1381 dicuntur
1663 1329 1763 1381 sibi

191 1430 412 1484 invicem
482 1427 727 1496 mqualia.
792 1415 926 1478 Vide
988 1423 1209 1491 Dionys.
1264 1421 1463 1476 Petavii
1519 1421 1762 1489 Dogtnat.

199 1521 418 1589 theolog.
455 1530 586 1573 tom.
622 1519 696 1583 ll;
727 1517 795 1572 de
821 1517 1012 1570 Trinit.
1056 1515 1148 1569 lib.
1183 1531 1231 1568 iv
1261 1530 1415 1582 capp.
1451 1515 1481 1566 9
1511 1523 1565 1566 et
1600 1515 1684 1578 ll,
1714 1528 1766 1566 et

194 1623 341 1666 notas
390 1614 441 1666 in
483 1612 716 1666 editione
759 1608 1245 1664 Amstelodamensi
1291 1608 1549 1675 adiectas.
1602 1605 1763 1659 Multa

191 1707 344 1758 hodie
369 1720 396 1756 a
427 1704 582 1757 nobis
615 1703 712 1756 hac
738 1702 806 1756 de
837 1718 894 1756 re
937 1705 1187 1755 dicuntur
1221 1700 1574 1754 incommodis
1612 1699 1762 1753 locu-

189 1799 442 1860 tionibus,
474 1797 646 1863 iisque
674 1812 704 1848 a
731 1795 1000 1848 veteribus
1031 1793 1369 1862 desumptis;
1402 1793 1521 1861 quit
1564 1792 1632 1844 ab
1662 1791 1762 1844 ati-

1869 587 1960 640 lib.
1997 604 2070 651 st,
2124 605 2240 657 cap.
2276 592 2326 643 1.
2367 592 2564 664 .Satius
2607 598 2777 644 multo
2824 603 2938 646 crat
2967 596 3146 648 dicere
3177 597 3446 650 Christum

1868 679 2139 733 hominem
2165 683 2248 734 hic
2273 683 2439 751 loqui,
2474 699 2573 737 nec
2605 684 2654 736 in
2674 695 2904 738 mentem
2941 685 3223 738 humanam
3255 695 3451 741 cadere.

1867 771 2333 838 omniscictttiatn;
2377 791 2532 841 quam
2590 776 2853 830 violenter
2899 777 3062 831 verba
3099 779 3295 832 Christi
3344 793 3446 832 tor-

1867 881 2050 934 quere,
2089 877 2143 918 nt
2189 867 2527 920 consentiant
2572 884 2691 922 cum
2741 869 3020 939 bypothesi
3078 889 3172 940 pro
3225 875 3450 928 arbitrio

1869 972 2100 1030 arrepta.
2151 962 2543 1016 [’ertinaciores
2578 965 2699 1018 ltittc
2741 967 3162 1032 litrliatttAriani,
3195 986 3314 1023 cum
3347 972 3445 1024 tln-

1870 1050 2040 1106 liitare
2075 1069 2178 1105 non
2215 1065 2430 1122 possent
2468 1057 2592 1123 quin
2620 1057 3052 1112 adversariorum
3082 1063 3449 1130 interpretatio

1869 1159 2110 1198 contorta
2136 1156 2318 1210 esset;
2353 1148 2594 1214 quamvis
2625 1151 2722 1216 ipsi
2753 1153 2990 1218 graviter
3016 1168 3280 1218 errarent,
3325 1159 3446 1209 dum

1868 1251 1984 1289 eam
2017 1238 2366 1306 ignorantiam
2401 1241 2589 1294 Deitati
2617 1241 2814 1296 Clit'iSti
2848 1245 3173 1303 ιιίιιιιθιιιιετ.

1942 1330 2104 1382 1.ιιιιιι›
2130 1347 2183 1383 ιι.
2214 1334 2342 1399 Cap.
2379 1335 2460 1398 Η,
2497 1334 2523 1401 §
2550 1335 2639 1388 20.
2693 1337 2765 1389 De
2794 1339 2998 1406 angelis
3027 1340 3113 1406 qui
3144 1341 3450 1399 Abrahamo

1870 1433 2251 1491 apparuerunt,
2288 1425 2482 1482 Genes.
2515 1443 2659 1490 xvm,
2684 1427 2738 1480 ‘2.
2764 1427 2891 1481 Cum
2931 1446 3048 1482 vero
3091 1442 3188 1484 tres
3227 1436 3319 1486 viri
3360 1438 3449 1489 visi

1868 1523 2007 1577 sunt,
2035 1530 2124 1567 nec
2146 1517 2411 1583 quisquam
2437 1518 2489 1569 in
2512 1519 2581 1569 eis
2605 1517 2682 1570 vel
2705 1521 2888 1587 forma,
2917 1521 2994 1572 vsl
3015 1533 3184 1587 wtate,
3207 1528 3282 1577 vt-l
3306 1537 3448 1594 pote-

1868 1615 1997 1657 state
2021 1609 2182 1676 major
2203 1610 2395 1660 ca'leris
2417 1608 2582 1660 dictus
2609 1621 2721 1674 est;
2762 1628 2854 1663 cur
2897 1630 2998 1666 non
3036 1617 3118 1666 ltic
3137 1618 3449 1679 accipiamus

1868 1699 2034 1752 t'isibil
2041 1703 2127 1752 iter
2145 1705 2472 1767 insinuatam,
2491 1721 2574 1770 per
2593 1715 2877 1758 creaturam
2897 1710 3160 1777 visibilem,
3184 1711 3450 1766 Trinitatis

1867 1793 2252 1858 tvqttalitutem?
2291 1792 2418 1862 ctc.]
2458 1795 2665 1847 Clarius
2697 1797 2831 1850 hanc
2860 1803 3244 1868 apparittotteni
3272 1804 3452 1858 senior

189 1899 266 1942 ter
293 1887 670 1951 sentientibus,
711 1901 832 1940 cum
865 1887 1060 1951 quibus
1103 1900 1200 1938 nos
1241 1884 1442 1939 sentire
1486 1898 1763 1951 perperam
1796 1873 1846 1934 B
1873 1881 2252 1949 intetpretatns
2293 1895 2373 1938 est
2410 1887 2738 1954 Augustinus
2779 1889 2846 1942 de
2883 1890 3044 1943 Ci\'il.
3083 1893 3171 1945 Dci
3207 1894 3299 1947 lih.
3328 1911 3447 1961 ιινι,

184 1994 455 2052 putamus,
497 1982 725 2034 inventa:
767 1979 998 2042 fuerant,
1041 1986 1097 2032 et
1139 1993 1259 2031 cuin
1301 1986 1382 2028 sat
1411 1985 1549 2043 apta:
1581 1990 1764 2028 eorum

186 2076 471 2131 sententia
505 2072 867 2143 exprimenda:
909 2079 1113 2135 essent,
1157 2080 1394 2124 nostram
1438 2070 1543 2137 jam
1589 2069 1767 2137 expri-

191 2185 340 2224 mere
383 2167 664 2222 commode
707 2173 996 2235 nequeunt.
1033 2164 1140 2218 Nisi
1193 2163 1413 2232 hujusce
1454 2165 1530 2216 rei
1565 2177 1769 2214 memor

187 2262 260 2315 sit
284 2261 473 2314 horum
507 2261 765 2314 libroruin
797 2259 982 2330 lcetor,
1014 2257 1062 2310 in
1094 2257 1158 2310 iis
1191 2256 1384 2324 passim
1421 2254 1667 2308 tenebras
1689 2257 1770 2306 nl-

185 2355 372 2408 fendet
403 2363 558 2422 atque
589 2351 814 2406 subinde
845 2349 1147 2418 cespitahit.

252 2447 391 2516 Cap.
420 2446 476 2510 6,
507 2447 532 2513 ᾗ
565 2445 648 2498 i3.
685 2443 807 2496 Non
829 2454 904 2496 est
936 2445 1109 2509 utique
1138 2449 1371 2492 creatura
1396 2437 1620 2506 Spiritus
1645 2453 1768 2487 sart-

177 2549 313 2596 ctus.
339 2538 424 2589 cui
456 2537 517 2589 ab
541 2535 770 2588 omnibus
802 2533 989 2586 sanctis
1021 2531 1138 2584 talis
1174 2530 1386 2584 servitus
1413 2530 1542 2596 (non
1572 2525 1768 2581 δουλεία

174 2631 271 2684 sed
323 2627 560 2704 λατρεία)
587 2626 883 2689 exhibetur,
928 2625 1125 2676 dicente
1161 2621 1404 2692 Apostolo
1435 2635 1452 2671 :
1482 2618 1588 2672 Nos
1624 2619 1767 2671 enim

171 2738 372 2778 sumus
421 2720 784 2780 circumcisio,
818 2715 1036 2783 Spiritui
1092 2715 1182 2768 Dei
1213 2715 1508 2768 servientes
1544 2712 1766 2781 (Philip.

171 2833 252 2877 ιιι,
288 2817 376 2885 ὅ),
402 2816 536 2883 quod
562 2823 632 2865 est
661 2812 714 2864 in
744 2809 922 2863 Cresco
937 2805 1285 2880 λατρεύοντες.
1315 2803 1498 2856 Plures
1526 2804 1658 2856 enint
1684 2820 1767 2854 co-

170 2909 341 2970 dices,
378 2907 529 2959 etiam
555 2903 746 2965 Latini,
773 2903 844 2954 sic
875 2901 1078 2964 habent,
1109 2899 1198 2968 qui
1223 2898 1442 2964 Spiritui
1470 2895 1560 2948 Dei
1601 2895 1768 2948 servi-

171 3016 337 3064 mus;
373 2997 539 3052 (ἐνωεὶ
583 3005 752 3049 autem
785 3011 980 3058 omnes,
1026 3003 1113 3045 aut
1149 3007 1276 3062 pene
1307 3006 1502 3042 omnes.
1528 2986 1593 3040 In
1635 3005 1768 3040 nou-

176 3094 342 3144 nullis
395 3102 562 3143 autem
613 3088 986 3154 exemplaribus
1039 3085 1232 3137 Latinis
1288 3084 1591 3146 invenimus,
1647 3099 1770 3146 non,

180 3183 416 3252 Spiritui
437 3183 532 3236 Dei
565 3181 851 3242 servimus,
887 3180 973 3231 sed
1001 3178 1191 3246 spiritu
1226 3176 1335 3230 Deo
1363 3171 1673 3243 servimus]
1703 3175 1773 3227 At

1871 1989 1988 2041 cap.
2012 1975 2097 2028 9.9.
2129 1973 2260 2028 Vide
2290 1987 2463 2030 tamen
2497 1978 2630 2030 inl'ra
2654 1979 2744 2032 lib.
2767 1992 2844 2045 ιιι,
2869 1996 2986 2048 cap.
3009 1982 3092 2046 Η,
3120 1982 3204 2036 ubi
3231 1988 3449 2053 angelos

1872 2064 2036 2119 fui-se
2067 2067 2226 2119 etiam
2261 2067 2610 2121 demonstrat.

1946 2158 2106 2210 Ltutto
2138 2173 2212 2211 ιιι.
2256 2157 2386 2228 Cap.
2420 2175 2492 2224 ιιι,
2550 2161 2574 2229 §
2604 2161 2694 2215 ‘25.
2751 2161 3034 2232 PoStquant
3064 2166 3195 2249 pixit
3235 2169 3449 2236 angelo-

1873 2263 1988 2301 rntn
2031 2252 2328 2304 tnintstetio
2359 2253 2524 2305 laetas
2554 2253 2916 2321 apparitiones
2937 2256 3143 2309 divinas
3171 2275 3184 2310 :
3225 2259 3330 2312 Sed
3375 2263 3450 2313 aTt

1873 2340 2080 2408 aliquis,
2121 2342 2314 2410 inquit,
2345 2359 2576 2410 curerqo
2597 2347 2838 2413 scriptum
2873 2357 2988 2400 est:
3024 2349 3161 2402 Ιηιὶι
3193 2349 3452 2407 Dominus

1874 2434 1938 2485 ad
1973 2434 2213 2502 Moysen,
2247 2446 2290 2486 et
2336 2452 2434 2487 non
2461 2439 2627 2505 potius
2655 2452 2672 2489 :
2704 2438 2836 2491 dixit
2865 2441 3076 2508 angelus
3097 2444 3163 2494 ad
3195 2441 3452 2514 Moysen?

1878 2525 2010 2590 Quia
2038 2543 2151 2578 cum
2174 2530 2320 2580 terba
2341 2531 2533 2597 judieis
2558 2547 2724 2597 prteco
2747 2535 3065 2601 pronuntiat,
3093 2552 3190 2588 non
3213 2539 3453 2594 scribitur

1875 2619 1926 2670 in
1951 2621 2124 2686 qestis,
2157 2621 2244 2672 ile
2275 2637 2441 2689 prtrco
2473 2623 2623 2686 dixit,
2659 2624 2748 2676 sed
2781 2625 3096 2697 illejudeuj
3131 2629 3261 2683 Vide
3289 2645 3450 2700 supc-

1877 2727 2069 2764 rtortrtn
2101 2712 2496 2767 adnotationem
2521 2724 2575 2768 et
2597 2714 2913 2785 interpretes
2937 2720 2999 2770 ad
3019 2720 3184 2773 ta‘xod.
3208 2733 3327 2776 tttet
3361 2739 3451 2778 xx.

1949 2804 2112 2857 laeuo
2147 2823 2215 2858 tv.
2252 2805 2535 2875 Postquam
2564 2807 2698 2860 dixit
2720 2809 2893 2876 dupla!
2923 2813 3074 2862 morti
3108 2823 3294 2866 nostra:
3317 2815 3452 2884 (ani-

1879 2898 1946 2949 tni
1980 2907 2033 2949 et
2063 2897 2330 2964 cmporis)
2372 2898 2679 2952 salvatorem
2715 2911 2943 2952 nostrum
2984 2905 3289 2970 impendisse
3333 2908 3453 2960 sim-

1878 2990 2014 3056 plum
2040 3006 2205 3052 suam,
2258 2990 2334 3043 sic
2369 3006 2509 3042 enim
2554 2991 2808 3059 loqnitur,
2841 2993 3111 3046 delabitur
3148 3010 3266 3065 cap.
3311 2996 3346 3048 4
3386 2997 3453 3058 ad

1877 3084 2216 3153 allegttticatn
2245 3086 2638 3140 arithmeticam
2673 3105 2685 3138 :
2722 3086 2850 3140 Htvc
2871 3099 3038 3141 autem
3061 3092 3216 3156 ratio,
3265 3095 3454 3162 inquit,

1877 3180 2048 3247 simpli
2067 3182 2134 3231 atl
2157 3182 2370 3250 duplum
2399 3181 2645 3250 originem
2674 3183 2874 3250 quidem
2910 3202 2940 3234 a
2967 3188 3192 3239 ternario
3223 3205 3454 3255 numero,

196 3289 331 3330 tom.
358 3277 417 3340 γ,
443 3291 693 3331 sermone
716 3273 818 3328 169
846 3289 859 3326 ε
892 3272 1036 3337 Scio,
1064 3271 1257 3340 inquit,
1285 3271 1552 3340 plerosque
1579 3269 1774 3322 codices
1802 3257 1848 3318 C
1881 3286 2037 3322 unum
2064 3272 2250 3340 quippe
2290 3273 2358 3324 ad
2398 3275 2499 3324 duo
2530 3275 2629 3324 tria
2653 3285 2806 3336 sunt;
2844 3276 2932 3327 sed
2972 3279 3066 3329 ltoc
3101 3287 3283 3342 totum,
3324 3284 3458 3346 quod

197 3370 462 3437 (Latinos,
506 3385 626 3422 nam
668 3369 734 3423 de
762 3366 963 3420 Graecis
991 3365 1194 3434 postea)
1226 3363 1428 3427 habere,
1460 3364 1547 3432 qni
1573 3361 1772 3430 Spiritu

198 3461 310 3518 Deo
347 3463 641 3525 servimus;
693 3472 938 3527 quantuni
991 3468 1160 3511 autem
1205 3458 1453 3526 inspicere
1494 3456 1773 3525 potuimus,

210 3559 368 3627 plures
399 3555 566 3611 (ἔνωεὶ
605 3555 703 3608 hoc
728 3554 909 3607 habent
940 3567 960 3605 .'
980 3552 1072 3622 qui
1105 3549 1326 3619 Spiritui
1369 3550 1458 3602 Dei
1487 3548 1773 3601 servimus.

218 3649 339 3704 Vide
363 3665 480 3720 qua:
505 3649 573 3703 de
611 3648 712 3701 hoc
748 3647 866 3700 loco
897 3645 1058 3698 habet
1086 3643 1319 3697 Joannes
1358 3640 1601 3695 Clericus
1632 3641 1777 3693 Artis

219 3743 400 3796 critica:
432 3752 568 3812 part.
603 3743 655 3802 5.
688 3749 822 3794 sect.
849 3739 900 3806 1,
929 3752 1047 3806 cap.
1076 3737 1164 3802 Μ,
1198 3736 1224 3808 §
1259 3736 1345 3790 15.
1385 3734 1640 3800 Quamvis
1661 3749 1778 3788 cre-

221 3836 390 3889 damus
420 3851 514 3890 eos
547 3851 756 3889 errasse
787 3834 877 3902 qui
918 3832 1174 3902 Spiritum
1205 3840 1448 3885 sanctum
1477 3839 1775 3883 creaturam

221 3943 329 3982 esse
355 3929 662 3990 voluerunt;
690 3936 922 3980 attamen
948 3925 1047 3977 hoc
1079 3923 1198 3978 loco
1225 3933 1411 3978 contra
1439 3938 1532 3977 eos
1559 3925 1631 3976 uti
1659 3923 1780 3975 nol-

222 4022 393 4085 lemus,
419 4021 502 4075 ubi
527 4021 754 4090 plerique
775 4018 888 4072 libri
912 4017 1102 4081 Latini,
1129 4017 1542 4069 assentientibus
1564 4026 1617 4068 et
1645 4016 1781 4067 inul-

222 4114 283 4165 tis
311 4113 520 4180 (ἐι-ωείς,
569 4121 713 4166 recte
743 4109 987 4180 legebant
1014 4127 1025 4161 :
1051 4109 1231 4178 spiritu
1266 4106 1371 4159 Deo
1405 4107 1693 4169 servientes,
1724 4118 1780 4158 ut

219 4203 317 4272 iatn
354 4207 588 4274 plerique
631 4212 875 4258 censent.
926 4201 1165 4254 Notantla
1199 4201 1429 4252 varietas
1472 4198 1776 4266 Augustini,

218 4299 301 4366 qui
334 4300 411 4353 hic
438 4301 510 4352 ait
554 4299 724 4363 plures
767 4296 965 4348 codices
1004 4293 1213 4347 Latinos
1260 4293 1455 4345 habere
1503 4291 1616 4351 Dei,
1665 4306 1780 4344 ser-

219 4406 366 4442 mone
391 4407 515 4444 vero
550 4393 602 4444 in
630 4389 744 4442 bmc
771 4388 934 4442 verba
969 4387 1235 4454 plerosque
1262 4385 1459 4436 habere
1491 4383 1615 4434 Deo.
1645 4381 1781 4434 [iur-

219 4496 445 4538 sustotn.
482 4485 548 4548 Χ,
596 4485 684 4537 lib.
730 4498 785 4536 ιιι
815 4483 880 4535 ad
931 4479 1280 4544 Itonil‘acium,
1317 4494 1435 4545 cap.
1477 4478 1526 4539 τ,
1565 4475 1781 4529 codices

219 4575 403 4632 littheie
433 4581 504 4630 ait
535 4578 672 4630 alios
705 4577 903 4646 Spiritu
927 4575 1053 4636 Deo,
1083 4575 1214 4626 alits
1241 4571 1460 4640 Spiritui
1485 4568 1614 4636 Deo,
1646 4568 1780 4622 alios

220 4672 424 4740 Spiritui
448 4671 562 4724 Dei.
596 4671 721 4724 Dua:
759 4669 962 4738 priores
995 4667 1250 4720 lectiones
1273 4676 1394 4717 sunt
1420 4664 1590 4727 potius
1621 4665 1782 4716 varia:

220 4760 674 4830 interpretationes
702 4776 888 4812 vocum
918 4761 1168 4826 πνεύματι
1199 4764 1326 4825 Θεῷ.

282 4852 403 4921 Cap.
431 4854 516 4916 1'2,
555 4852 579 4920 ξ
609 4854 698 4906 :25.
736 4851 898 4905 Marc.
929 4864 1040 4914 xm,
1070 4851 1156 4903 5'2.
1191 4847 1262 4899 De
1293 4848 1372 4900 die
1400 4857 1442 4899 et
1481 4847 1604 4899 liora
1637 4862 1782 4899 nemo

217 4944 326 5009 scit,
347 4961 496 5014 neque
522 4944 692 5013 angeli
719 4943 772 4994 in
800 4943 946 5003 ctelo,
975 4956 1131 5008 neque
1154 4937 1347 5001 Filius,
1373 4939 1466 4990 nisi
1497 4936 1672 4990 Pater.
1699 4937 1780 4990 Ad

219 5035 326 5090 haec
369 5039 433 5090 ita
492 5036 849 5106 Hipponensis
901 5035 1182 5100 cpiscopus
1226 5049 1238 5083 :
1290 5030 1404 5082 Hoc
1441 5030 1574 5082 enim
1602 5031 1778 5096 nescit,

219 5130 342 5194 quod
367 5131 634 5184 nescientes
666 5130 808 5200 facit,
869 5128 922 5180 id
960 5140 1055 5185 est,
1102 5127 1237 5192 quod
1277 5141 1379 5177 non
1417 5125 1488 5177 ita
1518 5124 1702 5176 sciebat
1729 5134 1781 5176 ut

223 5234 331 5276 tunc
357 5225 614 5293 discipulis
664 5224 950 5274 indicaret:
989 5221 1117 5272 sicut
1161 5219 1350 5290 dictum
1387 5230 1460 5270 est
1484 5218 1739 5270 Abraham
1763 5232 1783 5271 :

223 5329 352 5369 nunc
373 5319 590 5384 cognovi
622 5316 760 5384 quod
787 5316 971 5368 timeas
994 5312 1192 5376 Deum;
1226 5311 1280 5362 id
1302 5321 1392 5375 est,
1422 5326 1554 5362 nunc
1592 5311 1688 5380 feci
1729 5319 1786 5362 ut

221 5421 551 5475 (agnosceres,
577 5409 695 5472 quia
718 5417 761 5459 et
791 5407 896 5473 ipse
919 5405 1011 5457 sfbi
1035 5407 1082 5456 in
1107 5402 1201 5454 illa
1243 5402 1521 5456 tentatione
1543 5403 1786 5472 probatus

224 5493 465 5569 iunotuit.]
499 5500 642 5552 lianc
673 5498 1166 5565 interpretationem
1184 5495 1379 5548 Genes.
1401 5510 1530 5558 χχιι,
1557 5494 1641 5553 1:2,
1675 5495 1787 5545 vio-

227 5581 407 5642 lentam
428 5607 565 5654 essc,
587 5592 628 5643 si
663 5607 778 5655 ιιιιειο
798 5604 1026 5656 aliqvam
1053 5585 1170 5647 fuit,
1194 5585 1529 5639 ostendimus
1557 5585 1622 5636 ad
1653 5596 1780 5636 toto.

229 5674 292 5742 ν,
313 5696 459 5736 scrin.
485 5685 536 5737 Ξ.
569 5685 681 5737 Non
712 5680 1039 5744 commodior
1067 5688 1148 5734 est
1177 5680 1274 5733 loci
1301 5678 1482 5744 Marri,
1510 5693 1606 5732 nec
1634 5679 1786 5745 capio

217 5773 389 5844 quise
437 5779 642 5831 Arianis
691 5777 958 5830 silentium
1011 5778 1285 5842 imponere
1331 5785 1486 5838 pOSse
1525 5771 1784 5836 ejusmodi

225 5870 553 5925 It‘seousiono
581 5878 876 5938 sperarent.
915 5866 1044 5920 Vide
1076 5876 1248 5920 tamen
1278 5881 1395 5937 qua:
1428 5864 1561 5919 hanc
1592 5865 1642 5919 itt
1673 5882 1784 5921 retu

529 5963 797 6022 PATRUL.
849 5959 1099 6020 XLV".

1879 3364 2008 3426 dixi,
2025 3365 2090 3414 ad
2119 3365 2373 3416 senarium
2393 3367 2644 3431 pervenit;
2663 3382 2818 3418 unum
2841 3369 2973 3419 enim
2995 3379 3040 3420 et
3059 3370 3162 3422 duo
3189 3381 3235 3423 et
3258 3373 3357 3425 tria
3373 3388 3459 3428 sea

1880 3457 2030 3522 ﬁunt.
2059 3456 2157 3518 Qui
2179 3473 2310 3506 num:
2327 3473 2414 3507 rus
2434 3468 2693 3524 prapterea
2709 3458 2961 3528 perfectus
2979 3461 3185 3527 dicitur,
3205 3463 3325 3532 quia
3345 3481 3460 3532 par.

1881 3551 2011 3602 t'bus
2039 3551 2144 3602 suis
2173 3550 2473 3618 contpletur.
2492 3549 2660 3603 Habet
2693 3553 2825 3604 enim
2847 3552 2963 3606 illas
2990 3566 3335 3622 tres,se.1;tam,
3365 3571 3462 3612 ter-

1882 3644 2027 3704 tium,
2043 3644 2306 3696 dimidiam
2329 3660 2345 3707 ;
2370 3660 2460 3697 nec
2483 3646 2588 3696 ulla
2610 3663 2725 3711 pars
2738 3648 2863 3715 alia,
2879 3666 2991 3716 qua:
3014 3651 3116 3702 dici
3137 3653 3291 3713 possit
3309 3663 3461 3720 quola

1882 3737 1965 3799 sit,
1988 3738 2237 3789 invenitur
2255 3739 2305 3788 in
2329 3736 2432 3804 eo.|
2462 3739 2552 3790 lla:
2577 3751 2698 3792 sunt
2722 3740 3001 3794 Platonica:
3025 3753 3078 3795 et
3096 3744 3462 3814 Pythagorica}

1885 3845 2058 3897 nugaz,
2083 3831 2266 3897 quales
2288 3842 2497 3884 exsmnt
2518 3833 2654 3898 apud
2675 3833 2945 3887 Philonem
2971 3838 3249 3902 t-ntnalilii,
3276 3848 3386 3892 tum
3407 3839 3461 3893 in

1886 3920 2110 3974 librode
2137 3922 2314 3974 Mundi
2345 3922 2655 3975 Creatiom.
2676 3923 3164 3995 Netnojatnestqui
3199 3930 3318 3982 talia
3352 3947 3458 3986 non

1887 4012 2075 4079 rideat,
2124 4030 2225 4066 non
2260 4024 2459 4066 tantum
2497 4017 2743 4081 petulanti
2769 4017 2946 4078 splene
2973 4019 3252 4084 cachinno,
3284 4022 3376 4075 sei]
3409 4033 3464 4077 ct

1885 4109 1974 4176 qui
2020 4120 2278 4177 negantur
2318 4110 2515 4177 alioqui
2559 4110 2752 4164 ridere.
2810 4111 2974 4164 thno
3017 4122 3098 4166 est
3146 4115 3234 4182 qui
3269 4115 3466 4170 talibus

1884 4203 2202 4254 commentis
2229 4217 2420 4254 nomen
2450 4217 2603 4254 suum
2633 4203 2826 4256 ascribi
2851 4205 2998 4258 velit.
3047 4204 3171 4258 lla-c
3204 4210 3467 4262 cominus

1885 4293 2127 4356 ferenda,
2177 4294 2318 4362 quod
2352 4295 2402 4345 itt
2431 4310 2487 4347 rc
2509 4296 2670 4356 seria,
2718 4294 2761 4346 si
2792 4311 2908 4362 qua:
2933 4295 3033 4348 alia
3079 4305 3179 4358 est,
3226 4309 3467 4353 versetur

1888 4387 1974 4442 hic
2007 4389 2334 4457 Augustinus
2371 4399 2424 4440 et
2453 4389 2521 4440 ab
2564 4390 2909 4457 inscriptione
2948 4392 3124 4458 operis
3161 4393 3242 4444 sui
3285 4395 3469 4448 nescit.

1886 4497 1992 4549 quo
2021 4481 2369 4547 digrctliatur.
2424 4483 2526 4534 Sed
2564 4484 2713 4548 pauci
2762 4493 2884 4535 sunt
2932 4488 3209 4551 Augustini
3263 4487 3468 4544 libriin

1885 4578 2079 4646 quibus
2115 4594 2219 4630 non
2253 4578 2358 4629 sint
2387 4578 2746 4644 digre-siottcs
2773 4579 3032 4643 ejusmodi
3071 4595 3188 4648 qua:
3229 4579 3466 4636 hiantem

1808 4637 1862 4698 Β
1889 4670 2145 4732 lectorem
2175 4670 2512 4723 frustrentur.

1960 4761 2122 4814 Ltutto
2149 4774 2201 4812 ν.
2235 4759 2364 4828 Cap.
2399 4761 2450 4824 ii,
2487 4762 2512 4826 ᾗ
2539 4760 2590 4812 6.
2629 4761 2868 4822 Quamvis
2892 4761 3145 4814 diversum
3167 4765 3229 4815 sit
3256 4763 3467 4821 Patren:

1887 4871 1993 4908 esse
2032 4865 2077 4907 et
2109 4853 2300 4906 Filium
2333 4869 2457 4912 esse,
2488 4869 2587 4904 non
2625 4863 2698 4904 est
2731 4863 2895 4905 tamen
2925 4854 3124 4906 diversa
3149 4857 3467 4923 substantia;

1886 4949 2007 5016 quia
2040 4947 2148 5000 luvc
2183 4964 2283 4999 non
2313 4949 2588 5000 secundum
2615 4945 2952 5004 substantiam
2976 4948 3234 5011 dicuntur,
3268 4949 3357 5002 sed
3386 4971 3465 5005 se-

1887 5039 2106 5094 cundum
2131 5039 2392 5090 relativum
2416 5053 2435 5102 ;
2459 5039 2592 5106 quod
2623 5048 2790 5089 tamen
2823 5039 3086 5096 relativum
3111 5057 3211 5092 non
3239 5056 3312 5094 est
3334 5046 3469 5096 acci-

1893 5132 2033 5195 dens,
2056 5131 2175 5198 quia
2202 5147 2300 5182 non
2327 5139 2399 5182 est
2428 5127 2710 5199 mutabile]
2742 5129 2978 5183 Notantla
3000 5146 3098 5183 vox
3130 5133 3347 5198 diversa,
3367 5153 3467 5204 qua

1896 5221 2317 5290 frequenterltoc
2342 5221 2394 5273 in
2420 5221 2632 5288 negotio
2656 5221 3175 5288 utitnrAugustithis;
3205 5227 3471 5291 signilieat

1893 5314 2034 5367 enim
2071 5328 2172 5365 non
2201 5313 2522 5372 distinctam,
2581 5312 2672 5364 sed
2706 5311 2841 5364 alius
2881 5314 3113 5380 gent-ris.
3172 5314 3296 5368 Vult
3342 5334 3470 5384 ergo

1897 5405 2216 5472 paternitate,
2261 5413 2317 5456 ut
2358 5418 2477 5456 eum
2523 5401 2857 5456 εοιιοιειδιιςὶς
2904 5404 3108 5470 loquar,
3171 5415 3224 5460 ιιι
3267 5409 3472 5474 ﬁliorum

1900 5513 2004 5552 non
2038 5497 2147 5550 ﬁeri
2179 5495 2404 5549 duorum
2430 5510 2682 5562 generum
2714 5497 3059 5558 substantias,
3087 5500 3176 5554 sed
3209 5517 3301 5555 eas
3330 5504 3472 5567 t-ju,.

1897 5591 2016 5643 dem
2046 5589 2254 5658 generis
2286 5603 2426 5650 esse,
2460 5602 2521 5640 ac
2541 5588 2653 5641 sola
2686 5588 2942 5643 relatione
2974 5590 3144 5646 Patris
3165 5593 3229 5646 ad
3253 5593 3472 5656 Fllvltttl,

1895 5679 2012 5733 Filii
2040 5679 2104 5732 ad
2133 5680 2342 5733 Patrem
2365 5679 2662 5733 distinctas.
2692 5680 2849 5732 Multa
2885 5681 2914 5734 h
2938 5699 2983 5735 .c
3008 5681 3076 5735 de
3104 5698 3181 5747 re,
3205 5686 3299 5737 sui!
3337 5690 3470 5736 sath

1895 5773 2138 5827 intricata
2191 5771 2344 5823 habet
2403 5772 2617 5841 Ditmys.
2679 5773 2920 5827 Pinarius
2973 5775 3156 5842 Dogtu.
3209 5770 3467 5844 Thcolog.

1897 5875 2025 5920 tua).
2055 5862 2119 5930 ll,
2146 5863 2236 5919 lib.
2263 5864 2329 5918 de
2351 5863 2540 5917 Τιιιιίι.
2574 5880 2647 5931 tv,
2681 5883 2794 5935 cap.
2839 5868 2885 5923 II

3091 5952 3171 6024 17
