3974 6356
594 361 696 415 5‘25

1466 372 2017 431 SUPPLEMENTUM
2057 378 2148 432 AD
2186 380 2415 437 OPERA
2459 383 2517 439 S.
2560 383 2948 441 AUCUSTINI.
3682 401 3758 462 521

655 480 785 548 Cap.
816 480 872 544 8.
898 482 925 554 ᾗ
951 484 984 538 9
1008 491 1063 540 et
1091 486 1175 541 10.
1206 484 1489 540 Essentiam
1520 490 1633 543 dico
1652 505 1764 559 quae
1784 493 1933 546 οὐσία
1977 491 2154 547 Greece
2183 499 2238 559 Α
2261 498 2500 565 gustinus
2532 514 2545 551 :
2581 496 2769 552 Tamen
2790 516 2905 552 cum
2924 501 3168 568 quceritur
3191 517 3310 571 quia
3330 505 3458 557 tres?
3476 522 3635 577 magna
3653 530 3761 579 pror.

591 570 791 637 dicitur,
823 590 973 643 quam
996 578 1230 632 usitatius
1271 579 1621 635 substantiam
1662 600 1926 640 vocamus.
1971 585 2160 641 Dicunt

589 667 787 733 quidem
815 678 859 721 et
878 670 956 722 illi
985 672 1325 741 hypostasin;
1356 674 1443 726 sed
1460 675 1628 728 nescio
1660 677 1784 745 quid
1806 678 2162 732 voluntinter-

589 777 694 815 esse
722 762 851 815 inter
881 764 1047 818 usiam
1078 775 1124 818 et
1153 766 1460 836 hypostasin
1485 783 1500 832 ;
1546 769 1618 821 ita
1648 777 1701 821 ut
1724 771 1949 840 plerique
1976 772 2158 838 nostri,

588 854 674 921 qui
715 852 820 907 lucc
844 853 1022 909 Crteco
1069 868 1287 911 tractant
1329 860 1547 928 eloquio,
1598 862 1761 914 dicere
1812 866 2162 917 consueverint

587 949 708 1014 μίαν
736 950 933 1015 οὐσίαν,
960 959 1100 1025 τρεῖς
1122 954 1457 1019 ὑποστάσεις,
1490 954 1627 1022 quod
1650 961 1723 1007 est
1758 955 1961 1021 Latine,
2004 973 2161 1010 unam

588 1040 875 1107 essentiam,
893 1051 997 1095 tres
1014 1042 1369 1115 substantias.]
1388 1045 1497 1099 Hoc
1516 1056 1619 1111 est,
1648 1047 1802 1099 unius
1822 1046 2035 1115 quidem
2064 1035 2158 1116 ge-

585 1133 733 1187 neris
754 1136 1063 1200 essentiam,
1080 1138 1171 1191 sed
1189 1148 1297 1192 tres
1318 1139 1596 1193 distinctas
1619 1141 1960 1207 substantias,
1979 1152 2032 1195 at
2055 1157 2159 1197 non

586 1224 860 1290 diversas;
892 1228 979 1282 vel
1011 1245 1171 1283 unam
1205 1231 1493 1285 essentiam
1527 1232 1578 1285 in
1613 1233 1779 1286 tribus
1811 1234 2157 1300 substantiis,

585 1330 702 1383 qua:
733 1320 875 1371 varia
898 1319 1153 1375 duntaxat
1177 1322 1502 1377 subsistendi
1534 1324 1760 1389 ratione,
1790 1324 1892 1379 hoc
1919 1336 2001 1380 est
2024 1327 2161 1380 rela-

586 1408 819 1463 tionibus
847 1411 1117 1467 diﬁ‘erunt.

654 1499 783 1569 Cap.
810 1501 861 1555 9.
899 1502 1002 1557 Sed
1039 1506 1160 1573 quia
1189 1515 1363 1559 nostra
1411 1505 1649 1575 loquendi
1702 1511 2012 1562 consuetudo
2044 1514 2159 1583 jam

584 1592 796 1646 obtinuit
841 1604 893 1647 ut
941 1597 1034 1649 hoc
1071 1598 1409 1668 intelligatur,
1448 1614 1563 1651 cum
1602 1599 1817 1653 dicimus
1846 1604 2154 1668 essentiam,

581 1684 718 1749 quod
740 1686 1041 1755 intelligitur
1061 1704 1173 1739 cum
1200 1688 1421 1742 dicimus
1451 1690 1836 1756 substantiam;
1866 1710 1965 1746 non
1999 1694 2159 1748 aude-

582 1788 693 1825 mus
730 1775 897 1829 dicere
933 1793 1089 1830 nnam
1141 1782 1450 1851 essentiam,
1501 1793 1608 1839 tres
1652 1787 2017 1850 substantias;
2070 1787 2158 1839 sed

2264 606 2347 641 sus
2372 590 2543 659 inapia
2572 592 2851 644 humanum
2880 590 3076 644 laborat
3104 592 3372 662 eloquium.
3424 593 3603 651 Dictum
3627 614 3683 655 est
3706 617 3763 661 ια.

2262 696 2377 732 men
2406 692 2512 734 tres
2545 697 2805 751 personae,
2837 698 2938 735 non
2967 692 3018 735 ut
3039 683 3171 735 illud
3196 684 3464 751 diceretur,
3495 693 3574 741 sed
3596 709 3646 745 ne
3666 704 3763 751 tace-

2263 782 2421 824 retur.
2457 772 2566 827 lloc
2596 782 2699 839 est,
2745 790 2847 827 non
2885 783 2942 827 ut
2970 774 3239 829 diceretur
3271 784 3378 829 tres
3402 792 3515 832 esse
3541 796 3763 855 personas,

2264 864 2449 932 quales
2476 874 2600 917 sunt
2632 874 2737 919 tres
2766 865 3035 931 homines,
3072 868 3160 934 qui
3188 868 3427 937 quamvis
3459 871 3556 923 sint
3582 874 3764 941 ejusdem

2264 954 2480 1022 speciei,
2532 964 2706 1011 tamen
2737 956 2988 1011 differunt
3034 960 3256 1011 multum
3296 959 3432 1011 inter
3460 976 3532 1025 se,
3564 970 3769 1031 separati-

2264 1061 2366 1115 que
2396 1057 2541 1114 sunt,
2571 1057 2625 1101 et
2650 1048 2876 1101 seorsim
2905 1058 3086 1118 agunt,
3140 1048 3317 1115 qualia
3347 1048 3396 1100 in
3433 1050 3611 1104 divinis
3636 1070 3771 1122 perso-

2263 1136 2344 1191 nis
2373 1152 2490 1191 esse
2524 1154 2679 1205 posse
2709 1139 2900 1192 merito
2925 1138 3187 1208 negabant
3213 1149 3443 1193 veteres.
3466 1137 3589 1196 Vide
3611 1142 3687 1197 lib.
3708 1162 3772 1213 vn,

2263 1243 2380 1297 cap.
2404 1229 2459 1293 4,
2492 1228 2518 1297 §
2553 1230 2604 1289 7,
2636 1229 2669 1282 8
2697 1238 2750 1283 et
2780 1230 2831 1283 9.

2332 1320 2449 1373 Lib.
2477 1337 2547 1373 v1.
2580 1320 2709 1389 Cap.
2746 1323 2795 1384 1,
2829 1320 2854 1389 §
2888 1323 2937 1375 1.
2973 1319 3116 1374 Inter
3144 1322 3507 1383 disputationes
3534 1339 3645 1391 quas
3670 1328 3777 1381 halu-

2262 1414 2381 1465 bant
2404 1414 2562 1465 nostri
2583 1413 2822 1466 adversus
2846 1430 2927 1466 eos
2953 1412 3227 1486 (Arianos)
3273 1414 3361 1484 qui
3400 1414 3651 1479 dicebant,
3689 1420 3778 1474 Erat

2263 1513 2472 1574 tempus
2500 1506 2711 1574 quando
2740 1522 2842 1559 non
2876 1516 2988 1559 erat
3030 1506 3226 1569 Filius;
3264 1506 3396 1559 hanc
3420 1508 3567 1561 etiam
3593 1514 3776 1564 nonnulli

2262 1597 2694 1649 ratiocinationem
2736 1597 3062 1649 inserebant:
3091 1598 3150 1651 Si
3179 1596 3275 1649 Dei
3304 1595 3469 1651 Filius
3495 1599 3639 1651 virtus
3664 1608 3701 1651 et
3722 1618 3776 1653 sa-

2262 1688 2452 1756 pientia
2482 1686 2575 1741 Dei
2597 1697 2691 1751 est,
2722 1704 2811 1740 nec
2837 1704 3060 1756 unquam
3091 1687 3228 1741 Deus
3256 1688 3366 1740 sine
3386 1690 3623 1757 sapientia
3646 1706 3695 1742 ac
3714 1692 3775 1743 vir.

2264 1790 2367 1831 tute
2390 1780 2506 1849 fuit,
2536 1789 2815 1834 cowternus
2846 1791 2917 1834 est
2959 1780 3063 1835 Deo
3097 1779 3244 1833 Patri
3272 1779 3460 1834 Filius.
3507 1780 3631 1833 Dicit
3657 1795 3777 1838 autem

581 1882 736 1920 unam
768 1871 1075 1935 essentiam,
1108 1874 1182 1925 vel
1210 1874 1595 1943 substantiam,
1620 1888 1727 1933 tres
1757 1890 1932 1933 autem
1969 1895 2147 1947 perso-

2260 1871 2533 1942 Apostolus
2562 1872 2834 1927 Christum
2870 1872 2965 1926 Dei
3000 1874 3249 1927 virtutem
3298 1884 3354 1928 et
3385 1873 3477 1928 Dei
3507 1876 3778 1943 sapientiam,

580 1974 704 2022 nas;
765 1962 1189 2027 quemadmodum
1228 1968 1376 2017 multi
1427 1967 1597 2021 Latini
1653 1973 1750 2023 ista
1802 1980 2071 2023 tractantes
2113 1981 2159 2025 et

579 2052 719 2120 digni
748 2054 1050 2107 auctoritate
1078 2056 1335 2120 dixerunt,
1369 2074 1479 2109 cum
1498 2061 1655 2112 alium
1680 2061 1883 2113 modum
1909 2063 2158 2131 aptiorem

577 2160 678 2198 non
714 2146 988 2200 invenirent
1026 2164 1126 2217 quo
1164 2150 1485 2204 enuntiarent
1532 2153 1691 2205 verbis
1734 2152 1870 2219 quod
1913 2154 2021 2205 sine
2050 2169 2157 2205 ver-

578 2235 652 2289 bis
682 2237 1072 2309 intelligebant.]
1129 2239 1336 2294 Similia
1387 2242 1642 2297 habemus
1680 2244 1771 2298 lib.
1804 2260 1893 2309 vn,
1944 2259 2062 2313 cap.
2095 2244 2150 2311 4,

578 2327 699 2398 57.
748 2331 909 2385 Miror
956 2334 1228 2385 essentiam
1274 2343 1328 2389 et
1376 2334 1715 2388 substantiam
1769 2341 1922 2389 mista
1967 2336 2148 2400 fuisse,

575 2436 696 2476 cum
720 2425 829 2477 sint
858 2425 1083 2480 diversa:
1116 2427 1519 2497 signiﬁcationis
1549 2447 1740 2496 voces;
1781 2433 2004 2501 ideoque
2032 2448 2153 2485 cum

574 2528 704 2570 voce
744 2517 1023 2571 substantia
1068 2535 1171 2573 non
1207 2530 1416 2574 careret
1452 2521 1628 2587 lingua
1670 2522 1892 2585 Latina,
1936 2523 2149 2576 inventa

574 2617 717 2662 esset
759 2624 859 2662 vox
907 2613 1147 2677 essentia,
1203 2627 1301 2665 nec
1338 2614 1403 2666 ab
1444 2614 1667 2667 eruditis
1698 2615 1973 2681 repudiata
2001 2616 2151 2681 quasi

572 2701 794 2754 inutilis.
826 2702 1184 2767 Quintilianus
1220 2705 1390 2758 lnstit.
1442 2705 1653 2760 Orator.
1690 2706 1781 2761 lib.
1808 2724 1882 2769 Ill,
1925 2723 2043 2775 Cap.
2077 2709 2108 2761 8
2136 2726 2148 2760 :

572 2794 741 2848 Multa
777 2812 840 2850 ea:
878 2796 1055 2851 Crteco
1091 2802 1309 2868 formata
1350 2818 1479 2853 nova
1521 2818 1580 2854 ac
1630 2800 1851 2868 plurima
1891 2818 1923 2853 a
1966 2802 2150 2871 Sergio

570 2884 773 2953 Flavio,
807 2907 1019 2957 quorum
1054 2893 1181 2944 dura
1209 2893 1444 2961 qua'tlum
1478 2894 1759 2947 admodum
1789 2896 2043 2963 videntur,
2096 2907 2151 2949 ut

569 2993 664 3032 ens
700 2990 747 3033 et
776 2985 1043 3045 essentia;
1074 2999 1187 3051 qua:
1226 3001 1316 3036 cur
1346 2994 1609 3053 tantopere
1648 3004 1979 3054 aspernemur
2020 2990 2152 3043 nihil

570 3071 847 3139 video,nisi
863 3075 999 3143 quod
1026 3075 1184 3145 iniqui
1187 3075 1388 3145 judices
1409 3078 1648 3131 adversus
1670 3095 1759 3130 nos
1781 3096 1976 3141 sumus,
2001 3080 2148 3133 ideo-

568 3178 662 3231 que
691 3174 985 3231 paupertate
1011 3167 1253 3219 sermonis
1280 3166 1591 3223 laboramus.
1617 3168 1757 3222 Sane
1787 3185 1885 3225 nec
1906 3172 2144 3238 superio-

2262 1977 2306 2017 et
2333 1963 2496 2018 Deum
2520 1964 2799 2034 aliquando
2831 1981 2929 2017 non
2958 1964 3197 2018 habuisse
3238 1966 3477 2018 virtutem
3513 1975 3595 2018 aut
3629 1968 3780 2035 sapiat-

2261 2058 2400 2121 tiam,
2432 2058 2675 2109 dementis
2704 2068 2776 2109 est
2802 2058 3003 2121 dicere;
3028 2073 3129 2110 non
3152 2057 3310 2126 igitur
3334 2064 3441 2109 erat
3463 2066 3645 2122 tempus
3663 2074 3781 2124 quan-

2260 2152 2325 2204 do
2350 2167 2449 2203 non
2473 2159 2580 2203 erat
2612 2148 2829 2221 Filius.]
2879 2151 3047 2204 Nemo
3080 2165 3183 2204 non
3236 2150 3385 2204 videt
3425 2150 3777 2219 paralogismum

2261 2241 2402 2296 hunc
2451 2257 2603 2307 esse,
2650 2250 2702 2295 et
2741 2240 2930 2294 merito
2962 2241 3109 2310 rejici
3152 2242 3219 2293 ab
3251 2241 3548 2309 Augustino
3582 2250 3781 2308 sequente

2259 2334 2417 2399 libro,
2455 2344 2511 2387 ut
2550 2343 2603 2387 et
2654 2334 2863 2386 ultimo.
2915 2332 3045 2385 Nam
3092 2332 3355 2402 sapientia
3402 2331 3567 2384 Patris
3608 2331 3704 2399 ejus
3724 2339 3780 2383 est

2258 2428 2577 2496 proprietas,
2608 2427 2778 2496 qualis
2806 2442 2907 2479 non
2940 2433 3021 2479 est
3052 2425 3246 2490 Filius;
3281 2425 3377 2494 qui
3416 2440 3445 2478 a
3486 2424 3635 2478 Paulo
3658 2422 3782 2476 lCor.

2256 2536 2294 2587 t,
2336 2521 2425 2586 24,
2471 2520 2663 2574 dicitur
2704 2522 2858 2573 virtus
2897 2528 2941 2572 et
2980 2519 3229 2588 sapientia
3265 2516 3486 2585 Patris,
3528 2516 3778 2570 (luntunxat

2254 2614 2395 2682 quod
2430 2615 2479 2667 in
2503 2629 2567 2667 eo
2590 2616 2823 2668 maxime
2842 2611 3165 2667 emicuerint
3213 2612 3450 2681 potentia
3499 2621 3551 2666 et
3575 2611 3780 2680 sapientia

2256 2705 2374 2759 Dei.
2406 2708 2650 2759 Attamen
2693 2706 2769 2760 sic
2814 2706 2965 2759 multi
2999 2712 3240 2758 veterum
3276 2705 3575 2758 ratiocinati
3606 2712 3726 2769 sunt,
3745 2706 3781 2757 ut

2254 2796 2483 2850 05tendit
2526 2796 2743 2868 Dionys.
2779 2795 3027 2851 Petavius
3059 2795 3125 2849 de
3155 2796 3351 2850 Trinit.
3382 2797 3472 2849 lib.
3514 2811 3582 2862 vt,
3617 2800 3723 2863 'cap.
3744 2796 3779 2849 9.

2256 2887 2360 2944 Sed
2386 2899 2441 2943 et
2472 2898 2595 2941 ante
2636 2888 2831 2942 Ariana
2873 2898 3132 2959 tempora,
3170 2890 3437 2958 ejusmodi
3466 2890 3772 2945 ratiocinatio-

2254 2997 2350 3036 nes
2382 2992 2702 3047 occurrunt,
2732 2999 2850 3035 cum
2883 2983 3047 3037 Deum
3079 2984 3387 3037 rationalem
3416 2985 3652 3047 dixerint,
3680 2983 3778 3053 quod

2254 3074 2499 3127 habuetit
2530 3077 2667 3140 apud
2696 3089 2755 3127 se
2783 3076 3051 3128 rationem.
3078 3074 3212 3129 Vide
3243 3076 3599 3145 Athenagorae
3626 3076 3776 3145 Apolo-

2250 3169 2387 3240 giam
2421 3184 2516 3235 pro
2540 3168 2876 3229 Christianis,
2898 3169 3349 3224 etTertullianum
3372 3178 3553 3224 contra
3580 3170 3779 3223 Praxeam

569 3269 684 3308 rum
740 3257 1055 3310 smeulorum
1108 3260 1477 3329 metaphysici,
1538 3276 1636 3315 nec
1676 3264 1842 3316 nostri
1892 3264 2148 3331 temporis
2174 3244 2220 3307 (ἶ
2254 3274 2371 3327 cap.
2402 3260 2454 3313 5.
2493 3259 2776 3326 Nimirum,
2808 3261 2961 3313 bonis
2994 3260 3095 3313 illis
3120 3260 3246 3313 viris
3277 3260 3671 3329 placebantnon
3696 3268 3781 3313 tan-

568 3348 873 3418 phil050phi
913 3363 975 3403 ac
1023 3350 1257 3421 theologi
1298 3368 1360 3407 ea
1404 3368 1534 3407 voce
1583 3369 1768 3408 carere
1814 3355 2144 3424 potuissent;

567 3440 642 3494 uti
672 3456 790 3507 nec,
844 3441 959 3495 sine
1008 3457 1195 3510 magna
1246 3444 1614 3513 ambiguitate,
1653 3460 1770 3498 eam
1819 3444 2147 3500 confundi-re

566 3545 687 3585 cum
716 3532 1017 3588 substantia.
1056 3534 1274 3589 Veteres
1312 3548 1488 3589 autem
1531 3552 1651 3589 cum
1699 3554 1851 3589 unam
1878 3538 2149 3590 essentiam

566 3633 656 3677 aut
678 3624 1011 3678 substantiam
1042 3626 1092 3679 in
1117 3627 1311 3679 divinis
1340 3628 1613 3693 dicebant,
1644 3628 2009 3697 intelligebant
2033 3630 2147 3681 nni-

566 3726 724 3771 tatem
756 3718 1084 3785 speciﬁeam;
1117 3734 1235 3774 cum
1267 3730 1365 3773 trcs
1397 3738 1660 3789 personas,
1695 3730 1802 3775 tres
1824 3723 2146 3776 substantias

564 3826 669 3864 non
701 3811 976 3879 diversas,
1018 3812 1113 3865 sed
1157 3813 1457 3868 distinctas.
1507 3815 1584 3869 De
1622 3816 1820 3868 unitate
1870 3816 1995 3869 vide
2025 3830 2145 3883 quae

563 3901 699 3957 infra
750 3902 962 3977 libavn,
1006 3919 1123 3972 cap.
1170 3905 1233 3971 5,
1293 3905 1318 3973 ς
1365 3907 1419 3959 4.
1478 3906 1667 3959 Revera
1719 3909 1888 3973 enim,
1936 3908 2148 3976 subjicit

563 3994 905 4064 Augustinus,
938 4010 1053 4047 cum
1070 3994 1225 4049 Pater
1242 4014 1341 4049 non
1358 3999 1421 4050 sit
1445 3996 1637 4067 Filius,
1690 4009 1734 4052 et
1761 3996 1931 4052 Filius
1956 4017 2055 4051 non
2080 4003 2145 4053 sit

564 4084 741 4154 Pater,
794 4096 839 4140 et
872 4087 1094 4157 Spiritus
1127 4100 1335 4141 sanctus
1363 4090 1468 4154 ille,
1512 4093 1599 4159 qui
1640 4094 1790 4143 etiam
1828 4094 2013 4144 donum
2049 4092 2146 4145 Dei

563 4189 789 4243 vocatur,
842 4194 931 4231 nec
970 4177 1126 4231 Pater
1170 4180 1254 4246 sit,
1308 4197 1397 4232 nec
1428 4178 1620 4247 Filius,
1675 4191 1774 4234 tres
1802 4184 1974 4252 utique
2002 4194 2141 4236 sunt.

564 4264 790 4343 Ideoque
820 4271 1087 4339 pluraliter
1114 4272 1301 4324 dictum
1331 4284 1404 4326 est
1430 4290 1447 4326 :
1472 4274 1584 4343 Ego
1606 4284 1659 4327 et
1688 4276 1842 4328 Pater
1869 4293 2031 4329 unum
2057 4294 2143 4331 su-

564 4378 720 4428 mus;
749 4379 850 4415 non
874 4364 1008 4416 enim
1035 4364 1184 4426 dixit,
1230 4381 1385 4417 unum
1432 4375 1525 4432 est,
1568 4368 1707 4435 quod
1740 4367 2025 4421 Sabelliani
2064 4372 2144 4423 di-

562 4462 704 4519 cunt,
755 4455 864 4519 sed,
898 4470 1061 4507 unum
1086 4458 1306 4523 (sumus.
1352 4456 1755 4511 Observandum
1787 4460 2140 4528 Augustinum

562 4555 892 4614 caeterosque
923 4561 1110 4601 omnes
1132 4556 1343 4601 veteres
1366 4565 1468 4601 non
1501 4548 1704 4613 dicere,
1745 4555 2138 4617 paternitatem,

2255 3362 2362 3407 tum
2405 3354 2839 3408 ratiocinationes
2878 3354 2943 3407 ad
2990 3354 3185 3424 Iogicas
3214 3356 3362 3423 leges
3402 3372 3582 3411 severe
3610 3366 3782 3431 exacte,

2252 3448 2346 3501 sed
2378 3457 2431 3502 et
2462 3464 2579 3515 quae
2608 3448 2722 3501 sola
2752 3450 2930 3514 specie
2956 3448 3124 3502 ﬁrma:
3154 3458 3327 3503 erant.
3367 3450 3525 3504 Miror
3560 3458 3630 3504 tot
3662 3448 3782 3502 verba

2254 3538 2393 3592 hanc
2446 3540 2497 3591 iu
2548 3554 2659 3592 rem
2718 3538 3021 3607 profudisse
3046 3540 3431 3607 Augustinum,
3484 3555 3599 3594 cum
3644 3538 3782 3607 paucis

2252 3629 2491 3695 expediri
2540 3638 2735 3696 posset.
2797 3630 2902 3683 Sed
2948 3630 3115 3683 multa
3154 3632 3399 3686 scribere
3441 3633 3602 3686 videri
3641 3631 3782 3693 voluit,

2254 3722 2425 3790 potius
2451 3738 2607 3790 quam
2638 3722 2703 3775 ad
2732 3738 2844 3775 rem
2875 3725 3145 3778 facientia.

2324 3813 2486 3866 Liuao
2516 3829 2608 3868 vn.
2639 3813 2771 3883 Cap.
2804 3814 2852 3877 1,
2886 3813 2989 3884 92.
3028 3817 3224 3869 Contra
3256 3830 3353 3871 eos
3381 3818 3473 3887 qui
3498 3818 3563 3871 de
3590 3816 3706 3871 Filio
3728 3815 3782 3867 lo-

2252 3904 2571 3974 quebantur,
2606 3907 2754 3974 quasi
2781 3907 3029 3961 essentia:
3050 3906 3231 3961 Patris
3258 3907 3450 3963 fuisset
3491 3907 3779 3977 proprietas:

2254 4000 2519 4064 Quomodo
2562 4016 2678 4070 ergo
2710 4001 2936 4070 ejusdem
2966 4000 3197 4053 essentia:
3230 3999 3425 4065 Filius,
3474 4002 3613 4069 cujus
3646 3997 3781 4058 Pater,

2250 4092 2660 4162 quandoquidem
2690 4093 2757 4144 ad
2786 4094 3007 4162 seipsum
3026 4109 3116 4147 nec
3141 4094 3359 4146 essentia
3383 4103 3490 4162 est,
3518 4109 3601 4146 nec
3626 4091 3783 4144 omnino

2249 4187 2410 4239 estad
2440 4186 2683 4251 scipsum,
2730 4186 2817 4237 sed
2846 4186 3000 4237 etiam
3029 4202 3135 4238 esse
3173 4186 3240 4238 ad
3281 4182 3333 4237 F
3337 4186 3487 4238 ilium
3512 4186 3586 4237 illi
3620 4180 3783 4236 esti.“

2248 4280 2385 4332 enim
2414 4280 2567 4329 multo
2600 4279 2760 4347 magis
2786 4279 2934 4330 unius
2962 4280 3286 4348 ejusdemque
3312 4280 3564 4339 assentire,
3583 4276 3689 4343 quia
3710 4286 3785 4325 una

2251 4370 2519 4435 eademque
2542 4370 2755 4422 essentia
2779 4369 2934 4422 Pater
2955 4380 3001 4423 et
3027 4369 3232 4436 Filius;
3263 4370 3657 4437 quandoquidem
3676 4360 3785 4415 Patri

2249 4478 2349 4514 non
2382 4461 2447 4513 ad
2471 4462 2687 4530 seipsum
2717 4472 2788 4514 est
2817 4463 2981 4531 ipsum
3028 4478 3156 4524 esse,
3196 4463 3284 4515 sed
3324 4462 3395 4514 ad
3431 4459 3643 4525 Filium,
3669 4470 3787 4526 qnam

2248 4552 2515 4603 essentiam
2546 4552 2737 4619 genuit,
2770 4562 2815 4604 et
2846 4568 2947 4619 qua
2985 4552 3196 4605 essentia
3229 4561 3300 4605 est
3324 4551 3575 4621 quidquid
3596 4556 3684 4607 est,
3722 4544 3787 4597 ni-

562 4639 857 4703 mietatem,
887 4648 939 4692 et
968 4639 1423 4706 spiritualitatem,
1474 4650 1531 4694 ut
1568 4642 1886 4696 scholastice
1928 4643 2135 4712 loquar,
2170 4622 2220 4682 Ῐ)
2246 4645 2461 4705 mirum,
2511 4639 2729 4712 Filius]
2772 4644 2904 4697 Vide
2935 4644 3033 4697 hac
3064 4643 3130 4698 de
3157 4659 3215 4697 re
3253 4643 3531 4698 Petavium
3562 4640 3667 4695 libri
3696 4637 3785 4689 lau-

563 4733 660 4787 tria
686 4746 828 4797 esse,
882 4741 973 4784 aut
1007 4740 1114 4785 tres
1145 4731 1432 4785 relationes
1476 4732 1527 4785 in
1561 4735 1716 4785 unica
1749 4750 1974 4788 numero
2007 4738 2137 4790 sub-

562 4826 778 4889 stantia,
809 4832 866 4877 ut
900 4838 1041 4878 nunc
1083 4823 1385 4893 loquimur;
1419 4825 1511 4878 sed
1548 4824 1780 4890 Patrem,
1827 4827 2019 4880 Filium
2075 4843 2138 4882 ac

558 4918 812 4989 Spiritum
842 4927 1081 4971 sanctum
1106 4927 1216 4971 tres
1245 4932 1365 4971 esse
1396 4932 1676 4985 personas,
1711 4920 1811 4973 hoc
1842 4931 1940 4983 est,
1980 4922 2142 4973 ratio-

557 5012 691 5063 nalis
715 5018 933 5073 naturte,
962 5024 1027 5063 ex
1054 5008 1219 5063 Boetii
1239 5008 1568 5073 deﬁnitione,
1591 5010 1880 5064 individuus
1904 5011 2140 5065 substan-

556 5105 673 5156 tias.
708 5103 869 5171 lgitur
891 5117 1116 5169 persona
1152 5110 1232 5155 est
1278 5101 1477 5170 aliquid
1521 5102 1842 5165 absolutum,
1887 5103 2135 5170 quamvis

528 5180 896 5263 ‘tpei-sonalitas
926 5192 996 5245 sit
1022 5192 1303 5247 relativum
1352 5192 1635 5259 quiddam;
1676 5194 1816 5261 quod
1858 5210 1977 5246 cum
2028 5209 2132 5247 non

516 5346 523 5355 ,
555 5285 685 5337 satis
722 5282 1173 5337 animadverteret
1210 5284 1431 5353 Dionys.
1458 5284 1727 5347 Petavius,
1776 5286 2131 5351 Augustinum

518 5358 524 5367 ’
555 5392 662 5428 non
686 5374 967 5441 intellexit,
997 5385 1055 5428 ut
1084 5376 1250 5444 liquet
1279 5391 1343 5428 ex
1368 5391 1487 5443 cap.
1514 5377 1602 5439 11,
1642 5375 1733 5427 lib.
1762 5391 1833 5439 tv,
1868 5377 1933 5428 de
1955 5377 2134 5429 Trini-

556 5481 684 5533 tate,
742 5475 875 5523 tom.
908 5467 951 5520 ll
1005 5468 1194 5535 Dogm.
1237 5467 1401 5527 theol.
1459 5468 1563 5519 Aut
1603 5468 1645 5519 si
1694 5466 1977 5529 intellexit,
2019 5484 2134 5522 rem

556 5563 748 5616 clarius
776 5562 829 5614 in
856 5560 1026 5613 lucem
1060 5559 1297 5628 proferre
1326 5574 1487 5611 ausus
1514 5574 1616 5611 non
1646 5568 1749 5612 est.

624 5656 888 5710 Nolebant
917 5663 1096 5707 tamen
1129 5654 1279 5707 multi
1314 5653 1465 5706 fateri
1502 5664 1609 5709 tres
1642 5668 1762 5708 esse
1796 5654 2126 5721 substantias,

554 5757 619 5802 ne
649 5763 826 5802 secum
860 5761 1095 5815 pugnare
1117 5747 1445 5812 viderentur,
1485 5762 1547 5799 ac
1576 5761 1641 5799 ne
1672 5747 1789 5815 quis
1814 5755 1921 5799 tres
1952 5748 2129 5801 diver-

552 5854 637 5892 sas
668 5850 881 5893 naturas
914 5839 1225 5904 somniaret,
1262 5850 1412 5890 more
1452 5836 1793 5889 Arianorum.
1842 5838 1976 5892 Hinc
2016 5839 2122 5891 An-

2246 4734 2351 4787 dati
2380 4749 2497 4802 cap.
2534 4736 2619 4798 10,
2645 4736 2885 4803 quamvis
2915 4736 3093 4789 omnia
3119 4736 3412 4789 obscurare
3443 4742 3667 4789 conetur.
3694 4729 3781 4782 Non

2248 4836 2425 4894 potest
2450 4841 2577 4879 sane
2600 4828 2651 4878 in
2685 4826 2955 4880 veteribus
2983 4826 3213 4891 laudari,
3244 4826 3298 4880 in
3328 4842 3389 4879 re
3412 4823 3607 4879 difﬁcili
3630 4834 3780 4892 persc.

2246 4917 2464 4986 quaesita
2488 4933 2676 4972 vocum
2705 4918 3058 4987 ambiguitas;
3103 4934 3200 4973 nec
3236 4935 3266 4972 a
3294 4916 3673 4973 recentioribus
3692 4924 3782 4966 eam

2245 5012 2427 5078 augeri
2461 5025 2554 5077 par
2584 5009 2710 5073 fuit,
2744 5010 2867 5063 dum
2895 5011 3168 5065 veteribus
3194 5010 3442 5063 tribuunt
3471 5009 3521 5062 id
3547 5005 3671 5077 quod
3700 5016 3779 5056 non

2244 5112 2565 5165 senserunt;
2594 5101 2715 5169 quia
2741 5101 2929 5155 iisdem
2962 5102 3205 5167 vocibus,
3234 5101 3329 5157 sed
3361 5096 3781 5171 perincommode.

2244 5207 2553 5261 expressum
2587 5202 2688 5245 est.
2720 5192 3069 5247 Paucioribus
3094 5193 3263 5246 multo
3299 5193 3480 5247 verbis
3509 5200 3663 5244 totum
3704 5184 3782 5237 hoc

2243 5285 2515 5353 negotium
2547 5287 2860 5353 pertractari
2886 5288 3075 5355 potuit,
3108 5296 3160 5340 et
3191 5285 3501 5339 dilucidius.

2314 5374 2445 5441 Cap.
2472 5375 2525 5439 4,
2557 5374 2583 5444 §
2612 5376 2661 5428 7.
2697 5374 2873 5445 Itaque
2904 5378 3142 5445 loquendi
3176 5393 3333 5429 causa
3364 5378 3428 5430 de
3456 5368 3774 5439 incﬂ'abilibus,

2244 5474 2297 5517 ut
2324 5466 2427 5533 fari
2458 5468 2630 5534 aliquo
2658 5468 2811 5519 modo
2842 5484 3120 5535 possemus,
3152 5469 3291 5537 quod
3323 5467 3471 5531 e/fari
3498 5466 3629 5518 nullo
3657 5460 3776 5511 modo

2245 5573 2533 5627 possumus,
2578 5559 2769 5611 dictum
2801 5570 2871 5613 est
2907 5578 2939 5612 a
2961 5562 3143 5613 nostris
3169 5558 3363 5613 ercis
3382 5575 3400 5611 :
3438 5573 3539 5611 una
3561 5549 3772 5609 essentia.

2242 5655 2353 5701 tres
2383 5650 2730 5714 substantiae;
2763 5667 2793 5701 α
2829 5651 3022 5704 Latinis
3061 5661 3228 5703 autem
3277 5665 3379 5705 una
3409 5645 3683 5702 substantia
3715 5635 3773 5691 vel

2239 5743 2491 5807 essentia,
2518 5751 2625 5797 tres
2647 5743 2937 5815 persona]
2966 5745 3081 5799 Jam
3114 5745 3227 5799 haec
3248 5744 3595 5812 explicuimus
3621 5736 3677 5790 ad
3697 5734 3765 5788 ﬁli.

2236 5849 2289 5900 ν,
2321 5850 2438 5904 cap.
2471 5837 2505 5891 8
2532 5843 2587 5892 et
2615 5837 2667 5891 9.
2718 5837 2817 5893 Hic
2847 5846 3053 5895 tantum
3092 5838 3431 5894 manebimus
3470 5830 3672 5904 legenda
3704 5834 3767 5880 at-
