3974 6356
200 383 286 439 525
848 376 1200 435 \‘ARIORUM
1240 362 1835 432 EXERCI'I‘ATIONES
1869 373 1936 428 IN
1975 373 2036 429 S.
2076 371 2443 430 AUGUSTINI
2481 370 2704 429 OPERA

201 500 320 547 tents
347 505 468 561 qum
493 498 779 560 supersunt
822 490 873 543 in
920 489 1022 543 hoc
1057 487 1216 553 libro,
1252 488 1319 542 ad
1364 485 1523 541 linem
1553 496 1740 556 usque,
1769 472 1997 547 Amero
2039 483 2303 540 duntaxat
2339 484 2658 550 distinctas;
2707 483 2994 554 caeteroqui
3050 483 3426 554 conjunctissi-

197 585 254 637 ali
277 584 330 635 iis
362 582 449 650 qui
482 582 705 651 cupiunt
743 579 881 633 scire
906 578 1031 649 quid
1062 588 1272 633 veteres
1309 577 1378 631 de
1416 577 1619 631 unitate
1657 573 1753 629 Dei

197 683 241 728 et
269 673 563 743 pluralitate
594 685 944 741 personarum
971 669 1258 726 senserint.
1284 669 1543 724 Nimirum
1565 668 1757 722 intelli-

196 766 368 832 gebanl
418 775 526 819 tres
579 778 700 818 esse
749 763 1074 817 substantias
1114 761 1413 827 distinctas,
1465 759 1557 814 sed
1605 772 1757 827 aeque

196 871 280 923 per
304 856 478 909 omnia
528 854 813 925 perfectas,
856 869 919 908 ac
962 852 1185 919 similes,
1227 865 1333 905 non
1370 850 1638 919 sejunctas
1666 857 1757 903 aut

194 960 471 1018 separatas,
504 959 561 1003 ut
590 950 691 1002 tria
734 962 981 1017 corpora,
1025 946 1121 1001 sed
1155 944 1643 1015 conjunctissimas,
1683 942 1757 996 ita

197 1052 352 1096 tamen
370 1051 423 1095 ut
438 1041 788 1095 relationibus
806 1042 943 1094 inter
958 1054 1017 1094 se
1034 1038 1511 1108 distinguerentur.
1538 1036 1760 1122 Fatetur

194 1131 510 1200 Augustinus
526 1131 765 1200 potuisse
781 1131 883 1185 dici
910 1141 1011 1183 tres
1028 1129 1187 1197 Deos,
1215 1129 1315 1183 nisi
1339 1128 1610 1197 Scriptura
1632 1141 1761 1183 con-

199 1224 510 1289 tradixisset,
542 1223 646 1294 §8,
664 1234 719 1279 et
745 1233 846 1277 tres
869 1224 1136 1288 essentias,
1171 1224 1274 1278 nisi
1304 1224 1544 1278 obstaret
1567 1222 1760 1276 arctis-

195 1318 318 1371 sima
347 1332 529 1371 earum
558 1317 966 1386 conjunctio,‘ct
986 1330 1193 1371 summa
1221 1332 1318 1386 per
1338 1316 1515 1371 omnia
1540 1317 1756 1385 paritas.

196 1412 263 1467 Ex
293 1420 399 1466 tota
428 1411 659 1481 denique
689 1411 805 1479 ejus
827 1404 1188 1478 disputatioiie
1219 1412 1385 1479 liquet
1410 1409 1566 1463 valde
1595 1409 1761 1463 ambi-

201 1519 285 1574 gue
308 1518 448 1568 esse,
483 1505 629 1558 hisce
654 1503 721 1558 de
745 1504 928 1567 rebus,
956 1504 1161 1563 locutos
1178 1513 1410 1557 veteres.
1438 1502 1573 1566 Quid
1585 1502 1759 1570 igitur,

202 1597 355 1666 inquit
382 1596 408 1666 §
434 1597 488 1659 9,
514 1605 690 1661 restat,
722 1595 820 1647 nisi
855 1604 911 1648 ut
940 1594 1190 1662 fateamur
1220 1590 1455 1663 loquendi
1475 1593 1767 1645 necessitate

195 1698 329 1757 parta
352 1688 461 1741 lucc
476 1685 742 1754 vocabula,
767 1701 882 1738 cum
904 1700 1031 1755 Opus
1052 1693 1180 1738 esset
1200 1685 1404 1754 copiosa
1419 1682 1768 1750 disputatione

195 1784 448 1833 adversum
470 1779 686 1831 insidias
707 1778 782 1829 vel
811 1792 1005 1830 errores
1037 1773 1513 1829 hmeticorum?At
1527 1772 1766 1842 profecto

3316 364 3435 433 526,

1856 591 1989 641 mas,
2012 576 2091 630 ita
2117 584 2177 629 ut
2201 592 2334 629 unus
2355 574 2495 629 Deus
2516 576 2617 630 dici
2649 576 2847 644 possit?
2873 575 3026 631 Absit
3053 576 3215 630 sane!
3248 574 3429 632 Poste~

1856 669 2055 722 riorum
2096 668 2411 723 saeculorum
2455 668 2728 735 Ecclesiae,
2770 669 2896 723 dum
2946 684 3072 724 vere
3103 676 3346 725 statuunt
3370 671 3428 725 in

1857 759 1961 825 hoc
1988 758 2165 828 capite
2192 758 2320 813 nulli
2344 759 2559 814 licuisse
2587 775 2619 814 a
2659 760 2931 829 Scriptura
2972 776 3124 817 sacra
3163 762 3331 828 abire,
3366 777 3431 819 ac

1859 850 2135 920 proindea
2162 850 2527 919 superioribus
2561 850 2826 919 aetatibus,
2868 867 3000 922 quas
3043 868 3147 907 non
3194 854 3432 922 suspica-

1858 943 2053 998 bantur
2080 943 2147 996 ab
2188 956 2253 997 ea
2287 957 2471 997 norma
2503 944 2812 1009 recessisse,
2858 944 3104 999 traditam
3139 958 3258 1000 esse
3289 945 3435 999 Scri-

1861 1045 2031 1103 pturae
2066 1033 2402 1099 doctrinam;
2457 1048 2639 1089 earum
2697 1036 3018 1090 sententiam
3056 1050 3123 1091 ex
3160 1036 3436 1104 Scriptura

1866 1126 2233 1194 interpretata:
2272 1134 2416 1191 sunt,
2468 1126 2872 1195 tribueruntque
2910 1126 3301 1195 antiquioribus
3331 1141 3439 1181 non

1862 1218 1914 1271 id
1946 1218 2086 1286 quod
2111 1226 2412 1285 senserant,
2436 1218 2529 1273 sed
2552 1218 2691 1287 quod
2722 1218 2923 1273 sentire
2948 1217 3275 1273 ‘debuerant.
3328 1218 3438 1273 Nos

1863 1314 1990 1380 ergo
2017 1311 2085 1365 de
2108 1311 2313 1366 unitate
2335 1311 2452 1377 Dei,
2493 1310 2670 1379 deque
2714 1310 2874 1366 Patre
2902 1352 2917 1375 ,
2968 1309 3103 1365 Filio
3145 1321 3200 1366 et
3239 1310 3445 1380 Spirittt

1864 1413 2051 1458 sancto
2081 1420 2148 1458 ex
2177 1405 2448 1472 Scriptura
2478 1419 2692 1473 quoque
2732 1404 3014 1473 loquamur
3054 1414 3214 1472 atque
3245 1405 3444 1458 sentia-

1869 1513 2023 1563 mus;
2053 1512 2150 1551 nec
2180 1508 2426 1565 putemus
2464 1498 2515 1551 id
2543 1512 2702 1566 posse
2727 1512 2755 1549 a
2788 1496 2943 1551 nobis
2973 1498 3250 1565 perspicue
3277 1496 3444 1564 expli-

1868 1591 1998 1657 cari,
2030 1590 2167 1658 quod
2194 1589 2473 1659 perspicue
2496 1590 2788 1643 revelatum
2829 1604 2933 1642 non
2962 1597 3072 1653 est;
3119 1596 3209 1641 aut
3255 1588 3447 1643 melius

1868 1680 2094 1749 exprimi
2121 1680 2303 1734 verbis
2340 1680 2536 1734 nostris
2581 1680 2722 1748 quod
2763 1695 2869 1733 non
2901 1680 3253 1749 assequimur,
3285 1694 3447 1750 quant

1868 1778 2049 1831 verbis
2076 1774 2273 1829 Christi
2299 1782 2353 1828 et
2373 1773 2770 1841 apostolorum;
2821 1790 2940 1827 cum
2973 1774 3266 1841 praesertim
3296 1781 3373 1827 tot
3394 1781 3448 1827 et

194 1870 430 1938 ambigua
460 1883 579 1922 esse
608 1882 713 1921 non
740 1856 1067 1933 debuerunt,
1102 1880 1169 1920 ne
1198 1864 1346 1933 plebs
1377 1866 1582 1918 interea
1614 1862 1764 1917 falle-
1796 1863 1847 1924 Β
1874 1877 2038 1923 tantae
2072 1868 2193 1922 lites
2222 1882 2288 1921 ex
2337 1866 2492 1943 novis
2518 1866 2734 1923 vocibus
2764 1877 2902 1921 natae
2933 1866 3058 1921 sint.
3090 1866 3147 1921 Si
3178 1866 3448 1921 veteribus

196 1971 359 2027 retur,
396 1974 496 2013 neu
528 1959 795 2013 contraria
826 1957 1028 2011 dixisse
1056 1957 1121 2010 iis
1140 1971 1258 2026 quae
1273 1956 1573 2011 sentiebant
1592 1964 1770 2023 postc-

194 2053 264 2105 ris
296 2050 626 2115 viderentur,
662 2058 715 2103 ut
745 2049 997 2117 contigit;
1047 2061 1167 2101 cum
1209 2048 1507 2117 praesertim
1552 2060 1767 2115 proram

194 2153 245 2196 et
289 2142 503 2211 puppim
532 2140 807 2210 religionis
832 2138 1171 2207 Christiana,
1216 2152 1246 2192 a
1288 2138 1522 2192 Nicaanis
1565 2146 1772 2207 tempo-

195 2233 359 2297 ribus,
401 2234 454 2286 in
483 2232 573 2286 illa
602 2246 694 2286 sua
724 2230 1001 2285 Trinitatis
1031 2230 1409 2300 explicatione,
1457 2229 1615 2283 sitam
1647 2242 1768 2285 esse

188 2334 454 2394 putarent.
484 2322 608 2378 Cum
633 2323 768 2377 enim
787 2332 1058 2376 conaretur
1077 2325 1300 2374 humana
1323 2321 1497 2391 inopia
1517 2321 1770 2390 loquendo

184 2421 420 2487 proferre
456 2417 524 2469 ad
543 2414 810 2469 hominum
833 2431 1010 2468 sensus
1043 2414 1180 2484 quod
1206 2414 1261 2466 in
1289 2413 1558 2466 secretario
1590 2413 1773 2466 mentis

182 2522 274 2578 pro
301 2518 463 2577 captu
489 2518 621 2562 tenet
646 2507 707 2561 de
738 2505 960 2561 Domino
990 2504 1118 2568 Dec,
1151 2514 1378 2557 creatore
1404 2504 1651 2568 suo,_sive
1683 2518 1774 2573 per

178 2602 319 2669 piam
348 2601 528 2668 fidem,
555 2599 655 2653 siue
684 2614 772 2668 per
814 2598 1213 2666 qualemcunque
1246 2594 1665 2666 intelligentiam,
1708 2595 1774 2647 ti-

178 2694 313 2747 muit
357 2693 688 2747 diceretres
734 2692 1030 2757 essentias;
1076 2705 1139 2743 ne
1180 2688 1546 2758 intelligeretur
1588 2689 1644 2741 in
1677 2686 1774 2741 illa

1870 1959 2197 2028 ignoscimus
2224 1958 2365 2027 quod
2395 1958 2464 2012 de
2490 1960 2695 2012 unitate
2733 1958 2979 2026 specilitm
3013 1957 3208 2011 divinat
3239 1965 3445 2011 natura:

1868 2053 1923 2106 in
1950 2053 2125 2120 Patre,
2159 2051 2297 2106 Filio
2316 2062 2371 2105 et
2405 2050 2607 2120 Spiritu
2646 2062 2832 2107 sancto
2865 2051 3193 2115 docuerunt;
3238 2065 3304 2106 ne
3346 2053 3450 2105 im-

1871 2142 2247 2198 misericordes
2292 2143 2459 2197 simus
2514 2143 2567 2197 in
2628 2156 2719 2197 eos
2770 2143 2858 2212 qui
2911 2142 3010 2197 hac
3061 2142 3127 2197 de
3180 2157 3241 2197 re
3297 2142 3452 2197 aliter

1872 2248 2031 2303 quam
2065 2248 2162 2289 nos
2183 2248 2324 2289 nunc
2353 2235 2491 2289 forte
2537 2235 2796 2301 sentiunt,
2844 2235 2889 2289 si
2936 2234 3095 2289 modo
3126 2234 3454 2303 Scripturam

1872 2338 2083 2380 sacram
2138 2341 2380 2380 normam
2437 2325 2562 2381 ﬁdei
2612 2340 2723 2381 suae
2772 2326 3026 2393 habeant,
3065 2337 3456 2395 prmceptorum

1871 2418 2145 2489 Evangelii
2186 2421 2293 2474 sint
2316 2420 2689 2483 observantes,
2738 2420 3073 2489 reditumque
3120 2435 3151 2476 e
3184 2422 3322 2476 coelo
3352 2421 3457 2476 Do-

1874 2510 2002 2564 mini
2036 2510 2205 2565 nostri
2230 2510 2357 2566 Jesu
2382 2494 2583 2566 Christi
2616 2512 2767 2566 vivos
2810 2519 2865 2566 et
2893 2522 3134 2566 mortuos
3167 2511 3458 2582 judicaturi

1874 2601 2152 2655 nobiseum
2185 2601 2581 2670 praestolentur.
2632 2603 2780 2657 Hanc
2824 2603 3125 2672 aequitatem
3151 2618 3181 2657 a
3208 2603 3364 2659 nobis
3402 2612 3460 2658 et

1872 2691 1953 2745 rei
1983 2690 2293 2757 difﬁcultas,
2335 2700 2391 2747 et
2421 2692 2641 2747 humani
2678 2692 2880 2762 ingenii
2911 2693 3242 2749 imbecillitas
3267 2709 3459 2750 neces-

3570 562 3594 591 κ

175 2804 388 2840 sunsrna
418 2787 711 2857 «qualitate
726 2787 833 2840 ulla
853 2786 1139 2839 diversitas.
1170 2782 1370 2836 Rursus
1395 2798 1495 2836 non
1533 2798 1640 2837 esse
1676 2783 1775 2836 tria

174 2878 428 2947 quedam
455 2896 556 2932 non
582 2888 775 2949 poterat
798 2877 987 2941 dicere,
1013 2876 1147 2945 quod
1170 2874 1427 2930 Sabellius
1464 2877 1584 2942 quia
1621 2874 1769 2938 dixit,

175 2973 231 3025 in
260 2971 489 3026 harresin
518 2970 692 3041 lapsus
712 2976 810 3023 est.
838 2968 974 3035 Quid
1008 2982 1138 3021 vero
1162 2982 1226 3021 ex
1258 2966 1404 3021 hisce
1424 2964 1777 3035 colligemus?

178 3063 425 3120 Credere
450 3078 553 3118 nos
573 3077 788 3132 quoque
806 3071 1059 3132 uportere
1089 3074 1211 3115 esse
1241 3069 1343 3113 tres
1368 3060 1631 3123 essentias,
1674 3073 1773 3113 nu-

1878 2785 2024 2839 sario
2058 2786 2360 2853 postulant;
2399 2786 2503 2841 nisi
2537 2788 2671 2841 mira
2708 2787 2988 2857 iniquitate
3018 2789 3248 2844 velimus
3274 2804 3459 2846 recen-

1883 2876 2076 2931 tiorum
2105 2877 2426 2933 deteriorem
2458 2894 2579 2935 esse
2605 2879 2964 2935 conditionem
2995 2886 3456 2955 quam‘veterum,

1879 2969 2072 3038 quibus
2097 2970 2401 3025 errantibus
2442 2985 2550 3025 non
2578 2973 2788 3027 veniam
2820 2973 3003 3041 modo,
3052 2975 3145 3030 sed
3184 2983 3239 3032 et
3276 2976 3460 3033 laudes

1882 3064 2141 3117 maximas
2167 3062 2403 3119 tribuere
2428 3064 2681 3121 solemus.

297 3192 3358 3235 —-—-—-——-———————————-———.———————————_.—

1317 3297 1423 3371 IN
1472 3295 1847 3373 NONUM
1887 3298 2337 3395 ‘TOMUM.

670 3519 1317 3580 ANIMADVERSIONES
1389 3585 1396 3592 ι
1803 3520 1852 3584 C
1882 3528 2008 3575 sunt
2051 3521 2295 3575 excusari
2327 3520 2621 3577 Christiani
2672 3524 3022 3595 imperatores
3069 3532 3179 3599 qui,
3218 3530 3460 3589 ethnicos

393 3634 444 3675 IN
472 3633 655 3675 unos
684 3633 889 3674 CONTRA
918 3632 1215 3673 Βιηετοιη
1246 3631 1587 3672 ΡΔΒἊΕΝΙΔΝῙ.

271 3710 431 3765 Linao
457 3727 497 3767 I.
523 3712 653 3780 Cap.
684 3712 737 3777 8,
775 3710 816 3782 .§
845 3712 933 3766 15.
975 3710 1111 3775 Quin
1141 3710 1296 3763 etiam
1344 3709 1587 3780 conqueri
1626 3709 1781 3762 audet

214 3796 577 3856 Parmeuianus
598 3803 732 3871 quod
758 3817 843 3854 eos
864 3798 1229 3854 Constantinus
1258 3800 1325 3853 ad
1349 3816 1604 3867 campum,
1632 3799 1688 3852 id
1710 3809 1782 3853 est

212 3890 274 3941 ad
293 3893 597 3959 supplicium
615 3893 733 3945 duci
757 3892 941 3961 jussit,
975 3891 1065 3961 qui
1102 3890 1219 3943 uicti
1244 3890 1384 3961 apud
1415 3888 1785 3945 ecclesiasticos

213 3983 419 4049 iudices,
444 4000 534 4038 nec
558 3983 698 4053 apud
726 3984 893 4053 ipsum
914 3997 1031 4053 quia
1073 3981 1309 4037 dicebant
1355 3983 1572 4053 probare
1600 3991 1782 4050 potue-

213 4083 350 4139 runt,
370 4084 415 4129 et
433 4075 601 4128 adhuc
625 4077 679 4128 in
714 4084 905 4129 sancta!
927 4072 1173 4128 Ecclesia
1214 4074 1515 4145 pracisionc
1536 4075 1784 4145 sacrilego

216 4167 379 4237 furore
397 4167 732 4241 ferebantur.]
763 4170 831 4244 At
860 4178 1143 4237 propterea
1163 4168 1334 4222 occidi
1356 4183 1462 4223 non
1484 4169 1786 4223 debuerunt

216 4262 352 4327 quod
375 4263 737 4317 deCteciliano
758 4263 1183 4331 Carthaginiensi
1212 4264 1442 4334 probare
1464 4280 1569 4319 non
1595 4272 1785 4333 potue-

218 4364 336 4409 rant
364 4358 666 4411 traditorem
700 4357 882 4423 fuisse,
906 4364 999 4410 aut
1025 4371 1055 4409 a
1084 4357 1428 4411 traditoribus
1450 4356 1782 4422 ordinatum;

219 4447 297 4500 vel
325 4448 459 4517 quod
509 4448 867 4503 secessionem
905 4447 1180 4512 iecissent,
1219 4448 1463 4517 quamvis
1494 4447 1782 4516 immerito,

218 4552 244 4591 a
265 4541 475 4611 reliquis
504 4541 754 4598 Ecclesiis
783 4539 1135 4607 Christianis;
1168 4542 1213 4596 si
1238 4543 1396 4597 modo
1426 4542 1631 4613 legibus
1658 4540 1788 4596 civi-

220 4626 355 4687 libus
401 4634 691 4705 caeteroqui
739 4644 1007 4702 parerent.
1065 4634 1190 4688 Haec
1233 4634 1429 4689 delicta
1465 4643 1521 4690 et
1560 4636 1787 4691 vulnera

220 4724 506 4783 mitioribus
535 4729 786 4782 remediis
815 4727 1052 4782 curanda
1083 4727 1317 4781 fuerunt.

282 4822 410 4890 Cap.
440 4823 493 4887 9,
527 4822 555 4894 §
586 4822 675 4877 15.
699 4821 767 4875 In
794 4838 919 4892 quos
956 4821 1282 4894 (hereticos)
1317 4836 1379 4876 ea:
1403 4821 1600 4875 occulto
1620 4820 1787 4887 impe-

1889 3613 2112 3679 imitati,
2160 3628 2335 3668 meras
2364 3615 2643 3683 opiniones
2673 3632 2770 3687 pro
2802 3619 3010 3675 delictis
3048 3620 3365 3693 habuerunt,
3408 3637 3462 3683 et

1892 3710 2142 3780 gravibus
2208 3709 2381 3779 pcenis
2420 3712 2734 3768 affecerunt.
2789 3712 2894 3769 Res
2964 3717 3105 3770 enim
3150 3721 3279 3773 tanti
3342 3737 3461 3776 mo-

1886 3809 2071 3876 menti,
2092 3816 2145 3861 et
2166 3807 2315 3875 cujus
2343 3816 2466 3861 sunt
2492 3817 2595 3861 tam
2628 3796 2908 3864 horrendae
2936 3812 3461 3885 sequelaemunquam

1884 3899 2067 3955 debuit
2091 3915 2119 3953 a
2145 3899 2462 3955 Christianis
2485 3901 2707 3965 tentari;
2736 3900 2844 3956 Deo
2865 3917 2968 3956 non
2995 3914 3196 3957 tantum
3228 3912 3460 3972 tacente,

1886 3992 1982 4048 sed
2013 3991 2173 4048 etiam
2206 3999 2285 4047 tot
2307 4003 2359 4047 et
2383 3993 2539 4046 tantis
2560 3993 2628 4047 de
2657 4007 2838 4047 amore
2860 3994 2911 4047 in
2947 3995 3248 4049 universum
3277 3996 3461 4052 huma-

1886 4098 2014 4140 num
2077 4099 2243 4154 genus
2312 4084 2515 4138 iteratis
2574 4087 2855 4154 praeceptis
2911 4085 3279 4143 disertissimis
3332 4091 3460 4144 satis

1887 4183 2068 4245 aperte
2107 4191 2218 4229 rem
2252 4185 2479 4230 vetante.
2512 4176 2739 4246 Legatur
2766 4177 2966 4231 codicis
2992 4178 3355 4237 Theodosiani
3397 4184 3461 4237 Ii-

1886 4268 1983 4322 bcr
2013 4283 2117 4332 xvt,
2146 4268 2558 4337 conferaturquc
2580 4286 2698 4323 cum
2726 4271 2929 4341 legibus
2960 4274 3291 4329 ctlmicorum
3316 4278 3461 4345 prin-

1888 4361 2062 4429 cipum
2092 4360 2145 4413 in
2174 4360 2537 4426 Christianos;
2579 4371 2735 4429 atque
2770 4362 2915 4417 illico
2945 4364 3125 4419 licebit
3165 4366 3461 4439 intelligere

1890 4453 2051 4506 simili
2082 4453 2291 4521 quidem
2336 4454 2590 4519 temporis
2622 4452 2919 4521 intervallo,
2954 4472 3057 4509 non
3090 4466 3166 4511 tot
3206 4460 3349 4529 leges
3392 4461 3460 4514 ab

1889 4544 2118 4599 ethnicis
2146 4545 2198 4597 in
2225 4543 2560 4598 Christianos
2598 4545 2730 4598 latas
2758 4555 2887 4614 quot
2921 4556 3045 4600 sunt
3070 4562 3098 4599 a
3142 4547 3460 4604 Christianis

1887 4633 1942 4689 in
1974 4633 2283 4689 haereticos:
2327 4650 2447 4703 qua:
2482 4642 2627 4689 certe
2672 4636 2876 4690 macula
2909 4646 2990 4691 est
3037 4640 3268 4693 nominis
3309 4641 3460 4694 Chri-

1890 4726 2070 4791 stiani,
2098 4742 2253 4795 quam
2284 4740 2571 4791 nunquam,
2597 4726 2696 4780 nisi
2712 4728 2993 4782 contrariis
3016 4728 3291 4795 institutis,
3317 4732 3461 4800 priu-

1891 4820 2037 4888 cipes
2062 4834 2123 4873 ac
2164 4820 2502 4889 magistratus
2536 4818 2811 4873 delebunt.
2848 4820 2942 4875 Sat
2975 4823 3156 4876 multis
3184 4824 3281 4877 hac
3310 4826 3376 4879 de
3404 4842 3462 4879 re

169 4948 185 4987 ί
220 4914 291 4967 rio
336 4913 451 4979 Dei,
491 4931 580 4984 per
628 4917 954 4986 manifestum
995 4916 1257 4968 hominum
1299 4916 1592 4985 imperium,
1624 4913 1787 4967 multa
1811 4912 1866 4979 Ι)
1888 4912 2119 4968 diximus
2143 4914 2192 4965 in
2224 4912 2500 4981 epistolam
2529 4913 2593 4965 ad
2619 4913 2977 4992 Vincentium,
3007 4922 3119 4967 not.
3150 4915 3215 4969 ad
3241 4926 3369 4968 tum.
3396 4919 3459 4971 ll.

159 5076 165 5087 ‘
221 5008 392 5072 quibus
438 5018 790 5063 coercerentur
834 5009 1144 5063 severissime
1189 5009 1464 5062 constituta
1507 5016 1658 5074 sunt;
1700 5024 1789 5062 nec

224 5102 379 5154 solum
405 5101 672 5172 hareticis,
704 5102 1059 5173 quoquomodo
1080 5100 1260 5154 saltem
1280 5093 1569 5153 Christiano
1588 5105 1790 5153 nomine

221 5189 483 5257 dealbatis,
525 5193 615 5247 sed
648 5195 801 5245 etiam
828 5193 956 5261 ipsis
980 5194 1214 5263 paganis.
1252 5190 1390 5243 Nam
1420 5192 1589 5261 utique
1616 5200 1662 5244 et
1691 5190 1791 5259 ipsi

222 5281 351 5344 falsa
375 5286 617 5354 religione
642 5292 760 5338 sunt
796 5285 961 5353 impii,
994 5298 1205 5352 quorum
1229 5282 1501 5337 simulacra
1535 5284 1686 5337 everti
1710 5294 1790 5336 at-

218 5388 319 5437 que
361 5379 611 5447 confringi
643 5382 792 5448 iussa
832 5385 949 5430 sunt
988 5375 1267 5429 recentibus
1319 5374 1531 5445 legibus,
1571 5373 1789 5427 inhiberi

144 5456 171 5482 “
217 5468 370 5519 etiam
394 5469 648 5534 sacrificia
674 5469 766 5521 sub
788 5478 977 5521 terrore
996 5464 1254 5536 capitali]
1278 5465 1492 5520 Rectius
1520 5465 1650 5518 dixit
1681 5464 1787 5517 Au-

209 5560 446 5617 gustinus
474 5575 635 5629 quam
673 5557 889 5627 putabat
928 5558 1181 5610 occultum
1218 5570 1337 5612 esse
1381 5557 1649 5622 imperium
1690 5554 1785 5609 Dei

208 5647 293 5709 de
325 5654 569 5708 vexandis
592 5653 886 5718 haereticis;
920 5668 1042 5706 nam
1072 5651 1319 5722 proiecto
1336 5649 1473 5704 adeo
1500 5651 1552 5705 in
1574 5659 1789 5718 aposto-

208 5739 389 5800 lorum
414 5748 629 5817 scriptis
655 5748 802 5811 latet,
833 5755 893 5800 ut
916 5760 1014 5800 nec
1043 5748 1176 5814 ipse,
1208 5759 1306 5798 nec
1337 5744 1477 5798 alius
1504 5744 1784 5815 quisquam

160 5824 277 5905 “id
313 5842 543 5910 proferre
568 5841 741 5897 adhuc
763 5843 1017 5911 potuerit.
1048 5838 1151 5895 Sed
1178 5853 1244 5894 eo
1271 5838 1488 5905 latente,
1514 5853 1618 5893 non
1659 5852 1782 5908 pos-

1944 5004 2044 5060 ‘Ad
2074 5004 2317 5059 ethnicos
2346 5003 2485 5073 quod
2517 5006 2726 5071 attinet,
2754 5007 2969 5073 capitali
2994 5007 3252 5077 supplicio
3291 5010 3336 5063 si
3377 5025 3464 5064 sa-

1891 5104 1979 5152 cra
2021 5097 2121 5151 diis
2148 5096 2257 5151 suis
2285 5097 2535 5151 fecissent
2558 5097 2925 5166 mulcmndos,
2956 5099 3163 5154 videtur
3194 5103 3465 5169 reSpicere

1890 5190 2216 5260 Attgustinus
2254 5188 2321 5242 ad
2351 5188 2488 5259 legg.
2533 5189 2621 5253 15,
2656 5188 2721 5243 16
2752 5197 2805 5242 ct
2844 5190 2931 5256 18,
2966 5191 3048 5244 tit.
3092 5191 3178 5256 10,
3227 5191 3320 5247 lib.
3352 5209 3463 5259 xw,

1890 5282 2089 5337 codicis
2117 5280 2493 5347 Theodosiani,
2524 5297 2642 5351 qua:
2668 5281 2811 5351 leges
2840 5298 2981 5337 anno
3011 5284 3112 5340 399
3146 5285 3265 5340 lata:
3317 5298 3461 5342 sunt.

1892 5373 2158 5429 Caeterum
2181 5390 2284 5427 non
2320 5383 2428 5426 tum
2457 5374 2668 5428 demum
2701 5373 3017 5442 supplicium
3040 5376 3269 5446 capitale
3298 5378 3365 5432 iis
3381 5388 3464 5434 est

1892 5467 2152 5522 intentum
2178 5467 2266 5536 qui
2291 5480 2439 5520 sacra
2481 5465 2633 5519 idolis
2662 5464 2913 5529 faverent,
2948 5466 3188 5538 ejusdem
3213 5470 3354 5523 enim
3399 5471 3464 5524 ti-

1893 5558 1990 5612 tuli
2020 5558 2103 5612 lex
2134 5559 2166 5612 4
2198 5572 2227 5611 a
2268 5556 2578 5612 Constantio
2605 5572 2745 5610 anno
2766 5556 2869 5611 555
2892 5558 2993 5613 lata
3016 5558 3299 5615 sichabet:
3334 5561 3463 5615 Pla-
3520 5618 3521 5621 η

1893 5651 2001 5704 cuit
2028 5648 2260 5703 omnibus
2289 5648 2414 5702 locis
2440 5656 2589 5716 atque
2628 5651 2834 5705 urbibus
2863 5653 3110 5708 universis
3138 5653 3312 5708 claudi
3341 5672 3465 5727 pro-

1895 5743 2033 5794 tinus
2075 5742 2283 5809 templa,
2309 5748 2358 5794 et
2390 5756 2593 5795 accessu
2624 5743 2787 5797 vetitis
2818 5746 3048 5798 omnibus
3086 5748 3340 5802 licentiam
3379 5749 3466 5801 de-

1894 5837 2155 5909 linquendi
2197 5836 2411 5907 perditis
2460 5837 2723 5907 abnegari.
2789 5838 3037 5897 Volumus
3081 5844 3215 5899 enim
3262 5850 3467 5898 cunctos
