3974 6356
398 5381 443 5476 ξε

529 324 632 384 εει-ι

1411 315 1966 376 SUPPLEMENTUM
2003 319 2096 373 AD
2132 317 2359 374 OPERA
2400 318 2460 374 S.
2502 315 2895 374 AUGUSTINI.
3635 327 3715 381 528

528 435 793 506 sacriﬁciis
820 435 1092 488 abstinere.
1128 430 1277 497 Quod
1307 431 1350 486 si
1371 432 1481 500 quis
1522 432 1717 501 aliquid
1758 431 1887 499 forte
1916 429 2097 499 huius-
2125 430 2179 490 A
2271 430 2400 499 Cap.
2447 428 2695 500 10,§16.
2730 429 2809 481 An
2839 428 2968 496 forte
2992 426 3165 479 dicent
3194 424 3385 478 etiamsi
3416 429 3721 487 convincuntur

528 530 665 584 modi
692 528 1068 599 perpetraverit,
1092 524 1267 594 gladio
1296 525 1462 578 ultore
1489 532 1774 579 sternatur.
1797 519 2102 576 Facultates

527 622 678 675 etiam
718 619 961 691 peremriti
988 618 1111 685 ﬁsco
1140 615 1457 669 decernimus
1484 615 1756 683 vindicari,
1794 622 1841 667 et
1871 613 2105 667 similiter

530 714 692 785 afﬂigi
722 721 936 766 rectores
966 709 1367 779 provinciarum,
1393 709 1437 762 si
1476 708 1707 778 facinora
1727 706 1986 760 vindicare
2012 721 2105 759 ne-

528 804 791 873 glexerint.
824 800 1071 856 Crudelis
1100 816 1229 856 sane
1253 801 1336 856 lex
1379 810 1434 854 et
1459 797 1761 854 Christiana
1797 806 2109 851 mansuetu-

528 897 653 951 dine
683 909 902 963 prorsus
933 892 1179 961 indigna;
1212 908 1370 962 quam
1400 892 1575 962 legem
1611 892 1654 946 si
1677 892 1797 960 quis
1829 898 1985 958 neget
2013 904 2109 944 ex-

528 984 787 1041 secutioni
829 985 921 1039 illo
951 993 1191 1052 tempore
1221 984 1416 1053 ubique
1459 982 1785 1044 mandatam,
1816 990 2112 1051 propterea

528 1088 705 1133 tamen
746 1078 1045 1133 Constantii
1090 1077 1285 1133 honori
1325 1076 1542 1132 minime
1585 1076 1942 1140 consuluerit;
1979 1088 2103 1129 nam

528 1185 623 1240 per
649 1186 770 1226 eum
816 1186 921 1226 non
961 1173 1111 1226 stetit
1139 1172 1424 1242 quominus
1468 1170 1799 1225 exsecutioni
1828 1168 2111 1223 mandare-

529 1272 634 1328 tur,
679 1272 733 1318 et
776 1262 1120 1333 sequentibus
1164 1262 1488 1331 principibus
1525 1269 1713 1316 auctor
1741 1260 1841 1314 fuit
1880 1260 1951 1314 ita
1989 1273 2111 1315 sese

526 1359 767 1429 gerendi.
798 1361 1122 1429 Augustinus
1150 1368 1328 1413 tamen
1359 1373 1465 1413 non
1497 1356 1584 1412 hic
1607 1365 1830 1421 tantum,
1858 1354 1952 1409 sed
1974 1364 2029 1409 et
2055 1353 2109 1408 in

528 1450 751 1519 epistola
782 1450 874 1516 93,
907 1449 1046 1519 ἕω,
1086 1464 1205 1503 eam
1247 1448 1509 1503 saevitiam
1556 1445 1735 1500 laudat
1768 1464 1780 1497 :
1821 1444 1946 1511 Quis
1972 1444 2109 1497 enim

528 1554 781 1608 nostrum,
813 1543 1002 1612 inquit,
1027 1543 1138 1611 quis
1165 1552 1381 1595 vestrum
1411 1557 1511 1594 non
1543 1540 1722 1594 laudat
1752 1539 1887 1610 leges
1915 1538 1979 1590 ab
2008 1537 2109 1590 im-

529 1634 844 1701 peratoribus
886 1634 1033 1687 datas
1074 1633 1316 1686 adversus
1344 1631 1596 1699 sacrificia
1638 1631 1992 1701 paganorum?
2042 1626 2111 1682 Et

528 1736 661 1779 certe
710 1727 860 1799 longe
908 1725 977 1778 ibi
1026 1741 1172 1795 poena
1223 1724 1443 1777 severior
1489 1724 1761 1777 constituta
1818 1731 1920 1786 est;
1964 1721 2108 1774 illius

2207 523 2263 576 in
2290 524 2542 594 sacrilega
2562 522 2989 576 dissensione.....
3008 536 3107 573 non
3136 528 3299 571 tamen
3327 518 3389 571 ad
3414 521 3721 592 imperatorum

2208 624 2507 690 potestatem
2548 615 2655 670 hac
2696 614 2973 669 coercenda
3002 615 3079 667 uel
3121 612 3373 681 punienda
3413 618 3631 683 pertinere
3661 622 3725 672 de-

2212 707 2368 761 bere?
2400 708 2514 775 Qua
2548 708 2602 761 in
2628 724 2682 761 re
2705 723 2879 777 qurere
2902 706 3027 773 quid
3067 704 3274 769 dicant;
3303 720 3368 757 an
3403 706 3515 773 quia
3552 707 3604 759 de
3635 711 3725 762 reli-

2210 800 2359 871 gione
2376 800 2555 853 vitiosa
2575 799 2651 852 vel
2689 799 2821 867 falsa
2850 795 2980 850 nihil
3005 795 3290 849 curandum
3313 804 3385 848 est
3407 795 3573 850 talibus
3602 808 3728 864 potes-

2214 891 2438 945 tatibus?
2467 890 2571 946 Sed
2594 891 2755 943 multa
2780 891 2930 943 etiam
2942 888 3006 939 de
3020 888 3232 958 paganis
3254 887 3488 954 diximus,
3505 898 3548 940 et
3570 889 3621 940 de
3637 891 3730 957 ipsis

2214 981 2548 1047 dmonibus,
2590 979 2727 1050 quod
2759 980 3130 1047 persecutiones
3170 978 3233 1030 ab
3272 978 3631 1047 imperatoribus
3665 998 3733 1049 pa-

2212 1073 2424 1128 tiantur.
2456 1076 2537 1127 An
2580 1082 2627 1126 et
2660 1076 2755 1126 hoc
2784 1068 3099 1142 displicet2’]
3133 1071 3255 1123 Haec
3287 1080 3436 1124 erant
3460 1070 3597 1124 valde
3623 1072 3730 1125 invi-

2212 1164 2366 1221 diosa
2391 1173 2446 1219 et
2468 1180 2588 1220 cum
2618 1180 2810 1234 magno
2834 1163 3070 1233 periculo
3100 1162 3416 1231 conjuncta;
3450 1162 3492 1215 si
3511 1163 3637 1216 enim
3659 1165 3737 1217 Do-

2212 1255 2422 1311 natistae
2464 1266 2651 1324 aperte
2680 1256 2939 1309 dixissent
2967 1269 3084 1308 eam
3116 1268 3298 1307 curam
3338 1253 3401 1306 ad
3441 1253 3739 1321 imperatores

2213 1361 2320 1401 non
2350 1346 2643 1415 pertinere,
2675 1360 2771 1415 pro
2797 1344 3063 1399 seditiosis
3093 1343 3258 1397 habiti
3304 1343 3546 1405 fuissent;
3576 1359 3658 1398 nec
3680 1346 3741 1399 la-

2213 1441 2313 1494 teri
2352 1449 2621 1508 poterant,
2652 1454 2720 1494 eo
2758 1453 2922 1522 sensu
2954 1454 3059 1509 quo
3089 1438 3418 1508 intelligebat
3443 1438 3739 1508 Augustinus,

2212 1530 2329 1586 sine
2358 1532 2630 1601 periculo;
2660 1532 2706 1585 si
2735 1532 2878 1586 enim
2900 1546 2989 1586 res
3015 1540 3130 1585 erat
3159 1531 3364 1585 arbitrii
3388 1532 3738 1601 imperatorum,

2212 1623 2292 1678 eis
2326 1624 2621 1693 parendum
2661 1633 2795 1677 erat.
2841 1622 2949 1677 Sed
2986 1622 3318 1677 discutienda
3345 1622 3440 1675 fuit
3478 1623 3742 1693 ambiguitas

2215 1715 2374 1768 totius
2414 1714 2513 1769 rei.
2541 1713 2703 1784 Igitur
2728 1722 2942 1769 constat
2971 1714 3109 1768 inter
3142 1729 3333 1768 omnes
3356 1725 3538 1783 gentes
3564 1718 3742 1771 summis

528 1820 714 1889 quippe
740 1818 1014 1888 impietatis
1041 1818 1260 1887 capitale
1286 1816 1595 1887 supplicium
1617 1828 1709 1870 est.
1745 1816 1869 1872 Huic
1897 1816 1940 1871 si
1982 1831 2106 1886 pos-

2213 1808 2564 1875 potestatibus
2591 1807 2968 1862 demandatam
3002 1808 3165 1863 fuisse
3203 1822 3233 1860 a
3264 1809 3493 1877 p0pu|is,
3525 1818 3610 1862 aut
3640 1810 3743 1864 scri-

527 1919 648 1966 sent
674 1910 900 1975 laudari,
932 1912 1113 1964 omnia
1152 1926 1181 1963 a
1214 1909 1528 1964 Christianis
1556 1925 1650 1978 per
1682 1910 1780 1962 tria
1809 1907 1977 1977 prima
2002 1922 2108 1963 sa:-

528 2001 647 2056 cula
701 2001 840 2055 dicta
888 2010 1077 2055 contra
1109 2000 1537 2068 persecutionem
1596 2000 1870 2070 religionis
1920 2014 2107 2067 causa,

528 2094 678 2162 quasi
723 2094 884 2147 stulta
927 2102 1020 2148 aut
1063 2093 1201 2146 mala
1267 2092 1371 2147 lide
1412 2092 1553 2147 dicta
1604 2101 1790 2148 essent
1838 2091 2103 2147 habenda.

528 2185 763 2240 Stultum
788 2186 931 2240 enim
954 2186 1139 2239 luisset
1166 2186 1216 2238 id
1241 2199 1548 2253 Oppugnare
1569 2184 1711 2255 quod
1742 2184 2109 2253 aequissimum

528 2291 650 2332 esse
679 2285 925 2345 putares;
954 2292 1074 2331 nam
1116 2291 1218 2330 non
1252 2277 1551 2345 persecutio
1592 2277 1725 2346 ipsa,
1750 2278 1899 2346 quasi
1926 2292 2019 2345 per
2051 2290 2110 2331 se

530 2370 691 2435 mala,
741 2370 1001 2439 potuisset
1029 2370 1097 2425 ab
1142 2370 1208 2424 iis
1247 2371 1563 2439 oppugnari,
1612 2368 1707 2425 sed
1737 2378 1939 2424 tantum
1988 2384 2109 2440 quae

529 2461 685 2515 ﬁeret
707 2470 891 2515 contra
913 2471 1059 2516 recte
1087 2461 1398 2516 sentientes.
1423 2459 1719 2530 Cupiebant
1739 2473 1915 2516 autem
1952 2460 2109 2515 Chri-

529 2552 691 2607 stiani
721 2552 790 2607 ab
810 2553 1060 2619 ethnicis,
1098 2552 1227 2607 dum
1260 2551 1460 2607 ethnici
1491 2561 1663 2617 erant,
1688 2566 1899 2607 omnem
1931 2566 2112 2621 perse-

528 2643 729 2713 quendi
768 2644 1005 2699 animum
1032 2643 1222 2713 abjici;
1250 2644 1350 2698 hoc
1370 2652 1474 2709 est,
1506 2658 1564 2698 se
1586 2644 1652 2696 ab
1674 2642 1741 2698 iis
1762 2660 1866 2698 non
1898 2645 2107 2711 vexari,

528 2735 770 2805 quamvis
791 2736 990 2790 ethnici
1022 2735 1308 2790 crederent
1326 2749 1421 2790 eos
1439 2733 1493 2789 in
1515 2749 1699 2790 errore
1719 2737 1939 2801 versari,
1967 2734 2111 2805 quod

528 2826 708 2881 multis
735 2826 867 2881 locis
898 2825 1113 2895 probari
1162 2836 1360 2894 posset.
1408 2825 1561 2893 Quod
1590 2826 1635 2880 si
1686 2827 2109 2895 persecutionem

528 2931 631 2971 non
655 2916 1049 2987 improbabant,
1070 2915 1115 2969 si
1147 2916 1305 2970 modo
1332 2933 1362 2972 a
1386 2926 1531 2973 recte
1561 2918 1914 2973 sentientibus
1936 2918 1987 2971 in
2019 2933 2107 2973 er-

528 3016 705 3062 rantes
738 3018 1101 3071 exerceretur,
1152 3008 1477 3076 oportuisset
1516 3022 1634 3076 eos,
1667 3012 1711 3063 si
1741 3010 1976 3063 animum
2010 3024 2109 3064 nu-

528 3098 654 3155 dare
681 3100 997 3163 voluissent,
1022 3097 1102 3153 sic
1132 3102 1376 3154 ethnicos
1410 3101 1612 3171 alloqui
1637 3119 1648 3153 :
1680 3102 1833 3156 Nunc
1864 3102 2101 3173 quidem,

2221 1899 2324 1968 ptis
2345 1900 2568 1970 legibus,
2594 1910 2686 1955 aut
2708 1903 2867 1955 tacito
2888 1911 3035 1956 certe
3055 1915 3344 1967 consensu,
3370 1902 3535 1971 legum
3556 1902 3743 1959 civilium

2212 2000 2267 2048 et
2294 1992 2696 2061 tranquillitatis
2726 1991 2953 2060 publicae
2982 1992 3221 2046 tutelam.
3264 1992 3375 2046 Has
3400 2003 3455 2046 ut
3478 2005 3635 2047 sartas
3659 2002 3744 2048 tec-

2212 2090 2293 2137 tas
2338 2092 2679 2146 conservent,
2732 2085 2891 2136 unius
2933 2083 3155 2151 iustitia:
3205 2084 3464 2138 rationem
3509 2092 3745 2151 potestates

2214 2174 2449 2229 habeant
2488 2188 2705 2229 necesse
2736 2182 2847 2239 est;
2888 2188 2981 2229 seu
3024 2190 3118 2243 par
3150 2185 3235 2228 est
3265 2188 3358 2229 eas
3400 2189 3463 2228 ex
3503 2173 3683 2243 legibus
3709 2184 3748 2229 et

2214 2272 2463 2336 aequitate
2493 2265 2560 2321 de
2595 2266 2841 2321 omnibus
2860 2266 3119 2336 judicare.
3159 2265 3357 2320 Verum
3398 2265 3539 2320 nulla
3566 2269 3748 2321 Societas

2214 2372 2293 2417 est
2329 2378 2448 2431 quae
2488 2362 2675 2417 iisdem
2708 2363 3433 2429 potestatibusdemandarit
3456 2379 3625 2419 curam
3659 2367 3747 2433 opi-

2214 2456 2453 2519 nionum,
2480 2457 2775 2531 praesertim
2796 2454 3240 2521 tbeoreticarum;
3276 2457 3349 2509 ita
3376 2463 3433 2508 ut
3450 2456 3752 2510 eassanciant

2211 2562 2331 2617 qua:
2365 2548 2496 2617 ipsis
2524 2548 2829 2616 placebunt,
2860 2549 3173 2619 proscriptis
3198 2550 3453 2605 omnibus
3482 2549 3610 2615 aliis,
3630 2561 3751 2619 atque

2211 2640 2535 2696 auctoritate
2563 2657 2680 2711 sua,
2722 2653 2774 2695 et
2802 2643 2989 2707 armis,
3021 2643 3067 2697 si
3097 2658 3321 2699 necesse
3354 2645 3443 2708 sit,
3473 2661 3504 2699 e
3529 2645 3750 2713 republica

2212 2733 2522 2789 eliminatis.
2551 2733 2719 2790 Nemo
2755 2744 2860 2789 tam
2898 2737 3118 2791 insanus
3146 2746 3230 2792 est
3266 2739 3359 2806 qui
3393 2749 3536 2808 putet
3570 2740 3657 2793 sibi
3684 2754 3751 2792 ue-

2214 2838 2367 2881 cesse
2411 2840 2533 2880 esse
2578 2828 2729 2896 sequi
2766 2826 3047 2895 opiniones
3098 2843 3326 2882 summae
3368 2831 3655 2899 potestatis;
3688 2830 3750 2884 cui

2212 2914 2279 2969 ad
2306 2931 2393 2971 res
2424 2916 2586 2986 ipsas,
2624 2917 2690 2971 ad
2733 2919 2895 2971 vitam
2929 2934 3268 2975 communem
3300 2935 3366 2975 ac
3396 2922 3601 2976 civilem
3626 2923 3751 2991 perti-

2213 3015 2423 3069 nentes,
2477 3007 2705 3063 libenter
2745 3008 2941 3077 alioqui
2984 3020 3155 3080 paret.
3186 3011 3440 3080 Alioquin
3470 3002 3750 3080 oportuisset

2215 3094 2431 3151 Judaaos
2458 3098 2708 3167 primum,
2739 3098 2931 3155 deinde
2972 3111 3026 3156 et
3052 3102 3393 3157 Christianos
3419 3103 3639 3159 ethnicis
3667 3119 3752 3157 ma-

528 3191 651 3246 dum
674 3191 997 3248 inﬁrmiores
1023 3207 1228 3257 sumus,
1253 3208 1286 3246 o
1308 3193 1533 3259 ethnici,
1563 3209 1591 3245 a
1612 3192 1762 3248 vobis
1784 3194 2106 3249 dissentien-
2133 3181 2178 3243 C
2210 3190 2524 3259 gistratibus
2548 3191 2616 3246 de
2643 3192 2904 3261 religione
2928 3193 3087 3249 ﬁdem
3118 3194 3341 3260 habere,
3364 3208 3419 3252 et
3449 3198 3751 3252 idololatrian

529 3292 607 3337 tes
644 3282 939 3337 clementer
978 3284 1105 3338 ferri
1143 3283 1419 3353 cupimus;
1460 3284 1556 3339 sed
1597 3284 1643 3337 si
1683 3284 1897 3354 quando
1929 3301 2139 3357 rerum,

530 3374 813 3442 p0tiemur,
840 3390 906 3429 ne
930 3374 1212 3439 fallamini,
1247 3390 1350 3429 non
1375 3375 1620 3431 eamdem
1644 3377 1986 3431 clementiam
2015 3393 2110 3433 vo-

529 3464 608 3519 bis
638 3474 892 3534 prtestare
934 3465 1246 3524 statuimus.
1288 3470 1454 3536 Aras,
1488 3468 1681 3538 templa
1732 3483 1796 3523 ac
1823 3468 2107 3524 simulacra

530 3559 705 3612 omnia
732 3566 1059 3625 evertemus,
1093 3559 1457 3629 sacriﬁciaque
1482 3569 1661 3615 vestra
1689 3562 1758 3614 ita
1786 3562 2107 3628 vetabimus,

530 3656 583 3702 ut
609 3663 761 3703 sacra
784 3648 885 3704 diis
914 3651 1109 3705 vestris
1128 3649 1306 3705 facere
1326 3651 1479 3706 vobis
1504 3652 1731 3718 capitale
1753 3653 1988 3707 futurum
2014 3655 2103 3709 sit.

529 3740 733 3795 Interea
762 3756 859 3795 vos
884 3755 1100 3795 oramus
1142 3750 1199 3797 ut
1227 3756 1353 3813 erga
1384 3757 1482 3797 nos
1506 3743 1799 3798 clementer
1829 3760 1926 3800 vos
1955 3761 2107 3815 gera-

529 3832 614 3898 tis,
642 3832 768 3886 dum
798 3833 1104 3901 superiores
1134 3833 1287 3899 estis,
1336 3835 1601 3904 quamvis,
1647 3834 1693 3889 si
1733 3851 1965 3905 unquam
2006 3838 2109 3892 im-

528 3931 797 3990 peratores
845 3922 1180 3979 Christianos
1231 3924 1429 3980 habere
1477 3925 1765 3992 possimus.
1810 3942 1903 3980 vos
1951 3928 2106 3996 quasi

528 4015 718 4083 impios
740 4014 907 4069 simus
927 4014 1281 4083 interfecturi,
1307 4017 1351 4072 si
1382 4017 1655 4087 religionis
1685 4024 1876 4073 vestrae
1900 4020 2102 4075 cultum

528 4106 659 4162 tueri
684 4106 877 4162 velitis.
906 4105 995 4161 Sic
1020 4105 1358 4165 Christianos
1390 4110 1531 4180 loqui
1574 4113 1919 4180 oportuisset,
1942 4112 1990 4167 si
2012 4129 2105 4170 ve-

527 4213 641 4251 rum
674 4196 827 4252 fateri
860 4198 1183 4264 voluissent;
1211 4210 1306 4254 aut
1352 4211 1498 4257 certe
1530 4203 1659 4257 nihil
1696 4204 1945 4259 obstabat
1970 4222 2104 4274 quo-

528 4288 697 4342 minus
718 4304 905 4344 eorum
935 4290 1076 4345 dicta
1105 4290 1183 4346 sic
1214 4293 1697 4362 interpretarentur
1728 4297 1950 4365 ethnici,
1979 4298 2024 4353 si
2046 4298 2100 4353 id

527 4380 813 4436 credebant
842 4383 983 4453 quod
1012 4382 1159 4439 hisce
1190 4387 1522 4455 temporibus
1558 4389 1810 4445 credebat
1853 4393 2103 4462 Augusti-

528 4484 642 4525 nus.
673 4471 920 4528 Judicent
949 4490 1089 4531 nunc
1116 4478 1420 4548 quicunque
1450 4495 1663 4535 omnem
1706 4482 1868 4537 animi
1897 4484 2099 4540 cando—

2215 3282 2496 3353 anvplecti;
2528 3300 2702 3353 neque
2732 3289 2873 3340 enim
2900 3286 3165 3343 deteriore
3190 3291 3314 3359 jure
3344 3292 3663 3361 imperabant
3682 3307 3751 3361 pa-

2211 3375 2334 3444 gani
2363 3390 2523 3445 quam
2555 3386 2737 3444 postea
2771 3377 3057 3434 Christiani
3098 3380 3477 3450 imperatores.
3521 3386 3755 3452 Oporteret

2213 3466 2486 3536 similiter,
2527 3469 2831 3538 quicunque
2862 3471 2915 3523 in
2956 3471 3423 3531 Multammedanis
3464 3478 3651 3547 regnis,
3687 3484 3756 3529 aut

2214 3554 2530 3611 idololatriae
2579 3557 2773 3614 deditis
2816 3562 3110 3618 etiamnum
3154 3566 3379 3633 vivunt,
3422 3583 3515 3623 eos
3551 3568 3753 3621 nuntium

2212 3651 2488 3707 remittere
2528 3653 2771 3722 religioni
2808 3653 3147 3713 Christianae.
3184 3660 3343 3727 Quod
3380 3662 3426 3717 si
3469 3663 3652 3717 dixeris
3676 3677 3754 3715 non

2211 3744 2376 3798 licere
2396 3748 2696 3802 errantibus
2717 3751 3067 3817 poteStatibus
3092 3753 3288 3821 facere,
3325 3757 3469 3824 quod
3504 3758 3617 3812 licet
3643 3767 3754 3811 recte

2210 3835 2581 3903 sentientibus,
2613 3837 2666 3892 in
2697 3839 3061 3910 labyrinthum
3092 3843 3519 3903 inextricabilem
3551 3858 3599 3902 te
3624 3846 3756 3915 conji-

2209 3927 2348 3992 cies;
2377 3944 2498 3984 nam
2529 3931 2650 4001 quis
2675 3932 2890 3987 demum
2917 3934 3179 4003 iudicabit
3208 3937 3294 3992 hic
3317 3938 3389 3994 de
3409 3940 3625 3995 errore?
3658 3939 3757 3993 Cre-

2208 4020 2340 4075 dunt
2368 4021 2589 4088 ethnici,
2619 4024 2848 4079 credunt
2879 4026 3336 4094 Muhammedani,
3368 4033 3589 4087 credunt
3616 4033 3754 4086 lucre-

2211 4110 2300 4167 tici
2342 4113 2609 4183 principes
2651 4124 2703 4170 te
2731 4131 2936 4183 errare,
2969 4119 3059 4188 qui
3104 4130 3155 4175 te
3198 4132 3356 4190 putas
3385 4134 3529 4180 recte
3556 4124 3754 4185 sentire;

2216 4216 2280 4256 ac
2319 4204 2546 4273 proinde
2586 4214 2638 4261 te
2679 4222 2873 4263 vexare
2901 4208 3203 4277 debebunt;
3238 4214 3341 4269 nisi
3371 4215 3511 4272 forte
3534 4217 3657 4271 velis
3685 4214 3755 4269 tibi

2209 4295 2311 4350 soli
2339 4296 2405 4350 ab
2429 4298 2680 4352 omnibus
2704 4300 2875 4367 credi,
2905 4316 2933 4355 a
2968 4312 3018 4357 te
3044 4319 3172 4358 vero
3202 4308 3431 4373 nemini,
3461 4309 3596 4378 quod
3627 4309 3759 4361 furio-

2206 4411 2323 4451 sum
2353 4410 2515 4455 esset.
2541 4399 2764 4456 Constat
2792 4405 2935 4458 enim
2970 4421 3410 4477 unumquemque
3454 4410 3503 4464 id
3546 4417 3761 4479 oportere

2204 4490 2354 4560 sequi
2404 4501 2457 4545 et
2500 4490 2703 4561 facere,
2739 4495 2880 4563 quod
2929 4497 3271 4552 verissimum
3320 4510 3377 4554 et
3422 4502 3670 4568 optimum
3710 4513 3759 4551 cx

528 4576 726 4660 rem-ac
748 4564 1063 4631 probitatem
1088 4581 1194 4620 non
1223 4578 1510 4635 exuerunt,
1532 4586 1598 4623 an
1632 4573 1757 4627 boni
1800 4585 1976 4629 essent
2006 4576 2102 4630 ha-
2132 4566 2190 4628 D
2211 4582 2375 4634 animi
2402 4582 2484 4636 sui
2512 4586 2774 4639 sententia
2817 4587 2864 4640 ei
2907 4588 3144 4651 videtur;
3178 4605 3283 4643 non
3326 4564 3473 4660 quod
3513 4592 3688 4645 falsum
3718 4596 3759 4642 et

527 4654 684 4709 bendi
726 4671 955 4724 quorum
986 4659 1198 4714 animus
1229 4661 1298 4714 ita
1329 4661 1550 4716 allectus
1588 4663 1795 4720 fuisset.
1858 4666 1982 4722 llaec
2026 4677 2110 4724 ta-

526 4760 643 4798 men
665 4756 792 4802 sunt
819 4750 1120 4805 necessaria
1145 4753 1427 4807 sententiae
1450 4755 1855 4824 Augustinianae
1884 4772 2108 4815 consce-

525 4843 676 4896 taria.

590 4934 789 4989 Verum
840 4934 925 4990 hic
956 4946 1217 5007 praeterea
1247 4938 1533 5009 diligenter
1561 4942 1957 4999 observandum
1997 4953 2102 5012 est,

524 5027 659 5096 quod
709 5028 773 5080 ad
805 5028 1084 5095 epistolam
1115 5028 1184 5084 44
1215 5030 1505 5085 observare
1543 5032 1845 5089 omisimus.
1889 5036 2101 5106 Expro-

525 5117 709 5171 brabat
751 5117 1074 5174 Fortunatus
1107 5119 1400 5187 Donatista,
1448 5137 1589 5177 anno
1630 5123 1768 5187 598,
1802 5127 2101 5198 Augustino

525 5208 594 5261 ita
620 5222 742 5263 esse
770 5209 1034 5264 animatos
1061 5213 1344 5281 episcopos
1378 5216 1695 5282 catholicos,
1743 5228 1804 5272 ut
1832 5220 1954 5273 data
1997 5220 2101 5274 sibi

524 5306 786 5367 potestate
805 5303 1001 5356 acriter
1021 5311 1204 5358 essent
1222 5304 1524 5362 Donatistas
1546 5311 1897 5378 persecuturi,
1920 5326 2103 5381 qnam-
2151 5332 2155 5337 δ

524 5391 603 5443 vis
636 5388 1060 5448 dissimularent.
1102 5393 1231 5449 Vide
1260 5397 1421 5465 epist.
1446 5397 1537 5465 44,
1570 5401 1659 5454 Η.
1692 5401 1746 5454 Id
1774 5416 1905 5456 vero
1938 5418 2101 5472 nega-

525 5480 615 5536 bat
649 5483 974 5551 Augustinus
1014 5485 1079 5540 iis
1116 5487 1296 5542 verbis
1340 5504 1458 5559 quae
1484 5506 1547 5546 ex
1578 5493 1799 5562 epistola
1830 5496 2101 5565 excerpsi-

524 5589 643 5630 mus
672 5576 736 5629 ad
766 5586 897 5630 tom.
938 5577 1005 5647 ll,
1052 5579 1325 5651 Deumque
1366 5584 1607 5639 cordium
1636 5596 1823 5642 testem
1856 5590 2101 5644 vocabat.

523 5667 628 5724 Sed
653 5668 860 5724 duobus
877 5672 1042 5727 annis
1064 5682 1277 5741 postea,
1307 5674 1408 5731 hoc
1437 5688 1519 5734 est
1547 5678 1673 5747 400,
1706 5696 1813 5752 quo
1843 5682 1929 5739 hic
1965 5683 2103 5738 liber

523 5766 605 5814 est
634 5761 884 5831 scriptus,
913 5772 1100 5819 contra
1124 5766 1384 5823 sentiebat
1414 5784 1478 5824 ac
1506 5769 1842 5840 loquebatur.

2212 4672 2426 4726 noxium
2457 4673 2647 4739 credit,
2677 4676 2931 4745 quidquid
2950 4684 3016 4732 de
3049 4694 3113 4733 eo
3146 4680 3233 4733 alii
3258 4682 3512 4736 sentiant.
3537 4684 3614 4736 An
3634 4694 3761 4747 opor-

2209 4764 2343 4819 tebit
2365 4765 2660 4831 ethnicum,
2691 4767 3211 4837 Muhammedanum,
3248 4771 3559 4829 bzereticum
3593 4770 3759 4840 princi-

2211 4869 2331 4924 pem
2364 4855 2540 4912 favere
2559 4858 2609 4911 ei
2632 4857 2898 4927 religioni,
2923 4860 3043 4914 eive
3062 4871 3246 4929 sectae,
3275 4879 3437 4930 quam
3469 4865 3645 4919 falsam
3666 4877 3761 4916 esse

2206 4947 2408 5014 credit;
2439 4964 2633 5004 vexare
2654 4964 2782 5004 vero
2802 4966 2895 5006 eos
2922 4955 3011 5017 qui
3035 4964 3179 5008 recte
3206 4955 3255 5009 ei
3283 4958 3490 5011 sentire
3514 4952 3759 5011 videntur!

2214 5039 2349 5095 Sunt
2385 5057 2512 5111 ergo
2537 5055 2725 5098 omnes
2754 5053 3065 5114 potestates,
3089 5047 3344 5117 quidquid
3366 5051 3616 5113 sentiant,
3641 5062 3762 5102 com-

2216 5133 2359 5186 muni
2387 5132 2503 5202 legi
2539 5134 2909 5203 subjiciendae;
2943 5153 3030 5202 ne,
3072 5140 3195 5192 dum
3225 5142 3466 5195 veritatis
3493 5138 3760 5195 amantibus

2215 5221 2394 5278 lavere
2447 5225 2498 5278 in
2550 5240 2714 5295 regno
2761 5228 3009 5297 quopiam
3059 5240 3153 5285 aut
3202 5232 3474 5300 republica
3524 5234 3758 5293 volumus,

2214 5315 2473 5370 mendacii
2496 5318 2788 5373 cultoribus
2813 5321 3177 5390 imprudenter
3195 5339 3342 5380 arma
3368 5326 3646 5389 tradamus,
3663 5336 3759 5392 qua

2215 5408 2356 5462 nulla
2383 5410 2588 5464 ratione
2609 5412 2818 5481 eripere
2848 5416 3136 5482 possimus.

2284 5500 2388 5557 Sed
2418 5504 2707 5571 nullamne,
2742 5506 2969 5576 inquies,
2991 5524 3174 5564 curam
3198 5510 3473 5583 religionis
3493 5527 3666 5583 gerere
3682 5509 3756 5563 de«

2209 5591 2334 5647 bent
2365 5594 2667 5665 principes?
2691 5597 2994 5667 Maximam,
3019 5612 3073 5657 et
3093 5618 3210 5673 qua:
3238 5605 3291 5660 in
3319 5605 3421 5662 hoc
3446 5609 3749 5677 potissimum

2208 5684 2305 5738 sita
2333 5694 2433 5751 est,
2462 5696 2521 5742 ut
2551 5704 2616 5743 ne
2653 5690 2773 5759 quis
2814 5692 3083 5763 religionis
3121 5711 3278 5752 causa
3307 5698 3470 5754 alium
3515 5709 3658 5755 vexet
3679 5703 3752 5750 aut

2209 5778 2348 5834 male
2374 5778 2586 5847 habeat,
2620 5784 2706 5851 qui
2738 5787 3023 5857 carieroqni
3052 5789 3257 5858 legibus
3278 5793 3528 5849 civilibus
3562 5798 3749 5865 pareat;
