3974 6356
241 392 328 447 529

860 369 1214 426 VAllIORUM
1255 366 1852 425 EXERCITATIONES
1886 363 1955 422 ΙΝ
1992 370 2051 425 S.
2092 370 2469 429 AUGUSTINI
2507 372 2755 430 OPERA.

2074 252 2189 262 ...ηερ

3358 367 3472 433 550

238 494 420 565 nequis
448 489 565 543 item
595 483 908 538 seditionem
949 490 1096 535 creet
1119 522 1135 546 ,
1169 489 1257 533 aut
1302 494 1450 533 arma
1480 479 1675 545 capiat,
1719 484 1780 531 ut
1805 480 1856 537 Α
1882 483 2103 534 exerceri
2115 485 2257 553 juste
2288 484 2584 549 fateantur;
2613 485 2666 537 in
2702 484 2964 539 haereticos
2990 492 3158 538 autem
3184 492 3333 553 atque
3366 485 3467 538 im-

234 590 367 645 aliter
385 582 662 637 sentientes
688 577 832 630 cives
862 574 1087 637 occidat,
1120 581 1208 625 aut
1232 587 1262 626 e
1283 572 1498 626 civitate
1520 570 1778 623 extermi-

231 693 325 740 net.
357 677 494 733 Nulla
517 673 613 725 alia
640 670 798 724 tutela
829 667 1035 736 indiget
1062 666 1282 730 veritas,
1317 665 1416 719 nisi
1446 673 1505 718 ut
1543 664 1591 719 ei
1621 662 1793 718 liceat-

230 781 332 833 luce
358 766 553 840 pr0pria
585 764 805 832 fulgenti
838 762 1025 815 oculos
1056 760 1330 813 hominum
1359 758 1424 811 ad
1453 771 1511 810 se
1541 771 1774 812 conver-

229 879 344 927 tere,
392 870 440 914 et
489 855 650 909 ﬁrmis
699 852 995 907 rationibus
1043 851 1250 903 animos
1298 864 1493 912 eorum
1533 848 1771 901 allicere.

226 958 358 1015 Nulla
380 950 570 1006 erroris
598 946 922 1015 oppugnatio
949 942 1146 998 certior
1174 949 1256 995 est
1286 955 1443 1011 quam
1483 947 1541 992 ut
1572 937 1777 1008 perspi-

227 1065 309 1105 cue
344 1042 658 1105 confutetur,
710 1048 763 1092 et
812 1037 977 1090 libere
1007 1042 1317 1103 retegantur
1345 1031 1773 1086 allucinationes.

224 1142 299 1197 Sic
320 1149 440 1205 ergo
485 1131 693 1185 faveant
737 1129 1076 1197 magistratus
1117 1124 1349 1187 veritati,
1381 1125 1459 1177 sic
1486 1121 1656 1176 errori
1682 1120 1776 1174 ad-

224 1238 494 1288 versentur.
526 1224 837 1292 llbicunque
867 1229 1150 1289 utrumque
1175 1219 1355 1272 licebit
1382 1215 1583 1279 facere,
1628 1214 1773 1269 brevi

225 1330 277 1384 de
318 1336 491 1379 errore
540 1320 743 1373 veritas
788 1314 1155 1384 triumphabit.
1206 1310 1356 1379 Quod
1404 1311 1447 1365 si
1500 1308 1775 1362 hominum

225 1409 806 1489 lgnorantia,stupiditas
830 1415 921 1460 aut
941 1404 1159 1460 affectus
1180 1402 1424 1457 nonnihil
1450 1400 1775 1468 triumphum

231 1504 434 1563 veritatis
462 1513 758 1565 morentur,
790 1498 1020 1553 nouerit
1051 1498 1203 1564 longa
1238 1509 1407 1556 mora,
1444 1503 1499 1546 et
1531 1493 1776 1545 humanae

226 1597 573 1661 imbecillitatis
606 1595 844 1649 habenda
878 1590 1114 1660 profecto
1150 1599 1230 1643 est
1274 1589 1449 1657 aliqua
1490 1585 1644 1640 ratio.
1675 1584 1778 1638 Re-

228 1693 374 1750 media
422 1687 721 1743 certissima
767 1695 821 1740 et
872 1684 1245 1739 efﬁcacissima
1282 1670 1486 1751 quibus
1536 1678 1776 1748 corporis

224 1786 368 1845 morbi
409 1792 689 1845 curantur,
743 1780 982 1847 indigent
1019 1790 1231 1846 quoque
1273 1774 1453 1843 aliquo
1500 1780 1774 1839 tempore,

1880 573 1994 643 pias
2020 574 2357 629 dissensiones
2379 576 2538 630 nolint
2566 578 2739 646 fateri,
2761 594 2875 630 cum
2901 578 2955 631 in
2983 576 3161 631 iisdem
3183 577 3468 647 iniquitatis

1880 665 2148 734 fructibus,
2171 670 2473 723 auctoritate
2488 668 2791 738 apostolica,
2817 679 3142 723 numerentur
3158 667 3210 739 ?]
3242 670 3296 725 Si
3329 684 3464 739 aqua

1882 760 2121 816 haerebat
2160 762 2246 816 hic
2276 764 2592 831 Donatistis,
2622 763 2864 833 profecto
2898 765 3176 836 Augustini
3223 776 3464 818 contem-

1882 863 1974 923 ptu
2002 855 2147 925 digni
2170 867 2343 911 erant.
2375 856 2506 923 Quis
2530 861 2672 913 enim
2708 859 2913 927 ignorat
2938 874 3270 929 quascunque
3306 871 3465 911 evan-

1881 946 2066 1015 gelicis
2095 946 2300 1017 legibus
2326 948 2665 1014 damnantur,
2697 962 2749 1004 et
2773 967 2893 1020 quae
2936 951 3235 1021 praesertim
3270 949 3465 1005 Paulus

1881 1037 2002 1099 loco
2030 1039 2097 1093 ab
2119 1041 2415 1110 Augustino
2443 1042 2607 1096 allato
2628 1045 2956 1112 perstringit,
2989 1044 3238 1099 civilibus
3263 1044 3465 1111 legibus

1879 1145 1981 1185 nec
2001 1131 2178 1186 solere
2206 1132 2380 1201 plecti,
2414 1148 2514 1188 nec
2546 1135 2736 1203 posse?
2763 1135 3005 1204 Exempli
3035 1150 3216 1200 causa,
3250 1135 3469 1189 aemula-

1882 1223 2078 1291 tiones,
2108 1226 2498 1293 animositates,
2523 1227 2912 1294 dissensiones,
2955 1228 3174 1294 invidia,
3219 1230 3461 1294 avaritia,

1882 1316 2156 1384 superbia,
2187 1317 2426 1383 ambitio,
2458 1333 2608 1373 amor
2638 1334 2814 1374 rerum
2842 1319 2999 1388 hujus
3030 1321 3184 1383 vitm,
3216 1320 3375 1374 modo
3400 1335 3469 1375 ne

1882 1424 2069 1465 eorum
2118 1425 2277 1465 causa
2327 1412 2476 1481 leges
2521 1412 2830 1482 reipublicae
2863 1412 3278 1483 perfringantur,
3331 1432 3471 1469 nun-

1882 1516 2041 1572 quam
2074 1502 2365 1570 puniuntur
2387 1505 2456 1559 ab
2487 1505 2793 1560 hominibus
2819 1524 2832 1570 ;
2868 1521 2964 1561 nec
2985 1515 3161 1562 tamen
3184 1516 3465 1577 propterea

1882 1594 2062 1648 minus
2086 1594 2195 1649 Deo
2221 1594 2391 1651 invisa
2419 1606 2563 1664 sunt,
2592 1598 2837 1653 minusve
2864 1612 3030 1669 regno
3052 1598 3260 1654 caelesti
3287 1598 3468 1654 exclu-

1886 1686 2041 1743 dunt.
2074 1688 2253 1744 Facile
2280 1691 2570 1747 ostendere
2598 1708 2883 1761 possemus
2908 1708 3005 1748 cur
3034 1694 3160 1747 talia
3201 1701 3471 1762 nequeant

1866 1779 1953 1834 ab
1997 1779 2304 1836 hominibus
2333 1784 2514 1852 plecti,
2542 1784 2588 1839 si
2634 1786 2732 1837 hoc
2763 1794 3042 1854 ageretur;
3074 1784 3206 1840 satis
3231 1784 3333 1839 erit
3382 1784 3469 1837 di-

223 1896 310 1952 quo
348 1878 443 1930 vim
474 1884 640 1943 atque
677 1872 970 1927 efﬁcaciam
1012 1885 1162 1925 suam
1206 1874 1477 1922 exserante
1519 1864 1781 1919 Mirumne
1808 1862 1858 1923 Β
1885 1871 2033 1926 xisse
2060 1871 2202 1941 leges
2222 1874 2407 1928 civiles
2432 1889 2554 1930 esse
2580 1875 2853 1929 hominum
2883 1875 3177 1931 conditioni
3210 1886 3471 1946 attempe-

222 1987 327 2041 ergo
362 1980 445 2023 aut
476 1967 718 2035 iniquum
775 1965 943 2019 videri
984 1971 1161 2033 potest
1204 1961 1425 2017 concedi
1464 1960 1777 2013 ‘animorum

226 2063 396 2119 morbis
440 2074 648 2113 moram
679 2059 910 2127 aliquam
942 2067 999 2111 ut
1039 2056 1332 2111 curentur?
1375 2052 1587 2108 Nemini
1625 2066 1777 2119 sane,

226 2154 306 2208 nisi
328 2160 487 2206 semet
514 2152 688 2218 ipsum
712 2150 1001 2219 ignoranti.
1021 2148 1089 2202 At
1114 2162 1258 2215 saepe
1286 2146 1528 2217 contigit,
1548 2145 1777 2215 inquies,

225 2244 488 2299 diutissime
527 2256 747 2295 errores
789 2241 1007 2309 fulgenti
1051 2240 1259 2295 veritati
1304 2238 1598 2303 restitisse;
1634 2236 1779 2306 quod

221 2338 358 2406 liquet
394 2336 698 2391 ethnicismi
740 2334 1010 2401 exemplo,
1050 2334 1139 2404 qui
1179 2334 1231 2387 in
1271 2333 1500 2401 imperio
1536 2330 1778 2385 Romano

219 2438 402 2485 centum
460 2426 741 2480 minimum
787 2426 943 2479 annis
988 2434 1111 2494 post
1147 2425 1481 2479 Constantini
1532 2432 1774 2492 tempora

218 2529 461 2588 superstes
484 2518 604 2583 luit,
643 2534 740 2572 nec
767 2518 902 2571 forte
925 2532 1155 2585 unquam
1188 2517 1573 2571 intermortuus
1602 2522 1774 2579 esset,

216 2610 300 2664 nisi
326 2611 369 2663 vi
395 2612 569 2678 legum
594 2609 782 2664 fuisset
806 2616 1158 2680 expugnatus.
1178 2612 1359 2679 Atego
1383 2608 1502 2663 illas
1530 2608 1675 2677 ipsas
1704 2609 1778 2662 le-

215 2716 293 2770 ges
311 2702 669 2756 diuturnitatis
708 2702 910 2757 erroris
948 2716 1137 2757 causas
1179 2702 1367 2770 partim
1418 2690 1595 2755 fuisse
1630 2700 1776 2754 exis-

216 2796 352 2859 timo;
394 2794 532 2864 quod
570 2796 817 2850 homines
857 2796 1065 2850 soleant
1097 2810 1192 2851 eas
1221 2797 1502 2865 opiniones
1535 2797 1772 2864 pertina-

216 2888 310 2940 cius
333 2886 504 2942 fovere
534 2903 662 2957 quae
693 2888 740 2940 vi
788 2896 1185 2957 oppugnantur.
1233 2886 1437 2942 Deinde
1473 2901 1579 2941 non
1627 2902 1775 2941 mera

216 2980 287 3036 lux
308 2982 571 3052 Evangelii
600 2981 837 3037 tenebris
864 2981 1165 3037 ethnicismi
1184 2981 1573 3051 opponebatur,
1601 2995 1776 3050 neque

218 3088 336 3127 mera
380 3083 519 3127 recta
576 3074 717 3128 ratio
771 3089 1009 3128 errorem
1047 3074 1409 3143 oppugnabat.
1460 3074 1623 3127 Multa
1664 3073 1774 3141 jam

221 3177 345 3220 erant
368 3182 428 3219 eo
460 3176 711 3236 tempore
743 3168 795 3220 in
827 3168 1164 3237 dogmatibus
1198 3168 1494 3237 ritibusque
1523 3178 1577 3222 et
1604 3167 1776 3221 mori-

1885 1973 2050 2026 ratas,
2083 1979 2181 2019 nec
2204 1964 2272 2018 ab
2302 1964 2370 2019 iis
2397 1965 2646 2020 eximiam
2671 1968 2955 2035 quamdam
2980 1968 3315 2022 sanctitatem
3348 1982 3469 2035 pos-

1884 2055 2074 2121 tulare,
2124 2056 2217 2110 sed
2268 2066 2472 2111 tantum
2520 2073 2638 2112 eam
2669 2059 2919 2112 virtutem
2975 2059 3092 2113 sine
3132 2073 3233 2128 qua
3273 2058 3469 2113 civium

1883 2147 2115 2202 societas
2158 2148 2443 2203 incolumis
2486 2163 2610 2204 esse
2664 2165 2769 2203 non
2818 2159 3013 2217 potest.
3066 2150 3326 2205 Similiter
3367 2166 3469 2206 nec

1882 2238 2163 2304 Opiniones
2211 2237 2490 2307 subjacent
2545 2240 2720 2309 legum
2774 2240 3011 2294 civilium
3063 2243 3285 2311 pinnis,
3345 2242 3469 2312 quia

1883 2330 2146 2397 aequiores
2169 2346 2359 2387 omnes
2381 2332 2713 2401 legislatores
2747 2348 2813 2389 ea
2841 2343 3047 2389 tantum
3079 2335 3322 2407 plectunt
3347 2351 3467 2405 qua:

1880 2421 2213 2491 experientia
2237 2424 2549 2493 quotidiana
2570 2434 2782 2480 constat
2802 2441 2922 2481 esse
2949 2427 3111 2498 mala,
3145 2428 3377 2499 taliaque
3402 2428 3468 2483 ab

1883 2513 2132 2570 omnibus
2178 2516 2462 2585 habentur,
2495 2519 2587 2588 qui
2615 2518 2831 2587 quidem
2866 2528 2991 2574 sunt
3018 2520 3097 2574 sui
3148 2529 3466 2590 compotes:

1882 2607 2060 2676 qualia
2103 2617 2247 2675 sunt,
2280 2609 2478 2675 caedes,
2512 2610 2732 2677 furtum,
2775 2610 3097 2666 adulterium
3140 2622 3194 2666 et
3239 2612 3467 2678 similia;

1881 2715 2004 2769 quae
2029 2700 2074 2755 si
2098 2701 2511 2771 negligerentur,
2538 2712 2683 2757 stare
2706 2704 2935 2758 societas
2964 2704 3195 2759 humana
3219 2722 3323 2759 non
3347 2720 3469 2775 pos-

1882 2800 1983 2845 set.
2008 2791 2239 2863 ldeoque
2262 2793 2462 2848 nullum
2509 2803 2591 2850 est
2631 2795 3025 2851 ratiocinationi
3065 2798 3470 2867 Augustinianza
3558 2796 3567 2805 ‘

1884 2884 2111 2951 pondus.
2156 2884 2210 2939 Si
2268 2886 2563 2942 Donatistae
2595 2887 2891 2956 probabant
2928 2889 3188 2958 supplicia
3225 2890 3469 2945 ethnico~

1884 2990 2027 3040 rum,
2070 2976 2215 3046 digni
2244 2991 2373 3031 sane
2413 2980 2681 3049 erantqui
2723 2988 2776 3033 et
2815 2979 2913 3047 ipsi
2946 2974 3298 3045 vexarentur;
3347 2996 3470 3037 nam

1882 3068 2022 3136 quod
2062 3069 2165 3123 sibi
2208 3084 2313 3123 non
2355 3070 2469 3124 fleri
2504 3071 2823 3141 cupiebant,
2863 3072 2913 3126 id
2947 3072 3065 3126 aliis
3116 3073 3237 3126 fieri.
3271 3088 3470 3143 cupere

1882 3175 1989 3214 non
2017 3161 2121 3215 nisi
2164 3162 2342 3231 inique
2389 3172 2652 3229 poterant.
2686 3163 2829 3218 Inter
2858 3164 3129 3219 veneficos
3159 3175 3210 3219 et
3252 3165 3470 3221 hatreti-

222 3259 300 3313 bus
320 3256 737 3314 Christianorum
763 3277 879 3330 quae
912 3264 1102 3315 merito
1129 3261 1277 3332 (quid
1306 3264 1448 3316 enim
1474 3277 1614 3317 nunc
1638 3276 1778 3332 ραι-
1804 3245 1850 3310 C
1881 3268 1975 3308 cos
2004 3252 2149 3307 nulla
2179 3263 2263 3308 est
2288 3254 2616 3319 similitudo;
2650 3269 2770 3308 nam
2795 3254 3016 3310 veneﬁci
3048 3258 3278 3310 convicti
3308 3256 3469 3312 faten-

217 3351 368 3405 sertim
387 3365 482 3405 nos
505 3360 655 3405 vetat
682 3366 867 3406 verum
893 3351 1045 3406 fateri
1061 3353 1082 3403 ?
1100 3352 1117 3422 )
1137 3352 1481 3408 ollendebant
1505 3354 1771 3410 ethnicos.

215 3438 343 3510 Saepe
364 3445 521 3496 etiam
540 3442 835 3497 Christiani
854 3442 1122 3512 doctores,
1154 3446 1243 3512 qui
1262 3452 1345 3498 sat
1373 3445 1508 3500 bene
1528 3446 1775 3501 ethnicos

212 3548 398 3588 errores
425 3537 763 3597 evertebant,
796 3537 933 3589 male
961 3546 1123 3606 atque
1170 3537 1416 3607 imperite
1459 3539 1773 3605 religionem

214 3622 538 3679 Christianam
571 3627 881 3680 tuebantur.
913 3628 1096 3697 Itaque
1116 3628 1408 3698 caligantes
1435 3629 1773 3686 ethnicorum

208 3717 352 3782 oculi,
400 3718 525 3772 dum
581 3720 707 3772 hinc
761 3720 1002 3774 veritatis
1049 3720 1167 3775 luce
1212 3723 1765 3793 praestringebantur,

209 3809 334 3865 illinc
358 3826 647 3879 pravarum
688 3825 848 3881 atque
885 3813 1138 3867 falsarum
1169 3814 1638 3879 ratiocinationum
1679 3834 1773 3873 ne-

209 3905 326 3961 bulis
346 3909 838 3978 praspediebantur,
878 3924 1086 3978 unaque
1126 3923 1248 3963 cum
1283 3911 1656 3979 paralogismis
1685 3912 1771 3965 llr-

206 3998 445 4053 missimas
486 4000 929 4055 ratiocinationes
959 4001 1277 4055 miscebant.
1320 4002 1583 4056 Videbant
1612 4002 1771 4058 etiam

206 4085 456 4144 hominum
486 4092 760 4160 quoddam
792 4107 980 4161 genus,
1009 4107 1039 4146 a
1078 4107 1186 4161 quo
1227 4093 1460 4147 maxime
1499 4110 1774 4164 oppugna-

206 4178 396 4250 bantur,
425 4198 631 4252 cupere
667 4193 723 4238 ut
751 4184 1060 4252 religionem
1091 4182 1451 4238 Christianam
1485 4185 1770 4252 amplecte-

202 4281 385 4338 rentur,
419 4289 527 4329 non
561 4287 766 4329 tantum
792 4276 971 4329 animo
998 4275 1126 4344 ipsis
1150 4276 1447 4342 benevolo;
1481 4276 1575 4331 sed
1608 4279 1770 4333 etiam

201 4365 327 4431 quia,
354 4377 513 4422 aucto
540 4366 975 4422 Christianorum
1000 4382 1248 4433 nuntero,
1274 4368 1406 4423 fines
1428 4369 1575 4438 regni
1601 4370 1773 4437 cujus-

178 4459 301 4516 dam
324 4463 444 4516 novi
476 4464 698 4532 generis
719 4461 860 4531 quod
889 4462 965 4515 illi
997 4462 1245 4517 homines
1274 4462 1619 4532 possidebant
1644 4480 1771 4534 pru-

198 4554 509 4621 ferehantur;
543 4569 783 4623 opesque
800 4561 855 4608 et
880 4556 1174 4609 auctoritas
1197 4570 1381 4610 eorum
1412 4556 1763 4626 augebantur.

1884 3355 1970 3398 tur
2011 3359 2068 3398 se
2097 3354 2282 3399 contra
2309 3344 2398 3413 jus
2422 3354 2474 3398 et
2497 3344 2575 3398 fas
2604 3360 2809 3399 venena
2843 3348 3178 3415 propinasse,
3229 3362 3329 3401 nec
3381 3362 3468 3402 res

1882 3436 1988 3489 ulla
2014 3435 2343 3491 obscuritate
2374 3436 2583 3491 lahorat
2614 3453 2629 3491 :
2661 3436 2755 3491 sed
2788 3437 2876 3492 ubi
2921 3438 3102 3493 sermo
3146 3446 3233 3493 est
3258 3438 3325 3492 de
3352 3440 3469 3507 opi-

1881 3528 2151 3595 nionibus,
2176 3542 2308 3598 quas
2338 3529 2425 3597 qui
2464 3538 2760 3597 sequuntur
2794 3529 3023 3583 credunt
3051 3544 3172 3584 esse
3208 3544 3385 3595 veras,
3416 3538 3470 3584 et

1879 3629 2098 3689 pr0pter
2113 3621 2317 3689 quasin
2345 3620 2545 3674 nullam
2577 3620 2787 3676 civilem
2812 3623 2981 3688 legem
3000 3622 3342 3692 delinquunt,
3366 3622 3469 3676 ini-

1877 3712 2154 3782 quissima:
2192 3723 2321 3767 sunt
2351 3728 2545 3780 paenae,
2578 3714 2648 3767 ob
2680 3717 2913 3770 rationes
2938 3725 3093 3769 antea
3132 3718 3338 3770 allatas.
3384 3718 3465 3770 An

1878 3809 2029 3875 forte,
2060 3803 2275 3874 subjicit
2308 3805 2659 3874 Augustinus,
2679 3822 2772 3860 nec:
2798 3808 2924 3862 talia
2945 3817 3215 3873 potestates
3235 3810 3348 3861 ista!
3370 3812 3468 3861 ltu-

1877 3914 2046 3952 mana:
2074 3899 2447 3953 constitutionis
2470 3902 2834 3967 permittuntur
2861 3904 3083 3955 curare?
3111 3901 3329 3974 PrOpter
3342 3903 3466 3971 quid

1876 4008 1997 4064 ergo
2023 3993 2257 4062 gladium
2286 4004 2450 4061 portat
2481 3994 2569 4062 qui
2608 3994 2773 4048 dictus
2804 4005 2877 4049 est
2906 3998 3133 4049 minister
3166 3996 3257 4050 Im'
3279 3998 3467 4051 vindex

1876 4088 1929 4140 in
1955 4087 2086 4140 iram
2107 4088 2179 4141 eis
2199 4089 2288 4157 qui
2306 4088 2439 4140 male
2460 4088 2659 4157 agunt?
2678 4087 2734 4144 Si
2760 4088 2881 4143 talia
2904 4099 3192 4159 potestates
3217 4089 3465 4145 humana

1874 4182 1924 4235 vi
1952 4190 2007 4235 et
2038 4182 2202 4235 armis
2226 4190 2439 4245 curant,
2474 4182 2591 4235 sine
2619 4180 2783 4236 dubio
2832 4194 3025 4251 praeter
3052 4184 3138 4250 jus
3167 4192 3222 4237 et
3261 4183 3338 4237 fas
3371 4199 3466 4251 po-

1876 4274 2042 4326 tentia
2085 4288 2179 4326 sua
2222 4273 2549 4336 abutuntur;
2591 4287 2767 4341 neque
2793 4275 2936 4328 enim
2967 4274 3087 4328 talia
3129 4275 3177 4328 vi
3208 4284 3261 4330 et
3298 4275 3463 4329 armis

1873 4379 2151 4422 curantur.
2175 4365 2513 4437 Defendenda
2532 4366 2715 4439 religio
2731 4376 2827 4435 est,
2857 4364 3131 4437 inquiebat
3160 4368 3467 4423 Lactantius

1874 4461 1969 4517 lib.
1993 4477 2046 4527 ν,
2079 4475 2197 4531 cap.
2234 4461 2321 4524 19,
2346 4477 2447 4514 non
2478 4460 2775 4535 occidendo,
2798 4463 2887 4514 sed
2916 4449 3212 4522 moriendo:
3240 4478 3340 4514 non
3360 4472 3461 4515 sw-

1874 4556 2015 4618 vitia,
2048 4554 2140 4609 sed
2181 4556 2463 4621 patientia;
2509 4569 2612 4608 non
2642 4554 2847 4618 scelere,
2885 4553 2973 4608 sed
3015 4554 3136 4622 ﬁde.
3190 4551 3295 4607 Illa
3330 4554 3467 4607 enim

196 4642 275 4699 Ha:
293 4646 513 4717 aliaeque
544 4647 752 4702 similes
781 4648 929 4702 fuere
970 4662 1217 4714 remora,
1246 4663 1365 4716 quae
1388 4648 1615 4716 objecta:
1643 4659 1766 4704 sunt
1795 4632 1849 4693 Ῑ)
1875 4646 2131 4701 malorum
2160 4657 2298 4711 sunt,
2328 4645 2437 4699 lucc
2465 4646 2733 4709 bonorum,
2752 4654 2858 4700 etc.
2892 4645 3039 4698 Nihil
3066 4654 3138 4698 est
3168 4656 3271 4698 tam
3292 4645 3467 4699 volun-

196 4740 427 4806 ethnicis,
480 4757 551 4795 ne
596 4742 987 4809 quamprimum
1035 4738 1395 4795 Christianam
1450 4741 1764 4811 religionem

191 4834 650 4902 amplecterentur,
681 4848 788 4886 non
815 4831 956 4901 quod
980 4831 1155 4886 edicta
1190 4847 1298 4886 non
1329 4832 1460 4886 satis
1488 4833 1681 4888 acerba
1703 4847 1766 4889 ac

190 4927 407 4981 crudelia
437 4937 631 4981 contra
659 4941 753 4981 eos
775 4926 1107 4997 promulgata
1142 4926 1365 4989 fuerint;
1395 4936 1490 4980 aut
1520 4928 1661 4998 quod
1684 4927 1766 4983 di-

192 5015 312 5070 vina
347 5018 615 5081 veritatis,
653 5032 775 5072 cum
820 5018 933 5072 sola
980 5016 1167 5085 fulget,
1212 5015 1416 5086 exigua:
1443 5017 1549 5072 sint
1599 5019 1763 5086 vires,

192 5110 389 5178 quando
433 5110 582 5163 nulla
628 5112 708 5165 vis
737 5120 881 5165 vetat
920 5112 1206 5181 quominus
1250 5110 1469 5180 fulgeat.
1513 5109 1618 5166 Sed
1650 5110 1767 5168 11330

193 5204 308 5257 satis
337 5219 612 5276 superque
643 5205 744 5259 hac
772 5205 839 5259 de
862 5220 939 5258 re.

255 5295 377 5352 Ibid.
416 5298 567 5354 Illud
595 5314 785 5368 quaero,
811 5314 923 5351 rum
949 5298 1217 5368 manifeste
1261 5307 1519 5353 enunieret
1548 5298 1768 5370 Aposto-

194 5384 269 5443 lus
304 5408 457 5459 opera
504 5394 697 5457 carnis,
728 5390 857 5456 Quae
905 5398 1061 5457 sunt,
1104 5390 1301 5459 inquit,
1362 5389 1766 5458 fornicationes,

200 5481 564 5555 immunditiw,
591 5486 990 5552 contentiones,
1019 5484 1386 5539 aemulationes
1407 5525 1422 5548 ,
1452 5485 1766 5539 animosita-

200 5583 287 5645 tes,
317 5579 708 5644 dissensiones,
759 5579 1013 5645 hrereses,
1061 5577 1293 5642 invidias,
1325 5579 1635 5644 ebrietates,
1666 5594 1759 5634 co-
1816 5656 1821 5661 ι

199 5671 475 5727 mestiones
505 5681 554 5725 et
581 5672 659 5727 Itis
687 5672 910 5738 similia;
936 5672 1057 5743 quid
1080 5672 1187 5725 istis
1206 5672 1455 5738 videatur,
1489 5682 1541 5725 ut
1571 5674 1761 5726 crimen

191 5760 489 5819 idololatria
541 5774 718 5832 putent
750 5768 905 5839 juxta
944 5764 1008 5818 ab
1052 5765 1442 5832 imperatoribus
1476 5766 1762 5831 vindicari;

191 5864 270 5908 aut
307 5859 348 5910 si
374 5875 468 5912 nec
496 5858 592 5911 hoc
627 5858 829 5925 volunt,
857 5874 945 5911 cur
972 5859 1048 5929 in‘
1066 5859 1317 5929 veneﬁcos
1346 5861 1568 5931 vigorem
1597 5862 1762 5933 legum

1876 4739 2064 4792 larium
2110 4754 2261 4808 quam
2307 4736 2531 4807 religio;
2560 4738 2614 4791 in
2654 4754 2755 4807 qua
2794 4738 2840 4790 si
2884 4738 3085 4790 animus
3126 4737 3465 4801 sacriﬁcantis

1873 4850 2078 4888 aversus
2115 4842 2213 4898 est,
2247 4834 2363 4903 jam
2391 4832 2616 4897 sublata,
2654 4833 2765 4900 iam
2809 4831 2953 4885 nulla
2975 4842 3066 4885 est.
3099 4828 3324 4884 Gladius
3351 4844 3464 4886 non

1873 4926 2122 4980 estdatus
2151 4924 2481 4993 principibus
2510 4924 2608 4977 nisi
2634 4924 2686 4977 in
2718 4936 2813 4977 eos
2834 4923 2886 4976 in
2913 4936 3048 4992 quos
3070 4938 3137 4976 ex
3155 4921 3362 4991 legibus
3384 4923 3465 4978 ci-

1874 5020 2066 5074 vilibus
2096 5017 2269 5089 gladio
2290 5017 2740 5082 animadvertere,
2764 5026 2983 5085 propter
3010 5015 3245 5070 facinora
3262 5016 3461 5087 quibus

1873 5111 2045 5165 civilis
2084 5111 2313 5165 societas
2356 5110 2605 5174 violatur,
2634 5109 2928 5178 iubentur;
2979 5123 3085 5163 non
3126 5110 3179 5163 in
3211 5124 3308 5166 eos
3343 5110 3459 5181 qui,

1871 5214 2069 5261 cmtera
2092 5206 2314 5270 innoxii,
2349 5221 2375 5258 a
2410 5205 2570 5260 rectis
2601 5203 2887 5259 sententiis
2913 5202 3198 5267 aberrant,
3229 5215 3462 5275 suntque

1822 5298 1825 5301 ’
1873 5302 2223 5375 persuasione
2254 5311 2305 5359 et
2349 5300 2759 5355 mansuetudine
2797 5298 2863 5353 ad
2897 5307 3095 5353 rectam
3126 5298 3263 5353 viam
3305 5314 3462 5354 revo-

1873 5397 2049 5452 candi.
2084 5397 2190 5450 Fac
2218 5394 2544 5449 contrarium
2567 5406 2686 5446 esse
2714 5406 2925 5458 verum,
2953 5389 3078 5459 quid
3107 5389 3255 5445 dices
3283 5390 3461 5445 ethni-

1873 5489 1952 5543 cis
1992 5486 2415 5556 magistratibus,
2464 5484 2554 5553 qui
2596 5484 2830 5538 rationes
2860 5492 2978 5537 tuas
3017 5481 3204 5539 audire
3233 5483 3461 5537 uolent?

1877 5583 2015 5651 Quid
2046 5581 2374 5651 reposuisset
2404 5580 2729 5650 Augustinus
2758 5578 3075 5633 Constantio
3096 5578 3296 5634 Ariano
3318 5576 3459 5631 male

1880 5675 2096 5731 habenti
2142 5672 2330 5745 synodi
2362 5672 2592 5727 Nicaeam
2636 5680 2933 5749 sectatores
2948 5672 2971 5725 ‘l
2998 5670 3133 5738 Quid
3181 5668 3457 5737 Vandalis,

1877 5768 1989 5841 qui,
2034 5781 2140 5820 non
2174 5766 2241 5819 ita
2272 5764 2442 5818 multo
2468 5771 2588 5837 post
2613 5764 2730 5834 ejus
2756 5774 2992 5831 aetatem,
3026 5778 3091 5818 ex
3124 5760 3303 5817 Africa
3330 5775 3457 5815 exe—
3495 5800 3503 5816 .

1874 5868 2067 5933 gerunt
2094 5858 2374 5927 episcopos
2403 5856 2741 5915 decretorum
2764 5856 3100 5915 Nicanorum
3133 5854 3455 5923 tenaciores,
