3974 6356
548 362 641 427 Siti

1430 354 1985 415 SUPPLEblENTUM
2025 353 2116 409 AD
2153 351 2384 409 OPERA
2420 352 2478 410 S.
2520 348 2905 408 AUGUSTINL
3636 349 3718 405 539.

540 481 863 548 plebemque
887 487 1007 531 cum
1037 474 1105 527 iis
1136 471 1458 528 sentientem
1488 468 1631 524 male
1656 466 1998 522 habuerunt?
2025 463 2117 519 Ni-
2143 461 2199 523 Α
2222 466 2427 519 omnino
2463 462 2724 525 militavit,
2764 468 2883 513 nota
2923 454 3134 510 militari
3173 454 3414 520 privatum
3449 456 3641 526 aliquem
3673 468 3727 517 εί.

547 573 765 637 mirum,
805 569 870 623 ad
912 582 1037 622 suas
1064 574 1208 620 artes
1234 563 1475 618 converti
1515 578 1637 617 eum
1674 561 2027 630 oportuisset,
2064 566 2120 611 et

548 661 874 730 palinodiam
896 673 1087 713 canere
1104 655 1342 711 crudelis
1360 654 1642 709 sententiae
1662 652 1730 707 de
1751 651 2121 721 persecutione

551 755 715 818 licita,
764 762 821 804 ut
862 751 924 804 ad
971 750 1202 819 priorem
1245 746 1705 802 mansuetudinem
1739 751 2119 799 reverteretur.

550 844 659 900 Nos
688 859 816 897 vero
842 843 913 896 ita
934 843 1229 896 sentiamus
1253 840 1320 895 de
1336 840 1460 907 jure
1482 839 1665 893 divino
1689 846 1745 892 et
1775 840 2027 901 humano,
2065 845 2124 891 ut

549 951 820 1005 nunquam
845 950 943 989 nos
970 934 1041 988 ita
1073 934 1305 987 sensisse
1335 932 1530 1001 pudeat
1552 931 1933 997 pteniteatque.

622 1030 785 1083 Ltntto
824 1042 877 1081 tt.
905 1025 1034 1093 Cap.
1069 1025 1156 1081 l5.
1190 1023 1219 1092 §
1246 1022 1335 1075 29.
1364 1020 1481 1076 Etsi
1503 1021 1660 1074 laicus
1686 1019 1871 1087 aliquis
1897 1018 2125 1088 pereunti

550 1120 749 1173 dederit
791 1118 1085 1172 necessitate
1112 1114 1403 1185 compulsus
1428 1113 1449 1181 (
1477 1112 1732 1180 baptisma
1762 1117 1817 1163 et
1852 1108 2127 1162 eucharisv

555 1211 704 1276 tiam,
736 1224 858 1263 nam
904 1209 988 1261 illa
1028 1207 1208 1276 juncta
1247 1214 1421 1259 erant.
1469 1203 1599 1256 Vide
1630 1210 1741 1256 not.
1784 1200 1853 1255 ad
1888 1210 2020 1254 tom.
2062 1200 2124 1265 ll,

554 1301 712 1369 epist.
749 1300 881 1367 172,
914 1298 942 1368 §
971 1299 1070 1363 5),
1100 1297 1236 1365 quod
1277 1313 1391 1350 cum
1427 1298 1538 1363 ipse
1582 1294 1833 1360 acciperet
1874 1292 2129 1360 quomodo

560 1392 791 1445 dandum
827 1401 956 1444 esset
983 1390 1252 1453 addidicit,
1290 1392 1457 1443 nescio
1492 1403 1559 1439 an
1594 1386 1676 1456 pie
1702 1388 1967 1453 quisquam
1986 1382 2133 1437 ditus—

560 1484 629 1536 rit
651 1500 756 1537 esse
781 1482 1126 1549 repetendum.
1166 1480 1329 1533 Nulla
1355 1480 1491 1532 enim
1527 1485 1731 1546 cogente
1768 1475 2066 1530 necessitate
2088 1475 2135 1529 si

563 1579 671 1646 ﬁat,
708 1576 865 1630 alieni
888 1575 1112 1628 manseris
1148 1573 1413 1639 usurpatio
1442 1580 1546 1635 est;
1581 1571 1627 1623 si
1659 1577 1832 1623 autem
1866 1568 2135 1622 necessitas

563 1675 774 1736 urgeat,
808 1674 894 1717 aut
920 1665 1134 1726 nullum,
1178 1672 1266 1715 aut
1294 1660 1485 1715 veniale
1508 1660 1750 1715 delictum
1776 1669 1870 1713 est.
1899 1656 1919 1731 ]
1947 1658 2003 1713 Si
2035 1673 2136 1728 po-

565 1772 662 1812 nas
690 1772 751 1812 ea
778 1764 1108 1810 sacramenta
1139 1768 1256 1808 esse
1294 1752 1593 1807 necessaria
1619 1750 1688 1803 ad
1717 1749 1968 1817 salutem,
2000 1763 2136 1817 quo-

2223 567 2371 629 gnet;
2398 571 2567 609 nonne
2605 554 2692 607 ubi
2730 554 2881 624 fuerit
2924 550 3285 617 deprehensus,
3321 546 3406 600 ille
3432 549 3631 615 signatus
3660 572 3729 621 pro

2224 650 2476 705 desertore
2511 648 2746 715 punitur,
2776 655 2821 699 et
2860 661 2919 698 eo
2958 645 3161 714 gravius
3196 658 3295 714 quo
3337 642 3525 711 probari
3564 653 3733 703 potuerit

2224 757 2486 811 nunquam
2511 740 2717 793 omnino
2738 737 3002 801 militasse,
3030 736 3185 789 simul
3205 752 3373 788 secum
3401 737 3580 801 punito,
3603 741 3637 791 si
3653 757 3736 796 eum

2226 832 2543 904 prodiderit,
2577 831 2916 885 audacissimo
2941 830 3216 900 signatore,
3237 823 3367 897 etc.]
3396 827 3581 882 Alludit
3597 832 3649 883 ad
3672 836 3739 886 Sli-

2225 932 2401 994 gmata
2447 922 2728 983 militaria,
2772 920 2838 973 de
2878 920 3069 988 quibus
3111 918 3233 972 vide
3272 918 3404 987 Hug.
3445 917 3657 973 Grotium
3694 925 3740 976 ad

2227 1015 2349 1071 Gal.
2378 1030 2462 1078 vr,
2503 1014 2554 1067 7.
2590 1013 2702 1067 Lex
2727 1011 2790 1076 4,
2821 1011 2913 1065 lib.
2944 1027 3006 1072 x,
3044 1011 3127 1066 tit.
3155 1010 3216 1062 Si
3246 1049 3260 1073 ,
3306 1009 3358 1061 in
3398 1010 3569 1063 codice
3604 1012 3741 1067 Theo-

2225 1108 2452 1165 dosieno
2487 1126 2501 1163 :
2535 1108 2820 1178 Stigmata,
2863 1107 2957 1159 hoc
2997 1115 3099 1170 est,
3142 1113 3263 1157 nota
3311 1104 3505 1174 publica
3543 1105 3745 1169 fabricatu.

2228 1202 2364 1255 sintsi
2393 1200 2632 1263 brachiis,
2661 1200 2729 1252 ad
2758 1199 3095 1252 imitationem
3138 1198 3361 1249 tironum
3386 1196 3643 1267 inﬂigatur,
3669 1208 3747 1256 etc.

2230 1294 2313 1351 Ad
2341 1308 2501 1364 quem
2535 1293 2708 1349 locum
2740 1293 2856 1360 lege
2897 1290 3343 1345 commentarium
3375 1288 3550 1345 Jacobi
3578 1290 3744 1346 Gotho-

2232 1387 2391 1445 στοαί.

2702 1473 3351 1532 ANIMADVERSIONES

2398 1585 2450 1625 IN
2480 1583 2658 1625 LIBROS
2685 1584 2753 1623 οε
2782 1580 3040 1622 ολρτιςιιο
3069 1580 3274 1621 CONTRA
3308 1578 3626 1619 DONATISTAS.

2310 1665 2473 1720 Ltno
2501 1679 2558 1718 tt.
2586 1662 2718 1732 Cap.
2743 1663 2797 1728 5,
2822 1661 2850 1729 §
2876 1662 2931 1715 4.
2957 1661 3083 1725 Quis
3128 1668 3296 1712 autem
3344 1658 3529 1710 nesciat
3573 1666 3751 1710 sanctam

2243 1755 2569 1827 δαίμων-ατη
2590 1754 2886 1808 canonicam
2916 1762 3016 1805 tam
3052 1751 3245 1805 Veteris
3283 1765 3433 1819 quam
3472 1747 3597 1803 Novi
3626 1748 3754 1803 Testa-

565 1850 726 1904 m0d0
777 1849 932 1917 “1'30
980 1855 1220 1914 ιθηψοτε
1275 1843 1550 1913 Augustini
1596 1842 1919 1909 sentiebant.
1968 1840 2139 1898 satius
2167 1837 2221 1899 Β
2244 1848 2428 1909 menti,
2461 1846 2615 1901 certis
2639 1847 2745 1899 suis
2772 1844 2997 1899 terminis
3027 1843 3301 1905 contineri,
3350 1856 3551 1910 eamque
3582 1842 3756 1894 οηιοιὶιηιι

566 1942 804 2011 profecto
826 1949 913 1995 est
943 1954 1007 1993 ea
1031 1955 1060 1992 a
1090 1939 1240 1993 laicis
1261 1934 1643 2001 administrari,
1672 1945 1726 1989 ct
1762 1942 1881 1990 rata
1909 1933 2141 1999 censeri,

565 2050 748 2105 quam,
776 2042 834 2088 ut
856 2032 1071 2101 quidam
1095 2031 1184 2099 qui
1212 2029 1406 2084 similia
1433 2028 1689 2093 sentiunt,
1722 2027 1859 2082 velle
1901 2026 2144 2081 homines

567 2130 746 2199 potius
765 2128 963 2197 perire.
986 2126 1088 2181 Sed
1120 2124 1295 2180 neutri
1318 2122 1599 2177 ostendere
1624 2130 1822 2189 queant
1841 2134 1904 2177 ea
1929 2132 2051 2173 esse
2079 2117 2145 2170 ad

569 2222 797 2276 salutem
829 2218 1150 2273 necessaria.
1184 2216 1319 2270 Vide
1344 2215 1777 2269 dissertationcm
1807 2210 1945 2279 Hug.
1974 2208 2147 2269 Grotii

567 2312 639 2367 de
664 2312 843 2366 Gmnae
862 2307 1324 2363 administratione
1352 2306 1443 2360 ubi
1486 2315 1732 2375 pastores
1760 2316 1868 2357 non
1897 2310 2041 2365 sunt,
2068 2309 2148 2354 at-

570 2418 677 2474 que
720 2402 788 2456 ad
839 2416 958 2456 eam
1014 2398 1506 2455 animadversiones
1556 2393 1797 2466 Dionysii
1846 2392 2049 2448 Petavii
2093 2399 2148 2451 et

574 2495 789 2552 Henrici
818 2492 1097 2548 Dodwelli.
1197 2563 1204 2570 ἢ

644 2588 777 2644 Ibid.
809 2586 989 2657 Neque
1014 2585 1121 2639 ullo
1148 2585 1295 2639 modo
1320 2599 1411 2653 per
1432 2583 1667 2637 devotum
1693 2582 1925 2645 militem,
1955 2579 2092 2649 quod
2117 2595 2150 2630 a

572 2682 782 2754 privatis
800 2687 1103 2747 usurpatum
1130 2686 1228 2739 est,
1253 2676 1457 2745 signum
1477 2675 1648 2746 regale
1676 2669 2002 2741 violabitur.]
2026 2670 2151 2725 Hac

574 2775 739 2830 verba
783 2771 1065 2828 illustravit
1103 2769 1386 2840 Dionysius
1432 2766 1678 2820 Petavius
1708 2761 2149 2818 Animadversio-

576 2884 704 2923 num
746 2868 799 2921 in
842 2864 1201 2935 Epiphanium
1250 2875 1371 2930 pag.
1419 2859 1508 2925 78,
1540 2857 1607 2912 ad
1653 2859 1844 2911 haeres.
1874 2855 1963 2920 42,
2010 2854 2153 2908 unde

573 2975 698 3029 quae
725 2958 828 3013 huc
858 2956 1059 3011 iaciunt
1098 2954 1493 3019 depromemus.
1538 2950 1635 3004 Est
1671 2952 1972 3003 καθοσιώσαι
2010 2946 2152 3000 idem

572 3067 641 3107 ac
686 3065 1001 3116 consecrare,
1050 3047 1241 3100 dicare.
1292 3043 1429 3098 Hinc
1477 3043 1783 3100 καθοσὶωσις
1834 3038 2052 3100 deuotio,
2100 3045 2154 3090 et

577 3144 960 3215 καθωσιωμένος
1002 3142 1252 3203 devotus,
1296 3150 1682 3189 consecraneus.
1728 3131 1907 3197 Quare
1952 3130 2044 3199 qui
2093 3144 2154 3185 se

2245 1939 2609 2008 posterioribus
2634 1939 2985 2008 episcoporum
3033 1935 3213 1989 litteris
3256 1936 3330 1986 ita
3365 1933 3611 2003 prwponi,
3636 1942 3679 1984 ut
3716 1930 3758 1983 de

2243 2034 2338 2086 illa
2383 2034 2587 2084 omnino
2631 2029 2850 2082 dubitari
2892 2038 2937 2081 et
2982 2026 3254 2092 disceptari
3279 2039 3382 2078 non
3422 2025 3598 2089 possit,
3634 2031 3760 2074 utrum

2244 2140 2445 2188 verum,
2470 2122 2547 2176 vel
2571 2130 2738 2175 utrum
2768 2129 2958 2173 rectum
2985 2119 3086 2188 sit,
3114 2116 3364 2185 quidquid
3394 2115 3447 2167 in
3484 2130 3539 2165 ea
3567 2115 3761 2179 scriptum

2243 2233 2354 2271 esse
2382 2214 2659 2269 constiterit
2672 2210 2717 2283 2]
2746 2211 2885 2266 Nihil
2915 2210 3116 2275 verius,
3150 2224 3250 2263 nec
3277 2208 3344 2262 ab
3385 2207 3490 2261 ullo
3518 2204 3761 2260 Christiano

2245 2308 2303 2363 in
2331 2304 2745 2363 controversiam
2792 2302 3035 2356 revocari
3080 2302 3271 2370 potuit.
3317 2297 3421 2353 Sed
3450 2306 3503 2351 et
3543 2297 3762 2365 sequentia

2246 2408 2371 2453 sunt
2410 2411 2603 2463 aurea,
2636 2406 2690 2450 et
2734 2395 2894 2463 digna
2937 2408 3053 2460 quae
3101 2399 3362 2461 perpetuo
3408 2390 3468 2444 iis
3512 2388 3765 2443 occinantur

2248 2490 2337 2560 qui
2376 2504 2544 2559 usque
2574 2487 2707 2541 adeo
2743 2485 3022 2553 Augustini
3066 2483 3382 2538 auctoritate
3433 2481 3691 2534 abutuntur
3725 2489 3765 2533 ut

2250 2580 2413 2635 velint
2442 2593 2541 2634 nos
2568 2578 2617 2632 ei
2664 2577 2843 2646 potius
2892 2574 3114 2630 credere
3161 2588 3321 2642 quam
3370 2581 3528 2625 rectas
3578 2570 3764 2623 rationi:

2250 2672 2601 2740 episcenorutn
2647 2678 2816 2722 autem
2845 2667 3062 2729 litteras,
3112 2664 3317 2732 inquit,
3351 2677 3461 2730 qua:
3498 2671 3599 2728 post
3630 2661 3767 2728 conﬁr-

2252 2772 2442 2816 matum
2479 2773 2721 2812 canonem
2765 2757 2843 2811 vel
2882 2755 3083 2824 scripta:
3120 2764 3268 2815 sunt,
3312 2752 3392 2804 vel
3439 2751 3710 2814 scribuntur,
3740 2759 3768 2802 tt

2255 2870 2343 2923 per
2370 2868 2647 2907 sermonem
2674 2851 2809 2921 forte
2836 2849 3190 2918 sapientiorem
3219 2845 3488 2915 cujuslibet
3516 2846 3565 2896 in
3583 2859 3633 2895 ea
3652 2859 3695 2894 re
3714 2859 3769 2911 pt-

2253 2947 2473 3010 ritioris,
2501 2954 2545 2998 et
2584 2959 2673 3013 per
2702 2942 2920 2995 aliorum
2956 2940 3307 3008 episcOporum
3339 2937 3617 3009 graviorum
3648 2944 3770 2988 aucto-

2253 3040 2454 3092 ritatem
2498 3036 2873 3103 doctioremque
2915 3031 3269 3101 prudentiam,
3312 3038 3362 3082 et
3398 3044 3486 3095 per
3514 3015 3702 3079 concilia
3728 3024 3770 3076 li-

2255 3144 2369 3182 cere
2408 3124 2706 3197 reprehendi
2731 3124 2773 3177 si
2799 3122 2919 3191 quid
2950 3123 3003 3174 in
3035 3122 3096 3172 iis
3128 3120 3256 3189 forte
3281 3136 3314 3170 a
3344 3118 3547 3171 veritate
3576 3112 3771 3169 devictum

576 3199 1159 3303 principi‘devovebant
1181 3199 1246 3283 ac
1264 3226 1522 3294 religione
1543 3220 2153 3293 aliquaconsecrabant,
2180 3199 2227 3262 Ο
2259 3222 2371 3277 est?
2400 3219 2629 3287 Optime,
2670 3230 2792 3270 nam
2843 3212 3110 3282 episcopis
3153 3222 3245 3265 aut
3289 3211 3414 3264 aliis
3463 3207 3772 3263 ecclesiasticis

578 3328 956 3398 καθωσιωμένοι
997 3323 1330 3387 dicebantur,
1381 3329 1440 3373 ut
1478 3317 1697 3373 milites.
1730 3315 2061 3384 Capitolinus
2101 3315 2155 3368 in

580 3420 867 3477 Maximino
895 3434 909 3469 :
933 3415 1301 3469 commilitones
1320 3411 1529 3469 sacrati.
1555 3410 1663 3461 into
1678 3423 1796 3461 vero
1814 3406 2156 3460 consecransi.

580 3510 854 3582 Ejusmodi
893 3512 1040 3562 luere
1079 3505 1349 3565 Gallorum
1386 3509 1627 3556 veterum
1669 3500 1854 3566 devoti,
1909 3513 2037 3563 quos
2080 3496 2159 3569 illi

579 3602 838 3659 soldurios
864 3598 1211 3671 appellabant,
1243 3595 1315 3649 ait
1341 3594 1521 3648 Caesar
1541 3592 1639 3646 lib.
1668 3607 1686 3645 ι
1731 3590 2161 3645 Commentario-

575 3712 723 3762 rum,
752 3696 853 3749 hoc
881 3704 961 3749 est
987 3691 1381 3760 «eumeum,
1405 3685 1548 3754 quod
1579 3683 1755 3751 aptius
1782 3682 1915 3737 milii
1944 3681 2159 3736 videtur

578 3802 739 3858 quam
785 3784 925 3855 quod
967 3781 1187 3836 Graecus
1225 3780 1491 3847 interpres
1522 3773 1775 3839 reddidit,
1826 3773 2154 3841 συνωμόταις

579 3878 791 3935 tametsi
819 3876 958 3931 idem
984 3874 1096 3928 fere
1124 3881 1206 3925 cst
1232 3870 1354 3940 quia
1378 3867 1442 3923 ad
1460 3864 1833 3936 jusjurandum
1853 3864 1991 3932 adigi
2019 3863 2160 3916 sole-

579 3973 728 4026 bant.
774 3967 1054 4037 Egregium
1102 3973 1191 4024 τῆς
1242 3963 1607 4018 καθωσιὼσεως
1649 3956 1950 4025 exemplum
1998 3954 2162 4008 refert

581 4063 679 4117 Dio
706 4062 798 4116 lib.
826 4075 937 4124 LIII,
966 4058 1033 4112 ad
1060 4071 1259 4111 annum
1281 4052 1439 4108 Urbis
1461 4051 1586 4117 725,
1611 4049 1695 4104 ubi
1730 4048 1947 4103 Sextum
1976 4061 2161 4117 quem-

579 4152 1037 4217 dam,Pacuvium
1071 4148 1157 4203 vel
1191 4145 1450 4215 Apadium
1492 4143 1761 4196 tribunum
1792 4140 1961 4209 plebis
1982 4147 2163 4191 narrat

582 4242 928 4311 semetipsum
978 4241 1217 4308 Augusto
1246 4238 1301 4290 in
1336 4246 1522 4289 senatu
1570 4233 1878 4296 devovisse,
1912 4231 2160 4300 idemque

583 4347 642 4389 ut
689 4335 778 4388 alii
807 4340 1082 4386 senatores
1113 4328 1351 4383 facerent
1368 4334 1637 4379 auctorem
1660 4324 1854 4385 fuisse;
1887 4324 1939 4376 ὲν
1967 4330 2037 4390 τῷ
2062 4325 2162 4395 γὰρ

584 4427 831 4501 συνεδρίῳ
847 4447 899 4480 τε
924 4423 1105 4479 ἑαυτὸν
1130 4422 1175 4476 οἱ
1194 4422 1278 4476 τὸν
1304 4426 1402 4475 τῶν
1417 4416 1621 4491 Ἰϐήρων
1634 4415 1821 4488 τρόπον
1844 4414 2160 4475 καθωσίωσε,

584 4523 667 4574 καὶ
692 4500 798 4578 τοῖς
829 4514 989 4574 ἄλλοις
1014 4511 1344 4567 συνεϐούλευε
1371 4515 1522 4562 τοῦτο
1552 4514 1779 4563 ποιῆσαι.
1801 4500 1905 4558 Sed
1926 4504 2163 4570 Augusto

586 4608 931 4672 reclamante,
983 4604 1229 4656 tribunus
1275 4598 1444 4667 plebis
1488 4595 1770 4664 prosiliens
1798 4593 1863 4648 ad
1906 4592 2159 4662 pupulum

585 4701 770 4756 obvios
796 4711 1036 4766 quosque
1064 4709 1128 4748 ac
1147 4703 1370 4747 creteros
1400 4688 1595 4744 deinde
1619 4686 1769 4742 cives
1790 4685 1967 4753 coegit
1991 4687 2159 4740 καθιεα

585 4803 753 4869 ρῶσαι
771 4794 907 4863 ἀφῶς
924 4788 1009 4860 LF.
1035 4784 1306 4858 ἅφνωςὶτῷ
1329 4778 1620 4853 Αὐγούστῳ.
1648 4777 1732 4850 ἀφ’
1759 4768 1919 4852 οὗπερ
1947 4779 2035 4831 καὶ
2055 4783 2159 4839 νῦν,

585 4883 979 4961 προτρεπόμενοι
1031 4879 1117 4933 τὸν
1152 4880 1458 4947 κρατοῦντα,
1487 4873 1643 4945 λέγειν
1688 4868 1923 4941 εἰώθαμεν
1965 4865 2042 4923 ὅτι
2086 4890 2165 4923 τοι

529 5047 533 5051 ὶ
588 4977 966 5046 καθωσιὼμεθα.
994 4971 1129 5026 Hinc
1156 4969 1543 5038 καθωσιωμένων
1572 4962 1855 5033 appellatio
1880 4964 2166 5020 ἐπιθετικῶς

588 5084 655 5124 ex
686 5066 909 5121 formula
933 5064 1200 5133 plerisque
1222 5054 1583 5126 imperialibus
1609 5052 1795 5107 ofﬁciis
1817 5066 1879 5107 ac
1908 5050 2167 5105 ministris

534 5152 539 5157 ’
588 5161 874 5224 attributa;
900 5158 1152 5221 maxime,
1182 5154 1256 5207 uti
1285 5152 1485 5206 dictum
1509 5158 1613 5213 est,
1633 5146 1969 5202 militaribus.
1997 5144 2164 5211 Quam

528 5320 531 5321 ν
591 5256 644 5308 in
678 5269 790 5307 rem
824 5252 1027 5320 profert
1057 5250 1199 5301 hunc
1224 5242 1506 5314 Augustini
1539 5242 1735 5305 locum,
1763 5238 1972 5307 aliaque
2000 5237 2168 5303 addit,

592 5360 709 5413 qua:
731 5357 835 5397 non
866 5339 1187 5395 exscribam.
1218 5334 1445 5391 Monebo
1468 5343 1672 5387 tantum
1703 5331 1878 5385 locum
1907 5340 2063 5398 quem
2087 5328 2166 5381 ci-

591 5447 671 5491 t‘at
696 5451 762 5489 ex
787 5432 1107 5502 Capitolino,
1141 5445 1245 5483 non
1278 5437 1489 5483 exstare
1516 5426 1567 5480 in
1604 5425 1711 5477 vita
1753 5418 2045 5482 Maximini,
2077 5419 2169 5472 sed

595 5534 648 5584 in
682 5531 840 5582 trium
884 5525 1290 5586 Gordianorum,
1326 5519 1415 5572 ubi
1457 5524 1631 5571 exstat
1670 5514 1843 5569 oratio
1872 5510 2170 5567 Maximini.

594 5622 695 5677 Adi
719 5626 772 5675 et
799 5617 1125 5671 Glossarium
1153 5612 1421 5668 nomicum
1444 5608 1559 5665 Jac.
1593 5602 1926 5673 Gotltol'rcdi,
1953 5600 2017 5657 ad
2048 5604 2170 5656 cod.

594 5711 1054 5770 Theodosianum.

665 5801 800 5862 Ibid.
826 5798 885 5857 Si
924 5796 1219 5871 quisquam,
1245 5793 1347 5850 sive
1392 5793 1618 5849 desertor
1653 5790 1755 5845 sin
1793 5788 1881 5855 qui
1916 5800 2174 5849 nunquam

2267 3309 2648 3380 scriptoribus,
2704 3313 2827 3375 post
2875 3303 3235 3373 apostolorum
3292 3310 3567 3368 tempora,
3614 3297 3775 3351 minime

2266 3404 2419 3457 datus
2443 3410 2525 3457 est
2550 3399 2780 3469 Spiritus
2804 3396 2887 3465 qui
2912 3411 2996 3449 eos
3021 3395 3223 3446 duceret
3245 3393 3298 3445 in
3329 3407 3523 3444 ontnem
3545 3388 3775 3445 veritatem;

2262 3509 2361 3549 nec
2396 3507 2525 3547 sane
2557 3490 2771 3545 aeternis
2816 3495 2976 3541 rectae
3020 3484 3239 3539 rationis
3264 3480 3493 3551 legibus,
3534 3491 3585 3532 et
3611 3470 3777 3531 canoni-

2266 3582 2366 3639 bus
2391 3580 2574 3651 logicis
2605 3594 2666 3635 ac
2692 3572 3075 3648 grammaticis,
3105 3574 3296 3644 quibus
3328 3586 3516 3626 omnes
3543 3570 3623 3622 alii
3646 3565 3776 3631 subj:-

2269 3682 2393 3729 cent
2431 3670 2719 3739 Scriptura
2764 3669 3116 3736 interpretes,
3165 3664 3313 3717 fuere
3357 3660 3653 3717 subtractis
3680 3657 3772 3707 Deo.

2267 3762 2426 3835 igitur
2446 3760 2490 3816 si
2513 3760 2566 3814 in
2594 3758 2708 3815 btec
2744 3765 2989 3827 peccant,
3022 3754 3295 3824 ignoscere
3325 3752 3537 3822 quidem
3562 3750 3633 3802 eis
3658 3744 3778 3799 debe-

2262 3870 2399 3924 mus,
2429 3862 2485 3908 at
2524 3866 2627 3905 non
2676 3847 2952 3911 assentiri;
2993 3845 3092 3900 nisi
3142 3846 3421 3898 hominum
3467 3840 3777 3895 auctoritatem

2268 3949 2613 4020 praeferamus
2648 3944 2893 4002 veritati;
2933 3956 3039 4011 quo
3084 3936 3295 3993 Stultius
3339 3949 3404 3990 a'c
3447 3932 3655 4002 nequius
3685 3926 3777 3983 nihil

2263 4019 2376 4094 fieri
2411 4048 2602 4109 potest.
2645 4035 2806 4089 Addit
2850 4031 3170 4101 Augustinus
3203 4030 3255 4083 in
3307 4026 3643 4097 sequentibus
3678 4019 3777 4086 ejus-

2262 4130 2383 4187 dem
2415 4129 2614 4203 periodi
2646 4128 2851 4191 verbis;
2896 4136 2939 4179 et
2969 4127 3078 4195 ipsa
3103 4122 3321 4175 concilia
3358 4136 3474 4191 qua:
3498 4133 3580 4187 per
3606 4111 3780 4184 singulas

2262 4228 2491 4296 regiones
2522 4223 2597 4275 vel
2631 4219 2915 4293 provincias
2941 4216 3069 4286 ﬁunt
3088 4255 3102 4279 ,
3132 4215 3486 4285 plenariorum
3511 4205 3780 4262 conciliorum

2264 4313 2591 4379 auctoritati,
2638 4328 2751 4383 qua:
2795 4310 2921 4378 ﬁunt
2964 4325 3025 4361 ea:
3072 4306 3306 4358 universo
3355 4304 3474 4357 orbe
3519 4298 3780 4355 Christiano,

2264 4413 2373 4465 sine
2414 4408 2531 4461 ullis
2575 4402 2869 4475 ambagibus
2918 4402 3129 4460 cedere;
3175 4398 3387 4468 ipsaque
3433 4391 3649 4460 plenaria
3687 4399 3784 4475 sapt

2269 4504 2442 4564 priora
2473 4495 2825 4568 posterioribus
2853 4491 3142 4552 emendari;
3164 4504 3279 4541 cum
3303 4488 3476 4555 aliquo
3504 4466 3786 4551 experimento

2265 4612 2430 4649 rerum
2459 4592 2680 4663 aperitur
2709 4588 2840 4658 quod
2869 4584 3099 4640 clausum
3125 4591 3265 4648 erat,
3293 4592 3337 4633 et
3368 4576 3671 4648 cognbscitttr
3687 4567 3785 4637 quod

2269 4685 2451 4740 latebat
2528 4683 2635 4735 sine
2664 4657 2768 4733 ullo
2797 4678 2952 4749 typho
2980 4673 3241 4742 sacrilega:
3267 4669 3539 4738 superbiae,
3578 4666 3675 4718 sine
3710 4657 3786 4749 Illa

2268 4779 2444 4847 inﬂata
2481 4774 2669 4827 cervice
2699 4747 3025 4836 arrogantiw,
3055 4765 3163 4817 sine
3192 4761 3302 4815 ulla
3332 4758 3639 4813 contentione
3663 4747 3787 4805 livida

2272 4867 2502 4931 invidias,
2534 4880 2647 4918 cum
2686 4871 2857 4915 sancta
2889 4856 3193 4919 humilitate,
3236 4868 3352 4905 cum
3398 4864 3521 4920 pace
3564 4840 3785 4901 catholica,

2268 4976 2384 5016 cum
2431 4958 2642 5012 caritate
2669 4948 2999 5007 Christiana?
3029 4944 3127 5001 Hic
3158 4943 3353 5000 desinit
3403 4946 3591 5010 prater
3620 4930 3787 4989 modum

2272 5050 2527 5122 producta
2555 5041 2820 5115 periodus.
2852 5040 2926 5093 Ex
2957 5036 3244 5107 postremis
3270 5030 3450 5087 verbis
3479 5029 3634 5097 liquet
3658 5029 3791 5122 neque

2275 5111 2615 5212 provincialia
2633 5178 2648 5203 ,
2677 5148 2848 5203 neque
2876 5131 3108 5202 plenaria
3135 5126 3358 5181 concilia
3385 5122 3560 5178 hablttt
3588 5119 3724 5212 fuisse
3741 5111 3789 5161 ab
3890 5144 3891 5175 ξ

2324 5231 2569 5301 ugustino
2596 5224 2795 5282 erroris
2841 5222 3078 5291 periculo
3124 5225 3371 5285 exempta
3416 5201 3789 5301 quandoquidem

2281 5284 2458 5393 priiira
2487 5332 2517 5372 a
2548 5312 2931 5385 posterioribus
2960 5308 3231 5365 emendari
3260 5284 3417 5375 posse
3444 5297 3693 5356 censebat.
3714 5284 3790 5393 Sed

2284 5375 2535 5486 braeteréa
2587 5408 2693 5463 duo
2737 5404 2824 5460 hic
2853 5408 2977 5459 sunt
3003 5400 3354 5456 observanda.
3398 5395 3624 5450 Alterum
3656 5375 3789 5439 estad

2288 5484 2746 5571 investigationem
2785 5496 2896 5551 vcrl
2916 5537 2931 5561 ,
2962 5495 3018 5547 in
3046 5504 3105 5547 re
3134 5488 3434 5561 prmaertim
3461 5484 3694 5541 obscura,
3890 5486 3891 5489 ‘

2285 5561 2564 5667 decunque
2597 5609 2659 5650 ea
2688 5589 2986 5646 obscuritas
3026 5586 3252 5651 oriatur,
3283 5577 3655 5636 multitudinem
3694 5561 3789 5621 nihil
3890 5646 3891 5651 η

2286 5689 2485 5755 facere,
2509 5684 2605 5742 sed
2634 5690 2837 5738 tantum
2866 5680 3111 5751 peritiam
3139 5688 3325 5732 eorum
3347 5687 3437 5743 qm
3464 5669 3789 5757 congregantur

2285 5789 2341 5837 et
2364 5776 2671 5836 candorem.
2694 5774 2752 5831 Si
2779 5772 2912 5829 mihi
2955 5767 3188 5840 exempli
3213 5776 3375 5825 causa
3414 5771 3595 5818 omnes
3618 5759 3788 5810 onmno
