3974 6356
204 390 287 445 535

811 371 1164 428 VARIORUM
1199 373 1785 430 EXERCI’I‘ATIONES
1825 374 1889 429 IN
1928 375 1985 428 S.
2028 374 2394 429 AUGUSTINI
2435 375 2682 428 OPlillA.

3295 372 3397 428 534
3420 340 3427 381 ἶ

204 503 361 563 Africa!
384 494 643 563 episcopos
667 502 1042 558 congregasses
1067 488 1131 542 ad
1154 489 1408 558 judicium
1440 490 1713 545 ferendum
1748 495 1797 552 Α
1824 490 2085 543 cusatricis
2116 492 2413 543 discretione
2440 508 2684 558 pera-unm,
2721 490 3020 557 facultatum
3059 488 3395 560 publicatione

201 598 255 650 de
278 602 413 645 sensu
445 583 531 635 loci
564 579 766 633 Veteris
805 590 896 633 aut
921 578 1050 634 Novi
1085 581 1412 637 Testameuti
1435 625 1449 647 ,
1492 598 1714 649 quorum

202 684 344 740 nullus
370 673 609 729 Hebraice
639 672 870 737 sciebat,
900 680 953 725 et
985 674 1231 740 perpauci
1262 672 1446 727 Grzece
1496 681 1716 740 norant,

198 781 357 845 ingens
386 768 461 821 illa
506 764 867 830 imperitorum
908 763 1193 817 multitudo
1234 764 1462 832 ineptior
1493 773 1609 819 erat
1655 763 1721 817 ad

200 875 320 923 recte
357 856 687 931 judicandum
729 870 885 923 quam
918 856 998 909 vir
1029 872 1164 909 unus
1204 858 1405 924 peritus
1451 857 1724 925 utriusque

200 962 391 1023 ιίηευω,
444 947 665 1012 exempli
720 961 913 1010 causa,
964 961 1118 1015 quam
1169 947 1315 1001 solus
1370 946 1724 1016 Hieronymus

200 1041 543 1107 Stridonensis,
575 1040 816 1105 quamvis
847 1048 991 1093 tanta
1020 1055 1125 1092 non
1170 1039 1325 1093 fuerit
1371 1040 1484 1108 ejus
1516 1038 1722 1107 peritia,

199 1155 327 1212 quam
356 1136 501 1203 vulgo
549 1142 780 1199 putatur.
827 1131 957 1198 Quis
1002 1132 1205 1185 dubitet
1247 1134 1404 1184 etiam
1452 1133 1725 1201 superiore

200 1231 364 1291 saeculo
389 1243 490 1281 xvn
533 1241 693 1277 unum
745 1224 880 1293 Hug.
923 1223 1196 1289 Grotium,
1230 1232 1319 1277 aut
1364 1240 1522 1277 unum
1571 1224 1721 1278 Joan.

199 1324 439 1381 Dmsium,
498 1316 694 1369 rectius
745 1314 980 1383 potuisse
1030 1314 1362 1381 Scriptuiam
1414 1314 1623 1368 Veteris
1672 1325 1725 1369 et

200 1408 635 1473 Novi'l‘estamenti
682 1408 1019 1475 interpretari
1063 1421 1217 1475 quam
1261 1421 1446 1460 omnes
1474 1407 1635 1460 ltalite
1666 1422 1726 1461 ac

208 1502 422 1573 Hispania:
478 1502 757 1569 episcopos
803 1499 959 1554 simul
1002 1501 1171 1568 capita
1213 1500 1587 1555 conferentes?
1625 1500 1727 1571 lgi-

205 1611 262 1653 tur
298 1596 395 1647 sint
441 1592 678 1659 plenaria
720 1592 975 1657 concilia,
1015 1600 1105 1645 aut
1155 1593 1329 1644 minus
1381 1593 1563 1659 plena,
1596 1592 1725 1645 mihi

200 1686 376 1759 perinde
402 1682 534 1746 erit,
569 1683 633 1734 ad
665 1697 813 1750 spem
848 1682 1179 1735 inveniendm
1212 1684 1453 1735 veritatis
1483 1682 1621 1751 quod
1652 1693 1727 1734 at-

198 1782 323 1840 tinet;
356 1788 448 1828 nec
477 1774 737 1841 imperitze
764 1774 1123 1841 multitudini,
1158 1789 1255 1843 pro
1282 1774 1505 1843 imperio
1528 1776 1725 1844 aliquid

1824 584 2161 643 nudarentur,
2184 592 2227 635 et
2246 584 2571 636 irrevocabile
2590 593 2880 652 paterentur
2896 583 3146 636 exsilium.
3168 580 3287 635 Fuit
3309 578 3403 632 dif-

1824 675 2017 730 ﬁcilior
2034 676 2398 728 controversia
2419 675 2531 728 haec
2549 691 2705 743 quam
2732 676 3116 743 intelligeretur
3135 672 3202 726 ab
3224 672 3403 726 Hono-

1826 768 1927 829 rio,
1948 767 2163 821 homine
2186 767 2396 835 Sltlpidn
2415 776 2467 821 et
2488 783 2551 820 ex
2576 767 2764 820 alienis
2787 767 3022 821 consiliis
3040 780 3252 833 semper
3274 779 3403 832 pen-

1827 856 2006 919 dente,
2031 856 2250 923 ejusque
2281 855 2469 909 aulicis
2503 856 2714 923 quidvis
2740 856 2880 909 aliud
2909 856 3220 909 curantibus
3243 870 3399 922 quam

1826 963 2001 1002 rerum
2046 945 2303 1015 ejusmodi
2348 947 2707 1015 cognitionem
2758 946 3017 1016 adipisci;
3066 961 3165 1001 nec
3212 955 3400 1015 potue-

1828 1050 1952 1094 runt
1977 1054 2035 1093 se
2084 1040 2296 1093 lictores
2330 1039 2567 1107 praebere
2609 1038 2856 1091 Afrorum
2900 1038 3247 1091 conciliorum
3290 1038 3405 1091 sine

1830 1133 2062 1185 maxima
2109 1129 2485 1199 imprudentia.
2532 1132 2605 1183 Ac
2654 1143 2782 1182 sane
2828 1138 2881 1182 et
2930 1128 3021 1181 illo
3070 1138 3311 1196 tempore
3352 1136 3406 1181 et

1830 1234 2045 1293 postea,
2081 1236 2173 1291 per
2216 1230 2385 1275 totum
2413 1221 2687 1275 Orientem
2725 1229 2779 1273 et
2808 1218 3185 1283 Occidentem,
3226 1219 3406 1286 plures

1830 1320 1989 1373 locuti
2023 1325 2147 1371 sunt
2174 1327 2226 1371 et
2254 1324 2540 1371 senserunt
2568 1330 2691 1369 cum
2725 1314 2937 1383 Pelagio
2964 1328 3120 1381 quam
3149 1328 3268 1366 cum
3300 1312 3406 1364 Au.

1828 1412 2064 1481 gustino,
2096 1424 2277 1478 quem,
2311 1407 2464 1460 fama:
2491 1420 2651 1459 causa
2674 1447 2687 1471 ,
2721 1404 3131 1471 reverebantur,
3166 1404 3405 1473 quamvis

1830 1504 1896 1557 ab
1926 1519 1991 1557 eo
2024 1503 2386 1556 dissentirent.

1900 1593 2028 1664 Cap.
2058 1593 2120 1659 4,
2156 1593 2181 1665 §
2212 1595 2264 1649 5.
2300 1593 2411 1646 Hoc
2441 1594 2564 1663 facit
2609 1594 2800 1646 sanitas
2843 1591 3005 1661 pacis,
3035 1599 3091 1643 ut
3135 1606 3249 1642 cum
3288 1589 3407 1643 diu-

1833 1689 1933 1739 tius
1962 1686 2132 1755 aliqua
2164 1686 2456 1738 obscuriora
2486 1693 2803 1751 quaeruntur,
2828 1692 2874 1735 et
2898 1692 3101 1752 prapter
3122 1678 3407 1733 inveniendi

1834 1780 2174 1850 diﬂicultatem
2202 1781 2424 1832 diversas
2454 1779 2658 1847 pariunt
2686 1779 2739 1829 in
2766 1779 2993 1846 fraterna
3037 1774 3407 1840 disceptatione

199 1868 461 1931 deﬁnienti,
508 1874 563 1919 et
613 1866 949 1919 anathemata
998 1868 1291 1933 minitanti,
1339 1883 1439 1922 nec
1495 1870 1728 1924 rationes
1758 1872 1807 1932 B
1831 1875 2123 1936 sententias,
2157 1875 2314 1923 donec
2352 1872 2418 1923 ad
2445 1888 2613 1923 verum
2656 1869 2903 1937 liquidum
2933 1867 3274 1936 perveniatur,
3298 1866 3408 1919 vin-

196 1964 317 2025 ullas,
343 1969 425 2013 aut
456 1973 547 2012 eas
573 1974 785 2027 pravas,
818 1974 928 2013 sua:
958 1960 1283 2015 deﬁnitionis
1314 1961 1586 2025 efferenti,
1618 1979 1730 2017 ma-

197 2057 255 2125 gis
282 2052 512 2116 'credam,
543 2066 703 2119 quam
735 2052 1007 2119 pauculis,
1052 2062 1142 2105 aut
1181 2054 1291 2107 uni.
1339 2053 1448 2107 lmo
1482 2066 1607 2108 vero
1636 2056 1727 2109 uni

198 2149 290 2201 vim
313 2146 455 2199 docto
503 2155 814 2215 argumenta
843 2143 994 2199 ﬁrma
1028 2145 1319 2213 proferenti
1362 2149 1616 2200 continuo
1644 2164 1730 2202 as-

196 2242 370 2301 sentiar,
406 2252 519 2288 cum
576 2252 640 2291 ea
695 2237 1046 2304 intellexero,
1093 2251 1190 2291 nec
1236 2240 1570 2292 adversarios
1614 2242 1729 2310 ejus

194 2344 384 2397 unquam
430 2326 746 2381 numerabo.
791 2327 1055 2381 Numerus
1084 2329 1222 2381 enim
1266 2329 1394 2383 nihil
1426 2331 1490 2383 ad
1537 2331 1729 2387 verita-

193 2432 275 2474 tem
300 2418 436 2479 facit,
460 2426 513 2470 et
540 2432 686 2486 saepe
714 2418 875 2471 etiam
903 2434 1007 2487 quo
1037 2419 1215 2487 plures
1245 2433 1634 2490 congregantur
1664 2422 1727 2476 ad

191 2526 282 2564 eam
306 2509 660 2563 deliniendam
686 2552 699 2572 ,
734 2526 798 2563 eo
826 2510 1005 2578 plures
1036 2511 1294 2578 imperiti,
1328 2527 1392 2565 eo
1438 2513 1614 2581 plures
1658 2517 1732 2567 la-

190 2603 312 2655 ctiosi
340 2601 691 2669 colliguntur;
726 2602 814 2671 qui
851 2617 1020 2671 neque
1048 2604 1225 2655 sciunt
1255 2603 1378 2669 quid
1412 2606 1481 2657 sit
1511 2620 1727 2675 verum,

190 2712 330 2764 neque
354 2704 617 2763 qua‘rttnl,
656 2695 748 2749 sed
782 2704 983 2749 tantum
1024 2697 1148 2765 quid
1190 2695 1292 2750 sibi
1320 2698 1605 2767 expediat,
1644 2708 1732 2753 aut

190 2789 401 2857 expedire
442 2788 710 2842 videatur.
744 2788 1049 2842 Conventus
1102 2788 1176 2841 illi
1220 2790 1565 2845 ecclesiastici
1608 2800 1734 2845 sunt

192 2881 239 2933 ad
264 2882 473 2934 civilium
514 2896 762 2934 normam
795 2882 1045 2948 formati,
1075 2892 1129 2935 et
1159 2882 1279 2947 quia
1322 2900 1425 2951 quo
1455 2885 1633 2952 plures
1678 2885 1729 2937 in

192 2972 317 3025 hosce
343 2974 697 3039 conveniunt,
725 2989 790 3028 eo
820 2974 991 3042 major
1034 2983 1117 3029 est
1166 2991 1348 3029 eorum
1397 2978 1687 3032 auctoritas
1716 2997 1728 3031 :

193 3069 328 3123 simile
351 3070 411 3123 de
454 3070 840 3124 ecclesiasticis
873 3070 1097 3125 ccetibus
1126 3070 1384 3138 judicium
1436 3072 1621 3126 fertur.
1665 3079 1734 3127 At

194 3159 237 3215 in
270 3161 485 3216 civilibus
537 3163 771 3217 cmtibus
819 3172 1046 3232 aguntur
1085 3179 1171 3217 res
1211 3164 1276 3217 ad
1322 3163 1522 3221 hancce
1569 3166 1729 3221 vitam

1832 1963 2001 2019 culum
2030 1972 2323 2033 permaneat
2350 1964 2581 2027 unitatis,
2610 1979 2670 2015 ne
2710 1963 2764 2015 in
2804 1968 2947 2031 parte
2991 1960 3201 2028 prtecisa
3243 1976 3407 2012 rema-

1831 2065 1945 2108 neat
1986 2055 2269 2108 insanabile
2297 2054 2477 2107 vulnus
2509 2050 2741 2123 erroris.]
2774 2052 3054 2120 Egregium
3086 2066 3213 2105 sane
3239 2051 3409 2105 moni-

1832 2156 1943 2200 tum
1996 2155 2154 2214 atque
2204 2144 2434 2199 ofﬁcium
2513 2143 2650 2213 quod
2698 2144 2890 2197 merito
2944 2144 3191 2212 exigebat
3230 2158 3258 2196 a
3308 2143 3409 2196 Do-

1833 2238 2071 2302 natistis;
2108 2238 2199 2292 sed
2232 2240 2315 2291 cui
2362 2254 2420 2291 se
2460 2240 2573 2308 ipse
2622 2238 2938 2292 subtrahere
2986 2252 3087 2290 non
3132 2234 3314 2288 debuit
3355 2235 3409 2289 in

1834 2331 2044 2399 negotio
2099 2330 2501 2397 Pelagianismi;
2550 2330 2602 2382 in
2647 2343 2751 2395 quo
2797 2327 2927 2381 nihil
2978 2336 3081 2379 tam
3123 2327 3405 2395 quaesitum

1834 2430 2097 2489 estquam
2135 2429 2188 2473 ut
2212 2421 2573 2489 praecipitibus
2604 2419 2891 2473 multarum
2924 2418 3249 2489 synodorum
3290 2431 3408 2471 sen-

1833 2516 2011 2570 tentiis
2052 2516 2419 2570 irrevocabilia
2463 2516 2801 2571 anathemata
2824 2558 2839 2583 ,
2887 2531 3157 2585 nunquam
3183 2561 3195 2583 ,
3230 2524 3410 2584 utpar

1832 2615 1976 2671 erat,
2025 2608 2222 2663 auditis
2284 2609 2572 2672 fratribus,
2630 2608 2959 2663 dicerentur.
3014 2608 3239 2662 Docebit
3296 2608 3410 2662 haec

1832 2696 1985 2752 Joan.
2019 2698 2306 2753 Garuerius
2357 2703 2407 2754 in
2458 2702 2860 2755 enumeratione
2902 2700 3247 2754 conciliorum
3289 2716 3407 2770 quin

1829 2806 2012 2851 centra
2042 2795 2356 2865 Pelagianos
2399 2805 2716 2865 congregata
2758 2804 2900 2850 sunt.
2936 2798 3182 2848 Attamen
3228 2793 3406 2848 faten-

1831 2885 1956 2939 dum
1989 2888 2084 2939 fuit
2113 2902 2226 2941 rem
2257 2901 2397 2953 esse,
2429 2902 2546 2955 qure
2575 2901 2677 2940 non
2705 2885 3065 2941 mediocribus
3088 2894 3293 2939 tantum
3324 2886 3409 2937 in-

1833 2978 2023 3045 geniis,
2054 2977 2149 3032 sed
2192 2986 2248 3033 et
2292 2977 2745 3047 praestantissimis
2791 2971 3091 3047 quibusque
3138 2977 3407 3045 negotium

1836 3068 2147 3124 incesseret.

1905 3161 2034 3231 Cap.
2070 3163 2121 3228 '7,
2156 3161 2295 3233 δη.
2331 3161 2482 3215 Hanc
2520 3178 2638 3233 ergo
2668 3146 3054 3215 saluberrimam
3094 3161 3410 3235 consuetudi-

198 3252 403 3307 duntaxat
463 3258 834 3323 pertinentes,
896 3270 1080 3324 eaeque
1140 3255 1444 3309 hominibus
1508 3257 1725 3312 notissi-
1758 3246 1802 3309 C
1833 3273 1947 3310 nent.
1976 3272 2063 3325 per
2112 3257 2446 3327 Agrippinum
2477 3257 2897 3323 prcedecessorem
2938 3271 3087 3308 suum
3134 3255 3255 3307 dicit
3295 3270 3413 3307 san-

194 3356 355 3409 mte,et
379 3348 555 3401 multis
586 3347 973 3402 mutationibus
997 3348 1282 3413 obnoxiae;
1312 3364 1538 3418 quarum
1569 3351 1728 3403 etiam

192 3452 329 3491 rerum
377 3440 625 3494 homines
670 3439 871 3497 domini
918 3447 1074 3505 sunt,
1121 3448 1174 3493 et
1219 3439 1271 3493 in
1327 3455 1461 3509 quas
1510 3441 1732 3511 proinde

190 3532 467 3587 multitudini
500 3533 678 3602 majus
720 3532 834 3587 sine
875 3532 1037 3586 dubio
1083 3532 1168 3600 jus
1206 3541 1287 3587 est
1325 3548 1483 3603 quam
1526 3535 1728 3601 paucis.

194 3622 500 3687 Quamobrem
541 3635 693 3680 recte
732 3633 1098 3678 convocautur
1139 3624 1402 3692 primores
1443 3624 1636 3678 civium
1674 3623 1733 3677 ii-

189 3730 265 3782 que
292 3732 470 3786 maguo
500 3732 758 3783 numero,
792 3718 856 3770 ad
885 3732 978 3770 eas
1020 3717 1281 3785 regendas
1312 3724 1367 3771 et
1404 3731 1732 3786 componen-

191 3803 286 3870 das,
313 3807 657 3877 pluribusque
696 3806 962 3877 suﬂ'ragiis
991 3807 1189 3861 cedunt
1226 3807 1495 3875 pauciora.
1534 3806 1728 3860 Verum

188 3895 254 3948 ubi
289 3898 515 3951 caelestis
545 3898 748 3952 veritas
791 3899 983 3967 agitur,
1015 3913 1171 3967 quam
1219 3914 1377 3952 nemo
1420 3898 1519 3951 nisi
1561 3899 1736 3951 studio

189 3998 229 4038 et
268 3991 548 4045 attentione
600 3990 855 4044 adhibitis
905 3992 1077 4055 novit,
1116 4005 1233 4059 qua:
1281 3991 1410 4044 nulli
1460 3991 1733 4043 mutationi

188 4079 377 4134 obnoxia
407 4093 519 4150 est,
552 4082 705 4150 cujus
736 4096 893 4135 nemo
924 4088 1008 4136 est
1052 4081 1331 4146 dominus,
1366 4092 1419 4134 et
1449 4080 1603 4150 cujus
1644 4081 1737 4134 de-

190 4170 401 4227 ﬁnienda:
443 4175 705 4244 majorem
734 4189 763 4227 a
796 4174 904 4228 Deo
935 4184 1252 4244 potestatem
1287 4176 1465 4243 plures
1518 4158 1623 4228 non
1653 4189 1737 4228 ac-

188 4274 439 4335 ceperunt,
465 4283 625 4337 quam
656 4268 964 4337 pauciores;
991 4282 1093 4321 non
1127 4278 1250 4322 sunt
1280 4269 1605 4322 numeranda
1630 4268 1737 4322 sul-

189 4353 344 4424 lragia,
375 4360 464 4414 sed
498 4362 726 4429 singulis
755 4360 1122 4430 expendenda:
1153 4361 1523 4436 sullragiorum
1565 4363 1735 4416 ratio-

188 4461 280 4501 nes.
311 4450 411 4505 Res
436 4462 518 4506 est
550 4456 693 4507 clara
716 4494 730 4517 ,
764 4452 857 4506 sed
886 4452 951 4505 de
981 4468 1040 4507 ea
1063 4493 1079 4517 ,
1124 4468 1219 4521 pro
1267 4453 1381 4521 ejus
1411 4453 1638 4508 utilitate
1676 4469 1738 4508 ac

188 4544 497 4608 prrestantia,
548 4560 707 4615 agere
758 4546 843 4599 hic
897 4560 1001 4599 non
1058 4560 1359 4614 possumus.
1411 4547 1585 4612 Quare
1638 4561 1736 4600 nec

1834 3360 1939 3402 ctus
1967 3347 2271 3418 Cyprianus,
2304 3349 2451 3418 quasi
2478 3350 2683 3417 coepisse
2704 3345 2936 3419 corrigi]
2968 3347 3085 3417 lpse
3118 3344 3415 3416 Cyprianus

1833 3442 2058 3509 epistola
2104 3442 2168 3494 ad
2208 3441 2525 3495 Jubaianum
2556 3442 2623 3493 '75
2668 3440 2823 3494 docet
2854 3438 3197 3509 Agrippinum
3235 3436 3415 3506 proxi-

1835 3550 1979 3590 mum
2011 3534 2458 3603 prmdecessorem
2483 3548 2636 3586 suum
2669 3548 2774 3586 non
2806 3533 2983 3586 fuisse.
3013 3530 3164 3597 Apud
3191 3546 3283 3583 nos
3309 3546 3409 3584 au-

1837 3635 1964 3690 tem,
2000 3626 2201 3693 inquit,
2238 3643 2335 3678 non
2367 3640 2495 3678 not'a
2525 3635 2611 3678 aut
2636 3626 2897 3693 repentina
2922 3640 3001 3677 res
3026 3633 3127 3688 est,
3160 3633 3214 3675 ut
3242 3623 3413 3690 bapti-

1835 3718 2025 3771 zandus
2070 3719 2346 3771 sentiamus
2387 3734 2470 3770 eos
2515 3718 2599 3784 qui
2646 3717 2708 3769 ab
2756 3717 3003 3770 hwreticis
3043 3718 3109 3769 ad
3151 3715 3414 3770 ecclesiam

1837 3810 2070 3869 ueniunt,
2100 3810 2303 3877 quando
2348 3807 2496 3861 multi
2532 3812 2647 3880 jam
2676 3811 2799 3861 anni
2838 3817 2954 3861 sunt
3008 3823 3053 3861 et
3098 3810 3249 3877 longa
3288 3819 3413 3862 tetas

1837 3918 1899 3953 ea:
1925 3918 2023 3969 quo
2052 3900 2141 3953 sub
2171 3901 2471 3969 Agrippino,
2502 3903 2645 3954 bona:
2674 3902 2929 3953 memoria!
2957 3901 3084 3966 viro,
3119 3899 3415 3953 convenien-

1839 4003 1909 4045 tes
1931 3994 1980 4043 in
2014 4008 2168 4043 unum
2196 3992 2415 4061 episcopi
2443 3993 2651 4059 plurimi
2677 3992 2773 4045 hoc
2802 3993 3095 4057 statuerint,
3134 4001 3282 4061 atque
3325 4008 3415 4045 ex-

1838 4086 1957 4137 inde
2004 4085 2057 4137 in
2109 4083 2413 4135 hodiernum
2462 4093 2531 4136 tot
2578 4083 2743 4136 millia
2792 4082 3147 4136 Itwreticorum
3196 4084 3248 4134 in
3297 4098 3416 4150 pro-

1840 4176 2020 4229 vinciis
2064 4176 2250 4227 nostris
2298 4176 2364 4228 ad
2412 4177 2675 4229 ecclesiam
2723 4176 2978 4241 conversi,
3024 4191 3123 4228 non
3165 4176 3419 4245 aspernati

1838 4271 1969 4333 sint,
1998 4279 2082 4322 etc

2294 4355 2944 4413 ANIMADVERSIONES

2091 4466 2139 4503 IN
2167 4465 2346 4504 LIBROS
2371 4465 2575 4504 CONTRA
2605 4464 2865 4503 LITTEBAS
2892 4464 3172 4503 PETILIANI.
3230 4504 3231 4509 η

1912 4540 2072 4595 LIBRO
2102 4558 2138 4604 ι,
2165 4541 2295 4610 Cap.
2322 4546 2374 4606 9,
2404 4542 2430 4611 §
2462 4543 2547 4595 19.
2578 4539 2706 4594 Cum
2745 4541 3003 4594 audierit:
3036 4542 3133 4607 Qui
3180 4541 3417 4610 baptiza-

188 4644 283 4696 qua:
322 4634 480 4704 objici
522 4647 743 4705 pOSsent
786 4637 850 4691 iis
889 4652 1007 4706 qua:
1042 4652 1071 4690 a
1119 4637 1270 4692 nobis
1311 4638 1450 4692 dicta
1490 4647 1615 4691 sunt
1656 4638 1737 4693 di-
1764 4626 1817 4687 D
1843 4638 1927 4682 tur
1974 4646 2003 4683 a
2049 4641 2257 4684 mortuo
2312 4647 2416 4683 nou
2457 4632 2505 4685 ei
2555 4631 2767 4698 prodest
2817 4630 3010 4684 lavatio
3060 4631 3175 4698 ejus
3228 4630 3417 4701 (Eccli.

188 4723 385 4784 luemus.

243 4820 494 4889 Alterum,
521 4824 664 4893 quod
693 4824 777 4877 hic
806 4824 1078 4878 observari
1105 4823 1433 4886 volebamus,
1469 4838 1569 4878 noc
1592 4833 1735 4877 erat-

188 4911 441 4981 nimirum,
492 4931 615 4969 cum
663 4916 886 4969 ct‘nicilia
937 4915 1044 4968 sint
1095 4914 1264 4968 errori
1317 4914 1579 4978 obnuxra,
1634 4930 1739 4967 nou

188 5016 287 5058 esse
334 5008 696 5067 ἀϐασανίστοις
750 5022 934 5061 eorum
990 5007 1220 5059 decretis
1271 5005 1633 5071 credendum,
1680 5020 1742 5057 ac

188 5097 403 5161 proinde,
423 5115 488 5153 ne
506 5100 641 5152 alias
660 5108 894 5167 repetam
915 5098 1151 5151 rationes
1169 5111 1299 5165 quas
1323 5097 1374 5149 in
1398 5096 1541 5148 hisce
1559 5095 1744 5148 Auim-

192 5188 573 5245 adversionibus
627 5193 824 5258 smpius
873 5191 1055 5259 attigi,
1106 5190 1323 5243 minime
1363 5202 1482 5242 esse
1538 5204 1739 5241 vexan-

190 5277 269 5332 dos
294 5296 383 5335 eos
410 5283 503 5352 qui
545 5298 729 5336 verum
761 5297 866 5335 non
896 5297 1017 5335 esse
1047 5288 1232 5349 putant
1272 5279 1413 5347 quod
1440 5294 1468 5330 a
1499 5278 1741 5333 conciliis

192 5380 257 5422 est
279 5372 580 5439 deﬁnitum,
611 5378 653 5428 si
684 5375 874 5440 modo,
916 5376 966 5428 in
997 5374 1155 5427 rebus
1188 5371 1457 5437 civilibus,
1491 5371 1739 5425 omnibus

192 5459 423 5518 bonorum
453 5466 650 5519 civium
675 5466 869 5520 ofﬁciis
907 5466 1281 5534 deluugantur.
1313 5463 1494 5531 Inique
1523 5475 1649 5529 ergo
1678 5476 1739 5514 ac

193 5555 451 5609 crudeliter
480 5559 655 5610 vexati
696 5568 820 5612 sunt
864 5558 1125 5626 Pelagius,
1157 5555 1439 5609 leestius
1470 5564 1525 5607 et
1555 5568 1739 5607 eorum

192 5641 444 5715 discipuli,
471 5663 595 5701 cum
638 5651 689 5702 in
743 5663 837 5703 eos
867 5651 1193 5717 propositum
1235 5656 1316 5701 est
1358 5646 1589 5699 edictum
1639 5660 1743 5713 quo

196 5730 237 5785 iu
262 5737 498 5791 exsilium
531 5740 634 5794 acti
676 5750 801 5794 sunt
841 5749 895 5793 et
934 5740 1087 5794 bouis
1126 5739 1378 5793 omnibus
1421 5737 1661 5806 spoliati;
1692 5747 1747 5792 et

193 5824 384 5893 quidem
413 5845 447 5882 α
472 5845 771 5900 quacunque
799 5830 1119 5885 traherentur
1146 5830 1212 5883 ad
1250 5830 1499 5893 iudicem,
1530 5828 1635 5881 sine
1663 5844 1747 5881 ac-

1847 4737 2027 4787 xxxrv,
2056 4724 2169 4791 50),
2202 4724 2559 4790 respondebit:
2600 4721 2731 4775 Vivit
2761 4722 3012 4784 Christus,
3029 4724 3143 4793 jans
3182 4739 3280 4775 non
3312 4739 3423 4776 mo-

1844 4814 1994 4877 ritur,
2019 4825 2065 4865 et
2114 4831 2245 4866 mors
2284 4818 2328 4867 ei
2369 4815 2504 4867 ultra
2555 4830 2652 4866 non
2701 4813 3068 4879 dominabitur,
3097 4810 3228 4883 etc.]
3278 4814 3422 4869 Loco

1844 4906 1936 4960 illo
1970 4906 2326 4961 Ecclesiastici
2354 4908 2703 4960 abutebantur
2732 4906 3041 4963 Donatistae.
3076 4915 3134 4958 ut
3164 4907 3414 4961 ostende-

1848 5006 1967 5049 rent
1997 4998 2312 5064 b-«ptismnm
2355 4997 2605 5051 collatum
2638 5011 2668 5049 a
2698 4997 2839 5050 malo
2875 4995 3173 5063 sacerdote,
3206 5012 3301 5051 seu
3332 5000 3420 5067 qui

1851 5096 2079 5140 mortuus
2100 5097 2242 5140 esset
2268 5089 2318 5141 in
2351 5088 2598 5155 peccatis,
2634 5102 2738 5141 non
2770 5087 3041 5155 prodesse.
3065 5088 3262 5142 Nescio
3290 5098 3419 5159 quot

1845 5180 2019 5233 modis
2065 5196 2125 5234 se
2166 5190 2375 5250 torquet
2421 5181 2745 5250 Augustinus
2792 5188 2849 5234 ut
2894 5180 3140 5234 ostendat
3187 5196 3253 5235 ex
3302 5183 3421 5237 loco

1844 5273 1973 5327 nihil
2005 5288 2163 5343 posse
2208 5274 2355 5339 elici;
2389 5289 2507 5326 cum
2543 5272 2764 5327 deberet
2806 5271 3030 5328 irridere
3084 5273 3408 5339 Dnnatistas,

1844 5366 1983 5433 quod
2034 5366 2119 5419 hic
2164 5365 2467 5435 baptismum
2510 5364 2867 5417 Christianum
2916 5372 3249 5432 quaererent,
3296 5379 3412 5418 cum

1844 5460 1946 5511 alia
1976 5458 2131 5526 plane
2160 5473 2312 5511 mens
2335 5466 2478 5511 esset
2497 5457 2727 5509 auctoris
2752 5456 3126 5510 Ecclesiastici.
3156 5456 3280 5510 Haec
3303 5460 3422 5523 ejus

1849 5562 1932 5605 est
1967 5551 2227 5603 sententia
2268 5551 2509 5618 integra:
2550 5550 2917 5622 Βαπτιζὸμενος
2949 5551 3053 5603 ἀπὸ
3094 5554 3297 5621 νεκροῦ,
3340 5556 3425 5603 καὶ

1850 5647 1996 5700 πάλιν
2019 5646 2300 5714 ἁπτόμενος
2320 5648 2492 5709 αὐτοῦ,
2512 5648 2565 5701 τι
2585 5644 2833 5717 ὠφέλησαν
2856 5645 2903 5697 ἐν
2924 5652 2995 5713 τῷ
3017 5644 3215 5718 λουτρῷ
3236 5645 3420 5708 αὐτοῦ,

1853 5736 1956 5790 hoc
1996 5745 2109 5802 est,
2144 5736 2199 5789 ls
2226 5737 2313 5803 qui
2350 5736 2574 5789 abluitur
2613 5747 2879 5805 postauam
2925 5737 3082 5805 tetigit
3113 5736 3346 5800 cadaver,
3377 5749 3422 5788 et
3460 5725 3465 5731 ’

1850 5828 2035 5881 iterum
2060 5828 2112 5880 id
2144 5826 2332 5899 tangit,
2358 5827 2482 5897 quid
2507 5829 2642 5898 capit
2665 5826 2900 5881 utilitatis
2924 5842 2986 5880 ea:
3009 5842 3103 5880 sua
3130 5825 3423 5879 ablutione.’
