3974 6356
553 327 659 389 555
1439 336 1995 393 SUPPLEMENTUM
2035 339 2127 394 AD
2165 325 2391 396 OPERA
2431 343 2488 397 s.
2527 343 2915 403 AUGUSTINI.
3666 355 3744 408 sas

551 449 829 520 Liquidum
860 459 934 503 est
980 450 1167 517 respici
1206 451 1270 504 ad
1313 453 1611 506 ablutiones
1644 453 1856 521 legales,
1889 469 2008 522 qum
2034 453 2126 508 de-
2151 457 2202 516 Α
2231 456 2338 510 rint
2366 467 2610 514 oratores
2657 461 2936 528 populares
2967 463 3164 516 criticm
3206 464 3374 517 omnis
3418 481 3477 518 ac
3505 469 3743 526 dialectica:

549 544 746 599 hebant
776 548 884 602 fieri
935 556 1048 615 post
1083 557 1274 601 tactum
1307 549 1552 609 cadaver,
1585 563 1646 600 ex
1692 549 1940 600 mandato
1969 548 2120 612 legis,
2231 549 2482 617 imperiti.
2519 551 2648 602 Dum
2693 551 2834 604 enim
2869 553 3062 604 nullam
3097 555 3389 621 regularum
3432 559 3677 627 utriusque
3700 565 3744 616 il.

549 635 710 691 Num.
740 654 858 701 tux,
884 637 980 702 il,
1015 649 1069 692 et
1096 654 1212 704 qua:
1244 640 1372 692 nihil
1419 653 1636 706 prorsus
1677 639 1875 692 faciunt
1920 639 1981 691 ad
2027 640 2124 691 ba~
2229 643 2330 696 lius
2370 643 2497 697 artis
2547 645 2808 699 rationem
2859 646 3087 712 habent,
3118 647 3310 715 ubique
3353 653 3558 717 quosvis
3596 669 3746 710 Sensus

549 733 798 793 ptismum
829 731 1207 786 (hristianum.
1245 733 1348 787 Sed
1395 733 1438 786 si
1471 733 1613 800 legas
1641 732 1943 800 sequentia,
1977 733 2124 786 vide-
2225 737 2614 802 quaesiverunt,
2647 747 2701 791 et
2729 753 2798 790 ex
2829 738 2944 791 soni
2971 739 3319 794 similitudine
3350 743 3521 794 omnia
3561 746 3745 809 probare

551 822 631 876 bis
675 825 808 876 hanc
868 837 986 876 esse
1034 825 1262 889 priorem
1309 834 1512 891 partem
1567 823 1963 888 similitudinis;
2009 824 2121 878 harc
2223 842 2282 882 se
2324 842 2492 896 posse
2534 829 2911 894 crediderunt,
2959 832 3097 883 unde
3145 832 3435 885 innumera:
3483 835 3600 888 rixa.-
3640 853 3747 892 natm

546 915 686 994 enim
715 916 871 970 verba
913 925 1228 983 sequuntur,
1260 931 1378 984 quae
1411 917 1632 970 alteram
1673 916 1950 969 continent
1978 934 1989 967 :
2019 918 2120 968 0-3-
2223 927 2367 971 sunt.
2411 919 2478 972 At
2527 919 2652 972 'olim
2699 920 2965 989 ejusmodi
3017 921 3286 986 homines,
3331 934 3541 990 propter
3579 927 3746 983 dicendi

543 1027 643 1065 τως
672 1003 926 1081 ἄνθρωπος
965 1009 1218 1064 νηστεύων
1247 1011 1329 1060 ἐπὶ
1367 1015 1466 1060 τῶν
1509 1006 1771 1077 ἁμαρτιῶν
1813 1008 1996 1066 αὐτοῦ,
2037 1029 2099 1059 κα

2224 1010 2560 1075 facultatem,
2590 1021 2683 1064 aut
2712 1012 2776 1064 ad
2808 1013 3084 1080 primarias
3122 1025 3246 1066 sunt
3281 1015 3435 1068 sedes
3473 1019 3656 1079 evecti.
3683 1034 3749 1075 aut

2224 1101 2278 1154 in
2307 1102 2527 1172 synodis
2555 1119 2774 1172 regnum
2813 1105 3078 1170 quoddam
3105 1104 3469 1159 obtinuerunt.
3507 1107 3644 1160 Plura
3671 1128 3750 1164 non

2221 1191 2426 1253 dicam,
2472 1201 2596 1245 nota
2637 1193 2781 1246 enim
2825 1193 2940 1246 haec
2981 1203 3106 1248 sunt
3145 1195 3516 1250 ecclesiastica
3559 1199 3752 1254 historia!

2223 1281 2424 1346 peritis,
2464 1292 2512 1336 et
2545 1283 2632 1352 qui
2670 1283 2926 1350 judicium
2971 1286 3021 1338 in
3059 1301 3120 1340 ea
3171 1288 3392 1355 legenda
3419 1289 3751 1347 adhibuerunt.

2221 1371 2333 1424 Non
2367 1388 2547 1426 moror
2571 1385 2795 1430 caeteros
2821 1376 3180 1442 dissimulare,
3221 1381 3454 1445 mentiri,
3485 1392 3536 1436 et
3568 1398 3750 1452 carpere

2219 1467 2330 1519 veri
2361 1477 2602 1521 amantes
2629 1483 2842 1538 semper
2873 1483 3104 1535 paratos.

2289 1557 2451 1612 [λιιιηο
2481 1575 2557 1614 ιιι.
2582 1561 2709 1629 Cap.
2732 1562 2820 1625 ‘25,
2856 1562 2882 1631 §
2909 1565 2997 1617 30.
3032 1563 3157 1617 Cum
3183 1582 3275 1637 ego
3303 1565 3639 1622 Mediolanum
3663 1586 3751 1625 ante

544 1100 687 1153 πάλιν
724 1100 1055 1174 πορευόμενος
1095 1101 1270 1152 καὶτὰ
1308 1101 1440 1152 αὐτὰ
1477 1106 1650 1155 ποιῶν.
1678 1107 1769 1156 τῆς
1812 1104 2120 1170 προσευχῆς

541 1192 689 1244 αὐτοῦ
721 1197 799 1250 τίς
845 1193 1239 1253 siccando-arat;
1273 1196 1355 1244 καὶ
1393 1194 1443 1245 τί
1471 1191 1717 1261 ὠφέλησεν
1747 1191 1794 1242 ἐν
1835 1195 1907 1260 τῷ
1943 1208 2118 1241 ταπει-

540 1284 751 1339 νωθῆναι
778 1280 948 1346 wit-civ;
979 1282 1049 1333 sic
1080 1281 1294 1333 nominis
1319 1282 1408 1350 qui
1435 1282 1632 1352 jejnnat
1670 1281 1731 1331 ob
1758 1288 1961 1343 peccata
1991 1294 2115 1338 sua,

539 1384 584 1424 et
617 1374 797 1425 iterum
839 1375 891 1425 in
918 1391 976 1425 en
1009 1373 1244 1442 delapsus
1283 1374 1457 1426 cadent
1497 1374 1651 1440 facit,
1684 1371 1796 1439 quis
1839 1370 2117 1421 oralionem

539 1465 883 1516 e.r‘andiv.'rit?
917 1465 1094 1530 qu'dve
1122 1463 1352 1516 utilitatis
1382 1463 1545 1525 capiet
1575 1478 1639 1515 ex
1667 1478 1760 1513 sua
1791 1460 2117 1512 humiliate?

540 1554 676 1608 Nihil
708 1559 818 1608 ha'c
865 1556 929 1608 ad
964 1554 1319 1623 baptismum,
1359 1554 1601 1623 quamvis
1644 1553 1942 1621 Cyprianus
1986 1567 2105 1617 quo-

537 1663 640 1714 que
668 1663 730 1702 eo
763 1647 933 1701 locum
983 1646 1123 1701 hunc
1153 1647 1355 1708 trahat,
1390 1662 1545 1714 quem
1577 1647 1708 1699 citat
1755 1644 1912 1697 etiam
1959 1645 2116 1696 dinii-
2218 1651 2501 1705 Baugonem
2543 1655 2801 1707 εοηειιιεηι
2845 1657 3093 1719 venerim,
3135 1658 3280 1726 είτμιε
3322 1659 3524 1711 consul;
3565 1665 3750 1715 σαιεηᾱξε

537 1739 768 1803 diatnm,
800 1739 953 1803 epist.
983 1739 1070 1792 7i.
1113 1738 1217 1792 Sed
1261 1737 1379 1800 ille,
1421 1749 1476 1790 ut
1516 1749 1663 1792 reete
1709 1734 2016 1791 observavit
2045 1734 2111 1788 ad
2215 1741 2480 1796 Ianuariis
2512 1744 2741 1810 laudem,
2776 1763 2866 1813 pro
2909 1763 3019 1798 mea
3060 1759 3176 1800 tunc
3216 1749 3470 1801 rhetorica
3519 1755 3748 1821 professio.

535 1849 652 1887 eum
709 1835 878 1887 locmn
926 1832 1176 1886 Nicolaus
1223 1832 1498 1901 Rigaltius,
1535 1847 1934 1900 saepenumero,
1967 1842 2022 1884 ut
2053 1839 2106 1884 et
2143 1833 2184 1889 Β
2211 1849 2301 1896 ne,
2342 1833 2702 1905 recitaverim.]
2745 1835 2916 1904 Hujus
2947 1839 3109 1892 moris
3149 1839 3362 1907 publice
3410 1840 3748 1896 laudaudortua

535 1925 620 1977 alii
674 1925 856 1978 Patres
895 1925 1080 1992 arripit
1111 1925 1176 1978 de
1222 1923 1515 1990 Scripturis
1552 1922 1808 1993 quidquid
1864 1922 1941 1974 vel
1991 1920 2104 1973 Solo
2217 1925 2492 1977 consulum
2524 1926 2762 1978 calendis
2790 1926 3057 1993 Januarii,
3086 1929 3274 1996 quibus
3307 1931 3656 1998 magistratum
3683 1934 3750 1986 iui-

534 2016 816 2071 verborum
859 2033 992 2069 sono
1043 2017 1216 2070 facere
1257 2018 1323 2070 ad
1357 2017 1682 2084 propositum
1733 2016 1960 2077 videtur,
2006 2013 2105 2067 etsi
2217 2015 2373 2078 bant,
2405 2022 2565 2070 testes
2588 2026 2710 2070 sunt
2737 2017 3045 2086 Panegyrici
3075 2019 3411 2085 consulares,
3442 2029 3650 2090 utraque
3675 2023 3749 2076 liu-

535 2106 688 2173 louge
717 2108 822 2160 alio
853 2107 920 2160 sit
951 2105 1354 2176 intelligendum
1378 2120 1558 2160 sensu.
1592 2105 1722 2158 'l‘am
1754 2106 2002 2171 frequens
2025 2114 2107 2156 est
2215 2123 2349 2175 gua,
2375 2118 2483 2161 tum
2515 2125 2704 2173 versu,
2729 2119 2838 2164 tum
2883 2112 3054 2165 soluta
3084 2114 3329 2167 oratione
3355 2112 3483 2167 dicti
3509 2131 3536 2166 a
3567 2115 3750 2170 Manien

532 2199 634 2253 hoc
662 2198 711 2250 in
762 2199 1050 2267 Cypriano,
1079 2199 1369 2266 Augustino
1395 2205 1448 2250 et
1469 2197 1611 2256 aliis,
1641 2207 1699 2249 ut
1729 2194 1945 2248 minime
1972 2208 2104 2261 opus
2219 2199 2348 2262 tino,
2392 2199 2633 2269 Libanio,
2668 2201 2991 2267 Themistio,
3023 2203 3348 2267 Claudiano,
3389 2206 3619 2260 Sidonio.
3658 2209 3750 2263 llaac

532 2292 599 2344 sit
629 2304 890 2356 qua-rere,
918 2307 1034 2343 cum
1079 2290 1192 2343 viro
1219 2289 1551 2350 doctissimo,
1583 2287 1724 2357 quod
1767 2301 1860 2342 eos
1890 2285 1941 2338 in
1973 2287 2106 2339 cita-
2216 2289 2488 2342 adnotavit
2518 2291 2631 2344 Jac.
2659 2292 3004 2359 Sirmondus,
3047 2293 3275 2347 adducto
3322 2303 3503 2363 postea
3533 2297 3640 2349 loco
3676 2299 3750 2350 hoc

532 2383 676 2437 tione
730 2382 882 2451 hujus
931 2382 1030 2435 loci
1070 2389 1324 2444 excuset,
1372 2395 1491 2434 cum
1539 2378 1786 2433 excusari
1838 2387 2104 2447 nequeant
2215 2381 2610 2448 Augustini,ad
2645 2383 2814 2451 Epist.
2837 2383 3041 2438 Sidonii
3071 2385 3163 2440 lib.
3194 2402 3306 2451 VIII,
3348 2388 3505 2455 epist.
3530 2390 3580 2452 6,
3599 2391 3677 2452 tibi
3696 2391 3748 2444 Si-

531 2475 690 2528 multa
721 2473 818 2525 alia
852 2474 1064 2526 similia.
1099 2471 1194 2525 Vix
1229 2472 1506 2540 quisquam
1535 2469 1717 2523 dicere
1751 2469 1917 2536 possit
1942 2481 2099 2533 quam
2215 2473 2403 2526 donius
2435 2474 2598 2528 moris
2629 2474 2784 2545 hujus
2813 2477 3074 2530 meminit.

535 2580 669 2620 vera:
697 2565 1056 2634 intelligeniie
1086 2563 1378 2633 Scriptura:
1397 2571 1452 2617 et
1481 2563 1594 2631 paci
1622 2560 1877 2615 Ecclesiae
1904 2573 2104 2612 nocue-

2427 2678 3733 2700 ’Ἡ-

1616 2785 1721 2855 IN
1777 2781 2184 2853 TOMUM
2245 2783 2772 2856 DECIMUM.

735 3003 1036 3059 JO.\NNES
1076 3000 1524 3056 I‘HEREPONUS
1567 2999 1880 3056 LECTORI.
2207 3001 2397 3062 lector,
2429 3015 2547 3066 qua:
2577 3011 2899 3069 sequuntur;
2932 3008 3024 3052 aut
3063 3001 3176 3067 ipse
3215 3001 3481 3055 calamum
3509 3001 3686 3070 arripe,
3709 3014 3746 3057 at

596 3099 754 3152 Multa
789 3099 839 3151 iu
881 3097 986 3150 hun
1011 3116 1018 3128 ·
1047 3096 1289 3148 ultimum
1314 3095 1589 3162 Augustini
1620 3103 1819 3148 tomum
1845 3095 2102 3147 adnotare
2209 3095 2375 3147 labori
2409 3109 2526 3146 men
2557 3094 2806 3163 suppleas
2841 3095 2978 3161 quod
3008 3095 3187 3156 deest;
3222 3093 3316 3147 sed
3363 3100 3623 3149 memento
3657 3104 3746 3147 ante

527 3193 676 3247 lacilo
707 3192 1090 3259 potuissemus,
1123 3189 1214 3241 sed
1242 3188 1346 3240 duo
1369 3197 1457 3241 aut
1490 3189 1587 3240 tria
1615 3188 1936 3239 obstiterunt
1957 3203 2023 3240 ne
2049 3188 2099 3240 id
2206 3185 2380 3236 omnia
2427 3185 2595 3238 solius
2623 3186 2887 3247 veritatis,
2936 3187 3017 3237 cui
3068 3185 3156 3238 uni
3205 3186 3363 3239 litare
3398 3197 3612 3242 conatus
3639 3202 3744 3249 sum,

526 3292 923 3349 prmstarouius,
959 3297 1074 3347 qlllL‘
1101 3289 1172 3342 te,
1205 3280 1392 3340 lector,
1427 3278 1622 3332 rescire
1648 3290 1826 3332 nostra
1859 3280 2099 3333 nonnihil
2127 3305 2174 3365 Β
2207 3277 2468 3330 rationem
2497 3279 2713 3330 habere.
2751 3277 2897 3331 Vale.

527 3373 769 3428 interest.
804 3375 1034 3425 Primum
1059 3380 1141 3423 est
1171 3371 1438 3423 festinatio
1472 3371 1944 3439 typographornm,
1977 3370 2096 3436 qui-
2824 3367 3189 3422 PREFATIO

526 3465 641 3530 luis,
675 3467 869 3517 dudum
896 3466 1036 3514 edito
1068 3465 1271 3531 integro
1302 3463 1594 3531 Augustino
1625 3479 1722 3514 una
1747 3478 1865 3516 cum
1898 3463 2092 3526 iudice,
2279 3477 2342 3513 an
2370 3476 2560 3514 manu»
2603 3465 2667 3514 tit:
2698 3476 2873 3516 GESTIS
2904 3476 3132 3519 recte".
3165 3477 3302 3515 saxo
3333 3477 3492 3516 MDCXI
3525 3478 3695 3515 panum

528 3556 732 3626 longum
758 3557 1035 3610 videbatur
1056 3564 1366 3623 exspectare
1388 3556 1586 3608 diutius
1605 3556 2094 3609 animadversiones
2537 3547 2731 3584 ED'TU"
2757 3547 3004 3585 Ancus“;
3032 3547 3443 3586 "Nonumwm

529 3659 754 3714 nostras,
799 3664 929 3717 quas
981 3658 1082 3700 tam
1123 3650 1227 3700 cito
1273 3647 1516 3699 adornari
1562 3647 1676 3698 alim
1723 3647 2095 3714 occupationes

527 3757 626 3796 non
651 3742 1001 3806 patiel'iantur.
1051 3741 1310 3802 Alterum,
1344 3741 1479 3802 quod
1531 3755 1700 3808 neque
1727 3755 1944 3792 necesse
1982 3750 2098 3792 erat

527 3834 806 3901 quidquam
835 3833 916 3884 hic
949 3850 972 3878 a
1001 3832 1151 3882 nobis
1174 3831 1298 3890 dici,
1331 3841 1420 3880 aut
1459 3831 1695 3890 pluribus
1725 3831 1936 3890 diduci;
1971 3831 2091 3893 quia

527 3924 573 3975 in
604 3923 748 3974 hisce
784 3921 1279 3975 ratiocinationibus
1313 3921 1664 3987 Hipponensis
1696 3921 1933 3988 episcopi
1966 3936 2095 3973 con-

526 4023 598 4066 tra
631 4015 857 4080 l‘vl'igiav
880 4029 960 4075 us,
990 4016 1282 4064 innumera!
1323 4021 1444 4066 sunt
1483 4013 1846 4078 rapi-titiones,
1883 4028 1999 4074 nec,
2031 4011 2093 4064 ad

2273 3645 2332 3699 S.
2382 3644 2730 3713 Augustinus,
2781 3646 3236 3699 lletractatio‘num
3282 3646 3378 3701 lih.
3430 3663 3487 3710 li,
3527 3661 3634 3714 cap.
3665 3645 3743 3699 ~i'l:

2202 3734 2307 3788 Per
2349 3737 2481 3788 idem
2514 3746 2709 3802 tempus
2749 3737 2800 3786 in
2837 3735 3063 3799 Oriente,
3095 3735 3191 3789 hoc
3219 3747 3293 3790 est
3327 3738 3380 3788 in
3433 3737 3601 3806 Syria,
3643 3745 3745 3792 810:.

2202 3841 2368 3894 usque
2391 3825 2453 3878 ad
2502 3828 2646 3879 haec:
2684 3825 2783 3878 Hic
2831 3827 2954 3878 ltlnr
2983 3827 3199 3894 incipit:
3230 3824 3570 3897 Posteaquam
3592 3830 3638 3879 in
3662 3843 3743 3878 uia-

2201 3933 2298 3970 nus
2316 3926 2536 3969 nostras.

2275 4010 2365 4063 llis
2397 4011 2596 4070 verbis,
2639 4009 2696 4061 S.
2754 4011 3084 4074 Augustinus
3122 4010 3434 4077 scriptionis
3476 4024 3670 4064 causam
3702 4017 3739 4060 et

2199 4102 2321 4156 libri
2369 4110 2738 4171 argumentum
2779 4102 3039 4168 explicat;
3065 4103 3154 4170 qui
3189 4104 3420 4157 antehac
3449 4117 3624 4156 omnes
3658 4103 3741 4154 Au-

2199 4195 2625 4262 guStiuianorum
2657 4210 2877 4264 Operam
2911 4195 3325 4265 conquisitores,
3371 4199 3512 4250 viros
3539 4195 3740 4249 doctrina

2200 4295 2256 4338 et
2285 4286 2554 4351 diligentia
2591 4296 2922 4352 praestantes,
2961 4285 3110 4355 fugit,
3141 4301 3282 4340 nunc
3305 4287 3516 4340 demum
3551 4285 3738 4345 Fesulis,

2201 4379 2254 4431 in
2286 4378 2606 4432 bibliotheca
2637 4378 2863 4432 abbatiaa
2885 4379 3067 4433 Sancti
3099 4379 3477 4433 Bartholomtei
3499 4377 3741 4431 canonico-

2200 4485 2319 4524 rum
2354 4469 2676 4538 rcgularium
2710 4470 3172 4535 Lateranensium,
3203 4481 3468 4540 repertus.
3495 4471 3610 4538 Ejus
3629 4465 3739 4520 anti-

523 4571 625 4633 jani
660 4569 982 4616 dii-oramus.
1021 4566 1130 4618 llnc
1157 4565 1441 4618 accedebat.
1471 4567 1608 4634 quod
1639 4583 1732 4617 nos
1760 4580 1969 4633 quoque
2001 4567 2096 4617 ha-
2200 4560 2461 4631 grapbum
2493 4576 2611 4613 cum
2643 4561 2826 4628 Scipio
2857 4562 3209 4630 Cohellutius,
3244 4563 3312 4616 ab
3344 4562 3581 4630 epistolis
3608 4569 3653 4613 et
3675 4572 3741 4608 se-

525 4677 636 4712 rum
665 4663 894 4709 t‘iVnt'lltll
928 4667 1130 4710 tantum
1160 4658 1369 4709 tandem
1395 4659 1624 4723 cepisset
1653 4658 1884 4718 mdium,
1919 4667 1974 4710 ut
2006 4669 2099 4709 eas
2125 4664 2178 4723 Ι)
2205 4653 2366 4704 cretis
2397 4653 2590 4704 summi
2618 4652 2902 4721 pontificis,
2937 4652 3100 4706 Roma
3133 4653 3198 4706 ad
3239 4653 3473 4707 Marcum
3505 4652 3738 4706 Velserulll

2205 4740 2368 4794 illast.
2405 4743 2573 4794 virum
2598 4741 2884 4807 Augustam
2906 4742 3299 4797 Viudelicorum
3331 4740 3738 4807 misisset;visuui

2205 4833 2576 4900 pulcherrirna:
2604 4849 2829 4900 gemmae
2861 4835 3123 4901 publicam
3158 4835 3330 4889 lucem
3363 4851 3466 4889 non
3496 4848 3608 4889 esse
3635 4829 3738 4884 invi-

2203 4922 2453 4975 dendam.
2486 4922 2753 4990 Sapientia
2781 4925 2912 4976 enim
2940 4925 3258 4987 abscondita,
3289 4935 3336 4979 et
3366 4926 3618 4978 thesaurus
3637 4919 3737 4973 invi-

2202 5031 2311 5078 sus,
2337 5031 2452 5082 qui?
2485 5014 2680 5068 utilitas
2709 5016 2763 5068 in
2789 5017 3056 5084 utrisque?
3095 5016 3280 5070 Romae
3309 5017 3520 5086 quidem
3561 5023 3609 5066 et
3643 5012 3738 5063 Flo-

2205 5105 2398 5157 rentiae
2430 5106 2860 5160 accuratissimus
2898 5106 3182 5172 editiones,
3215 5106 3601 5161 commentariis
3643 5100 3737 5154 illu-

2205 5208 2421 5261 stratas,
2465 5199 2712 5265 apparari
2764 5199 3086 5264 ferebantur,
3119 5209 3173 5253 et
3222 5199 3409 5253 falcem
3455 5199 3505 5251 in
3547 5195 3736 5248 alienam

2205 5304 2440 5344 messem
2492 5306 2596 5344 non
2649 5291 2958 5345 mittendam
3010 5307 3129 5346 esse
3183 5294 3586 5346 memineramus
3618 5304 3630 5338 :
3664 5281 3735 5335 sed

2207 5382 2460 5450 quoniam
2494 5383 2706 5451 longum
2753 5383 2800 5436 id
2838 5383 3069 5437 futurum
3103 5385 3371 5453 negotium
3402 5398 3486 5437 res
3518 5375 3734 5448 loqueba-

2207 5483 2315 5536 tur,
2352 5488 2523 5542 neque
2561 5473 2703 5528 enim
2751 5488 2880 5528 sane
2909 5475 3042 5528 tanti
3070 5476 3326 5529 momenti
3353 5487 3506 5529 causa
3533 5465 3729 5538 ννωοῑιιί·

2215 5568 2311 5620 tari
2341 5565 2520 5631 debet,
2552 5569 2596 5620 si
2639 5568 2850 5622 interim
2895 5569 3032 5622 nuda
3063 5569 3343 5638 Augustini
3389 5567 3541 5621 verba
3579 5555 3732 5614 utenda

2218 5661 2435 5715 fruenda
2469 5677 2914 5731 proponeremus,
2946 5664 3169 5731 gratiam
3210 5679 3307 5717 nos
3339 5660 3471 5730 apud
3493 5657 3626 5712 viros
3647 5650 3730 5718 pios

2213 5761 2266 5806 et
2326 5754 2585 5819 eruditos,
2631 5754 2864 5823 antiqua:
2917 5753 3174 5810 doctrina:
3223 5761 3478 5817 amantes,
3525 5735 3729 5802 Romani!

524 4123 780 4157 mmmam
812 4120 984 4157 rerum
1011 4105 1147 4168 ιιιιοιά
1173 4105 1378 4162 attinet,
1406 4105 1688 4171 quidquam
1716 4107 1832 4156 novi
1867 4105 2094 4157 occurrit

525 4214 718 4265 przl‘lm'
749 4216 807 4252 ea
840 4215 953 4266 qum
986 4199 1120 4248 tlif‘lﬂ
1149 4209 1302 4249 erant
1335 4199 1432 4249 bac
1458 4199 1521 4248 de
1552 4215 1608 4250 re
1644 4199 1695 4250 iit
1729 4197 2000 4263 Epi~tolis,
2030 4198 2094 4250 ad

522 4309 652 4353 quas
691 4307 804 4357 qua-
847 4306 1014 4339 \"SEIIH
1059 4289 1154 4339 fuit
1193 4290 1299 4355 jam
1351 4289 1744 4340 adnotatimns.
1804 4287 1934 4340 Nam
1989 4297 2095 4340 tota

523 4393 757 4431 l'tillll'HV'
783 4381 906 4438 r~ia,
941 4378 982 4429 si
1025 4379 1188 4444 probe
1221 4380 1639 4444 inlrnsiiicialtlr,
1677 4380 1972 4431 vertituriu
2007 4395 2098 4432 ex-

529 4475 576 4536 pl
603 4475 808 4522 ratione
836 4471 1183 4538 quortiunlain
1212 4473 1498 4537 Scriptura
1534 4473 1792 4532 locorum,
1811 4473 1877 4525 dc
1907 4473 2098 4540 quibus

524 4755 603 4804 vix
639 4769 697 4801 :tt:
729 4769 791 4799 ιιι·
825 4751 905 4801 xiv
936 4749 1148 4817 quidem
1181 4753 1317 4801 ferre
1349 4765 1654 4814 possemus;
1685 4765 1779 4802 nec
1803 4764 1929 4802 sane
1955 4749 2099 4815 quis.

522 4862 675 4906 quam
711 4843 1019 4893 nwliorihus
1043 4850 1331 4906 occupatus
1364 4840 1556 4891 millies
1589 4840 1724 4891 idem
1766 4850 1857 4890 aut
1898 4841 2096 4905 legere,

521 4950 604 4987 aut
642 4935 819 4986 d’ct-re
844 4931 1131 4990 susﬁncat;
1165 4931 1456 4996 prmsertiru
1496 4931 1536 4981 si
1570 4946 1685 4998 quza
1729 4931 1896 4982 tribus
1920 4931 2098 4982 verbis

521 5027 726 5078 alizolvi
771 5033 1016 5093 putt-rant
1049 5023 1276 5074 millenis.
1298 5021 1496 5089 aliquot
1527 5023 1791 5085 dicantur,
1826 5022 2098 5086 multaque

521 5121 691 5169 ςιιὶαιιιει
724 5116 1093 5178 infarciantur,
1125 5114 1570 5181 quemadmodum
1603 5115 1701 5165 hac
1731 5114 1785 5166 in
1815 5129 1874 5166 re
1904 5113 2097 5164 factum

522 5220 624 5262 est.
651 5208 745 5258 (Ini
777 5221 899 5257 vero
927 5207 1083 5258 etiam
1110 5219 1361 5258 nauseam
1395 5221 1497 5258 non
1525 5216 1772 5258 moveant
1810 5215 1884 5257 tot
1911 5215 1965 5259 et
1995 5217 2098 5259 tam

524 5303 716 5361 longe,
760 5307 814 5348 ut
847 5313 972 5349 voce
1015 5298 1277 5361 sequioris
1323 5299 1421 5350 :nvi
1471 5307 1606 5360 utar,
1659 5299 2098 5361 rltetorirntiones,

522 5401 615 5443 aut
636 5389 698 5439 ad
733 5386 1101 5439 declinandum
1132 5386 1421 5438 adversarii
1448 5390 1630 5454 ictum,
1657 5397 1748 5440 aut
1776 5389 1838 5439 ad
1864 5403 1984 5440 eum
2015 5389 2100 5441 iii-

523 5479 856 5538 sectanduiu,
889 5487 977 5528 aut
1003 5477 1229 5545 denique
1256 5477 1319 5529 ad
1354 5478 1604 5531 invidiam
1632 5480 1715 5532 vel
1762 5478 2100 5543 movendam,

523 5571 610 5627 vel
641 5570 975 5638 fugiendam?
1007 5569 1130 5623 Mihi
1155 5579 1299 5622 certe
1330 5578 1531 5622 tantum
1561 5580 1834 5635 crearunt,
1860 5573 1999 5624 inter
2024 5571 2102 5624 le-

525 5664 779 5734 gendum,
813 5661 1105 5725 fastidium,
1144 5671 1204 5712 ut
1244 5661 1399 5726 plane
1432 5662 1767 5714 recreatione
1814 5663 2107 5730 gratiorum

526 5767 582 5815 et
602 5756 868 5809 utiliorum
892 5754 1187 5818 studiorum
1217 5753 1506 5824 indigeam.
1529 5754 1654 5806 Boni
1685 5753 1843 5824 igitur
1863 5755 2104 5817 consule,

949 5952 973 5994 τ
