3974 6356
197 378 301 433 537

881 378 911 427 ν
941 374 1226 431 illlitRUM
1267 374 1772 431 EXERCI'I‘ATIUN

1904 374 1969 428 IN
2009 375 2068 428 S.
2110 375 2475 432 AUGUSTINI
2509 376 2755 433 OPEIIA.

3345 373 3452 431 558

194 496 625 564 Florentinisque
663 494 1120 564 editoribus‘ipsis
1168 510 1267 546 nou
1323 494 1521 557 invitis,
1577 494 1774 562 quippe
1804 497 1855 557 Α
1882 495 1983 547 hoc
2010 506 2100 548 tuo
2133 496 2347 549 silentio
2380 499 2619 551 nuntium
2655 497 2953 561 remiseris;
2991 496 3284 563 praesertim
3328 510 3452 551 cum

194 606 421 657 quorum
470 589 744 646 industrius
786 586 988 639 nullum
1042 585 1163 638 hinc
1210 585 1512 645 sufﬂamen,
1543 600 1662 637 cum
1705 600 1774 637 ne

192 681 547 736 dedicationis
573 682 784 747 quidem
816 679 999 732 llorem
1029 680 1518 746 prmeerpserimus,
1550 678 1774 730 inituros

191 776 552 841 Speravimus.
588 772 902 840 Exemplum
935 772 1101 825 Iloma
1131 774 1351 824 missum
1392 786 1512 823 cum
1552 770 1653 822 lide
1676 785 1773 823 ex-

192 869 509 935 pressimus,
540 876 595 920 et
629 864 887 921 lectiones
926 864 1197 916 variantes
1235 862 1298 915 ad
1327 877 1474 915 oram
1506 861 1770 927 ascriptze,

190 959 319 1011 inde
362 966 523 1011 sunt:
566 955 661 1009 sed
692 971 811 1025 qua:
856 956 909 1006 in
950 954 1051 1005 ima
1079 953 1263 1021 pagina
1298 951 1579 1019 plerasque
1609 951 1776 1003 Anto-

189 1052 315 1104 nius
334 1052 583 1105 Velserus
605 1048 898 1103 canonicns
932 1044 1306 1115 Frisingensis,
1330 1046 1467 1098 inter
1494 1043 1771 1112 legendum

188 1142 449 1195 Subtaria
475 1142 781 1208 conjectura
806 1139 1103 1201 adnotavit,
1131 1151 1324 1203 paucas
1346 1136 1574 1205 aliquas.
1607 1134 1771 1187 auda-

188 1240 369 1287 ciores
424 1234 578 1303 paqu
634 1248 739 1287 non
798 1233 1057 1300 agnoscit.
1110 1230 1288 1284 Nullas
1335 1232 1385 1283 in
1441 1238 1772 1293 contextum,

190 1330 477 1394 quantavis
493 1327 876 1395 probabilitatis
890 1328 1065 1394 specie
1082 1324 1435 1387 blandientes,
1452 1323 1770 1390 recepimus.

262 1418 506 1471 Meminit
540 1428 795 1485 praeterea
847 1417 1001 1484 hujus
1038 1416 1158 1468 libri
1193 1414 1517 1481 Augustinus
1566 1414 1700 1467 libro
1736 1429 1771 1467 II

195 1507 257 1559 de
284 1510 441 1562 Pecc.
472 1510 696 1575 0rigin.,
730 1524 847 1577 cap.
883 1509 945 1561 ll
971 1524 985 1559 :
1013 1506 1160 1571 Quod
1186 1514 1353 1558 autem
1382 1505 1538 1571 scitis,
1569 1511 1770 1560 etc.....

190 1601 456 1652 Aurelium
480 1602 676 1668 scripsi.

264 1690 535 1747 Possidius
577 1692 627 1742 in
660 1689 907 1754 indiculo,
938 1704 1056 1758 cap.
1088 1689 1144 1752 4,
1172 1697 1348 1742 contra
1381 1697 1520 1758 gesta
1567 1687 1772 1757 Pelagii

187 1783 313 1833 liber
341 1799 491 1835 unus.

1880 604 1978 643 nec
2000 590 2154 643 unius
2183 590 2351 644 libelli
2384 594 2455 645 tui
2490 594 2763 660 exemplar
2791 593 2853 645 ad
2880 608 2962 645 me
2984 592 3329 648 deferendum
3352 609 3451 647 cu-

1878 684 2103 737 raveris.
2163 684 2423 737 Cmterum
2474 701 2540 739 ne
2585 686 2773 739 ofﬁciis
2801 702 2918 755 qute
2949 703 3050 756 pro
3088 688 3206 756 jure
3253 688 3452 742 veteris

1880 776 2283 829 consuetudinis
2310 790 2337 827 a
2377 785 2429 829 te
2464 780 2862 845 exspectabam,
2905 781 3017 846 ipse
3058 782 3217 833 etiam
3263 782 3451 835 deesse
3527 791 3533 800 '

1880 867 2085 931 videar,
2119 870 2257 937 quod
2288 871 2566 937 sperabam
2612 886 2791 925 coram
2823 884 3098 941 praestare,
3138 875 3328 927 litteris
3357 889 3451 927 ex-
3491 852 3498 876 τ

1880 976 2097 1030 sequor.
2132 963 2195 1015 Et
2219 961 2455 1030 quidem,
2489 966 2558 1016 mi
2602 964 2835 1027 Macedo,
2871 981 2974 1018 non
3014 982 3131 1019 sum
3178 976 3282 1020 tam
3326 968 3449 1019 bar-
3487 941 3495 957 δ

1880 1052 1982 1107 dus
2029 1060 2121 1105 aut
2166 1054 2411 1123 stupidus
2440 1056 2569 1121 quin
2607 1054 2803 1122 optime
2849 1056 3135 1123 intelligam
3188 1058 3452 1112 neminem
3490 1050 3493 1053 ’

1878 1145 2188 1199 mortalium
2238 1146 2569 1215 quantalibet
2618 1148 2851 1200 amicitia
2890 1148 3223 1201 carissimum
3254 1163 3373 1202 esse
3400 1147 3451 1202 in

1877 1250 2064 1291 amore
2115 1236 2259 1291 Divis
2310 1237 2719 1305 prteferendum.
2783 1238 2911 1291 Novi
2956 1248 3108 1293 vetus
3159 1240 3449 1307 adagium:

1818 1355 1834 1369 ο
1878 1325 2087 1404 Anticus
2115 1343 2268 1395 usque
2294 1328 2363 1379 ad
2390 1343 2525 1380 aras.
2566 1329 2743 1396 Itaque
2778 1330 2988 1399 ineptus
3006 1330 3234 1397 judicer.
3268 1332 3309 1382 si
3342 1340 3451 1383 tan-

1879 1427 1990 1472 tum
2026 1420 2157 1473 mihi
2182 1420 2249 1473 ab
2276 1421 2449 1473 amico
2480 1420 2636 1473 tribui
2668 1421 2857 1485 velim,
2918 1430 2976 1476 ut
3014 1438 3097 1475 me
3146 1423 3260 1490 plus
3296 1439 3451 1491 quam

1878 1510 2117 1579 Superos
2149 1520 2310 1565 amet.
2345 1506 2557 1566 Utinam
2586 1525 2887 1583 susceptam
2927 1530 3021 1582 pro
3042 1515 3279 1567 doctrina
3330 1530 3449 1568 san-

1878 1614 2083 1657 ctorum
2128 1603 2312 1658 Hilarii
2344 1605 2674 1661 Arelatensis
2732 1616 2785 1660 et
2841 1605 3104 1660 Vincentii
3142 1606 3448 1659 Lerinensis

1877 1695 2243 1750 defensionem
2273 1713 2369 1766 pro
2399 1700 2587 1753 merito
2632 1700 2993 1766 praestitisses,
3034 1710 3087 1753 et
3126 1716 3187 1753 ex
3232 1701 3454 1753 vetustis

1877 1785 2072 1840 tabulis
2096 1796 2253 1853 atque
2281 1787 2599 1857 antiquioris
2627 1789 2880 1844 Ecclesiae
2904 1790 3127 1845 testibus
3149 1807 3257 1846 rem
3284 1790 3446 1845 felici-

262 1874 324 1925 Et
355 1873 574 1927 Photius
604 1874 652 1926 in
681 1873 926 1925 Bibliollt.
960 1873 1169 1926 Andrea
1199 1872 1423 1925 St'hml"
1456 1873 1759 1938 illlerpfele.
1796 1873 1845 1933 B
1874 1888 1955 1934 ter
1983 1878 2339 1933 confeclsses!
2368 1880 2615 1935 Profecto
2646 1882 2838 1935 multas
2867 1882 2958 1936 tibi
2992 1883 3184 1948 gratias
3214 1899 3448 1952 agerem,

187 1981 338 2018 num.
372 1966 440 2020 55
465 1983 478 2019 :
514 1964 752 2033 Pelagius
783 1968 834 2017 in
856 1981 915 2017 ea
941 1965 1155 2034 synodo,
1182 1973 1380 2017 etc.....
1416 1962 1505 2017 Sic
1530 1965 1769 2033 Augusti—

186 2071 282 2107 nus
334 2055 385 2107 in
408 2056 468 2107 iis
500 2070 611 2123 quw
642 2056 711 2105 ad
754 2055 1016 2107 Aurelium
1054 2052 1297 2122 Cartltag.
1343 2054 1492 2123 episc.
1540 2054 1764 2116 scripsit,

184 2148 369 2211 refert.

260 2236 468 2292 Cietera
512 2238 579 2291 de
621 2238 824 2307 synodo
855 2246 909 2291 et
941 2246 1048 2289 tota
1085 2239 1183 2289 hac
1221 2249 1400 2296 causa,
1432 2248 1460 2286 a
1491 2234 1638 2288 card.
1671 2234 1772 2287 Ba-

183 2332 365 2392 ronio,
398 2332 485 2396 qui
521 2329 796 2398 Augustini
832 2330 1021 2382 librum
1054 2329 1275 2396 periis~e
1296 2327 1541 2392 credidit,
1566 2342 1627 2381 ex
1650 2327 1770 2395 ipso

183 2422 239 2473 S.
274 2424 590 2489 Augu~tiuo,
622 2422 679 2476 S.
709 2422 1029 2491 Hieronymo
1086 2431 1140 2475 et
1173 2421 1232 2475 S.
1262 2420 1525 2488 PrOSpero
1564 2420 1629 2472 ad
1672 2435 1769 2473 an-

185 2530 315 2565 num
352 2514 544 2567 Christi
590 2516 691 2568 615
718 2524 770 2567 et
798 2529 936 2582 seq.,
965 2521 1124 2579 atque
1172 2527 1200 2565 a
1245 2511 1506 2567 Severino
1538 2510 1692 2565 Binio
1718 2513 1767 2564 in

182 2605 367 2671 primo
391 2603 673 2657 Concilior.
712 2614 856 2657 tonio
883 2603 1165 2671 diligenter
1194 2611 1249 2656 et.
1274 2602 1493 2669 copiose
1522 2602 1767 2666 collecta,

185 2712 293 2749 non
323 2696 693 2757 exscribimus.
722 2712 790 2751 ne
818 2704 996 2749 actum
1020 2709 1256 2763 agamus.
1285 2695 1470 2748 Obiter
1490 2709 1771 2749 monemus

186 2805 250 2843 ea
282 2806 405 2858 qua:
436 2790 757 2858 Augustinus
784 2790 883 2843 sub
918 2790 1073 2843 linem
1104 2789 1221 2842 libri
1251 2786 1437 2841 scribit
1467 2802 1496 2840 a
1528 2787 1769 2855 Pelagia-

192 2886 281 2937 nis
311 2884 604 2937 ἱιιρι-ισιιὶιιίιὶ
634 2883 855 2937 audacia
891 2892 1213 2951 perpetrata,
1248 2880 1313 2934 Ut
1340 2880 1435 2933 Dei
1462 2882 1653 2934 serviet
1679 2897 1773 2933 an-

197 2977 337 3028 rilla'
370 2978 431 3027 ad
465 2993 637 3027 curant
675 2975 735 3030 S.
777 2975 1081 3043 Hieronymi
1123 2973 1401 3042 presbyteri
1448 2972 1772 3039 pertinentes,

192 3070 581 3122 sceleratissimo
606 3070 742 3123 caede
784 3070 1115 3138 afﬁcerentur,
1155 3079 1284 3133 etc.,
1333 3067 1471 3118 haud
1502 3065 1662 3118 dubie
1709 3079 1770 3117 ea

190 3160 306 3229 ipsa
338 3174 457 3213 esse
479 3175 702 3229 quorum
752 3159 1088 3214 Innocentius
1130 3167 1279 3227 pont.
1324 3158 1484 3225 epist.
1531 3155 1621 3221 24,
1659 3156 1773 3209 sive

188 3250 283 3315 52,
314 3250 381 3303 ad
418 3252 677 3312 Joannem
719 3249 1113 3319 Ilierosolymit.
1152 3249 1458 3316 episcOpum
1492 3245 1768 3301 meminit:
1799 3240 1847 3306 C

188 3341 540 3413 Direptiones,
580 3343 759 3409 credes,
813 3343 1066 3405 incendia,
1112 3359 1258 3394 omne
1300 3342 1497 3411 facinus
1538 3350 1775 3393 extrema?

189 3438 479 3495 (leniantur.
511 3438 906 3506 generosissima:
942 3446 1132 3489 sanctw
1164 3435 1403 3505 virgines,
1443 3434 1793 3487 Eustochium

188 3540 231 3582 et
262 3529 459 3589 Pruna.
492 3530 898 3601 deploraverunt,
936 3531 988 3582 in
1018 3528 1143 3583 locis
1163 3527 1406 3581 Ecclesiae
1461 3538 1561 3581 tute
1591 3543 1772 3597 perpe-

190 3632 359 3675 trasse
384 3624 660 3676 diabolum.

261 3714 334 3767 Et
366 3715 522 3781 epist.
556 3714 646 3778 ‘25,
680 3716 792 3769 sive
825 3717 912 3779 53,
948 3715 1011 3767 ad
1048 3714 1466 3783 Hieronymum:
1502 3712 1662 3765 Dolor
1690 3728 1775 3782 ge-

192 3810 451 3877 mitusque
498 3819 609 3861 tuus
652 3810 723 3860 ita
755 3810 911 3876 quatit
942 3811 1133 3861 viscera
1176 3817 1368 3869 nostra,
1404 3815 1456 3859 ut
1496 3807 1627 3858 ratio
1673 3822 1775 3858 non

192 3902 451 3953 tractandi
471 3902 864 3970 consulendique
884 3902 970 3956 sit.

759 3994 1195 4069 ADYENTOBIA

194 4099 493 4139 ANICISSIMO
524 4100 587 4138 AC
615 4100 920 4139 DOCTISSIMO
944 4102 1060 4138 ηιιο
1084 4102 1129 4138 Ρ.
1157 4098 1440 4138 ιτιιωιςιεεο
1467 4096 1693 4143 ΜΑεευο.
1728 4099 1776 4135 ΙΝ

269 4171 526 4208 ΡΑΤΛΥΙΝΑ
556 4171 817 4209 ACADEMIA
847 4171 1067 4210 ETHICES
1104 4171 1453 4217 INTERPRETI;
1494 4170 1543 4207 IN
1575 4170 1674 4215 OUA
1711 4170 1776 4206 DE

272 4241 621 4279 ΙΝμΟΒΙΡΤΙΟΝΕ
678 4241 813 4279 LIBRI
845 4244 890 4280 S.
922 4242 1197 4279 Αιτιςυετιιςι
1232 4242 1295 4279 DE
1323 4241 1517 4279 GBA'HA
1547 4239 1774 4284 CHRISTI.

278 4312 490 4357 ALBINE,
523 4311 726 4349 ΡιΝιΑΝε
762 4313 825 4349 ΕΤ
857 4312 1082 4350 ΙΙΕΙΑΝΙᾹ
1104 4312 1406 4350 υιςεειιιτυιι
1460 4313 1521 4349 ΑΒ
1552 4309 1775 4348 HENRICO

276 4382 417 4417 NORIS
443 4382 725 4419 VEBONENSI
766 4383 1170 4431 AUGIISTINIANO,
1214 4384 1260 4419 IN
1299 4382 1562 4420 ACADEMIA
1594 4380 1776 4418 PISANA

278 4451 686 4491 ECCLESIASTlClE
713 4442 969 4491 ιιιεῗοιιίιε
1000 4453 1351 4492 Ριιοιτεδεοιιε.

344 4548 809 4603 Reverendissime
837 4566 899 4603 ac
926 4550 1236 4603 doctissime
1259 4558 1411 4616 pater
1432 4590 1446 4613 ,

1874 1971 2055 2040 plures
2084 1972 2243 2024 etiam
2273 1972 2547 2037 deberem,
2582 1974 2775 2042 quippe
2796 1976 2881 2042 qui
2911 1975 3045 2028 duos
3066 1976 3445 2029 celeberrimos

1877 2064 2061 2118 Patres
2086 2066 2363 2132 Augustini
2387 2074 2710 2130 coaetaneos,
2734 2066 2905 2121 eidem
2930 2069 2985 2122 S.
3008 2069 3209 2122 doctori
3236 2070 3285 2122 iu
3311 2070 3452 2123 nullo

1875 2156 2124 2225 dogmate
2168 2158 2521 2221 adversatos,
2561 2159 2651 2213 sed
2705 2174 2797 2225 per
2850 2161 3025 2213 omnia
3059 2165 3453 2215 consentientes

1875 2248 2236 2312 ostendisses;
2268 2249 2401 2302 nihil
2444 2250 2587 2303 eniin
2630 2251 2797 2318 magis
2836 2252 2887 2305 in
2920 2252 3056 2305 votis
3089 2253 3259 2305 habeo
3293 2268 3449 2322 quam

1878 2342 2321 2409 Augustinianam
2350 2340 2649 2396 doctrinam
2675 2346 3055 2398 communibus
3090 2345 3303 2399 Patrum
3346 2347 3453 2400 suf-

1874 2431 2056 2501 fragiis
2104 2431 2503 2500 comprobatam
2547 2434 2854 2488 monstrari.
2896 2441 2962 2489 At
3006 2452 3125 2489 cum
3155 2438 3360 2490 videant
3397 2448 3449 2491 te

1874 2527 2073 2595 passim
2103 2524 2443 2589 rbetoricari,
2464 2528 2676 2579 omissis
2698 2538 2938 2582 veterum
2958 2530 3319 2597 monimentis,
3348 2532 3452 2584 tuis

1874 2618 2345 2687 imaginationibus
2375 2618 2673 2687 indulgere,
2707 2635 2769 2673 ac
2808 2635 2903 2689 pro
2934 2622 3155 2677 historia
3186 2624 3326 2678 entia
3361 2640 3447 2677 ra-

1874 2709 2057 2774 tionis,
2088 2718 2145 2765 et
2168 2711 2431 2765 secundas
2462 2710 2803 2778 intentiones,
2846 2724 2903 2766 ut
2940 2714 3136 2777 dicitis,
3179 2730 3271 2770 seu
3316 2731 3449 2771 vana

1874 2802 2119 2871 quaedam
2147 2812 2247 2857 tua:
2270 2804 2464 2857 mentis
2489 2802 2627 2857 idola
2644 2804 2931 2859 obtrudere
2949 2822 2963 2870 ;
2983 2821 3087 2859 non
3108 2821 3318 2873 possum
3344 2824 3451 2864 non

1875 2902 1994 2948 tuas
2023 2894 2166 2948 vices
2194 2893 2405 2961 dolere,
2435 2896 2523 2965 qui
2569 2896 2723 2949 bonae
2752 2912 2926 2950 causa:
2950 2911 3054 2950 non
3082 2912 3232 2966 mque
3261 2899 3451 2953 bonam

1874 2986 2277 3049 advocationem
2312 2987 2683 3044 commodasti.
2733 2988 2872 3043 Intra
2923 3005 3016 3045 sex
3047 2992 3127 3045 vel
3158 3000 3279 3044 octo
3308 2991 3448 3057 dies,

1876 3079 2200 3146 nuperrima:
2223 3087 2327 3133 tum
2346 3081 2605 3149 apologis:
2625 3081 3041 3137 confutationem
3064 3084 3127 3137 ad
3144 3083 3450 3137 umbilicum

1880 3170 2164 3234 deducam,
2197 3178 2252 3225 et
2280 3171 2451 3239 palam
2480 3170 2671 3226 faciam
2698 3183 2750 3229 te
2772 3173 2978 3239 Dallzei,
3008 3175 3289 3243 Blondelli:
3318 3176 3450 3229 alio-

1878 3278 2102 3331 rumque
2116 3265 2515 3333 protestantium
2531 3267 2847 3320 sententiam
2862 3268 3032 3336 sequi,
3048 3268 3451 3338 munire,exag‘-

1878 3367 2101 3423 gerare;
2133 3355 2343 3407 Baronii
2375 3353 2739 3411 defensionem
2771 3357 2933 3411 verbo
2960 3366 3115 3412 tenus
3143 3359 3239 3412 abs
3269 3368 3319 3412 te
3359 3360 3444 3428 ja-

1878 3446 2039 3512 ctari,
2081 3461 2201 3501 cum
2237 3448 2447 3511 eidem,
2501 3450 2661 3503 etiam
2706 3465 2826 3505 cum
2875 3452 3223 3521 patrocinium
3262 3468 3454 3523 magno

1879 3538 2025 3593 hiatu
2047 3539 2334 3608 promittis,
2364 3541 2672 3609 adversere,
2696 3553 2751 3598 et
2772 3546 3028 3615 neglectis
3050 3557 3285 3601 veterum
3309 3548 3443 3602 scri-

1880 3643 2093 3700 ptorum
2135 3634 2497 3688 voluminibus
2522 3676 2537 3697 ,
2586 3650 2753 3690 novas
2789 3639 2990 3706 passim
3032 3639 3301 3708 historias,
3353 3640 3453 3695 hoc

1880 3734 1960 3777 est
1992 3738 2150 3791 puras
2175 3733 2328 3792 putas
2359 3724 2565 3780 fabulas
2588 3727 2867 3782 venditari.
2887 3729 2963 3785 Ne
2988 3740 3163 3783 tamen
3190 3730 3256 3785 ad
3283 3746 3451 3800 popu-

1878 3814 1986 3869 lum
2017 3816 2265 3883 phaleras
2296 3816 2440 3885 loqui
2473 3819 2677 3881 videar,
2712 3819 2948 3874 universi
2974 3821 3044 3875 tui
3078 3823 3255 3889 operis
3280 3823 3455 3892 speci-

1877 3921 1999 3961 men
2033 3908 2083 3960 in
2110 3922 2210 3960 una
2239 3916 2295 3961 et
2325 3908 2489 3962 altera
2519 3909 2706 3978 pagina
2754 3911 2945 3978 capitis
2989 3913 3199 3981 septimi
3248 3914 3298 3966 in
3349 3912 3450 3966 hac

1878 4000 2106 4068 epistola
2136 4000 2386 4063 exhibeo,
2411 4016 2529 4055 cum
2554 4016 2622 4055 ne
2653 4001 2787 4057 forte
2817 4003 2883 4057 iis
2908 4004 2997 4070 qui
3030 4019 3100 4058 ne
3130 4004 3315 4059 leviter
3340 4008 3455 4074 qui~

1877 4091 1999 4145 dem
2049 4092 2099 4144 in
2145 4090 2504 4145 ecclesiastica
2549 4094 2769 4147 historia
2816 4095 3014 4148 versati
3073 4105 3231 4162 sunt,
3278 4097 3452 4150 fucum

1882 4182 2066 4246 facias,
2096 4191 2208 4237 tum
2235 4183 2395 4237 etiam
2420 4192 2478 4237 ut
2502 4183 2828 4239 adventoriae
2854 4184 2971 4238 loeo
2993 4195 3044 4238 te
3073 4188 3125 4239 in
3150 4186 3292 4241 Urbe
3322 4202 3453 4241 con-

1880 4274 2085 4335 veniat;
2117 4290 2188 4329 ne
2209 4274 2296 4343 qui
2324 4275 2375 4328 in
2399 4289 2583 4331 amore
2604 4290 2727 4345 erga
2759 4284 2812 4331 te
2842 4276 3041 4330 nemini
3064 4278 3217 4343 cedo,
3250 4279 3453 4331 amico-

1882 4382 2003 4421 rum
2066 4378 2312 4429 tuorum,
2364 4381 2589 4435 quorum
2642 4368 2909 4423 centurias
2955 4368 3137 4422 Roma:
3180 4383 3455 4433 numeras,

1880 4459 2071 4514 officiis
2098 4473 2341 4528 superer.
2365 4458 2572 4513 Etenim
2601 4458 2745 4513 nulla
2768 4458 2909 4513 inter
2929 4459 3129 4514 amiciis
3149 4460 3322 4513 officia
3346 4460 3457 4513 lau-

1886 4550 2148 4605 dabiliora
2178 4560 2459 4604 versantur
2488 4594 2503 4616 ,
2566 4565 2723 4619 quam
2770 4565 2891 4605 cum
2922 4564 3045 4604 suas
3089 4551 3227 4618 apud
3255 4552 3457 4604 amicos

280 4641 594 4709 Acceperam
632 4641 699 4694 ab
722 4642 891 4695 amico
909 4642 1115 4695 litteras
1146 4642 1336 4710 quibus
1353 4640 1688 4709 signiﬁcabat
1720 4647 1769 4693 te
1797 4613 1852 4674 D
1876 4642 2125 4711 querelas
2152 4642 2269 4697 sine
2290 4651 2568 4712 sequestro
2589 4642 2883 4710 deponu’nt,
2912 4642 3075 4696 animi
3110 4657 3303 4697 arcana
3329 4656 3453 4711 pro-

197 4731 441 4787 Vcnetiis
470 4733 757 4786 Bononiam
790 4748 976 4786 versus
996 4734 1256 4798 solvisse;
1289 4732 1493 4785 nescire
1516 4740 1692 4783 autem
1715 4744 1774 4784 se

194 4840 362 4893 quam
393 4827 443 4878 in
471 4826 655 4878 urbem
676 4826 1020 4893 improvisatn
1049 4828 1185 4879 hanc
1210 4836 1350 4878 tuam
1386 4823 1773 4893 peregrinatio-

194 4932 325 4970 nem
352 4917 697 4971 destinasses.
732 4916 871 4971 Idem
904 4918 1063 4971 etiam
1112 4917 1353 4971 libellum
1401 4930 1557 4985 quem
1606 4928 1774 4982 nuper

191 5009 429 5062 Veronae
451 5009 707 5063 adversus
738 5024 910 5064 meam
937 5010 1005 5063 de
1031 5010 1383 5080 quorumdam
1412 5019 1647 5063 veterum
1673 5008 1773 5062 Le-

194 5104 493 5171 ristensium
539 5103 776 5156 doctrina
829 5104 1149 5156 sententiam
1197 5103 1429 5159 edidisti.
1461 5101 1770 5154 transmisit.

199 5202 277 5252 At
313 5199 423 5266 ipse
474 5200 723 5251 volumen
768 5198 892 5250 illud
929 5198 1083 5250 avide
1130 5198 1329 5265 legere,
1363 5198 1647 5265 diligenter
1676 5210 1773 5249 ex-

204 5290 454 5357 pendere,
488 5300 730 5342 accurate
762 5299 965 5343 notare.
1008 5288 1215 5341 Etenim
1249 5289 1527 5357 sperabam
1559 5287 1672 5339 fore
1696 5298 1772 5349 ut,

202 5382 465 5449 superatis
496 5382 762 5448 Apennini
789 5381 951 5449 jugis,
985 5380 1051 5433 de
1075 5380 1315 5447 proximo
1336 5378 1661 5433 Florentiam
1686 5393 1778 5432 ve-

203 5473 373 5536 nires,
393 5488 560 5536 eaque
588 5472 870 5526 occasione
894 5482 945 5525 et
976 5473 1183 5526 sincere
1216 5481 1270 5525 et
1311 5472 1480 5524 amice
1512 5471 1774 5539 aperirem

206 5564 336 5630 quid
368 5564 419 5617 in
449 5564 630 5617 libello
661 5572 753 5616 tno
783 5564 917 5617 albis
963 5563 1205 5629 calculis,
1257 5563 1381 5631 quid
1436 5561 1585 5630 nigro
1633 5562 1774 5615 theta

207 5657 519 5723 signandum
551 5672 849 5712 censerem.
870 5657 1067 5711 Verum
1099 5671 1218 5710 cum
1246 5655 1565 5709 Florentiam
1598 5670 1777 5710 acces-

208 5748 389 5811 sisses,
435 5751 717 5804 adventum
752 5759 899 5804 tuum
932 5758 1037 5803 tam
1091 5749 1331 5803 studiose
1376 5746 1503 5801 mihi
1549 5749 1775 5801 celatum

207 5841 443 5911 voluisti,
477 5852 535 5898 ut
567 5858 702 5913 pene
730 5858 919 5899 verear
950 5859 1017 5898 ne
1043 5844 1279 5915 antiquae
1302 5850 1499 5898 nostra:
1529 5841 1776 5899 amicitia:

1882 4734 2036 4800 dunt,
2062 4734 2299 4804 nihilque
2336 4734 2478 4801 quod
2516 4735 2730 4789 illorum
2779 4748 2892 4787 rem
2938 4734 3170 4800 attinet,
3220 4733 3449 4788 celatum

1879 4826 2093 4886 volunt;
2126 4836 2179 4879 et
2208 4826 2250 4878 si
2283 4825 2602 4893 quandoque
2629 4840 2658 4878 a
2690 4825 3082 4891 benevolentia,
3108 4825 3453 4891 humanitate,

1880 4934 1944 4974 ac
1964 4919 2191 4973 veritate
2217 4918 2523 4982 deﬂectant,
2556 4919 2774 4975 eosdem
2806 4920 2942 4974 intra
2983 4920 3183 4974 orbitas
3229 4933 3452 4988 ponunt,

1880 5020 1934 5065 et
1960 5010 2024 5063 ad
2057 5008 2289 5064 officium
2314 5020 2585 5064 revocant.
2623 5010 2745 5066 Haec
2776 5012 2981 5081 integro
3019 5011 3288 5066 volumine
3318 5027 3453 5079 prae-

1881 5103 2059 5166 stabo,
2104 5102 2242 5171 quod
2296 5102 2445 5156 brevi
2491 5112 2638 5157 extra
2692 5103 2895 5157 Italiam
2948 5104 3268 5171 (Florentiui
3315 5107 3455 5157 enim

1885 5192 2199 5263 typographi
2230 5193 2390 5247 variis
2418 5193 2566 5249 libris
2597 5194 2889 5263 libellisque
2912 5196 3280 5264 imprimendis
3301 5212 3457 5251 occu-

1888 5281 2113 5354 pantur)
2147 5283 2486 5338 nitidissimis
2523 5284 2923 5339 characteribus
2971 5302 3256 5353 excusum,
3298 5287 3361 5341 ad
3413 5296 3461 5340 te

1887 5377 2277 5441 transmittam,
2309 5378 2550 5445 quamvis
2584 5386 2633 5429 tu
2667 5377 2932 5431 Florentia
2964 5379 3231 5433 transiens
3260 5379 3456 5432 nullam

1886 5466 2015 5521 mihi
2050 5467 2217 5522 libelli
2250 5468 2319 5520 tui
2354 5468 2561 5535 legendi
2594 5468 2800 5535 c0piam
2832 5468 3004 5524 facere
3028 5471 3296 5535 volueris;
3336 5484 3455 5523 cum

1886 5569 2065 5615 tamen
2096 5558 2309 5627 plurimi
2343 5574 2457 5613 mea
2491 5560 2772 5613 interesset
2808 5574 3028 5616 noscere
3087 5577 3182 5631 per
3220 5571 3271 5616 te
3314 5576 3458 5615 erro-

1885 5670 1997 5722 res,
2023 5668 2160 5725 quos
2192 5652 2455 5723 fugerem,
2483 5668 2707 5709 cernere
2736 5654 3037 5721 veritatem,
3074 5670 3231 5725 quam
3271 5670 3457 5711 conse-

1884 5759 1967 5802 cta
1976 5761 2081 5801 rer.

1960 5840 2016 5894 In
2046 5838 2223 5910 capite
2246 5836 2475 5912 septimo
2504 5839 2702 5908 prioris
2728 5849 3195 5900 commentattoms
3232 5854 3331 5908 pro
3358 5838 3457 5895 do-
