3974 6356
545 389 651 447 559

1425 374 1994 434 'SUPPLEMENTUM
2031 375 2123 430 AD
2161 374 2391 433 arens
2430 375 2489 433 s.
2533 345 2952 435 AUGUSTINIP
3669 387 3749 446 διο

545 507 714 564 ctrina
744 502 1112 560 Lerinensinm
1139 513 1166 551 a
1199 507 1250 552 te
1291 495 1718 562 ingeniosissime
1771 499 2124 561 concinnatae,
2159 499 2208 553 A
2236 511 2414 550 aarare
2453 496 2689 550 debemus
2737 499 2799 551 de
2858 494 3048 565 regulis
3088 494 3477 550 derivandarum
3518 501 3747 570 nominum,

549 597 736 668 pagina
769 595 857 659 51,
903 593 1102 648 veritus
1135 606 1199 644 ne
1225 591 1486 643 brevioris
1513 591 1754 659 opusculi
1787 591 1947 645 lectio
1979 589 2132 646 lasti-

549 689 637 742 dio
669 685 958 754 prosimior
988 683 1160 745 tieret,
1191 681 1418 750 lepidam
1453 681 1578 734 mihi
1639 683 1705 736 de
1757 683 1952 736 Albino
1982 700 2130 749 qum-

550 778 772 833 stionem
808 776 1062 836 facturus,
1100 788 1162 826 ex
1193 788 1315 826 arce
1348 788 1525 825 causa:
1558 773 1621 825 ad
1655 773 1814 826 exilia
1849 783 1899 827 et
1929 772 2127 826 ludicra

551 869 790 939 qnmdam
848 865 1151 927 descendis,
1211 873 1268 918 ut
1331 880 1416 918 me
1474 865 1738 919 universis
1785 863 2130 918 deridendum

551 963 830 1017 exhibeas.
855 960 960 1013 Sed
981 976 1112 1022 ecce,
1133 958 1326 1028 inquis,
1343 967 1398 1011 ut
1418 959 1680 1011 molestum
1699 957 1794 1010 hoc
1817 974 1943 1024 opus
1967 961 2134 1027 lepore

552 1052 724 1124 aliqua
757 1061 802 1105 et
847 1067 1028 1118 sapore
1070 1051 1325 1111 condiam,
1358 1050 1532 1101 incido
1573 1051 1623 1101 in
1654 1051 1820 1102 locum
1866 1045 2048 1114 Naris,
2081 1048 2133 1102 in

553 1162 653 1214 quo
693 1144 921 1197 desidero
974 1141 1382 1211 grammaticam.
1433 1139 1586 1207 Quod
1619 1148 1793 1194 autem
1828 1140 1928 1192 hoc
1960 1141 2131 1209 ipsum

552 1245 696 1293 esset
727 1251 789 1289 ex
823 1234 1102 1303 praecipuis
1132 1250 1247 1302 quae
1280 1233 1330 1284 in
1379 1242 1468 1285 tuo
1497 1247 1658 1300 opere
1705 1232 1992 1286 lectoribus
2032 1231 2129 1285 oh-
2165 1239 2168 1242 ’

553 1328 812 1384 servanda
841 1328 1085 1389 duceres,
1104 1328 1154 1379 in
1180 1326 1352 1379 indice
1368 1325 1628 1394 scripsisti
1653 1343 1664 1378 :
1687 1323 1844 1378 Naris
1864 1323 2135 1394 imperitia:

553 1421 901 1495 grammatica:
923 1422 1172 1491 arguitur.
1202 1418 1295 1472 Nm
1322 1427 1599 1486 postquam
1633 1416 1826 1472 ibidem
1860 1417 1914 1470 in
1955 1415 2135 1486 proxi-

557 1532 642 1570 ma
672 1515 884 1584 pagina,
912 1529 972 1566 ex
1004 1513 1172 1565 sacris
1201 1512 1568 1578 theologorum
1603 1511 1914 1576 academiis,
1959 1526 2045 1565 me
2068 1509 2133 1563 ad

555 1606 913 1670 cbronologos
939 1605 1234 1658 amandasd
1270 1647 1284 1668 ,
1334 1605 1512 1657 statim
1554 1605 1620 1657 ad
1663 1605 2132 1671 grammaticorum

553 1698 808 1752 subsellia
842 1697 905 1750 ab
940 1695 1158 1759 Orbilio,
1184 1705 1240 1749 ut
1265 1695 1459 1764 inquis,
1494 1694 2131 1765 rastigandumdetrudis.

554 1787 814 1858 Equidem
843 1789 1070 1842 lectores
1094 1797 1239 1842 tanto
1263 1788 1357 1840 abs
1383 1796 1432 1841 te
1460 1789 1627 1856 lepore
1648 1798 1693 1840 et
1721 1804 1905 1855 sapore
1931 1788 2135 1841 condita

555 1881 748 1948 scripta
780 1879 1111 1942 evolventes,
1134 1895 1253 1933 cum
1279 1877 1533 1933 Terentio
1563 1887 1806 1945 repetent
1838 1897 1850 1931 :

644 1989 845 2054 Facete,
869 1991 1057 2053 lepide,
1083 1990 1235 2050 laute,
1263 1989 1382 2038 nihil
1401 2003 1566 2051 supra.
1592 1990 1631 2040 Ο
1655 1992 1918 2066 capitulum
1936 1993 2139 2052 lepidis-

1861 2054 2074 2114 [simum.

1500 2115 1547 2164 In
1584 2115 1705 2165 Eun.
1733 2128 1803 2178 ut,
1829 2118 1877 2175 1,
1901 2118 1950 2166 5.

555 2218 678 2287 Ipse
706 2228 883 2271 autem
907 2217 1199 2271 doctissimi
1225 2233 1374 2287 irque
1395 2233 1456 2271 ac
1479 2221 1798 2274 sanctissimi
1824 2221 2010 2276 Nolani
2040 2235 2137 2276 an-

559 2310 745 2364 tistitis
776 2310 840 2363 ad
869 2310 1159 2364 Ausonium
1197 2310 1258 2362 ν.
1282 2310 1341 2365 C.
1367 2313 1602 2364 carmina
1645 2313 1736 2366 tibi
1762 2315 1946 2382 iugero
1978 2333 1991 2367 :

677 2421 821 2470 Multa
845 2422 964 2482 iocis
984 2429 1213 2483 pateant;
1240 2422 1387 2472 liceat
1407 2438 1600 2485 quoque
1626 2425 1801 2475 ludere
1828 2426 1966 2476 ﬁctis.

675 2485 774 2550 ξω
795 2485 960 2550 lingua
982 2485 1227 2550 mulcente
1255 2499 1454 2550 gravent
1474 2487 1703 2550 iuterlide
1713 2502 1764 2535 re
1788 2492 2008 2550 dentem,

674 2544 1136 2607 Lutlere’blanditiis
1155 2549 1439 2607 urentibus,
1467 2557 1510 2594 et
1540 2549 1665 2597 male
1689 2551 1861 2600 dulces

675 2606 999 2670 Fermentare
1026 2610 1155 2666 iocos
1178 2616 1350 2656 satvrae
1393 2606 1629 2657 mordacis
1653 2620 1811 2670 aceto,

675 2669 818 2730 Smpe
845 2677 1113 2730 poetarum,
1139 2683 1381 2732 nunquam
1404 2672 1553 2722 decet
1570 2685 1682 2722 esse
1709 2669 1982 2736 parentum.

623 2771 737 2825 Non
762 2781 850 2826 tua
879 2773 1073 2841 scripta
1099 2774 1283 2841 lepore
1310 2775 1519 2842 condis,
1549 2778 1616 2829 mi
1644 2787 1812 2845 pater,
1844 2778 1938 2832 sed
1963 2793 2137 2834 meam

552 2863 682 2919 mihi
714 2873 914 2927 cutem,
944 2878 1047 2917 non
1087 2879 1242 2919 secus
1272 2879 1336 2918 ac
1367 2867 1786 2935 eleptiantinam,
1833 2877 1940 2924 tam
1971 2871 2138 2924 multo

552 2957 664 3010 sale
688 2957 978 3024 perfundis,
997 2967 1054 3011 ut
1075 2971 1195 3011 cum
1228 2973 1313 3012 me
1339 2961 1702 3018 amicissimam
1732 2961 1930 3017 ibidem
1956 2977 2159 3027 voces.

553 3050 734 3120 procul
762 3049 924 3104 dubio
951 3049 1200 3124 habearis

1045 3163 1206 3225 Magni
1231 3161 1422 3214 delator
1446 3167 1602 3215 amici.

1135 3227 1328 3287 Juvntt.,
1353 3235 1442 3278 aut.
1470 3230 1515 3288 1,
1543 3231 1604 3277 53

627 3329 875 3397 .niqniori
925 3337 1100 3382 autem
1151 3329 1270 3384 loco
1316 3347 1401 3386 me
1433 3342 1607 3388 tecum
1657 3333 1910 3406 congredi
1951 3335 2130 3406 jubes,

557 3421 685 3475 dum
721 3421 786 3473 ad
835 3421 1238 3490 grammaticam
1273 3437 1551 3490 provocas,
1585 3442 1703 3494 quae
1731 3435 1879 3482 tuum
1912 3444 2134 3499 regnum

556 3518 654 3577 est,
689 3513 741 3566 in
772 3527 877 3581 qua
905 3513 996 3566 tibi
1039 3513 1249 3582 plaudis
1288 3529 1350 3567 ac
1397 3516 1716 3585 triumphas.
1764 3519 1971 3574 Etenim
2013 3536 2136 3576 cum

557 3621 656 3677 ego
686 3605 921 3659 nondum
947 3615 1234 3660 mammam
1261 3615 1422 3678 atque
1452 3619 1612 3663 tatam
1641 3611 1911 3682 loquerer,
1945 3623 1999 3668 tn
2024 3614 2138 3668 elo-

556 3698 785 3769 quentiae
813 3698 1063 3767 magister
1093 3697 1304 3766 publice
1335 3699 1542 3755 Madriti
1574 3700 1896 3758 rhetoricam
1921 3705 2138 3776 proﬁte-

556 3792 718 3857 haris,
749 3791 834 3844 cui
863 3805 890 3843 a
927 3792 1128 3846 teneris
1155 3791 1458 3860 unguiculis
1482 3804 1774 3861 strenuam,
1799 3807 1958 3868 atque
1981 3801 2134 3856 inde-

556 3885 747 3939 fessam
777 3899 996 3951 operam
1027 3897 1349 3949 navaveras,
1381 3899 1488 3940 non
1522 3903 1678 3943 secus
1706 3905 1768 3943 ac
1797 3887 1906 3955 ille,

676 4020 830 4088 Quem
856 4027 993 4080 pater
1011 4022 1227 4088 ardentis
1251 4037 1423 4088 maeste
1442 4023 1647 4082 fuligine
1682 4027 1842 4088 lippus

680 4083 715 4148 A
735 4084 964 4148 car‘bOne,
984 4090 1042 4148 _et
1065 4083 1352 4148 forcipibus.
1380 4087 1665 4148 gladiosque
1691 4083 1892 4148 parante

680 4141 877 4205 lncude,
905 4149 957 4192 et
984 4144 1114 4194 luteo
1141 4141 1356 4195 Vulcano
1379 4141 1436 4195 ad
1464 4141 1658 4197 rhetora
1683 4141 1825 4202 misit.

1201 4208 1374 4260 JUVEN.
1394 4218 1484 4260 sal.
1507 4211 1583 4271 10,
1611 4214 1686 4261 30.

632 4308 876 4362 Proiecto
910 4324 1177 4378 nunquam
1216 4312 1286 4366 ab
1321 4315 1628 4368 amicissima
1665 4316 1800 4382 viro,
1847 4321 2060 4387 qualem
2087 4330 2140 4378 ω

558 4402 896 4466 cuitestaris,
932 4408 1138 4455 tantum
1182 4417 1303 4459 meo
1355 4414 1504 4474 tergo
1555 4408 1778 4474 periculi
1815 4411 2134 4479 timuissem,

559 4500 614 4546 ut
638 4491 706 4545 ab
726 4492 915 4546 eodem
942 4502 1126 4547 centra
1155 4509 1242 4550 me
1267 4497 1659 4566 stringerentnr
1680 4498 1873 4555 Orbilii
1897 4505 2137 4574 scutica,

682 4602 975 4667 Ferulaeque
996 4607 1182 4665 tristes,
1206 4617 1398 4667 sceptra
1422 4610 1816 4670 pedagogorum.

1241 4671 1422 4730 Mum.
1447 4671 1529 4721 lib.
1560 4687 1610 4729 χ,
1637 4676 1698 4724 62

629 4789 774 4845 Itane
798 4805 826 4844 a
851 4805 971 4846 meo
999 4793 1304 4862 Macedone,
1328 4813 1486 4867 quem
1512 4799 1563 4853 in
1594 4801 1756 4856 editis
1775 4804 2140 4865 voluminibus

556 4884 713 4937 toties
745 4884 972 4939 summis
1000 4885 1217 4941 laudum
1237 4891 1520 4957 praeconiis
1542 4894 1731 4957 extuli,

617 4995 975 5060 Discipulorum
993 4999 1124 5048 inter
1144 4999 1321 5061 jubeor
1347 5001 1541 5064 plorare
1562 5006 1860 5056 cathedras?

1509 5066 1718 5129 Hortatu,
1742 5076 1834 5119 sat.
1865 5070 1940 5122 10.

629 5183 812 5239 Libeat
843 5187 1123 5258 Augustini
1148 5192 1469 5247 sententiam
1501 5195 1688 5251 solidae
1731 5201 1991 5268 apologim
2019 5202 2137 5258 loco

560 5277 649 5328 tibi
680 5293 937 5345 reponere
961 5280 1052 5332 lib.
1088 5297 1123 5334 ll
1155 5293 1338 5336 contra
1381 5285 1748 5354 Cresconium,
1789 5306 1906 5359 cap.
1943 5295 1965 5346 1
2017 5312 2028 5345 :
2075 5295 2136 5350 Si

557 5367 710 5430 enim,
756 5367 944 5435 inquit,
985 5368 1342 5426 Demosthenes
1375 5375 1694 5432 clarissimus
1735 5394 2014 5448 oratorum,
2051 5389 2134 5439 cui

557 5457 817 5510 verborum
841 5470 981 5512 tanta
1011 5463 1105 5530 fuit
1135 5479 1258 5516 cura
1281 5478 1467 5530 quanta
1497 5485 1662 5522 rerum
1715 5475 2007 5528 auctoribus
2047 5495 2138 5531 n0-

556 5557 690 5611 strts,
717 5567 831 5602 cum
861 5564 1027 5605 tamen
1050 5555 1092 5604 ei
1113 5557 1409 5610 nonnullam
1437 5563 1681 5615 arationis
1704 5564 2027 5619 insolenliam
2051 5570 2138 5621 ab-

553 5640 751 5710 ]ecisset
782 5639 1078 5705 zEsc/cincs,
1110 5648 1305 5715 negavit
1331 5647 1417 5702 ille
1453 5651 1505 5703 in
1547 5669 1604 5705 eo
1635 5657 1832 5724 positas
1878 5675 1983 5712 esse
2027 5664 2136 5729 {ar-

558 5740 705 5786 tunas
734 5732 967 5799 Graeciaa,
1003 5735 1178 5804 illane,
1206 5754 1272 5790 an
1299 5740 1390 5793 illo
1427 5743 1574 5797 verba
1602 5762 1721 5799 usus
1763 5748 1938 5817 fuerit,
1984 5761 2028 5804 et
2067 5769 2136 5805 an

559 5820 675 5889 huc,
698 5841 766 5879 an
794 5824 920 5881 illuc
943 5843 1148 5882 manum
1175 5835 1454 5887 correxerit
1489 5851 1509 5889 :
1538 5851 1728 5893 auanta
1751 5840 1918 5895 minus
1944 5859 2036 5897 nos
2058 5847 2136 5900 la-

2164 4619 2220 4684 D

2227 587 2441 657 quando
2471 589 2572 640 sive
2602 587 2716 650 hoc,
2760 588 2861 641 sive
2898 587 3032 640 illud
3067 585 3314 651 dicamus,
3355 587 3633 661 intelligitur
3671 597 3750 650 sine

2236 681 2565 750 ambiguitate
2593 682 2730 749 quod
2755 682 2994 745 dicimus,
3044 695 3257 749 quorum
3286 695 3387 734 non
3418 681 3469 734 in
3497 683 3753 744 expolitione

2236 774 2504 837 sermonis,
2535 774 2625 827 sed
2653 774 2706 826 in
2729 773 3156 827 demonstratione
3183 772 3409 826 veritatis
3435 782 3504 826 est
3534 778 3752 840 maiorin-

2237 865 2413 920 tentia.
2445 863 2668 918 Interim
2702 881 2769 920 ne
2811 881 2898 919 me
2936 865 3148 930 timeas,
3185 865 3270 918 cui
3296 865 3431 918 vides
3472 871 3756 924 necessariam

2237 976 2344 1013 esse
2389 960 2794 1030 grammaticam.
2840 957 2944 1013 Sed
2995 975 3062 1013 ne
3108 974 3193 1013 me
3243 959 3574 1028 tergiversari
3618 974 3755 1030 putes.

2238 1051 2706 1119 grammaticorum
2735 1051 2973 1105 scholam
3001 1049 3064 1104 ab
3109 1049 3303 1104 Orbilia
3333 1051 3676 1121 castigandus,
3721 1065 3760 1109 nt

2239 1143 2526 1206 minitaris,
2557 1142 2850 1212 ingredior.

2309 1235 2443 1288 Cum
2474 1234 2566 1288 lib.
2598 1251 2614 1289 ι
2650 1235 2784 1290 Hist.
2835 1234 3155 1306 Pelagianae,
3187 1248 3308 1306 cap.
3341 1235 3428 1301 15,
3457 1237 3765 1304 expenderem

2221 1323 2647 1396 inscriptionem
2689 1327 2948 1382 librorum
2986 1326 3044 1383 S.
3075 1327 3358 1396 Augustini
3393 1327 3766 1385 deGratiaChri-

2240 1420 2329 1482 sti,
2357 1429 2410 1475 et
2433 1420 2500 1474 de
2522 1421 2749 1475 Peccato
2771 1420 3041 1489 originali,
3063 1435 3256 1490 nempe
3284 1439 3296 1474 :
3331 1421 3663 1474 Sincerissimi
3688 1425 3765 1492 fra-

2241 1525 2359 1577 tres,
2391 1517 2564 1594 dilecti
2593 1532 2624 1568 α
2651 1513 2778 1579 Dea,
2820 1514 3025 1579 Albine,
3057 1513 3301 1581 Piniane,
3332 1524 3380 1567 et
3435 1512 3665 1581 Melania,
3686 1532 3763 1571 non

2240 1606 2431 1665 admisi
2455 1605 2840 1660 correctionem
2870 1605 3102 1670 Baronii,
3135 1606 3225 1676 qui
3255 1621 3344 1660 an.
3379 1603 3483 1661 409
3512 1621 3599 1673 pro
3625 1604 3764 1661 Albine

2242 1699 2455 1765 putavit
2483 1697 2667 1750 Albino
2696 1697 3088 1766 reponendum,
3110 1697 3230 1762 nisi,
3255 1695 3406 1750 addit
3431 1696 3640 1758 ibidem,
3662 1707 3764 1766 pra-

2241 1800 2315 1844 ter
2340 1791 2576 1843 Albinam
2601 1801 2821 1844 matrem
2843 1791 2997 1859 fuerit
3027 1789 3134 1843 illic
3163 1789 3381 1843 Albinus
3424 1787 3578 1856 ﬁlius.
3602 1787 3763 1842 Etenim

2163 1875 2300 1936 Bea
2324 1890 2480 1934 attrito
2505 1881 2820 1936 feininarum
2863 1881 3078 1934 nomina
3137 1895 3244 1934 non
3303 1893 3515 1947 semper
3560 1878 3766 1936 feminina

2246 1974 2624 2030 terminatione
2644 1973 3022 2029 ell'erebantnr.
3055 1972 3234 2028 Paula:
3265 1971 3372 2026 tilia
3402 1980 3595 2026 neutraa
3627 1973 3766 2026 termi.

2245 2073 2481 2125 nationis
2506 2084 2804 2141 cognomen
2841 2070 3046 2134 habuit,
3076 2085 3271 2138 nempe
3302 2066 3658 2122 Eustochium.
3691 2068 3768 2122 imo

2242 2162 2529 2216 mulierum
2551 2163 2768 2216 nomina
2788 2177 2815 2214 a
2829 2164 3029 2217 sanctis
3048 2161 3428 2216 Patribnscum
3450 2158 3770 2215 terminatione

2243 2254 2539 2308 masculina
2584 2255 2635 2309 id
2670 2255 2942 2325 temporis
2966 2253 3194 2324 exprimi
3222 2253 3379 2309 solita
3417 2253 3680 2307 aflirmavi.
3721 2253 3770 2307 lt:

2243 2349 2484 2402 Albinam
2513 2350 2744 2417 junioris
2775 2349 3016 2404 Melaniae
3039 2358 3265 2405 matrem
3302 2349 3501 2418 passim
3533 2348 3714 2401 Albinus
3736 2349 3772 2402 in

2242 2453 2394 2497 recto
2419 2456 2545 2496 casn
2564 2454 2806 2498 vocatam
2853 2443 3103 2499 iudicavi.
3155 2440 3488 2513 Augustinus
3523 2441 3772 2509 praeterin-

2243 2535 2594 2598 scriptionem
2626 2536 2745 2590 libri
2775 2535 2843 2590 de
2871 2535 3049 2590 Gratia
3082 2534 3282 2590 Christi
3314 2537 3456 2589 hunc
3486 2533 3674 2587 titulum
3693 2535 3773 2600 epi-

2157 2686 2161 2689 η
2241 2625 2518 2680 διοιςιξΞΞἹ
2549 2625 2726 2681 dedit:
2779 2627 2982 2691 Albino,
3032 2625 3256 2680 Piniano
3302 2637 3351 2681 et
3407 2624 3642 2679 Meliano.
3701 2623 3772 2678 Ubi

2241 2728 2447 2772 certum
2493 2727 2578 2772 est
2625 2719 2908 2788 legendum
2965 2733 3085 2772 esse
3139 2717 3404 2771 Melanite.
3475 2717 3770 2784 Hieronymus

2240 2813 2400 2880 epist.
2427 2814 2493 2868 79
2516 2814 2620 2866 ait:
2655 2813 2889 2876 Albinus,
2917 2811 3190 2876 Pinianus,
3216 2813 3449 2867 Melania
3470 2815 3769 2867 salutantros.

2246 2904 2524 2959 Possidius
2552 2905 2886 2960 Calamensis
2923 2906 2974 2959 in
3001 2905 3177 2960 indice
3207 2905 3468 2960 librorum
3501 2905 3556 2962 S.
3587 2904 3768 2958 doctoris

2241 2995 2599 3066 Hipponensis
2613 2999 2800 3052 scribit
2825 2999 2991 3052 libros
3009 2998 3078 3054 de
3099 2999 3278 3054 Gratia
3299 2998 3497 3054 Christi
3516 3010 3567 3054 et
3593 2991 3766 3053 Peccato

2240 3088 2485 3156 originali
2513 3091 2707 3142 missos
2732 3090 2800 3141 ad
2824 3089 3125 3157 Pinianum,
3167 3085 3412 3144 Albinum
3438 3100 3485 3144 et
3529 3089 3768 3144 Melanium.

2241 3179 2299 3233 S.
2331 3180 2587 3235 Paulinus
2620 3184 2779 3250 epist.
2812 3181 2902 3246 44,
2946 3198 3066 3252 quae
3104 3184 3246 3237 inter
3282 3183 3680 3253 Angustinianas
3717 3189 3770 3233 est

2162 3249 2209 3315 Ο
2239 3271 2368 3339 249,
2405 3273 2630 3326 Melania
2649 3249 2744 3341 pro
2763 3249 2985 3329 Melania
3020 3274 3214 3341 p‘osnit.
3240 3274 3315 3328 Ita
3347 3249 3552 3338 Patres,
3575 3274 3652 3343 qui
3670 3285 3771 3326 anno

2223 3365 2340 3420 400
2395 3366 2676 3432 llam-bant,
2731 3366 2942 3422 Albinae
2992 3367 3345 3423 nobilissima:
3375 3367 3584 3422 femina:
3621 3380 3768 3420 nomen

2238 3471 2529 3521 scripsere.

2310 3549 2362 3602 Μ
2372 3552 2469 3614 ira,
2498 3551 2674 3619 inquis
2698 3553 2716 3622 (
2741 3569 2858 3622 pag.
2883 3553 2997 3624 52),
3036 3563 3168 3608 certe
3195 3556 3331 3609 ratio
3361 3555 3655 3627 exponendi,
3675 3569 3772 3606 noro

2238 3653 2284 3697 et
2310 3644 2573 3712 incognita
2597 3646 2819 3716 antiquis
2847 3645 3147 3710 Priscianis,
3171 3657 3220 3701 et
3250 3645 3497 3714 Donatis,
3527 3656 3571 3701 et
3612 3646 3771 3714 nuperis

2237 3733 2613 3808 Despauteriis,
2662 3747 2707 3790 et
2738 3736 3017 3804 Nebrissis,
3058 3755 3210 3809 quam
3253 3739 3402 3792 nulla
3433 3749 3648 3808 tempora
3679 3735 3771 3788 ltth

2236 3835 2380 3887 runt,
2412 3839 2470 3879 ut
2513 3829 2672 3880 libera
2715 3839 2841 3882 esset
2885 3831 3149 3883 nominum
3189 3831 3424 3900 inﬂatio,
3456 3842 3503 3886 et
3540 3829 3772 3900 promiscue

2237 3920 2521 3972 masculina
2546 3929 2594 3972 et
2615 3921 2862 3988 feminina
2883 3921 3263 3977 declinarentur
3285 3939 3305 3977 .°
3333 3932 3487 3994 atque
3501 3927 3618 3976 adeo
3634 3921 3771 3974 Albini

2239 4028 2334 4081 pro
2362 4012 2566 4077 Albino,
2598 4023 2642 4067 et
2682 4012 2932 4069 Melanius
2963 4031 3057 4084 pro
3085 4014 3314 4070 Melania
3341 4026 3621 4087 poneretur.

2311 4105 2530 4160 Rectius
2559 4107 2812 4172 dixusses,
2837 4108 3051 4162 Albinus
3086 4125 3180 4179 pro
3209 4109 3430 4175 Albino,
3479 4121 3525 4164 et
3567 4107 3771 4162 Helonius

2241 4211 2334 4267 pra
2359 4195 2585 4250 Melania
2611 4210 2902 4268 poneretur.
2927 4200 3034 4254 Sed
3061 4201 3165 4256 hoc
3183 4204 3411 4267 omisso,
3440 4203 3505 4256 ad
3529 4203 3710 4263 Donati,
3727 4197 3772 4250 ad

2241 4289 2383 4360 quod
2417 4291 2720 4358 provocasti
2755 4291 2989 4347 tribunal
3018 4295 3206 4349 vador.
3238 4295 3442 4351 Scribit
3465 4295 3555 4350 lib.
3583 4312 3612 4349 v
3633 4293 3688 4348 de
3710 4305 3772 4358 tte-

2244 4383 2465 4437 neribns
2490 4398 2504 4437 :
2542 4383 2684 4438 Sunt
2713 4395 2958 4456 praeterea
2995 4387 3102 4441 alia
3128 4405 3254 4444 sono
3283 4392 3586 4454 masculina,
3613 4387 3772 4441 intelle-

2246 4483 2331 4526 ctu
2363 4475 2630 4543 feminina,
2662 4487 2715 4527 ut
2739 4475 3020 4533 Eunuchus
3038 4481 3305 4544 comoedia,
3337 4482 3536 4536 Orestes
3554 4478 3771 4551 tragttdt'".

2246 4566 2534 4622 Centaurus
2552 4586 2716 4625 nauis.
2745 4571 2862 4624 Alia
2889 4589 3018 4626 sono
3048 4584 3254 4641 neutra,
3275 4577 3534 4629 intellectu
3555 4571 3772 4644 feminina,

2245 4667 2301 4712 ut
2332 4657 2691 4727 Phronesium,
2718 4659 3033 4732 Glycerium,
3059 4663 3433 4734 Sophronium,
3455 4675 3564 4734 qua:
3585 4663 3772 4717 mulieres

2243 4760 2383 4805 sunt.
2413 4751 2593 4821 Itaque
2623 4753 2829 4808 Donato
2856 4755 3035 4824 judice
3058 4798 3072 4822 ,
3121 4773 3314 4813 nomen
3348 4760 3595 4813 desinens
3647 4757 3690 4811 in
3713 4771 3769 4816 ut.

2241 4842 2376 4896 alias
2406 4844 2720 4899 masculina:
2752 4848 3162 4915 terminationis,
3189 4851 3232 4905 si
3256 4853 3331 4905 rei
3361 4851 3618 4906 feutininzc
3638 4851 3770 4915 impo-

2245 4943 2422 5001 natur,
2456 4945 2661 4991 retenta
2698 4939 3074 4997 terminatione
3103 4943 3428 5009 masculina,
3473 4940 3770 5014 signiﬁcatio-

2244 5043 2367 5081 nem
2396 5029 2700 5082 lemininam
2732 5032 2919 5086 induit.
2952 5033 3024 5087 lta
3069 5035 3350 5091 Eunuchus
3381 5055 3569 5094 nomen
3607 5045 3677 5093 est
3696 5033 3770 5087 viri

2243 5117 2450 5173 exsecti
2478 5122 2784 5176 masculina;
2815 5125 3202 5181 terminationis
3231 5139 3284 5183 et
3313 5129 3714 5200 signiﬁcationis,
3733 5132 3770 5176 at

2245 5210 2289 5264 si
2321 5209 2626 5273 imponatur
2646 5215 2736 5268 uni
2770 5230 2834 5269 ex
2864 5219 3143 5274 commdiis
3164 5221 3422 5289 Terentii,
3452 5240 3552 5278 non
3597 5226 3758 5276 mutata

2245 5303 2641 5369 terminatione,
2677 5307 2871 5361 variata
2902 5319 3081 5366 tamen
3100 5314 3503 5384 significatione,
3527 5315 3578 5369 tit
3595 5311 3765 5382 generis

2249 5395 2508 5459 feminini,
2543 5405 2597 5450 et
2615 5396 2842 5453 dicimus
2869 5402 3091 5472 lepidam
3119 5402 3424 5460 Eunuchum
3444 5406 3673 5463 Terentii.
3695 5401 3767 5456 Ατλ-

2247 5492 2439 5554 gyptns
2471 5487 2739 5544 feminina:
2775 5491 3183 5560 significationis
3205 5507 3396 5554 nomen
3420 5509 3498 5555 est
3517 5516 3533 5565 ;
3555 5510 3603 5552 at
3621 5497 3658 5550 si
3683 5495 3766 5546 vim

2250 5577 2480 5644 cuipiam
2526 5578 2576 5631 id
2624 5583 2854 5637 nominis
2900 5584 3225 5656 imponatur,
3280 5592 3550 5646 masculini
3596 5581 3764 5658 generis

2249 5668 2444 5720 evadit.
2482 5667 2678 5724 Horum
2712 5675 2848 5728 ratio
2875 5687 2976 5741 est,
3007 5681 3130 5748 quia
3180 5684 3482 5739 terminatio
3524 5684 3572 5738 in
3619 5697 3669 5734 ιιε
3705 5684 3763 5728 εει

2251 5767 2454 5813 tantum
2486 5763 2706 5818 materia
2731 5774 2784 5820 et
2805 5767 3132 5826 substratum
3175 5776 3438 5841 nominis;
3487 5774 3590 5830 sola
3625 5776 3759 5824 autem

2246 5851 2584 5920 significatio,
2630 5855 2838 5914 Donato
2869 5863 3149 5930 magistro,
3168 5869 3393 5924 sortitur
3425 5868 3660 5923 rationem
3679 5857 3760 5913 for-
