3974 6356
180 395 289 451 541·

854 386 1208 445 νΑιιιοιιιιΜ
1246 384 1848 447 EXERCl-TATIONES
1886 387 1952 447 IN
1990 390 2045 446 S.
2088 388 2449 447 AUGUSTINI
2488 390 2737 448 OPERA.

3328 397 3431 453 542

180 522 304 565 mm.
339 506 565 576 Appello
586 512 777 559 testem
807 504 949 557 omni
986 504 1301 571 exceptione
1330 506 1588 569 maiorem
1618 502 1749 559 Vos‘
1782 502 1840 568 Α
1863 523 1998 573 rum,
2032 516 2135 559 tum
2161 509 2463 575 feminarum
2496 509 2706 580 propria
2742 517 2884 563 erant
2918 525 2938 564 :
2974 520 3096 579 puta
3122 491 3426 581 Dynacium,

179 606 343 668 sium,
374 602 461 669 qui
485 600 576 653 lib.
636 615 691 652 Ill
730 598 1045 663 Grammat.,
1076 598 1171 652 llb.
1216 597 1317 653 ide
1339 597 1600 667 analogia,
1634 612 1754 666 cap.

180 694 273 755 24,
310 693 524 747 laudato
554 691 703 758 prius
728 690 1035 757 Quintiliani
1079 691 1405 755 testimonio,
1438 691 1512 743 ait
1539 707 1551 741 :
1582 688 1757 743 Voluit

182 786 345 853 igitur
372 781 563 836 Fabius
592 799 761 850 parem
792 798 896 835 esse
918 783 1167 834 rationem
1196 783 1247 833 in
1281 781 1515 835 Murtena
1544 791 1589 835 et
1632 779 1760 850 Gly-

182 881 401 943 cerium,
424 893 579 947 eoque
606 884 658 929 ut
680 876 824 930 uirile
850 884 924 929 est
956 875 1189 929 Muraena
1216 890 1450 929 PROPTER
1477 889 1758 931 SIGNIPICA-

184 986 407 1035 rtoueu,
450 971 543 1023 etsi
583 970 865 1022 terminatio
902 969 1045 1021 aliud
1091 969 1347 1039 requirere
1387 968 1617 1021 uideatur
1644 983 1661 1019 :
1687 967 1761 1020 itit

181 1063 480 1133 Glycerium
502 1078 608 1115 esse
636 1062 899 1128 muliebre,
932 1062 1049 1114 licet
1078 1062 1142 1115 sit
1182 1062 1425 1115 neutralis
1453 1061 1757 1115 terminatio.

180 1156 363 1220 Quare
390 1155 513 1209 licet
543 1153 645 1207 hoc
676 1168 971 1220 cognomen
995 1152 1211 1206 Albinus
1256 1154 1326 1205 sit
1370 1152 1762 1206 terminatiouis

181 1247 522 1312 masculina,
576 1260 642 1298 eo
670 1246 787 1313 ipso
816 1244 957 1313 quod
1006 1244 1216 1297 laminae
1260 1244 1583 1311 imponatur,
1630 1258 1761 1311 quoe

179 1339 350 1393 modo
374 1352 559 1406 reapse
598 1353 629 1390 ι
670 1344 747 1390 tot
788 1337 1032 1390 Patribus
1076 1336 1384 1404 impositum
1419 1333 1539 1402 fuit,
1571 1334 1763 1404 signiti-

184 1431 456 1485 cationem
498 1428 806 1482 leminlnam
835 1428 995 1491 subit,
1037 1442 1156 1496 quite
1184 1428 1388 1494 optime
1425 1440 1544 1480 cum
1579 1427 1761 1479 termi-

190 1524 403 1577 natione
426 1521 713 1575 mesculina
738 1520 995 1575 cohaeret.
1027 1519 1309 1588 Equidem,
1358 1520 1427 1572 mi
1454 1515 1764 1572 dulcissime

185 1613 430 1678 Macedo,
468 1612 783 1665 Heribertus
814 1610 1149 1679 Rosweydus
1190 1609 1337 1663 hisce
1363 1607 1466 1663 tuis
1503 1608 1764 1676 scrupulis

184 1720 294 1759 non
330 1703 663 1770 tangebatur,
684 1717 805 1755 cum
837 1702 889 1753 in
914 1700 1225 1769 praefatione
1247 1697 1312 1753 ad
1336 1698 1429 1754 lib.
1456 1712 1547 1753 vni
1576 1698 1644 1753 de
1671 1697 1763 1751 Vi-

1861 599 2111 669 Pegnium
2140 602 2361 654 uirorum
2379 616 2399 664 ;
2416 601 2770 667 Eustochium,
2792 600 3081 673 Glycerium
3105 604 3431 668 feminarum.

1862 690 1984 744 Non
2012 701 2118 744 erat
2147 693 2301 759 igitur
2332 692 2487 746 libera
2535 710 2623 747 nec
2671 695 2957 761 promiscua
3000 692 3093 747 illa
3132 694 3425 757 declinatio,

1858 786 1948 841 sed
1969 786 2246 839 necessaria
2269 788 2621 855 grammatices
2645 789 2975 842 constructio.

1930 878 2196 932 Memento
2246 887 2298 931 te
2335 875 2387 930 in
2427 880 2893 946 grammaticorum
2932 879 3117 934 schola
3154 881 3359 935 versari
3394 895 3425 934 a

1860 970 2054 1040 quibus
2112 970 2422 1037 vapularent
2450 970 2692 1039 discipuli
2725 973 2811 1040 qui
2856 970 3202 1028 Eustochium
3250 989 3433 1027 nomen

1861 1062 2132 1131 proprium
2159 1060 2377 1129 virginis
2404 1060 2663 1127 dicereut,
2696 1072 2811 1115 erat
2833 1062 2973 1117 enim
2996 1078 3291 1131 cognomen
3314 1063 3433 1117 tilias

1864 1156 2073 1209 Toxotii
2098 1164 2152 1209 et
2170 1155 2373 1222 Paulae;
2400 1154 2539 1209 illius
2558 1164 2734 1208 autem
2763 1170 2955 1208 nomen
2974 1154 3106 1209 Julia
3129 1164 3260 1209 erat.
3283 1154 3430 1209 Scri-

1862 1248 1943 1304 bit
1991 1247 2350 1317 Hieronymus
2402 1246 2470 1301 de
2516 1246 2578 1300 Ι).
2627 1246 2786 1302 Paula
2816 1248 2971 1315 epist.
2997 1245 3066 1300 27
3101 1265 3115 1302 :
3148 1247 3335 1299 Juncta
3360 1255 3431 1300 est

1865 1334 2105 1405 Toxotio,
2138 1338 2223 1409 qui
2243 1338 2425 1393 /Enea:
2445 1348 2489 1393 et
2519 1337 2780 1394 Iuliorum
2805 1339 3111 1395 altissimum
3140 1342 3435 1412 sanguinem

1865 1432 2039 1501 trahit,
2068 1434 2203 1487 unde
2243 1437 2397 1487 etiam
2434 1431 2545 1501 filia
2588 1435 2697 1505 ejus
2738 1434 2876 1505 virgo
2922 1430 3255 1488 Eustochium
3294 1432 3437 1485 Julia

1864 1534 2211 1593 nuncupatur.
2273 1524 2345 1577 Ex
2399 1522 2590 1592 quibus
2633 1524 2845 1593 corrigo
2894 1519 3300 1593 Glandorpium,
3346 1520 3437 1593 qui

1863 1615 2121 1672 Toxotios
2175 1615 2347 1672 Juniis
2402 1617 2679 1672 accensuit
2737 1617 2789 1671 in
2845 1614 3207 1671 Onomastico.
3284 1616 3436 1683 Quod
3540 1604 3543 1605 ⁷

1865 1711 2024 1764 etiam
2074 1725 2140 1764 ex
2173 1708 2476 1777 Capitolino
2503 1710 2555 1764 in
2587 1709 2787 1779 juniori
2820 1710 3109 1768 Maximino
3139 1718 3303 1781 patet.
3342 1710 3437 1764 De-

186 1797 261 1848 tis
306 1794 551 1857 Patrum,
598 1807 745 1846 num.
785 1792 837 1853 6,
882 1791 996 1845 lirec
1042 1790 1239 1844 notavit
1280 1806 1293 1842 :
1344 1787 1511 1843 Proba
1550 1788 1765 1843 Baronii

1878 1810 2127 1871 tponsata,
2153 1800 2344 1870 inquit,
2377 1799 2457 1853 illi
2491 1810 2599 1853 erat
2638 1798 2785 1855 Julia
2822 1798 3025 1855 Fadilla
3050 1802 3310 1873 proneptis
3333 1803 3440 1855 An-

182 1889 473 1949 diuinatio;
518 1885 609 1940 sed
664 1902 765 1938 non
809 1900 1009 1937 necesse
1038 1885 1273 1937 Albinam
1288 1899 1381 1954 pro
1404 1884 1588 1936 Albino
1618 1883 1765 1936 restié
1796 1877 1844 1939 Β
1872 1896 2056 1957 iouini,
2080 1910 2229 1965 quam
2259 1902 2430 1963 postea
2456 1894 2645 1962 accepit
2681 1893 2927 1948 Toaotius
2963 1894 3186 1965 ejusdem
3228 1893 3441 1965 familiar

183 1992 348 2035 tuere.
405 1978 648 2033 Cons-nr
696 1981 829 2032 enim
871 1979 963 2032 illo
1002 1980 1189 2032 steculo
1220 1980 1523 2048 feminarum
1553 1978 1763 2031 nomina

182 2076 344 2127 etiam
385 2072 675 2125 maeculinis
704 2070 1141 2123 terminationibus
1160 2071 1465 2139 quandoque
1486 2071 1641 2122 elata.
1673 2069 1765 2122 Sic

183 2166 255 2217 de
275 2165 468 2230 femina
495 2180 626 2216 nunc
668 2162 945 2226 Melanius,
980 2176 1117 2214 nunc
1143 2161 1424 2215 Melanium
1454 2162 1592 2231 apud
1631 2169 1771 2225 rete:

184 2274 270 2311 res
296 2259 536 2311 occurrit.
595 2255 707 2309 Hoc
753 2257 925 2323 ipsum
955 2263 1138 2323 postea
1168 2255 1326 2306 etiam
1350 2253 1683 2307 confirmavit
1713 2254 1765 2306 in

185 2352 336 2402 notis
367 2349 432 2402 ad
463 2349 736 2415 epistolam
768 2345 837 2401 44
861 2346 919 2399 S.
952 2344 1174 2410 Paulini,
1212 2346 1301 2398 ubi
1330 2346 1441 2398 ait:
1474 2344 1718 2397 MELANIO
1750 2361 1762 2396 ε

182 2440 432 2511 intelligit
461 2442 622 2508 ipsam
665 2437 963 2501 Melanium,
992 2453 1110 2505 quae
1150 2450 1294 2490 nunc
1343 2436 1589 2501 Melania,
1634 2449 1769 2488 nunc

185 2532 476 2593 Melanius,
504 2545 639 2583 nunc
669 2528 953 2583 Melanium
982 2530 1139 2580 dicta.
1171 2526 1259 2579 Ita
1278 2528 1474 2581 videtur
1494 2527 1770 2593 capiendus

182 2623 507 2690 Augustinus
533 2619 747 2687 epistola
786 2618 890 2672 227
915 2636 928 2671 :
950 2618 1258 2673 Carissimis
1278 2619 1527 2672 fratribus
1552 2618 1767 2681 Albino,

185 2714 422 2765 Piniano
449 2722 499 2765 et
524 2710 750 2765 blelanio
783 2707 907 2762 :Ita
948 2708 1061 2779 lego
1095 2724 1187 2779 pro
1235 2707 1483 2761 Metione.
1518 2706 1770 2777 Intelligit

189 2807 435 2859 Albinam
461 2814 505 2857 et
539 2802 818 2856 Melanium
837 2840 853 2865 ,
888 2817 1005 2855 cum
1030 2802 1170 2871 apud
1212 2801 1454 2871 Alypium
1482 2804 1773 2872 episcotmm

194 2897 431 2966 Tagast
460 2897 511 2947 in
544 2895 718 2963 Africa
761 2904 1096 2949 uersarentur.
1133 2894 1317 2947 Viden‘
1350 2902 1406 2946 ut
1448 2901 1591 2946 totus
1624 2904 1773 2945 meus

199 2999 288 3041 est
318 2988 688 3057 ltosweydus?
716 3001 875 3055 quem
909 3000 1039 3039 sane
1066 2993 1190 3038 ante
1218 2986 1406 3038 oculos
1445 2984 1621 3045 habui,
1651 2996 1773 3037 cum

193 3080 287 3133 illa
315 3081 629 3141 scriberem,
660 3088 715 3131 et
742 3076 955 3131 Baronii
982 3078 1372 3131 correctionem
1402 3091 1505 3129 non
1533 3076 1778 3129 admitte-

192 3187 332 3225 rem.
369 3170 447 3223 Tit
478 3185 604 3223 vero
634 3169 806 3233 inquis
828 3169 985 3238 .(pag.
1018 3168 1110 3237 55)
1145 3186 1158 3219 :
1205 3170 1244 3220 Α
1280 3165 1635 3221 Grammaticis
1666 3164 1777 3219 No-

189 3264 268 3341 tif
293 3263 527 3315 dissentit
550 3260 611 3313 ab
633 3260 826 3313 Orbilio
852 3260 1201 3331 castigandus,
1228 3274 1319 3312 nec
1341 3258 1570 3311 Baronio
1592 3260 1777 3311 timen-
1802 3240 1849 3307 C

190 3354 320 3418 dus,
345 3369 496 3422 quem
521 3352 677 3405 obiter
701 3367 927 3421 pungere
950 3350 1123 3414 voluit,
1143 3361 1189 3403 et
1212 3366 1303 3420 ego
1326 3349 1603 3401 uindicare.
1618 3348 1775 3414 Quid,

190 3448 393 3509 amice,
446 3460 574 3498 cum
615 3444 917 3514 Rosweydo
946 3445 1107 3512 ages?
1161 3443 1426 3497 Memento
1456 3442 1597 3496 hunc
1626 3443 1776 3495 illum

192 3549 321 3587 esse
367 3550 522 3600 quem
572 3548 693 3603 pag.
743 3535 844 3587 150
876 3544 1138 3587 auctorem
1177 3534 1575 3586 eruditissimum
1605 3541 1653 3585 et
1678 3531 1779 3585 ele-

190 3628 557 3696 gantissimum
581 3626 934 3693 nuncupasti;
967 3627 1019 3679 in
1051 3626 1226 3679 indice
1259 3625 1451 3679 scribis
1481 3643 1494 3679 :
1538 3626 1779 3694 Rosweg-

192 3721 290 3772 dus
322 3729 508 3773 auctor
526 3720 955 3789 elegantissimus.
1018 3724 1095 3772 An
1142 3721 1299 3782 forte,
1332 3735 1398 3772 ne
1429 3719 1559 3771 mihi
1595 3719 1776 3788 plagas

193 3811 499 3875 condones,
534 3826 635 3865 una
666 3825 871 3864 mecum
914 3809 1274 3878 Rosweydum
1302 3810 1369 3862 ab
1390 3811 1595 3863 Orliilio
1615 3809 1777 3863 casti-

193 3902 437 3971 gandum
483 3903 665 3955 dices?
716 3904 855 3955 Cave
902 3901 992 3955 tibi
1048 3916 1077 3955 a
1106 3912 1183 3955 tot
1223 3901 1408 3955 ferulis
1455 3916 1585 3968 quas
1633 3900 1779 3955 docti

196 3994 491 4064 ltosweyili
519 3994 731 4048 sodales
757 3995 809 4047 in
841 3994 1038 4048 scholis
1068 3995 1354 4062 stringunt.
1390 3993 1485 4047 Vel
1513 3994 1782 4062 elegantiae

193 4089 314 4142 simi
352 4086 561 4141 titulum
591 4102 859 4155 expunge,
896 4086 942 4139 si
973 4088 1023 4140 ιιι
1056 4088 1270 4140 homine
1298 4100 1507 4154 quoque
1528 4085 1783 4154 quemado

196 4181 422 4235 modum
452 4180 509 4233 in
538 4195 646 4244 me,
674 4180 1071 4249 grammaticam
1102 4179 1394 4233 desideras.
1424 4178 1515 4231 Vel
1546 4178 1589 4231 si
1616 4190 1781 4231 remeo

195 4273 349 4327 ritati
398 4272 454 4325 id
504 4271 803 4338 proximum
850 4271 1096 4339 judicas,
1145 4286 1229 4323 me
1257 4284 1489 4339 quoque,
1519 4270 1608 4337 qui
1640 4269 1775 4322 Ros-

197 4362 381 4426 weydi
415 4362 821 4429 verbisglocutus
849 4378 988 4429 sum,
1012 4361 1196 4415 Orbilii
1230 4362 1408 4415 ferulis
1433 4362 1626 4415 exime.
1660 4360 1772 4413 Hoc

196 4456 419 4509 interim
457 4456 595 4507 scias
627 4455 756 4508 milii
785 4454 1059 4509 decretum
1099 4469 1249 4517 esse,
1295 4454 1453 4507 malle
1491 4467 1610 4506 cum
1640 4452 1773 4505 Rus-

196 4548 401 4616 weydo
430 4548 716 4614 vapulare,
745 4561 902 4611 quam
934 4546 1303 4614 grammaticas
1351 4544 1652 4598 Macedonis
1693 4557 1781 4597 re-

195 4638 360 4707 gulas
384 4638 609 4690 discere.
641 4637 860 4690 Falleris
890 4644 1089 4699 tamen,
1118 4638 1160 4690 si
1191 4652 1351 4689 unum
1382 4652 1412 4690 a
1445 4651 1531 4689 me
1559 4636 1651 4689 tibi
1679 4635 1785 4689 He-

196 4731 469 4783 ribertum
512 4727 707 4795 opponi
742 4738 914 4795 putas.
975 4727 1155 4782 liabeo
1200 4728 1380 4794 plures
1408 4736 1518 4780 tum
1550 4737 1779 4791 veteres,

199 4834 321 4877 tum
356 4832 624 4885 recentes,
653 4831 763 4875 tum
794 4819 1038 4888 Graecos,
1062 4829 1172 4872 tum
1225 4819 1441 4872 Latinos
1472 4820 1783 4885 scriptores,

198 4916 403 4985 quibus
429 4928 527 4982 pro
550 4927 634 4966 me
655 4912 1015 4981 loquentibus,
1047 4921 1101 4964 ιιι
1129 4926 1192 4965 ne
1216 4910 1422 4964 hiscere
1448 4911 1659 4977 quidem
1688 4927 1782 4963 au-

201 5009 380 5067 deas;
413 5005 507 5058 sed
551 5003 747 5058 mirere
782 5012 1006 5067 tantum,
1036 5011 1093 5055 et
1123 5002 1343 5056 forsitan
1369 5003 1581 5067 doleas;
1611 5017 1783 5071 neque

202 5113 357 5150 enim

276 5208 394 5258 Haec
416 5188 640 5264 rixa‘est,
660 5206 743 5255 ubi
763 5211 814 5255 tu
849 5204 1029 5268 pulsas,
1056 5216 1151 5265 ego
1181 5204 1353 5265 vapulo
1374 5210 1558 5268 tantum

1095 5268 1266 5315 Juveu.
1290 5272 1380 5315 sat.
1400 5269 1447 5327 5,
1476 5266 1582 5315 228.

294 5376 613 5441 Exemplum.
645 5373 818 5441 inquis
850 5386 990 5443 tpag.
1040 5368 1152 5439 55),
1190 5371 1448 5423 Eustochii
1492 5372 1551 5423 ab
1597 5387 1651 5423 re
1693 5381 1785 5435 est,

205 5481 331 5517 rum
362 5464 695 5516 Eustochium
718 5462 867 5533 fuerit
900 5478 1078 5515 nomen
1109 5463 1372 5531 proprium
1406 5463 1613 5531 uirginis
1641 5460 1787 5515 Pau-

208 5560 277 5610 la:
315 5558 451 5623 ῄίὶίιι,
478 5572 594 5627 qua:
618 5556 895 5610 Eus'ochia
920 5556 1021 5608 dici
1048 5571 1147 5607 non
1194 5556 1354 5625 potuit
1380 5594 1395 5618 ,
1438 5569 1550 5606 cum
1596 5552 1788 5608 Eusto-

206 5653 388 5703 chium
426 5653 644 5717 deberet,
688 5650 1115 5719 quemadmodum
1168 5664 1257 5701 nec
1306 5648 1596 5717 Glycerium
1647 5652 1785 5719 apud

208 5739 507 5793 Terentium
553 5746 604 5793 in
652 5740 847 5793 Andria
900 5738 1135 5809 Glycerio
1187 5740 1355 5792 uocari
1403 5741 1567 5808 potuit
1601 5749 1789 5793 :erant

209 5833 409 5903 quippe
433 5840 572 5889 certa
596 5834 804 5888 ueniine
826 5834 1103 5887 terminata
1130 5833 1184 5887 in
1207 5846 1315 5899 um,
1360 5848 1473 5893 qua:
1517 5843 1623 5889 tum
1656 5834 1790 5889 vire-

1866 1999 2092 2043 senator.
2120 1984 2273 2039 Errat
2302 1994 2480 2039 autem
2510 1982 2794 2053 Gruterus,
2821 1987 2909 2057 qui
2931 1984 3145 2041 Iuniam
3172 1983 3435 2041 Fadillam

1865 2079 2011 2150 legit.
2042 2079 2148 2135 Sed
2177 2078 2242 2133 dc
2285 2076 2366 2132 his
2394 2078 2565 2144 alias;
2604 2094 2775 2148 neque
2811 2080 2951 2133 enim
2991 2088 3064 2147 te,
3115 2078 3205 2151 qui
3247 2094 3441 2134 nomen

1866 2171 2091 2242 virginis
2122 2186 2218 2240 pro
2264 2172 2582 2241 cognomine
2624 2172 2869 2239 posuisti,
2891 2170 3079 2227 Orbilii
3110 2172 3292 2227 ferula:
3320 2173 3444 2226 sub-

1869 2263 2086 2335 jiciam;
2122 2279 2228 2317 non
2260 2278 2374 2318 sum
2406 2278 2529 2333 erga
2561 2264 2787 2318 amicum
2817 2272 2923 2317 tam
2956 2263 3157 2333 rigidus
3181 2264 3232 2317 in
3263 2278 3441 2333 gram-

1868 2358 2059 2411 matica
2084 2370 2278 2411 censor
2322 2354 2534 2425 qualem
2584 2364 2637 2409 te
2674 2370 2799 2426 erga
2829 2371 2914 2410 me
2961 2354 3249 2427 profiteris.
3282 2353 3442 2408 Notat

1869 2445 2169 2502 Chimetius
2203 2463 2323 2515 pag.
2354 2446 2425 2500 45
2461 2455 2705 2500 notarum
2741 2447 2793 2500 in
2834 2446 3085 2517 epistolas
3112 2446 3317 2501 Paulini
3339 2446 3446 2501 No-

1869 2540 1977 2595 lani
2006 2541 2059 2594 in
2088 2539 2245 2595 editis
2278 2537 2640 2594 voluminibus
2670 2540 2723 2594 in
2749 2538 2893 2595 calce
2922 2541 3162 2610 epistola:
3190 2542 3256 2595 ad
3289 2541 3445 2597 Pam-

1871 2634 2141 2689 machium
2171 2631 2507 2686 Eustochium
2537 2632 2661 2701 legi,
2700 2649 2814 2686 cum
2840 2634 3092 2703 alioquin,
3122 2634 3311 2703 inquit,
3341 2632 3449 2685 Eu-

1872 2726 2066 2778 stochia
2090 2725 2339 2777 scribatur
2360 2726 2411 2776 in
2432 2740 2552 2778 mss.
2570 2720 2804 2778 Puteano
2823 2734 2870 2778 et
2888 2723 3177 2778 Viennensi.
3194 2723 3448 2778 Codicem

1874 2832 2002 2873 vero
2033 2817 2325 2870 Puteanum
2356 2825 2511 2870 vocat
2554 2830 2673 2885 pag.
2717 2817 2772 2881 8,
2822 2830 3062 2887 perquam
3097 2816 3364 2880 antiquum
3401 2825 3451 2869 et

1876 2912 2081 2978 optima
2105 2919 2255 2962 nota.
2286 2908 2525 2962 Transeo
2554 2908 2621 2962 ad
2649 2906 2959 2978 Glycerium
2990 2907 3261 2973 Terentii;
3290 2904 3451 2961 video

1874 3000 2022 3056 enim
2048 3008 2100 3053 te
2128 3014 2315 3068 parum
2348 3007 2585 3054 veterum
2619 3000 2947 3052 monimenta
3000 2999 3221 3064 callere,
3243 3008 3299 3054 et
3317 3013 3453 3065 prte-

1877 3090 2061 3144 sertim
2088 3090 2372 3155 Prisciani;
2411 3104 2569 3158 quem
2600 3090 2831 3145 alterum
2870 3098 3056 3145 contra
3084 3106 3171 3145 me
3193 3090 3450 3159 judicent.

1878 3198 1973 3239 seu
2001 3193 2190 3238 testem
2220 3183 2478 3251 appellas.
2510 3180 2670 3238 Notat
2709 3183 3017 3237 Priscianus
3049 3182 3266 3237 nomina
3306 3183 3456 3237 temi-

1882 3292 2069 3331 narum
2097 3276 2395 3330 desinentia
2439 3276 2491 3328 in
2532 3291 2618 3329 um
2659 3274 2904 3344 ﬁgurate,
2944 3289 3050 3327 non
3079 3287 3209 3328 vero
3236 3272 3457 3342 proprie

1878 3368 1958 3423 sic
1977 3369 2134 3423 elata.
2167 3368 2242 3423 Do
2269 3367 2506 3435 eiusdem
2550 3368 2707 3422 verba
2753 3382 2819 3421 ex
2863 3368 2953 3420 lib.
3001 3364 3449 3419 vnlnueniuntur

1880 3470 2067 3526 tamen,
2101 3460 2298 3527 inquit,
2330 3459 2470 3529 apud
2493 3460 2709 3513 comicos
2737 3459 2900 3513 multa
2927 3460 3277 3531 hujuscemodi
3305 3457 3453 3512 Grie-

1880 3569 2060 3607 corum
2088 3553 2293 3606 nomina
2319 3553 2502 3622 quibus
2532 3552 2775 3606 articulos
2801 3552 3033 3621 feminini
3065 3552 3258 3621 generis
3285 3566 3456 3609 neces-

1880 3647 2018 3700 sario
2044 3647 2429 3717 signiﬁcationis
2458 3648 2627 3715 gratia
2656 3658 2950 3716 preponere
2984 3648 3166 3711 solent,
3193 3649 3225 3706 ii
3257 3647 3458 3720 Δόρκων

1880 3740 1988 3793 lith
2030 3738 2296 3801 Dorcium,
2345 3741 2378 3797 ii
2420 3740 2683 3813 Γλυκέριον
2722 3740 2828 3791 hinc
2869 3737 3193 3807 Glycerium;
3220 3739 3315 3791 hoc
3356 3752 3456 3790 au-

1880 3845 1980 3889 tem
2006 3835 2130 3889 solet
2152 3835 2264 3903 fieri
2285 3834 2593 3887 adulationis
2614 3848 2790 3899 causa,
2820 3834 2921 3885 sive
2950 3833 3304 3885 diminutionis
3329 3841 3458 3884 uate-

1882 3927 1969 3981 tie.
1992 3926 2135 3981 ldem
2168 3926 2259 3980 lib.
2292 3941 2323 3977 v
2348 3925 2531 3979 scribit
2557 3925 2769 3977 nomina
2795 3923 3109 3977 feminarum
3129 3922 3377 3977 desinere
3407 3924 3458 3975 in

1881 4031 1952 4075 IIII
1983 4020 2218 4088 ﬁgurate,
2239 4028 2293 4071 ut
2312 4014 2608 4086 Glycerium
2654 4028 2787 4081 mea,
2818 4016 3061 4069 Dorcium
3081 4025 3129 4069 et
3151 4013 3451 4067 Philotium.

1881 4110 2057 4175 Quare
2086 4109 2385 4179 siGlycei-ia
2414 4122 2505 4171 per
2533 4108 3119 4161 imitationem'tantum
3144 4104 3457 4160 Graecorum

1883 4218 1913 4257 ι
1940 4203 2144 4258 Latinis
2170 4201 2474 4271 Glycerium
2502 4200 2606 4253 dici
2638 4199 2811 4267 potuit
2830 4199 3046 4267 proprie
3084 4208 3139 4251 et
3171 4206 3338 4262 recte,
3358 4195 3461 4249 hoc

1882 4304 1967 4349 est
1998 4295 2187 4348 Latine
2229 4292 2515 4361 loquendo,
2554 4291 2824 4361 Glyceria,
2871 4305 2974 4343 non
3014 4289 3319 4359 Glycerium
3356 4288 3459 4341 diei

1886 4388 2088 4442 debuit.
2122 4385 2257 4452 Quid
2283 4398 2412 4453 ergo
2441 4386 2518 4437 ais
2544 4402 2557 4437 :
2584 4383 2697 4438 Nec
2717 4382 3009 4453 Glycerium
3035 4380 3274 4451 Glycerio
3293 4380 3461 4433 uocari

1889 4484 2054 4553 potuit
2077 4483 2100 4535 ?
2125 4482 2235 4535 lmo
2250 4482 2449 4549 passim
2478 4480 2615 4548 apud
2641 4479 2863 4533 Latinos
2892 4479 3033 4533 illius
3059 4479 3292 4532 nominis
3308 4475 3461 4530 l‘emi-

1890 4590 2013 4629 nam
2055 4573 2328 4645 (δίεισιν-ιω
2375 4573 2699 4642 appellatam
2746 4571 2924 4626 video.
2973 4571 3227 4627 Martialis
3276 4568 3370 4625 lib.
3402 4584 3457 4634 n,

1892 4668 2063 4737 epigr.
2099 4668 2189 4731 Η,
2218 4667 2292 4719 ait
2325 4683 2339 4720 :

2078 4756 2345 4817 Respondit
2371 4756 2589 4817 Glycerte
2614 4755 2788 4805 dolere
2808 4756 3005 4804 dentes.

1893 4844 2139 4900 Horatius
2172 4844 2261 4897 lib.
2289 4860 2335 4907 i,
2368 4842 2470 4895 ode
2501 4842 2567 4895 l9
2603 4858 2615 4892 :

2083 4934 2115 4981 υ
2128 4936 2190 4984 rit
2214 4946 2292 4981 me
2319 4932 2539 4994 Glycerio
2563 4933 2707 4986 nitor,

2081 4991 2393 5058 Splrndcntis
2419 4993 2563 5042 Parlo
2584 5004 2825 5041 marmore
2851 4991 3032 5054 purior.

1893 5077 2006 5133 Ode
2034 5077 2104 5151 50
2139 5097 2149 5130 :

2080 5166 2118 5215 0
2146 5162 2331 5225 Venus,
2355 5170 2525 5222 regina
2549 5165 2707 5222 Gnidi,
2735 5164 3006 5226 Paphique,

2079 5229 2269 5287 Sperne
2288 5229 2511 5277 dilectam
2532 5228 2739 5288 Cypron,
2766 5236 2811 5275 et
2833 5228 3045 5275 vocantis

2083 5292 2246 5339 'l‘lmre
2272 5298 2323 5340 te
2348 5291 2498 5338 multo
2519 5290 2734 5351 Glycera)
2752 5292 2981 5338 decoram

2080 5351 2307 5399 Transfer
2335 5354 2379 5399 ἱ]
2408 5352 2579 5402 aedem.

1968 5455 2203 5523 ldipsum
2233 5471 2294 5507 ex
2324 5453 2560 5521 pluribus
2583 5451 3014 5523 inscriptionibus
3030 5458 3270 5521 apparet.
3294 5448 3469 5505 Unam

1897 5556 1951 5602 et
1989 5548 2213 5601 alteram
2254 5544 2555 5599 subiiciam.
2586 5543 2769 5599 Romae
2798 5543 2863 5600 ad
2908 5544 2968 5599 D.
3000 5543 3289 5599 Clementis
3321 5561 3331 5595 :

1898 5681 2150 5731 FLAVIA.
2175 5678 2547 5729 DOMITILLA.
2585 5679 2770 5729 FlLlA.
2810 5679 3076 5729 FLAVIIE.
3113 5674 3474 5730 DOMITILLIR

1900 5752 2033 5813 mir.
2059 5758 2421 5813 ψωρικῶν..
2450 5760 2575 5821 Am.
2602 5761 2839 5812 NEP'l‘lS.
2866 5761 3065 5813 FECIT.
3095 5756 3412 5809 GLYCER/E.
3439 5756 3475 5805 ι.

1900 5840 1998 5899 ΕΤ.
2024 5838 2330 5895 ιιΒΕιιτιδ.
2370 5833 2821 5903 LIBERTABVSQ.
2855 5840 3220 5895 POSTERISQ.
3262 5835 3475 5896 EORVM
