3974 6356
550 269 653 329 fit?)

551 386 728 441 Altera
762 386 898 454 apud
930 384 1212 442 Gruterum
1248 404 1364 456 pag.
1404 389 1589 442 MVlll.
1611 390 1665 445 6.

1251 481 1309 532 1).
1354 480 1419 533 M.

992 573 1309 627 FLAVIO.
1355 573 1683 629 SEVERO

1043 666 1236 720 FILIO.
1280 667 1643 723 KARISSIMO

868 758 1249 826 curvum.
1291 760 1449 815 ANN.
1493 761 1578 815 Vl.
1621 762 1689 815 M.
1735 763 1797 817 v.

832 851 1146 908 FLAVIUS.
1193 853 1476 909 VITALIS.
1521 855 1722 909 EVOK.
1765 855 1853 909 ET

975 946 1318 1003 GLYCERA.
1362 948 1718 1003 PARENTES

1095 1039 1582 1094 INFELICISSIMI.

626 1131 699 1183 Ex
733 1129 814 1183 lllS
843 1130 1095 1198 intelligis
1132 1147 1326 1185 nomen
1363 1132 1595 1201 Glycerw
1627 1132 1887 1186 familiare
1930 1133 2131 1189 Latinis

555 1223 736 1275 luisse.
781 1222 932 1277 Unde
962 1231 1016 1276 et
1046 1224 1097 1276 in
1143 1223 1293 1277 fastis
1315 1223 1571 1278 Romanae
1600 1224 1852 1278 Ecclesiae
1883 1226 1948 1278 ad
1988 1227 2129 1279 diem

556 1313 620 1366 15
648 1313 763 1366 Maii
808 1314 953 1379 leges
983 1333 995 1366 :
1026 1314 1292 1368 Heracleae
1334 1315 1392 1369 S.
1428 1313 1679 1384 Glyceria:
1717 1318 1976 1386 martyris.
2023 1318 2131 1371 lnio

554 1421 659 1460 non
692 1406 851 1460 modo
877 1407 1015 1476 apud
1061 1409 1310 1472 Latinos,
1342 1423 1526 1461 verum
1554 1410 1713 1462 etiam
1743 1412 1880 1477 apud
1914 1407 2133 1462 GI'LIBCOS

556 1500 880 1569 Glyceriam,
914 1515 1007 1554 seu
1055 1498 1337 1569 Glyceram
1373 1501 1615 1567 legimus.
1676 1501 1945 1554 Laudatur
1988 1518 2016 1553 a
2050 1501 2134 1556 Si-

556 1604 784 1647 mocatta
811 1593 903 1646 lib.
948 1609 962 1645 ι
1005 1603 1057 1647 et
1087 1608 1175 1647 vin
1210 1592 1275 1646 de
1312 1594 1470 1646 rebus
1512 1593 1748 1648 Mauricii
1791 1594 2133 1661 imperatoris

554 1687 727 1739 cultus
777 1688 1050 1761 Γλυκερὶας
1095 1696 1186 1746 τῆς
1234 1688 1534 1763 μάρτυρος,
1583 1684 1830 1755 Glycerio:
1870 1687 2128 1755 martyris.

554 1778 841 1831 Athenaeus
871 1778 963 1831 lib.
1018 1794 1104 1830 ιιιιι
1148 1781 1287 1831 inter
1310 1762 1565 1831 laniosas
1594 1777 1846 1831 mulieres
1888 1784 2133 1831 recenset
2162 1762 2211 1818 Β

554 1878 642 1930 τὴν
682 1873 948 1946 Γλυκέραν,
990 1871 1291 1940 Glyceram,
1325 1887 1481 1941 quam
1524 1871 1592 1924 ab
1632 1871 1863 1941 Harpalo
1895 1870 2132 1925 Athenas

554 1963 777 2015 accitam
804 1963 1009 2016 scribit.
1038 1963 1301 2017 Lucianus
1317 1962 1383 2015 de
1414 1962 1704 2015 Rbetorum
1735 1970 1987 2030 prmeept.
2013 1976 2133 2015 cum

556 2053 760 2107 Thaide
783 2094 798 2116 ,
843 2064 898 2107 et
929 2054 1187 2107 Maltbace
1219 2056 1484 2129 Γλυκέραν,
1528 2052 1827 2123 Glyceram,
1873 2053 2133 2108 nominat.

558 2145 784 2200 Notabat
829 2159 1006 2201 autem
1038 2147 1281 2201 laudatus
1311 2146 1615 2200 Priscianus
1642 2147 1736 2201 lib.
1772 2162 1822 2199 vt
1855 2146 2133 2217 Glyceram

558 2240 807 2293 feminam
850 2255 946 2309 per
994 2240 1276 2308 quamdam
1321 2240 1680 2293 adulationem
1712 2240 1848 2309 (ipse
1901 2241 2131 2294 dicerem

560 2329 930 2399 festivitatem)
972 2332 1199 2386 neutrali
1234 2333 1467 2386 nominis
1500 2334 1873 2386 terminatione
1918 2347 2138 2399 expres-

560 2435 694 2474 sam.
747 2420 820 2474 lta
853 2423 1147 2477 Athenaeus
1185 2423 1381 2477 ibidem
1421 2440 1485 2478 ex
1530 2423 1789 2478 Machone
1825 2432 1980 2491 poeta
2025 2424 2137 2476 hazc

559 2514 792 2567 carmina
822 2515 1011 2568 recitat
1033 2530 1047 2569 :

683 2604 973 2670 Glycerium,
992 2619 1135 2669 quam
1160 2608 1222 2655 ab
1241 2612 1455 2657 amatore
1477 2612 1736 2670 acceperat

682 2666 947 2724 Corinthio,
972 2666 1188 2719 aestivam
1214 2676 1400 2719 vestem
1424 2672 1585 2719 statim

680 2727 868 2778 Fulloni
904 2731 1111 2780 tradidit.

630 2836 897 2891 Lucianus
944 2838 1101 2892 etiam
1131 2839 1184 2892 in
1233 2839 1455 2908 dialogis
1497 2839 1839 2893 meretricum
1877 2839 2140 2911 Γλυκέριον

560 2929 850 3000 Glycerium
872 2932 1130 2985 nominat.
1161 2932 1228 2986 Et
1251 2932 1462 3001 quidem
1486 2933 1801 2987 meretrices
1824 2948 1851 2985 a
1877 2932 2062 2985 Plauto
2087 2934 2137 2985 in

562 3023 746 3078 Graeca
784 3024 1155 3078 terminatione
1185 3023 1499 3078 eﬂ'eruntur.
1533 3023 1605 3077 Ita
1631 3023 1968 3091 appellantur
2004 3023 2141 3076 Sile—

562 3118 707 3170 nium
754 3126 806 3171 et
854 3114 1191 3185 Gymnasium
1236 3117 1287 3168 in
1319 3114 1644 3179 Cistellaria;
1697 3114 2139 3168 Philocomasium
2169 3126 2215 3189 ρ

563 3217 617 3261 et
653 3207 1048 3261 Acroteleutium
1070 3208 1122 3260 in
1171 3206 1363 3270 Milite;
1403 3206 1719 3260 Phoenicium
1750 3206 1800 3259 in
1847 3205 2138 3269 Pseudolo,

564 3311 668 3354 etc.
702 3300 776 3351 Ita
802 3301 961 3353 etiam
993 3309 1291 3353 scortorum
1317 3300 1530 3352 nomina
1553 3298 1770 3352 exhibet
1788 3297 2145 3352 Aristaenetus

567 3393 660 3447 lib.
687 3409 725 3459 ι,
755 3394 915 3462 epist.
940 3393 1006 3447 M
1032 3406 1085 3448 et
1110 3394 1200 3458 24;
1234 3394 1327 3447 lib.
1354 3410 1414 3459 ιι,
1445 3396 1602 3464 epist.
1628 3394 1714 3448 15.
1740 3394 1895 3457 Vide,
1929 3395 1997 3446 mi
2030 3394 2145 3447 Ma-

567 3485 723 3552 cedo,
754 3487 940 3555 quales
962 3486 1127 3540 libros
1149 3496 1235 3540 tua
1258 3487 1347 3541 illa
1377 3501 1599 3541 censura
1631 3484 1864 3539 historiae
1888 3485 2146 3540 ecclesia-

569 3579 715 3633 stica:
742 3579 1098 3647 professorem
1127 3577 1396 3647 appellare
1425 3582 1611 3647 cogat!

639 3670 766 3735 Sed,
817 3669 889 3723 uti
918 3684 976 3724 es
1006 3678 1165 3724 acuto
1196 3679 1251 3724 et
1279 3668 1459 3723 subtili
1490 3668 1720 3737 ingenio,
1754 3684 1982 3738 repones
2025 3684 2145 3721 mu-

572 3760 758 3815 lierem
789 3776 908 3830 qua:
946 3760 1086 3828 apud
1120 3760 1425 3815 Terentium
1448 3758 1743 3829 Glycerium
1768 3761 1981 3824 dicitur,
2008 3777 2147 3815 nun-

571 3868 726 3922 quam
759 3853 1037 3923 Glyceram
1089 3853 1325 3921 potuisse
1369 3851 1693 3921 nuncupari,
1726 3854 1879 3906 sicuti
1904 3868 2003 3907 nec
2029 3868 2147 3921 qua:

575 3943 797 4014 Glycera
832 3944 1236 4005 nominabatur,
1271 3944 1573 4013 Glycerium
1619 3945 1671 3997 in
1709 3954 1859 3999 recto
1889 3960 2014 3998 casu
2044 3944 2148 3998 dici

574 4037 830 4106 potuisse.
862 4036 967 4091 Sed
992 4052 1176 4104 parum
1203 4037 1365 4091 hocce
1395 4045 1447 4091 te
1476 4035 1727 4105 effugium
1757 4038 1924 4103 juvat.
1956 4036 2149 4104 Relege

575 4138 899 4184 memoratos
924 4129 1166 4197 dialogos
1195 4128 1412 4183 Luciani
1437 4144 1451 4179 :
1484 4128 1690 4181 videbis
1719 4127 1807 4181 uni
1836 4129 2044 4181 illorum
2084 4128 2150 4180 ab

575 4232 792 4275 auctore
833 4220 1043 4273 titulum
1072 4219 1183 4273 dari
1214 4230 1481 4274 FATKEPA
1510 4228 1605 4273 ΚΑΙ
1644 4226 1802 4284 ΘΑΙΣ,
1851 4217 2067 4287 Glycera
2104 4227 2151 4270 et

576 4312 764 4373 Thais;
794 4322 847 4365 at
878 4313 932 4364 in
969 4310 1179 4376 dialogo
1225 4311 1474 4364 scribitur
1498 4313 1762 4387 Γλυκέριον
1781 4351 1796 4376 ,
1840 4310 2148 4380 Glycerium.

578 4408 651 4462 Ita
704 4405 896 4473 legitur
948 4405 998 4457 in
1029 4404 1186 4457 editis
1233 4404 1549 4467 codicibus,
1579 4415 1633 4458 et
1683 4406 1731 4456 in
1764 4403 1973 4458 duobus
2022 4419 2152 4458 mss.

577 4498 908 4554 serenissimi
937 4495 1109 4563 Magni
1136 4496 1292 4549 Ducis
1324 4497 1374 4550 in
1402 4496 1579 4563 pluteo
1610 4496 1698 4551 57.
1724 4498 1897 4563 Atque
1928 4497 1999 4549 ita
2031 4512 2150 4549 om-

578 4592 704 4648 nino
725 4593 1141 4659 interpretantur
1170 4589 1265 4642 viri
1298 4590 1589 4643 doetissimi
1618 4589 1847 4643 Jacobus
1878 4590 2148 4659 Micyllus,

577 4696 631 4739 et
653 4685 885 4738 Joannes
912 4680 1252 4745 Benedictus,
1285 4682 1335 4734 in
1366 4681 1517 4734 titulo
1546 4698 1558 4735 :
1586 4680 1802 4750 Glycera
1824 4691 1869 4732 ct
1894 4680 2069 4746 Thais,
2098 4681 2148 4733 in

578 4784 723 4830 textu
753 4773 1039 4844 Glycerium
1067 4781 1355 4827 vertentes.
1387 4773 1604 4841 Magnus
1636 4772 1895 4826 Baronius
1929 4774 1980 4824 in
2013 4772 2153 4825 notis

578 4869 643 4922 ad
674 4868 812 4921 diem
869 4867 935 4920 i5
964 4866 1105 4933 Maii,
1160 4866 1237 4917 lit.
1268 4862 1309 4917 C
1350 4865 1423 4916 ait
1449 4863 1697 4932 Glycerite
1721 4905 1736 4926 ,
1778 4864 1880 4917 sire
1906 4862 2150 4932 Glycerii.

580 4960 719 5014 Idem
740 4960 793 5013 in
821 4957 1133 5021 Annalibus,
1158 4971 1247 5008 au.
1275 4955 1397 5019 175,
1420 4952 1711 5023 Glycerium
1734 4964 2020 5024 martyrem
2046 4954 2157 5005 lau—

579 5052 690 5113 dat,
723 5067 840 5118 quae
870 5050 920 5103 iit
952 5049 1192 5116 ejusdem
1228 5047 1357 5100 tomi
1406 5046 1582 5099 indice
1610 5045 1903 5115 Glycerium
1937 5046 2153 5099 dicitur.

583 5142 762 5196 Redeo
786 5141 849 5194 ad
874 5139 1177 5211 Glycerium
1202 5139 1461 5193 Terentii.
1487 5138 1603 5193 Scis
1631 5138 1886 5193 Andriam
1918 5135 2156 5191 Terentii

581 5249 700 5288 esse
723 5233 990 5287 Menandri
1018 5230 1360 5291 comoediam,
1381 5244 1539 5298 quam
1560 5230 1647 5282 ille
1674 5229 1823 5282 Latio
1849 5242 1906 5281 se
1927 5228 2158 5280 donasse

584 5336 806 5380 testatur
838 5328 888 5380 in
924 5328 1163 5396 prologo.

707 5440 974 5489 Menander
993 5440 1107 5488 fecit
1130 5437 1357 5488 Andriam
1378 5444 1429 5486 et
1455 5437 1774 5487 Perinthiam.

658 5546 720 5597 At
769 5542 1045 5614 Glyceram
1096 5544 1429 5596 meretricem
1483 5540 1736 5593 dilectam
1787 5554 1814 5590 a
1877 5538 2160 5592 Menandro

584 5637 871 5693 Athenaeus
900 5635 988 5688 ιιι).
1026 5650 1116 5687 XIII
1150 5642 1373 5685 testatur
1408 5650 1419 5683 :
1462 5630 1734 5699 Glyceram
1783 5639 2007 5682 amatam
2052 5628 2164 5683 Με-

583 5733 780 5787 nandro
826 5740 1012 5785 norunt
1040 5744 1231 5781 milites.
1277 5726 1461 5780 Grmce
1489 5726 1740 5783 Γλυκέραν
1786 5723 1949 5797 leges.
1991 5724 2162 5794 Quare

1415 256 1967 331 SUPPLEMENTUM
2007 274 2096 329 AD
2134 275 2358 331 ovans
2403 279 2462 334 s.
2507 279 2897 338 AUGUSTINI.
3669 297 3752 358 5n

2152 392 2207 451 Α
2233 396 2521 452 Menander
2549 403 2801 456 amasium
2832 404 3021 458 fabulae
3050 407 3305 473 inseruit,
3354 415 3753 478 quemadmodum

2229 500 2412 543 noster
2435 492 2580 545 Maro
2620 509 2773 546 suum
2800 495 2986 550 Alexin
3011 500 3060 550 iu
3078 502 3311 554 secunda
3344 505 3522 571 ecloga
3548 516 3755 571 cantavit.

2232 582 2295 635 Et
2319 585 2559 651 quamvis
2587 587 2726 638 malo
2752 585 2952 642 Graeca:
2983 591 3158 657 poesis
3183 594 3286 645 lato
3312 594 3582 652 Menandri
3600 617 3758 661 contra.

2230 673 2333 728 diaz
2363 675 2682 741 interierint,
2715 680 2884 743 palam
2911 679 2967 734 lit
2992 696 3056 735 ex
3085 682 3527 750 interpretatione
3548 689 3758 761 Terentii,

2231 766 2523 838 Glycerium
2552 770 2602 823 in
2633 770 2816 825 Gra'ca
2847 772 3017 827 fabula
3049 778 3395 844 appellatam,
3446 795 3597 848 quam
3636 787 3762 841 Athe-

2233 875 2380 913 naeus
2413 860 2681 930 Glycerant
2714 866 2925 917 nomina
2939 867 3031 920 vit.
3075 869 3210 934 Quid
3256 885 3389 938 ergo
3433 873 3616 926 scribis
3644 894 3656 929 :
3688 877 3765 934 Nrc

2235 950 2524 1021 Glycerium
2548 957 2686 1026 apud
2716 956 3002 1011 Terentium
3050 962 3103 1013 in
3134 963 3332 1015 Andria
3365 961 3598 1032 Glycerio
3638 976 3767 1025 vocari

2234 1048 2436 1118 potuit?
2463 1048 2685 1101 Claudat
2717 1066 2903 1117 agmen
2947 1053 3029 1105 vir
3059 1055 3335 1121 utriusque
3366 1055 3625 1110 idiomatis
3667 1064 3769 1126 peri-

2236 1139 2475 1192 tissimus
2498 1138 2791 1193 Gentianus
2820 1143 3095 1209 llervetus,
3119 1146 3269 1211 cujus
3293 1147 3536 1200 eruditas
3557 1149 3770 1218 interpre-

2236 1231 2465 1283 tationes
2493 1233 2693 1296 poteris
2726 1247 2820 1301 per
2859 1233 3021 1287 otimn
3059 1235 3234 1303 legere
3275 1238 3420 1302 apud
3452 1238 3770 1297 Possevinum.

2239 1320 2333 1374 Hic
2392 1323 2589 1389 prinius
2640 1323 2952 1378 Lausiacam
2998 1326 3271 1381 historiam
3321 1329 3545 1385 Palladii
3582 1335 3771 1401 episcopi

2237 1410 2661 1481 Helenopolitani
2694 1416 2898 1471 Latinis
2918 1420 3135 1473 auribus
3165 1421 3412 1476 doiiavit.
3438 1422 3602 1476 Porro
3629 1429 3772 1481 scribit

2236 1521 2355 1575 cap.
2399 1508 2513 1562 86:
2560 1508 2678 1562 Illic
2709 1510 2964 1579 Evagrius
3008 1514 3257 1580 excipitur
3294 1532 3327 1567 a
3374 1515 3520 1568 beata
3571 1517 3769 1575 Melania.

2236 1598 2426 1653 Postea
2458 1618 2469 1651 :
2498 1599 2637 1653 Dicit
2658 1603 2703 1654 ei
2732 1602 2876 1654 beata
2903 1603 3204 1658 Melanium.
3234 1606 3382 1660 Idem
3406 1621 3528 1674 cap.
3551 1608 3613 1661 97
3638 1628 3649 1660 τ
3675 1610 3772 1663 linit

2237 1692 2518 1761 aliquando
2542 1692 2818 1747 Melanium
2836 1697 3015 1765 junior
3041 1714 3241 1766 magna:
3268 1698 3515 1752 Melaniae
3538 1702 3707 1769 neptis,
3730 1706 3771 1757 de

2236 1804 2337 1856 qua
2363 1788 2529 1839 dicam
2558 1799 2728 1855 postea
2747 1828 2761 1848 ,
2787 1790 2925 1841 misit
2954 1792 3252 1858 quingentos
3282 1808 3543 1844 nummos.
3583 1794 3773 1862 Denique

2237 1891 2355 1945 cap.
2392 1878 2493 1931 H8
2535 1896 2548 1929 :
2589 1878 2715 1931 Cum
2743 1891 2939 1941 autem,
2970 1882 3154 1950 inquit,
3202 1899 3349 1934 suam
3394 1899 3587 1952 quoque
3621 1896 3773 1952 neptem

2239 1968 2554 2034 Melanium,
2608 1982 2714 2027 etc.
2743 1973 2893 2036 Quod
2926 1981 2978 2025 tu
3015 1991 3115 2026 non
3166 1974 3319 2026 licere
3354 1977 3591 2044 usurpari
3643 1977 3773 2037 dicis,

2238 2060 2505 2116 Hervetus
2548 2078 2652 2116 non
2683 2072 2889 2118 tantum
2922 2066 3111 2127 semel,
3157 2066 3250 2118 sed
3285 2065 3515 2129 iterum,
3560 2081 3619 2118 ac
3659 2070 3774 2121 tertio

2240 2156 2540 2224 usurpavit,
2570 2156 2811 2210 eamdem
2847 2158 3092 2212 feminam
3117 2159 3430 2220 Melanium,
3458 2170 3514 2212 et
3544 2160 3774 2213 Melanium

2239 2251 2541 2316 promiScue
2596 2266 2943 2315 nuncupans,
2988 2266 3108 2305 cum
3139 2264 3320 2306 tamen
3370 2254 3423 2305 in
3451 2262 3593 2307 textu
3630 2253 3775 2308 ϐιωοο

2239 2339 2459 2394 Palladii
2496 2357 2765 2408 nunquam
2788 2343 3071 2398 Melanium
3099 2345 3425 2408 inveniatur,
3459 2345 3551 2399 sed
3575 2345 3776 2400 feminina

2241 2432 2617 2486 terminatione
2645 2432 2782 2486 idei'n
2815 2435 3053 2489 mulieris
3084 2450 3275 2489 nomen
3307 2417 3527 2504 semper
3552 2438 3775 2491 elleratur.

2240 2524 2311 2578 At
2341 2534 2395 2577 tu
2425 2524 2653 2580 Herveto
2680 2525 2941 2579 eruditior
2966 2528 3157 2581 scribis
3192 2541 3206 2580 :
3243 2527 3368 2580 Non
3394 2528 3506 2582 eral
3530 2528 3692 2591 libera,
3715 2546 3776 2581 nec

2243 2618 2534 2681 promiscua
2564 2617 2658 2671 illa
2686 2619 2988 2685 declinatio,
3036 2621 3125 2672 sed
3155 2623 3442 2674 necessaria
3476 2623 3775 2692 grammatica

2242 2710 2574 2762 constructio.
2605 2709 2910 2763 Atidebisne
2942 2712 3103 2765 tantis
3144 2713 3502 2780 scriptoribus
3530 2713 3773 2781 oppetiere?

2245 2802 2389 2855 Itane
2418 2802 2732 2865 Martialem,
2777 2802 3051 2857 Horatium
3075 2846 3089 2869 ,
3122 2805 3452 2868 Lucianum,
3490 2806 3772 2867 Athenaeum,

2243 2903 2297 2947 et
2344 2894 2663 2962 interpretes
2703 2895 2988 2966 Micyllum,
3019 2906 3072 2949 et
3116 2898 3483 2962 Benedictum,
3520 2898 3772 2959 Hervetum,

2247 2987 2627 3057 Rosweydum,
2659 2998 2710 3041 et
2738 2988 2780 3041 si
2804 2990 3010 3057 superis
3042 2989 3236 3056 placet,
3261 3004 3514 3058 magnum
3541 2989 3772 3041 Baronium

2244 3080 2306 3130 ab
2334 3078 2527 3131 Urbilio
2546 3080 2870 3150 castigandos
2895 3081 3284 3148 pronuntiabis,
3307 3091 3363 3134 et
3379 3082 3635 3150 imperitia
3650 3097 3773 3150 gram-

2247 3171 2448 3222 maticaa
2483 3171 2795 3224 accusabis?
2826 3171 3082 3241 Expunge
3112 3173 3285 3240 potius
3317 3172 3636 3241 praecipitem
3672 3182 3773 3224 tuam

2249 3261 2392 3315 illam
2441 3277 2762 3329 censuram,
2796 3279 2823 3316 a
2851 3279 2991 3332 qua,
3033 3264 3078 3318 si
3105 3265 3297 3319 melius
3345 3275 3583 3319 veterum
3626 3266 3773 3328 scripta

2249 3351 2554 3413 lustrasses,
2586 3368 2691 3407 non
2717 3354 2901 3408 dubito
2928 3357 3053 3423 quin
3083 3356 3470 3423 abstinuisses,
3503 3372 3567 3411 nc
3594 3356 3777 3408 insulsus

2247 3445 2435 3498 aliena:
2479 3448 2840 3514 grammatica:
2886 3449 3171 3515 castigator
3221 3449 3505 3503 liaberere.
3555 3447 3608 3502 Si
3640 3456 3774 3499 tamen

2252 3551 2409 3603 roges
2440 3551 2536 3589 cur
2564 3536 2748 3591 Patres
2794 3554 2926 3606 quos
2956 3539 3105 3592 initio
3136 3539 3370 3604 laudavi,
3416 3555 3511 3609 pro
3538 3540 3701 3591 Albina
3740 3545 3777 3588 et

2251 3627 2475 3682 Melania
2508 3629 2780 3697 posuerint
2802 3630 3044 3684 Albinum
3082 3641 3138 3685 et
3189 3632 3511 3686 Melanium?
3536 3630 3718 3684 docebit
3740 3638 3774 3678 te

2252 3720 2587 3792 Rosweydus
2608 3723 2661 3776 in
2683 3724 2822 3776 notis
2844 3724 2908 3777 ad
2929 3726 3211 3793 epistolam
3244 3726 3312 3779 44
3335 3728 3393 3779 S.
3423 3725 3639 3786 Paulini,
3665 3719 3776 3785 cujus

2253 3814 2413 3869 verba
2448 3831 2553 3869 non
2595 3816 2751 3869 laudo
2775 3860 2790 3881 ,
2836 3817 2977 3885 quod
3015 3818 3173 3871 velim
3224 3819 3373 3872 bibas
3402 3833 3467 3872 ex
3497 3817 3650 3869 fonte.
3690 3812 3773 3865 lam

2250 3910 2422 3976 vides,
2444 3911 2552 3979 jam
2583 3912 2769 3973 sentis,
2793 3912 2985 3976 amice,
3016 3920 3159 3965 tuam
3184 3913 3329 3965 illam
3347 3924 3639 3970 censuram,
3660 3918 3774 3974 quam

2254 4003 2418 4056 veluti
2448 4002 2655 4071 insigne
2685 4003 2757 4056 tui
2790 4004 2970 4071 operis
3009 4003 3388 4057 documentum
3437 4003 3487 4056 in
3535 3999 3687 4053 indice
3724 3996 3776 4048 sic

2254 4095 2487 4147 exarasti
2522 4110 2535 4145 :
2571 4093 2731 4147 Noris
2782 4095 3050 4163 imperitia:
3091 4095 3437 4164 grammatica:
3463 4091 3693 4160 arguitur,
3726 4094 3777 4137 ιοι

2258 4187 2683 4241 testimoniorum
2717 4187 2952 4254 pondere
2989 4188 3172 4241 elisam
3200 4188 3404 4257 jacere.
3439 4186 3514 4241 Ne
3543 4195 3694 4238 tamen
3719 4194 3776 4231 in-

2260 4279 2526 4333 humanus
2570 4293 2812 4343 censear,
2849 4279 3147 4345 sepulcrale
3185 4280 3359 4333 eidem
3382 4293 3561 4332 saxum
3591 4276 3777 4340 impono,

2258 4370 2439 4423 addito
2461 4370 2733 4438 epitaphio
2766 4386 2870 4438 quo
2907 4371 3049 4438 justa
3077 4370 3219 4423 illius
3244 4369 3518 4438 oppressio
3538 4360 3779 4419 uncialibus
3864 4440 3865 4447 γ

2176 4461 2659 4553 Dcharacteribus
2713 4462 3065 4529 exprimatur.
3125 4460 3203 4515 Ex
3256 4457 3579 4515 Gruterianis
3620 4461 3778 4507 a'cel'VIS

2260 4552 2386 4605 illud
2415 4562 2636 4619 exporto
2665 4569 2677 4604 :

2822 4643 3255 4700 SATVRNINVS

2720 4733 2985 4788 SEVERI.
3035 4735 3094 4788 V.
3139 4736 3202 4789 F.
3242 4737 3371 4791 SIBI

2702 4826 2788 4880 ET
2829 4827 3037 4881 RAMO.
3082 4829 3403 4884 VRSVLAE

2745 4915 2898 4971 CON.
2942 4918 3356 4974 KARISSIMAE

2662 5010 2971 5066 ACCEPTO
3011 5012 3074 5066 F.
3112 5013 3270 5068 ANN.
3312 5012 3437 5067 Vlll.

2655 5103 2975 5158 MASCVLO
3016 5103 3075 5157 F.
3118 5104 3277 5159 ANN.
3322 5105 3450 5159 Xlll.

2340 5260 2541 5328 Legem
2576 5260 2777 5328 posteri
2809 5268 2925 5327 post
2948 5258 3239 5328 Josephum
3271 5259 3579 5328 Scaligerum
3604 5260 3699 5312 cap.
3726 5236 3769 5290 l9

2270 5353 2457 5409 indicis
2493 5352 2794 5406 Gruteriani
2822 5394 2836 5419 ,
2883 5351 3118 5406 liAMVS
3153 5350 3439 5406 VRSV‘LA.
3472 5346 3639 5399 Verum
3672 5333 3706 5385 si
3728 5339 3765 5381 tu

2271 5462 2398 5499 saxo
2426 5445 2610 5499 durior
2632 5445 2682 5497 in
2714 5444 2876 5498 semel
2900 5452 3155 5513 concepta
3181 5445 3309 5499 crisi
3334 5443 3589 5514 perduras,
3610 5427 3764 5492 ableelo

2268 5540 2493 5602 calamo,
2539 5538 2858 5591 excisorium
2887 5537 3153 5606 scalprum
3184 5546 3237 5591 et
3267 5536 3552 5593 malleolum
3582 5522 3759 5581 stringet

2269 5648 2331 5685 ac
2360 5646 2456 5701 pro
2484 5630 2674 5685 RAMO
2707 5630 2910 5684 incidas
2944 5630 3209 5697 RAMAE,
3242 5638 3301 5684 ut
3334 5632 3415 5685 vel
3445 5627 3633 5683 silentes
3655 5620 3757 5707 ιηίξν

2272 5733 2480 5781 tuorum
2510 5735 2695 5780 manes
2712 5736 2742 5776 e
2761 5720 3043 5791 sepulcrali
3067 5721 3239 5792 lapide
3262 5734 3403 5778 tuam
3425 5723 3472 5778 in
3490 5706 3758 5789 grammatim
