3974 6356
155 383 262 440 545

835 384 1185 441 VARIUliUM
1225 380 1821 440 EXERCI’I‘ATIONES
1859 378 1920 437 ΙΝ
1960 382 2014 437 8.
2059 380 2427 438 AUGUSTINI
2465 381 2690 436 UPEHA

3306 380 3414 436 546

158 497 534 551 excellentiam
565 500 868 568 loquantur,
900 510 953 555 et
984 516 1049 555 ne
1078 516 1297 571 usquam
1336 502 1573 571 gentium
1614 516 1731 553 mu-
1763 504 1815 561 Α
1843 499 2103 553 Hervetus
2145 499 2556 566 interpretatur,
2591 498 2695 550 noli
2718 496 2785 550 de
2831 511 3047 550 nmume
3084 496 3415 567 profligatam

155 586 304 642 lieris
336 604 529 643 nomen
560 589 854 643 masculina
899 593 1273 646 terminatione
1322 593 1518 647 elatum
1573 593 1734 646 fuisse

159 680 428 734 videatur.
856 672 859 673 ν

225 772 411 827 Sentio
440 783 615 828 tamen
647 776 836 830 iterum
868 792 953 831 me
998 778 1052 831 in
1082 792 1296 832 arenam
1330 778 1424 833 abs
1456 786 1506 832 te
1538 793 1737 847 provo-

153 867 286 920 cari.
322 868 429 922 Sed
455 870 730 939 mittamus,
755 872 927 939 inquis
959 872 1099 941 (pag.
1153 869 1230 939 5),
1260 874 1366 924 Ιιιιό
1391 872 1548 925 exilia
1577 886 1742 940 quan-

151 976 313 1026 quam
366 978 467 1015 non
519 964 882 1017 contemnenda
915 1008 930 1031 ,
982 981 1045 1017 ne
1089 965 1348 1017 videamur
1393 965 1446 1016 in
1498 964 1741 1018 titivilitio

156 1051 447 1107 immorari.
474 1052 683 1109 Utinam
712 1071 827 1123 qua:
858 1070 966 1123 prae
988 1055 1223 1109 exilitate
1249 1056 1415 1109 mittis
1437 1054 1735 1120 omisisses,

154 1145 401 1213 proiecto
445 1147 686 1201 securius
722 1148 1132 1219 encyclopaadia:
1164 1158 1296 1211 tum,
1343 1148 1494 1215 cujus
1543 1158 1593 1201 te
1634 1161 1739 1201 non

154 1236 331 1290 semel
374 1239 643 1305 specimen
688 1238 919 1293 edidisse
949 1240 1001 1292 in
1044 1238 1354 1307 praefatione
1400 1238 1740 1301 subindicas,

153 1328 543 1382 consuluisses.
575 1328 744 1382 Exilia
772 1345 932 1383 vocas
961 1345 1079 1399 quae
1106 1330 1233 1382 nihil
1262 1329 1457 1384 rectius
1492 1329 1740 1383 dixisses.

158 1418 318 1474 Certe
350 1420 478 1472 mihi
504 1422 740 1491 gaudeo,
773 1422 974 1475 utinam
1002 1432 1055 1476 et
1105 1422 1197 1476 tibi
1240 1422 1495 1491 gratulari
1527 1436 1738 1490 possem

171 1514 321 1567 ﬁnem
360 1514 705 1582 logomachia:
738 1514 948 1567 tandem
980 1514 1309 1583 impositum.
1341 1514 1524 1582 Pergis
1556 1531 1570 1566 :
1606 1512 1746 1566 Επα-
1789 1538 1791 1541 τ

166 1609 417 1660 mittemus
442 1624 681 1677 personas
714 1609 896 1677 quibus
932 1624 1057 1678 apus
1082 1608 1213 1661 illud
1246 1624 1396 1661 suum
1430 1609 1745 1675 Augustinus

160 1700 437 1764 dedicavit,
482 1708 529 1753 et
563 1708 674 1753 uter
712 1710 938 1753 nostrum
967 1700 1150 1753 melius
1190 1700 1371 1752 sentiat
1399 1700 1742 1769 experiamur.

160 1789 443 1858 Inscriptio
482 1798 555 1843 est
586 1805 604 1843 :
630 1790 829 1853 Albine,
868 1789 1087 1843 Piniane
1116 1800 1165 1843 et
1218 1788 1464 1843 Melania.
1503 1788 1685 1857 Itaque
1714 1804 1743 1841 a

1838 590 1982 644 litem
2028 589 2353 658 restaurare)
2394 607 2497 643 una
2526 605 2640 641 cum
2679 591 2791 658 ejus
2830 589 3012 642 marito
3051 586 3273 643 Piniano
3301 630 3315 655 ,
3370 602 3418 643 et

1841 682 2085 734 catechesi
2105 682 2399 735 instituisset
2426 682 2659 734 Albinam
2682 696 2866 733 narum
2889 698 3053 747 suam,
3086 696 3296 734 uxorem
3326 698 3420 734 au-

1843 785 1941 828 tem
1971 774 2067 843 filii
2089 776 2192 841 sui,
2222 783 2268 827 et
2302 775 2629 842 persuasisset
2668 775 2745 827 his
2782 775 3013 828 omnibus
3053 778 3263 831 vendere
3307 795 3420 848 qua:

1840 867 2110 931 habebant,
2142 866 2307 919 Roma
2332 883 2416 920 eos
2446 866 2642 920 eduxit.
2671 866 2852 934 Itaque
2880 881 3011 921 avus
3048 867 3279 937 junioris
3306 868 3416 923 Me-

1845 961 1999 1014 lania:
2059 968 2176 1014 erat
2205 959 2426 1013 maritus
2454 957 2691 1013 Melania:
2723 960 2971 1013 senioris.
3002 958 3071 1013 At
3098 970 3299 1015 certum
3341 973 3421 1014 est

1844 1050 2125 1119 conjugem
2156 1049 2398 1103 Melania:
2432 1050 2661 1103 senioris
2691 1066 2794 1102 non
2828 1050 2991 1105 fuisse
3021 1051 3073 1104 in
3102 1052 3239 1106 vivis
3285 1068 3425 1105 anno

1845 1144 1971 1197 575.
2003 1142 2137 1197 Audi
2190 1143 2570 1215 Hieronymum
2603 1144 2761 1212 epiSt.
2792 1143 2862 1197 24
2896 1160 2909 1196 :
2962 1144 3155 1198 Sancta
3196 1144 3426 1198 Melania

1844 1234 2031 1287 calenti
2082 1234 2251 1287 adhuc
2298 1236 2469 1287 mariti
2509 1234 2810 1302 corpusculo
2852 1243 2898 1289 et
2945 1235 3129 1289 nedum
3188 1236 3427 1299 hamato,

1846 1326 1972 1378 duos
1992 1326 2148 1378 simul
2182 1325 2407 1394 perdidit
2433 1326 2590 1387 filios.
2636 1326 2824 1380 Postea
2854 1344 2866 1379 :
2912 1325 3153 1389 Quinimo
3187 1342 3287 1396 qua
3314 1327 3429 1379 illos

1845 1426 2009 1469 mente
2049 1418 2427 1485 contempserit,
2470 1417 2522 1469 in
2552 1418 2701 1470 unico
2738 1426 2909 1485 postea
2946 1417 3054 1485 ﬁlio
3081 1418 3292 1486 probat,
3346 1418 3431 1469 cui

1818 1508 1984 1561 'omni
2027 1525 2181 1578 quam
2232 1509 2442 1563 habebat
2491 1511 2806 1580 possessione
2856 1526 3126 1575 concessa,
3168 1512 3432 1581 ingruente

1839 1604 1954 1672 jam
1983 1602 2165 1666 hieme,
2192 1587 2571 1672 Jerosolymam
2600 1603 2876 1672 navigavit.
2909 1602 3052 1658 Idem
3077 1617 3203 1659 vero
3241 1604 3432 1659 Hiero-

1848 1709 2041 1764 nymus
2064 1695 2117 1749 in
2146 1694 2417 1750 Chronico
2445 1696 2511 1750 ad
2541 1710 2737 1750 annum
2770 1696 3033 1752 decimum
3062 1697 3301 1751 Valentis
3327 1698 3432 1751 im-

1850 1789 2109 1857 peratoris
2142 1790 2331 1845 scribit
2366 1809 2378 1844 :
2428 1789 2653 1844 Melania
2685 1792 3000 1845 nobilissima
3034 1792 3301 1845 mulierum
3328 1792 3435 1846 Ra-

160 1884 511 1951 grammatica
541 1884 606 1937 ad
638 1883 916 1938 historiam
960 1899 1235 1951 provocas.
1274 1883 1416 1937 Cave
1448 1891 1624 1936 tamen
1656 1898 1741 1943 ne,
1776 1883 1825 1945 Β
1852 1899 2129 1937 manarum
2156 1895 2198 1938 et
2234 1884 2523 1938 Marcellini
2552 1886 2811 1954 quondam
2842 1884 3065 1937 consulis
3111 1884 3250 1953 ﬁlia,
3284 1885 3435 1938 unico

160 1977 249 2031 ubi
280 1976 711 2046 iu‘grammatica
744 1993 846 2031 non
875 1977 1046 2032 bonus
1074 1988 1346 2034 corrector
1377 1976 1539 2041 fuisti,
1574 1978 1748 2032 malus

160 2069 211 2122 in
246 2068 477 2124 historia
506 2070 735 2137 scriptor
783 2070 1049 2124 habearis.
1097 2069 1351 2139 Equidem
1401 2068 1650 2124 libentius
1697 2069 1747 2121 in

159 2161 518 2215 historiarum
538 2175 725 2230 campo
742 2175 899 2228 quam
922 2160 1057 2213 intra
1086 2160 1463 2229 grammatices
1482 2158 1750 2212 cancellos

159 2260 347 2305 tecum
379 2250 636 2316 certabo;
663 2266 782 2304 nam
811 2250 897 2306 ubi
932 2261 986 2304 tu
1017 2251 1346 2320 phaleratam
1375 2251 1633 2304 orationis
1661 2265 1753 2303 co—

157 2345 331 2409 piam,
362 2351 422 2396 et
439 2341 688 2396 Tulliano
709 2357 803 2397 ore
823 2351 1104 2411 crepantes
1128 2342 1379 2411 periodos
1398 2342 1750 2407 consectaris,

156 2442 216 2487 ut
255 2444 518 2504 tympano
550 2434 721 2502 potius
751 2450 907 2502 quam
936 2434 1110 2503 gladio
1158 2450 1391 2503 pugnes;
1446 2449 1547 2503 ego
1592 2434 1754 2489 rebus

159 2525 454 2589 addictus,
492 2525 673 2580 servio
702 2526 886 2590 factis,
918 2541 1097 2580 rerum
1127 2534 1396 2595 gestarum
1430 2525 1673 2579 notitiam
1700 2526 1754 2577 in

161 2615 498 2685 antiquioris
540 2619 711 2671 aetatis
742 2618 1026 2671 ruderibus
1052 2617 1316 2686 sepultam
1365 2618 1559 2686 indago
1579 2658 1593 2683 ,
1625 2628 1681 2671 ut
1709 2617 1756 2671 si

165 2722 273 2760 non
307 2708 602 2775 sermonis,
622 2708 859 2763 veritatis
878 2719 1053 2776 tamen
1085 2723 1269 2762 curam
1292 2724 1448 2777 quam
1469 2710 1753 2762 maximam

162 2816 378 2869 geram.
416 2801 678 2870 Agedum,
710 2801 836 2872 quid
863 2803 1063 2856 sentias
1086 2801 1154 2856 de
1184 2800 1437 2869 personis
1465 2803 1657 2872 quibus
1690 2802 1758 2856 li-

166 2894 331 2947 brum
352 2893 424 2948 de
444 2894 626 2948 Gratia
649 2892 847 2949 Christi
867 2894 923 2949 S.
945 2896 1134 2949 (loctor
1154 2896 1500 2964 nuncupavit,
1525 2909 1754 2965 expone.

252 2985 534 3053 Equidem,
578 2986 753 3053 inquis
790 2987 932 3056 (pag.
964 2986 1077 3056 52),
1130 2987 1279 3039 initio
1311 2987 1448 3039 haud
1482 2986 1761 3055 probabam

166 3080 383 3130 nomine
402 3077 597 3132 Albine
636 3078 920 3148 signiﬁcari
948 3077 1113 3148 ﬁlium
1142 3077 1383 3145 Piniani,
1412 3094 1476 3133 ne
1499 3092 1762 3149 pmpone-

164 3180 317 3223 retur
339 3170 483 3238 ﬁlius
509 3170 821 3239 parentibus.

1855 1978 2065 2042 pratori
2092 1987 2211 2029 tunc
2238 1977 2435 2029 urbano
2467 1977 2574 2043 ﬁlio
2602 1976 2862 2040 derelicto,
2893 1975 3265 2046 Jerosolymam
3296 1978 3410 2029 navi
3421 2007 3435 2019 -

1853 2071 2008 2139 gavit.
2047 2070 2203 2122 Anno
2247 2068 2468 2137 epochte
2506 2068 2824 2123 Christianae
2854 2068 2958 2123 575
2987 2084 3014 2120 a
3051 2068 3121 2122 9.8
3152 2068 3322 2121 Martii
3367 2083 3433 2122 ex

1853 2160 2139 2213 Ammiano
2163 2160 2470 2214 Marcellino
2498 2159 2589 2212 lib.
2630 2175 2774 2222 xxvi,
2804 2174 2921 2228 pag.
2945 2160 3068 2218 515.
3090 2158 3219 2213 edit.
3243 2159 3436 2213 Valesii

1856 2250 1920 2303 ν.
1952 2252 2034 2315 C.,
2063 2253 2304 2307 decimus
2334 2251 2573 2305 Valentis
2606 2267 2776 2305 annus
2809 2252 3105 2306 labebatur.
3158 2250 3237 2305 Tu
3285 2266 3435 2316 vero,

1856 2342 1929 2395 mi
1971 2342 2213 2406 Macedo,
2260 2344 2510 2397 maritum
2540 2342 2777 2396 Melania:
2822 2343 3078 2406 senioris,
3128 2352 3181 2397 et
3220 2342 3440 2398 alterius

1856 2450 2015 2488 avum
2042 2436 2384 2502 superstitem
2421 2437 2549 2490 lacis
2573 2451 2712 2489 anno
2735 2436 2861 2500 418,
2890 2450 2995 2504 quo
3021 2434 3077 2489 8.
3117 2435 3440 2505 Augustinus

1857 2526 2076 2594 scripsit
2100 2526 2292 2580 librum
2311 2527 2378 2581 de
2395 2526 2575 2581 Gratia
2603 2526 2832 2591 Christi;
2857 2542 2977 2580 nam
3008 2526 3258 2581 Albinum
3283 2542 3439 2582 avum

1858 2618 2097 2672 Melania:
2123 2620 2351 2685 junioris
2383 2620 2714 2688 imaginaris,
2746 2622 2830 2674 cui
2859 2620 2915 2675 8.
2949 2620 3137 2675 doctor
3168 2621 3439 2675 laudatum

1859 2711 2108 2763 volumen
2158 2712 2503 2779 nuncupavit.
2542 2710 2808 2764 Palladius
2854 2726 2975 2779 cap.
3024 2712 3123 2765 117
3154 2713 3265 2766 haec
3306 2713 3379 2765 ait
3425 2729 3439 2764 :

1861 2798 2004 2855 Inter
2031 2819 2157 2872 quas
2181 2815 2289 2855 erat
2311 2804 2459 2856 etiam
2484 2804 2772 2856 beatissima
2801 2802 3030 2857 Melania
3049 2802 3300 2869 Romana,
3333 2820 3442 2873 qua:

1861 2894 1961 2962 fuit
1989 2894 2193 2962 quidem
2234 2896 2343 2962 ﬁlia
2380 2894 2615 2948 Marcelli
2655 2896 2968 2959 consularis,
3023 2912 3153 2949 ua'or
3176 2896 3442 2966 cujusdam

1862 2986 1957 3038 viri
1978 2992 2062 3055 qui
2100 2998 2208 3040 erat
2243 2988 2296 3040 in
2328 3004 2514 3055 magna
2541 2988 2872 3053 auctoritate,
2910 2991 3058 3058 cujus
3079 2988 3300 3041 nominis
3344 3005 3443 3040 non

1864 3090 1995 3133 recte
2021 3079 2245 3133 memini.
2272 3080 2520 3134 Profecto
2536 3080 2777 3148 prodigio
2803 3081 3017 3147 propius
3041 3090 3123 3133 est
3153 3079 3444 3133 Palladium

1867 3171 2146 3239 utriusque
2167 3170 2403 3224 Melania:
2442 3171 2846 3236 amicissimum,
2898 3184 2960 3224 ac
2990 3169 3337 3225 nobilissimae
3370 3170 3446 3223 fa-

239 3264 304 3317 Si
355 3262 578 3317 Palladii
621 3263 898 3317 historiam
932 3263 1187 3332 legisses,
1237 3278 1505 3332 nunquam
1540 3262 1609 3317 de
1654 3261 1763 3316 lilio
1792 3257 1838 3320 C
1871 3264 2031 3318 milite
2054 3264 2304 3319 clientem
2321 3264 2543 3318 oblitum
2562 3262 3159 3317 luissenominismariti
3178 3263 3445 3327 Melaniae,

168 3356 391 3410 Piniani
425 3357 743 3426 cogitasses;
774 3372 894 3410 nam
923 3356 1063 3410 idem
1094 3371 1213 3425 cap.
1257 3356 1358 3410 119
1389 3355 1504 3409 haec
1527 3355 1712 3409 scribit
1747 3373 1758 3407 :

165 3449 303 3503 Cum
334 3448 563 3504 Melania
582 3451 879 3518 suscepisset
909 3450 1044 3519 ﬁlios
1065 3452 1193 3503 duos
1210 3493 1225 3517 ,
1249 3458 1297 3502 et
1317 3451 1517 3519 utrique
1539 3448 1765 3518 defuncti

166 3550 370 3610 essent,
394 3543 529 3595 venit
544 3543 611 3597 ad
639 3552 837 3595 tantum
877 3556 968 3609 pro
990 3539 1178 3595 Christi
1205 3542 1410 3595 nomine
1439 3542 1611 3593 odium
1635 3557 1768 3608 nup-

170 3636 397 3700 tiarum,
420 3634 583 3687 uthac
601 3632 823 3687 Piniano
846 3634 1025 3686 marito
1038 3649 1129 3686 suo
1148 3632 1318 3687 Severi
1340 3632 1631 3703 exprrefecti
1656 3630 1768 3700 filio

167 3729 398 3791 diceret,
425 3735 529 3781 etc.
559 3728 739 3794 Itaque
763 3727 1014 3780 Pinianus
1042 3726 1181 3780 ﬁlios
1206 3726 1457 3780 amiserat
1481 3736 1765 3795 antequam

165 3836 231 3871 ex
266 3817 432 3872 Italia
460 3817 779 3881 discederet,
804 3827 856 3871 et
881 3819 1141 3871 castitatis
1163 3818 1493 3886 prouositum
1514 3832 1613 3870 una
1645 3832 1765 3870 cum

164 3925 359 3964 uxore
405 3910 628 3964 Melania
677 3910 942 3964 indueret.
996 3910 1235 3978 Scriptor
1262 3910 1385 3964 vitae
1435 3910 1493 3965 8.
1529 3909 1769 3964 Melania:

162 4004 323 4071 apud
381 4003 595 4058 Surium
638 4002 725 4056 die
755 4003 817 4057 51
872 4001 1211 4064 Decembris.
1264 4010 1444 4056 narrat
1489 4001 1767 4055 Melaniam

164 4095 335 4162 prius
379 4093 625 4147 feminam
654 4093 950 4163 peperisse,
999 4102 1181 4161 postea
1204 4093 1390 4147 lilium.
1421 4095 1612 4161 Atque,
1660 4094 1766 4158 ait,

161 4188 321 4256 quod
359 4196 532 4240 uatum
573 4188 777 4259 quidem
812 4190 999 4257 fuerat,
1040 4198 1147 4241 erat
1190 4189 1566 4254 masculinum,
1617 4190 1772 4243 simul

161 4289 341 4346 atque
363 4289 532 4332 autem
570 4290 773 4344 natum,
799 4289 861 4347 et.
881 4288 1056 4333 sancto
1079 4280 1342 4352 baptismo,
1356 4281 1457 4350 fuit
1502 4296 1771 4352 regenera-

161 4382 284 4423 tum
319 4415 338 4437 ,
393 4370 457 4423 ab
488 4371 582 4423 hoc
610 4372 800 4425 mando
847 4369 1109 4427 discedens
1128 4412 1143 4437 ,
1172 4374 1239 4426 ad
1264 4349 1381 4427 cuin
1408 4372 1497 4442 qui
1545 4349 1652 4426 illic
1699 4383 1771 4428 est

164 4461 576 4515 transmittitur.
618 4462 965 4530 Progrederis
996 4462 1184 4534 (Ibid.)
1218 4481 1232 4518 :

242 4553 513 4606 Placebat
546 4563 634 4606 aut
673 4555 859 4608 mutari
902 4571 1081 4609 nomen
1105 4556 1295 4609 Albine
1335 4558 1389 4609 in
1429 4557 1654 4619 Albina,
1696 4557 1772 4609 uti

163 4646 285 4700 vult
322 4646 590 4700 Baronius
609 4687 625 4711 ,
655 4656 710 4700 ut
740 4649 805 4701 sit
838 4648 1024 4702 Albina
1053 4665 1248 4716 socrus,
1280 4660 1367 4703 aut
1394 4652 1598 4704 retineri
1624 4649 1772 4705 Albi-

164 4756 312 4794 num
344 4756 441 4810 pro
468 4755 641 4793 socero
663 4750 747 4793 aut
767 4756 861 4793 avo
878 4742 1027 4793 unius
1047 4740 1269 4795 duorum
1289 4740 1500 4795 Piniani
1529 4753 1576 4795 et
1607 4741 1776 4796 Mela-

162 4833 279 4884 nia:
310 4847 335 4885 :
372 4840 417 4883 et
443 4828 538 4883 hoc
565 4832 819 4884 arridebat
843 4832 1023 4901 magis.

250 4923 316 4977 Id
380 4932 707 4991 postremum
730 4964 744 4988 ,
789 4923 931 4992 quod
960 4923 1240 4977 ridiculum
1272 4932 1415 4978 esset
1444 4966 1459 4990 ,
1503 4924 1775 4978 arridebat

163 5018 390 5087 magis.
425 5016 537 5071 Hoc
564 5025 623 5070 ut
643 5016 838 5071 clarius
869 5016 1162 5088 intelligas,
1188 5028 1239 5072 et
1264 5027 1379 5071 tuas
1408 5017 1566 5072 hasce
1606 5017 1775 5086 phan-

163 5111 360 5163 tasias
408 5123 496 5162 me
526 5110 783 5176 magistro
832 5122 1036 5173 exuas,
1088 5110 1221 5163 scito
1266 5108 1507 5163 Melaniae
1546 5109 1775 5164 senioris

164 5203 367 5255 lilium
413 5199 657 5254 Albinam
689 5200 1081 5255 nobilissimam
1116 5199 1363 5254 feminam
1395 5201 1772 5269 desponsasse,

161 5312 238 5349 ex
280 5309 399 5364 qua
430 5293 712 5348 Melaniam
740 5293 1007 5362 juniorem
1040 5292 1246 5347 Piniani
1282 5303 1466 5363 postea
1496 5294 1777 5362 coniugem

160 5388 459 5449 suscepit.
488 5385 612 5440 Haec
637 5386 795 5439 tradit
827 5385 1089 5439 Palladius
1122 5386 1360 5440 Melaniae
1388 5385 1611 5440 senioris
1641 5383 1777 5438 ami-

160 5492 277 5532 cus
312 5492 387 5531 ex
427 5491 547 5547 cap.
584 5476 649 5531 10
680 5476 971 5541 Lausiacae,
1005 5488 1060 5531 et
1080 5476 1318 5532 Melania:
1339 5518 1355 5540 ,
1402 5491 1465 5530 ac
1492 5477 1695 5531 Piniani
1726 5477 1776 5530 in

163 5569 351 5623 Italia
381 5570 601 5638 hospes,
631 5584 749 5623 cum
796 5571 846 5623 in
878 5583 1036 5624 causa
1066 5571 1123 5624 8.
1156 5569 1374 5623 Joannis
1407 5567 1778 5641 Clirysostomi

164 5664 409 5733 legatus
427 5662 650 5716 Romam
680 5664 842 5731 venit,
868 5675 922 5716 ut
948 5664 1084 5717 idem
1109 5672 1330 5717 testatur
1346 5676 1464 5730 cap.
1500 5660 1623 5715 121.
1653 5661 1779 5714 Haec

162 5754 440 5825 loquitur
487 5753 729 5809 laudatus
769 5755 997 5825 scriptor
1038 5771 1155 5825 cap.
1205 5756 1305 5811 118
1363 5771 1374 5805 :
1428 5754 1559 5807 Cum
1608 5762 1779 5807 autem

164 5846 432 5903 Helania
475 5846 658 5903 senior
698 5865 842 5902 suam
870 5866 1067 5905 auoaue
1109 5860 1303 5918 neptem
1352 5847 1634 5902 Melanium
1679 5848 1774 5912 (ita

620 5980 733 6013 ἡκ.
742 5996 759 6009 9

713 6012 957 6030 .⁷νι.·ἐ1ν-η...νκ

1869 3360 2004 3414 illud
2037 3374 2210 3414 veroa
2231 3369 2283 3415 te
2304 3358 2718 3429 postduodecim
2734 3368 2787 3413 et
2806 3360 3037 3428 amplius
3049 3361 3241 3415 saecula
3268 3361 3447 3429 prodi;

1867 3450 2031 3518 quod,
2059 3466 2273 3521 nempe,
2303 3452 2530 3505 Albinus
2555 3450 2842 3505 diceretur.
2866 3451 2971 3505 Sed
3002 3467 3098 3505 nec
3122 3463 3266 3506 recte
3282 3452 3447 3508 asseri

1868 3552 2045 3613 potest
2070 3543 2299 3598 Albinus
2336 3559 2467 3596 avus
2499 3542 2738 3606 Piniani;
2773 3557 2893 3596 nam
2925 3543 3061 3595 circa
3088 3557 3284 3596 annum
3312 3543 3447 3607 400.

1870 3645 1928 3689 ut
1957 3634 2265 3699 ostendam,
2295 3634 2548 3688 Pinianus
2575 3644 2628 3688 et
2657 3634 2879 3689 Melania
2911 3633 3170 3689 castitatis
3202 3636 3448 3704 proposi-

1871 3736 1981 3780 tum
2035 3737 2434 3793 susceperunt,
2487 3740 2730 3794 magnam
2791 3736 3130 3795 paternorum
3186 3728 3446 3782 bonorum

1870 3828 2075 3887 partem
2118 3819 2169 3872 in
2212 3833 2473 3887 pauperes
2519 3828 2821 3889 erogantes.
2856 3820 3007 3884 Quod
3052 3836 3169 3873 cum
3212 3820 3445 3875 Severus

1870 3907 2079 3963 Piniani
2115 3902 2282 3963 frater
2312 3910 2696 3975 intellexisset,
2729 3925 2791 3964 ac
2821 3910 3238 3979 locupletissimo
3284 3916 3448 3982 patri-

1870 4002 2052 4055 monio
2100 4001 2349 4055 familiam
2393 4000 2595 4054 Piniani
2640 4004 2835 4070 pietate
2884 4001 3147 4071 privatam
3198 4004 3441 4074 doleret,

1870 4093 2051 4146 insano
2092 4093 2335 4147 daemonis
2366 4094 2628 4159 instinctu,
2664 4094 2836 4163 inquit
2863 4106 3048 4149 auctor
3078 4096 3199 4150 vita:
3247 4096 3304 4153 S.
3340 4097 3451 4152 Me-

1873 4186 2056 4253 laniae,
2086 4188 2388 4256 inspiratus,
2432 4204 2697 4259 aggressus
2725 4197 2797 4241 est
2840 4189 3054 4255 fratrem
3084 4189 3318 4243 molestia
3342 4192 3452 4260 aﬁi-

1874 4294 2006 4342 cere,
2036 4293 2187 4347 agros
2208 4278 2450 4342 avellens,
2494 4279 2690 4347 fructus
2720 4278 3004 4347 abripiens,
3037 4280 3267 4335 omnibus
3288 4284 3452 4337 modis

1874 4372 2158 4435 insultans,
2200 4380 2247 4423 et
2284 4372 2383 4423 vim
2405 4369 2642 4436 a/ferens.
2684 4370 2827 4425 Idem
2859 4372 3199 4441 nequissimis
3244 4374 3453 4431 Piniani

1876 4464 2030 4516 servis
2050 4464 2333 4532 persuasit,
2368 4472 2422 4514 ut
2459 4480 2557 4515 non
2589 4463 2753 4516 solani
2779 4464 3001 4532 seipsos,
3030 4466 3121 4519 sed
3146 4482 3232 4519 eos
3262 4483 3455 4536 quoque

1875 4570 2025 4623 agros
2046 4556 2100 4607 in
2122 4555 2302 4624 quibus
2318 4554 2630 4620 habitabant,
2662 4554 2835 4610 Severi
2871 4573 2975 4610 esse
2996 4558 3248 4623 dicerent,
3289 4568 3336 4610 et
3367 4576 3453 4611 eos

1799 4625 1853 4686 D
1876 4652 1988 4720 ejus
2016 4650 2356 4705 nominarent.
2400 4648 2475 4701 Ex
2506 4647 2698 4716 quibus
2729 4658 2872 4715 patet
2904 4663 3008 4702 non
3051 4649 3209 4702 modo
3259 4664 3411 4702 avum
3437 4689 3451 4714 ,

1877 4757 2060 4794 verum
2084 4742 2239 4795 etiam
2270 4750 2472 4810 patrem
2508 4740 2713 4793 Piniani
2740 4740 2795 4794 id
2822 4740 3075 4809 temporis
3106 4756 3207 4793 non
3234 4740 3449 4802 vixisse,

1877 4847 1996 4886 cum
2035 4832 2265 4885 Severus
2294 4831 2498 4883 Piniani
2553 4830 2730 4885 fratris
2759 4831 2892 4884 bona
2924 4846 3017 4899 per
3050 4832 3152 4884 vim
3191 4845 3454 4899 occupare

1880 4933 2127 4988 tentaret,
2161 4931 2217 4976 et
2248 4921 2502 4975 Pinianus
2528 4937 2681 4992 agros
2708 4934 2759 4975 et
2781 4935 2964 4975 servos
2989 4920 3327 4983 distraheret,
3356 4936 3451 4973 au-

1878 5025 2091 5085 tequam
2122 5016 2176 5068 in
2197 5013 2428 5069 Africam
2464 5016 2756 5084 navigaret.
2795 5018 2874 5069 An
2919 5015 3053 5068 bona
3083 4998 3324 5083 quaedam
3366 5031 3452 5068 ca-

1883 5109 2107 5163 strensia
2135 5108 2223 5162 uni
2255 5107 2347 5162 tibi
2374 5117 2494 5161 nota
2524 5107 2814 5162 obtrudes?

1956 5201 2106 5267 Quod
2137 5213 2314 5255 autem
2352 5204 2624 5256 existimas
2671 5202 2916 5256 Albinum
2948 5201 3111 5257 luisse
3147 5205 3336 5256 saltem
3374 5221 3456 5256 so-

1885 5310 2050 5348 cerum
2108 5294 2261 5348 uttius
2316 5294 2574 5357 dttorum,
2634 5294 2817 5347 eadem
2874 5295 3121 5348 facilitate
3172 5296 3451 5351 refellitur.

1886 5385 2094 5440 Etenim
2124 5400 2280 5439 socer
2309 5385 2547 5438 Melania:
2578 5384 2866 5438 vocabatur
2893 5389 3146 5440 Severus.
3182 5386 3233 5439 Id
3260 5386 3458 5441 diserte

1888 5479 2108 5547 legisses
2147 5481 2195 5531 in
2248 5478 2382 5541 libro
2429 5488 2723 5530 memorato
2770 5475 2992 5531 Palladii
3034 5476 3455 5543 Helenoltolitaui

1887 5569 2122 5637 epiSCOpi
2151 5582 2268 5636 cap.
2306 5568 2428 5631 119,
2464 5567 2552 5620 ubi
2585 5567 2657 5621 ait
2689 5584 2699 5618 :
2744 5567 2873 5620 Cum
2902 5566 3131 5637 Melania
3162 5571 3457 5635 suscepisset

1884 5662 2019 5729 filios
2049 5662 2201 5729 duos,
2226 5670 2270 5713 et
2302 5661 2501 5729 utrique
2533 5659 2759 5728 defuncti
2782 5669 2960 5721 essent,
2992 5662 3123 5713 venit
3166 5661 3234 5709 ad
3266 5670 3461 5709 tantum

1884 5771 1977 5824 pro
2003 5752 2191 5806 Christi
2232 5756 2435 5806 nomine
2464 5754 2635 5804 odium
2664 5754 2990 5821 nuptiarum,
3025 5764 3080 5805 ut
3111 5754 3205 5804 hoc
3240 5751 3459 5802 Piniano

1888 5848 2070 5900 marito
2116 5864 2209 5899 suo
2257 5849 2427 5901 Srrrri
2479 5849 2767 5913 (χι-,μναιίέοΗ
2800 5847 2910 5909 filio
2950 5847 3158 5900 diceret.
3208 5844 3457 5900 Audiu'at
