3974 6356
478 344 487 352 ’
576 336 680 394 557

1474 322 2027 386 SUPPLEMENTUM
2063 326 2155 380 AD
2192 324 2421 383 OPERA
2458 324 2514 379 S.
2554 321 2946 383 AUGUSTINI.
3673 334 3751 394 sig

576 452 808 507 Severus
840 448 998 505 fuerit
1018 460 1172 503 socer
1201 445 1467 512 Melaniae,
1496 461 1602 500 non
1633 459 1763 501 vero
1798 453 1917 499 tuus
1949 442 2038 499 ille
2066 441 2158 496 Αι-
2184 443 2231 507 Α
2262 442 2505 513 fratribus
2533 440 2759 494 Paulino
2784 449 2829 495 et
2863 438 3143 495 Therasite.
3173 436 3243 493 Et
3269 437 3322 494 in
3350 439 3509 496 medio
3534 444 3749 512 epistola;

576 542 768 597 binus?
790 542 893 597 Sed
926 554 1024 596 nec
1050 539 1154 595 dici
1181 548 1358 608 potest
1380 553 1537 593 socer
1574 537 1805 601 Piniani,
1854 552 1977 595 nam
2009 544 2153 602 pater

576 636 818 695 Melania:
853 633 1082 701 iunioris
1119 631 1387 686 Publicola
1427 629 1725 697 dicebatur,
1768 631 1906 698 quod
1939 628 2153 683 discere

575 739 785 795 poteras
815 740 880 781 ex
907 725 1045 783 notis
1074 723 1174 781 viri
1204 721 1553 779 eruditissimi
1602 720 1744 777 Petri
1780 721 1867 779 Fr.
1899 717 2153 775 Chiltletii

572 823 623 874 in
646 818 849 875 Paulini
874 816 1126 887 epistolas
1147 825 1287 886 part.
1316 814 1367 882 1,
1393 830 1511 883 cap.
1534 814 1626 880 24,
1650 824 1701 869 et
1726 828 1911 869 rursus
1935 820 2069 885 part.
2094 811 2150 875 2.

571 927 688 980 cap.
718 910 788 964 26
818 921 870 965 et
899 908 989 965 54.
1020 908 1201 963 Mirari
1230 908 1376 965 lubet
1404 907 1670 965 undeuam
1701 913 1921 970 tantam,
1947 913 2004 958 ut
2030 903 2153 959 llic-

572 1006 780 1075 rouymi
826 1002 1006 1063 verbis
1042 1011 1196 1067 utar,
1247 1001 1434 1055 trabeas
1478 999 1843 1054 mutandorum
1889 996 2152 1053 nominum

569 1103 888 1165 potestatem,
915 1102 972 1155 ut
1000 1093 1203 1149 Severo
1228 1103 1281 1147 et
1313 1091 1601 1146 Publicola:
1626 1089 1805 1147 Albini
1830 1103 2024 1142 nomen
2054 1086 2152 1142 im-

576 1189 773 1258 ponas?
804 1187 958 1254 Hoc,
996 1188 1192 1257 inquis,
1223 1184 1480 1241 arridebat
1524 1184 1711 1253 magis.
1768 1179 2043 1247 Querebar
2083 1178 2154 1237 de

568 1291 618 1335 te
644 1281 785 1349 quod
814 1295 936 1348 cap.
966 1280 1021 1344 2,
1054 1292 1174 1348 pag.
1211 1278 1302 1342 (ib,
1336 1287 1437 1331 ture
1468 1274 1727 1343 apologiae
1758 1288 1845 1327 me
1874 1270 2149 1342 Pyrgopo-

568 1373 767 1442 lynicen
795 1372 1057 1436 dixisses;
1090 1369 1183 1424 sed
1235 1371 1287 1423 in
1317 1376 1586 1436 posterum
1615 1364 1862 1433 querelas
1907 1377 2152 1431 compes-

568 1481 707 1529 cam.
740 1480 860 1525 cum
909 1474 962 1519 te
985 1463 1195 1521 videam
1222 1472 1326 1517 tam
1356 1460 1623 1517 eruditum
1670 1458 2147 1515 nomenclatorem.

575 1557 817 1612 Nondum
846 1567 1021 1613 tamen
1050 1552 1175 1611 illud
1203 1566 1463 1621 agnomen
1495 1550 1763 1613 deuerui,
1788 1549 1895 1603 scis
1921 1548 2062 1603 enim
2085 1563 2150 1603 ex

570 1650 755 1707 Plauto
808 1646 1217 1719 Pyrgopolynici
1243 1646 1444 1699 dictum
1494 1662 1507 1698 :
1546 1644 1814 1714 sexaginta
1845 1641 2151 1697 Macedones

567 1757 668 1795 una
692 1740 773 1792 die
806 1739 1057 1795 occidisti.
1089 1736 1221 1791 Cum
1250 1736 1516 1803 integrum
1556 1746 1700 1789 tuum
1727 1734 1975 1787 volumen
2017 1747 2149 1789 con-

2259 534 2436 589 Sancti
2463 538 2683 603 fratres,
2716 542 2761 586 et
2789 533 2962 587 dilecti
2993 530 3118 585 Deo.
3167 531 3223 586 lit
3256 532 3396 587 calce
3424 548 3571 590 vero:
3599 537 3754 598 Douriiu'

2256 626 2603 689 dilectissimi,
2635 626 2995 689 sincerissimi,
3032 639 3147 676 vere
3176 622 3373 693 benigni
3397 634 3442 677 et
3488 627 3755 687 abundantis-
3786 690 3793 697 ,

2253 718 2383 772 sima
2428 716 2641 777 Domini
2674 718 2840 788 gratia
2868 717 3277 786 pra’stantissinti
3307 718 3498 786 fratres.
3526 718 3616 775 libi
3648 726 3755 781 vides
3790 700 3793 709 Δ

2254 810 2463 867 titulum
2512 820 2791 879 utrumque
2834 810 3115 878 coniugem
3158 809 3441 879 appellare,
3485 810 3598 867 licet
3634 829 3757 883 genus

2255 901 2531 959 nominum
2567 916 2596 954 a
2628 900 2861 970 digniori
2892 901 3228 957 desutnatur.
3274 898 3346 959 lta
3383 916 3511 957 unus
3547 902 3758 974 Pinianus,

2253 994 2392 1063 quod
2418 1010 2584 1065 genus
2604 994 2816 1055 attinet.
2839 995 2927 1051 illa
2956 994 3190 1065 epitheta
3220 995 3372 1061 regit.
3398 994 3514 1053 licet
3536 1011 3625 1052 una
3645 1000 3761 1057 simul

2252 1102 2462 1152 socrus,
2495 1099 2548 1142 et
2575 1104 2707 1142 uxor
2735 1089 3103 1155 designentur.
3135 1086 3303 1147 Addis
3323 1084 3503 1157 (Ibid.)
3528 1105 3542 1142 :

2330 1181 2455 1245 Quis
2480 1189 2651 1239 autem
2677 1189 2803 1237 esset
2831 1180 2918 1239 ille
2944 1179 3180 1245 Albinus,
3206 1180 3345 1232 latet.
3370 1178 3461 1233 Hic
3482 1178 3685 1246 Rhodus,
3704 1183 3765 1240 hic

2252 1270 2453 1335 saltus;
2488 1274 2589 1325 hoc
2617 1288 2784 1340 opus,
2828 1271 2913 1326 hic
2945 1272 3093 1327 labor
3120 1280 3228 1336 est,
3272 1287 3304 1321 o
3335 1269 3559 1329 Macedo.
3598 1273 3765 1331 Dixeras

2254 1363 2308 1416 in
2339 1364 2493 1421 titulo
2520 1364 2745 1429 huiusce
2771 1365 2843 1417 tui
2875 1364 3065 1431 capitis
3096 1361 3306 1429 septimi
3334 1379 3346 1415 :
3379 1362 3473 1426 Qui
3504 1365 3639 1433 fuerit
3663 1365 3765 1418 Albi-

2252 1474 2370 1524 nus,
2414 1456 2687 1521 Pinianus,
2719 1468 2765 1511 et
2808 1456 3058 1522 Melania,
3100 1457 3394 1524 exponitur.
3424 1455 3495 1511 De
3524 1456 3764 1515 Pinianoet

2254 1551 2479 1607 Melania
2520 1552 2619 1605 hoc
2666 1562 2869 1605 tantum
2914 1551 3068 1613 dicis,
3100 1548 3264 1603 fuisse
3306 1548 3567 1616 coniuges.
3595 1564 3764 1617 sepra-

2254 1652 2401 1697 terea
2431 1644 2583 1701 nihil.
2617 1642 2796 1697 Albini
2824 1657 3018 1697 nomen
3048 1650 3328 1708 utramque
3358 1642 3587 1709 paginam
3608 1643 3759 1709 implet.

2254 1735 2527 1790 Adesdum
2554 1752 2567 1786 z
2597 1748 2810 1801 expone
2837 1734 2955 1801 quis
2984 1733 3159 1789 fuerit.
3195 1731 3501 1800 Respondes
3526 1749 3540 1787 :
3572 1734 3687 1786 latet.
3709 1735 3763 1790 Ad

568 1832 808 1887 l'utavero
832 1870 847 1896 ,
892 1844 955 1885 ac
982 1840 1034 1885 te
1065 1844 1224 1884 unum
1258 1828 1599 1885 Macedonem
1654 1825 1900 1895 deiecero
1920 1866 1935 1891 ,
1996 1834 2149 1891 tunc,
2184 1827 2230 1887 Β
2251 1830 2339 1901 jus
2370 1828 2506 1882 tituli
2531 1838 2603 1891 te,
2622 1826 2756 1880 velis
2778 1826 2938 1891 nolis,
2970 1826 3437 1894 voco.0bligatam
3466 1826 3610 1879 tidem
3633 1829 3763 1892 imple,

567 1932 623 1977 ut
670 1923 833 1988 libet,
864 1933 920 1977 nt
950 1920 1128 1986 lubet,
1184 1934 1271 1975 me
1300 1917 1779 1990 PyrgOpolynicem
1820 1922 2146 1983 nuncupata.

567 2017 732 2075 Addis
763 2018 906 2087 (pag.
941 2014 1033 2083 55)
1063 2032 1073 2066 :

638 2110 894 2165 Bai-anius
921 2115 1081 2160 mutat
1104 2105 1294 2159 Albine
1314 2106 1367 2157 in
1388 2103 1604 2168 Albiua,
1629 2111 1676 2157 et
1706 2099 1946 2157 mendum
1972 2110 2148 2172 putat;

568 2218 670 2255 non
714 2209 880 2257 tamen
908 2197 1157 2266 improbat
1206 2196 1400 2250 Albine
1441 2210 1531 2258 pro
1576 2194 1687 2262 ﬁlio
1713 2192 1948 2257 Albinae,
2000 2200 2055 2244 ut
2082 2192 2148 2245 sit

568 2308 743 2347 sensus
775 2289 965 2347 Albine
997 2288 1089 2343 vir.
1123 2286 1278 2339 Naris
1307 2286 1377 2338 ait
1408 2285 1596 2338 Albine
1625 2283 1967 2349 retinendum,
1997 2297 2151 2352 eoque

565 2387 769 2440 nomine
801 2381 1087 2453 signiﬁcari
1118 2381 1356 2448 feminam
1386 2394 1480 2449 pro
1507 2376 1646 2431 illius
1668 2375 1834 2429 a’tatis
1860 2374 2063 2427 licentia
2087 2373 2148 2426 ob

564 2478 809 2530 rationem
836 2473 1065 2544 proxime
1087 2472 1382 2525 adductam.
1415 2466 1527 2537 Ego
1556 2476 1735 2521 contra
1753 2466 1914 2519 sentio
1936 2464 2147 2519 omnino

566 2569 834 2639 legendum
863 2566 1055 2621 Albine
1077 2562 1345 2623 masculini
1373 2562 1593 2633 generis.
1622 2559 1744 2625 Ubi,
1787 2558 1906 2623 ubi,
1938 2558 2111 2613 amice
2130 2599 2146 2624 ,

565 2660 778 2715 Barouii
831 2659 1106 2723 defensio,
1139 2672 1294 2725 quam
1326 2656 1379 2709 in
1425 2654 1573 2709 titulo
1602 2652 1792 2722 capitis
1821 2651 2149 2720 promiseras

567 2756 712 2824 (pag.
744 2751 835 2823 47)
863 2753 884 2806 ‘t
920 2750 1217 2805 Vindicatur
1245 2749 1306 2800 ab
1336 2748 1443 2812 eius
1459 2756 1579 2799 nota
1612 2744 1880 2798 Duronius.
1902 2743 2146 2808 Peream,

567 2847 612 2900 si
661 2845 829 2903 semel
870 2842 1184 2913 promissam
1217 2840 1373 2895 toties
1414 2838 1467 2892 in
1515 2838 1615 2895 hoc
1664 2847 1754 2893 tuo
1787 2851 1954 2905 opere
1986 2837 2147 2892 Baro-

563 2937 652 2993 uio
677 2936 1039 2995 defensionem
1066 2929 1606 2993 commodasti.'l‘oto,
1637 2938 1690 2983 ut
1718 2928 1887 2995 aiunt,
1913 2929 2050 2983 ostio
2080 2928 2147 2983 ab

560 3048 625 3087 eo
643 3032 883 3095 aberras,
907 3044 1026 3085 cum
1050 3037 1101 3085 te
1121 3027 1361 3097 ejusdem
1390 3033 1709 3083 sectatorem
1737 3021 1996 3091 publicas.
2018 3021 2145 3077 Haec

559 3124 626 3179 ad
673 3125 886 3183 oculum
938 3121 1252 3179 demonstro
1294 3118 1348 3173 in
1402 3116 1645 3186 apologia
1678 3130 1838 3184 quam
1884 3115 2140 3183 procudo.

2252 1936 2320 1975 ne
2357 1920 2532 1989 magni
2574 1918 2781 1985 hiatus,
2814 1930 2871 1973 ut
2898 1920 2973 1973 ait
3001 1918 3282 1983 lloratius,
3314 1919 3593 1987 promissor
3617 1919 3765 1975 dicare.

2252 2013 2517 2069 Memento
2545 2022 2595 2064 te
2624 2012 2872 2069 dixisse:
2907 2012 3007 2077 Qui
3029 2014 3183 2083 fuerit
3214 2012 3430 2067 Albinus
3455 2013 3705 2082 exponitur.
3728 2013 3764 2068 Si

2252 2104 2400 2164 latet.
2434 2113 2484 2159 te
2508 2106 2711 2173 iudice.
2742 2121 2846 2163 non
2880 2106 3182 2173 ettponitur.
3208 2105 3419 2160 Nihilne
3451 2105 3539 2159 tibi
3566 2106 3764 2173 suggerit,

2251 2212 2409 2264 quam
2442 2195 2494 2251 in
2528 2196 2838 2265 prmiatione
2863 2196 3053 2263 iactas,
3086 2195 3526 2255 Encvclonaadiat
3554 2195 3703 2252 Liceat
3722 2211 3763 2251 ex

2251 2288 2566 2349 Trinummo
2598 2290 2770 2345 Plauti
2800 2304 3065 2356 reponere
3094 2306 3108 2343 :

2405 2380 2529 2431 Vide
2554 2381 2696 2429 homo
2716 2388 2770 2430 ut
2795 2380 3038 2429 hominem
3064 2377 3283 2429 noveris!

2323 2470 2433 2539 Ego
2462 2483 2651 2538 tamen,
2686 2473 2882 2539 inquis,
2911 2472 3147 2529 existimo
3175 2472 3334 2540 fuisse
3372 2479 3460 2525 aut
3497 2478 3685 2537 patrem,
3707 2480 3766 2521 est

2249 2580 2496 2629 socerum,
2523 2576 2611 2620 aut
2636 2576 2875 2633 patruum
2895 2605 2912 2630 ,
2939 2576 3029 2619 aut
3052 2564 3368 2619 auunculum
3399 2562 3615 2627 Piniani,
3650 2570 3692 2617 ιιι
3723 2563 3764 2614 sit

2251 2660 2417 2724 major
2444 2669 2589 2720 natu,
2613 2667 2660 2712 et
2686 2670 2893 2727 propter
2913 2669 3115 2713 aetatem
3145 2658 3338 2724 primas
3369 2655 3593 2710 vindicet.
3617 2655 3678 2707 Its
3702 2668 3763 2720 pu-

2250 2750 2369 2805 tasti
2410 2750 2634 2817 repetito
2669 2760 2859 2818 quater
2895 2759 3016 2814 aut,
3052 2758 3176 2811 aut,
3218 2747 3533 2815 compendio
3570 2745 3761 2803 Albinum

2252 2849 2398 2893 tuum
2426 2840 2573 2894 illum
2607 2843 2779 2894 virum
2810 2842 3155 2910 exposuisse;
3186 2840 3275 2895 illa
3305 2839 3448 2893 enim
3474 2838 3763 2905 disiunctione

2252 2942 2499 3001 tanquam
2538 2932 2807 2991 Ariadneo
2849 2933 2939 2989 ﬁlo
2978 2948 3104 2991 usus
3142 2948 3207 2989 ex
3252 2932 3501 2987 intricato
3529 2930 3761 3006 Albiuiaoa

2248 3026 2572 3095 genealogis:
2601 3026 2905 3097 labyrintho
2942 3027 3183 3083 evasisti.
3219 3027 3332 3082 lleu
3370 3025 3593 3095 quantis,
3620 3022 3759 3082 autin,

2249 3118 2520 3173 erroribus
2550 3118 2871 3186 implicaris!
2902 3118 3016 3173 Non
3047 3118 3143 3172 fuit
3168 3118 3394 3173 Albinus
3420 3116 3610 3173 Piniani
3636 3124 3758 3184 pater.

560 3214 820 3269 Baronius
843 3212 1030 3267 scribit
1052 3209 1304 3267 mendum
1331 3208 1385 3265 in
1415 3221 1602 3265 vocem
1628 3205 1809 3259 Albius
1832 3204 2135 3273 irrepsisse,
2165 3197 2211 3259 C
2245 3224 2365 3265 nam
2395 3226 2460 3266 ex
2491 3210 2746 3267 Lausiaca
2776 3209 3019 3277 historia,
3052 3211 3208 3280 utrius
3237 3211 3403 3264 verba
3432 3209 3651 3276 superius
3675 3204 3757 3259 dedi

558 3321 675 3361 cum
730 3304 921 3363 Albina
964 3300 1208 3359 Melaniae
1238 3309 1409 3355 mater
1437 3296 1659 3357 dicenda
1692 3299 1783 3353 sit.
1841 3296 1952 3366 Ego
1996 3296 2135 3364 quod
2238 3319 2301 3358 ex
2338 3319 2455 3372 cap.
2500 3303 2625 3368 119,
2661 3311 2809 3371 pater
2835 3302 3043 3361 Piniani
3072 3302 3357 3359 dicebatur
3383 3300 3589 3357 Severus
3614 3312 3759 3366 capra-

560 3412 848 3468 persouam
896 3395 1091 3450 attinet
1142 3393 1374 3449 Baronio
1414 3391 1730 3459 consentio,
1780 3404 1915 3463 nego
1959 3398 2135 3449 tamen
2239 3395 2418 3464 fectus.
2448 3394 2679 3449 Exstant
2702 3397 2958 3462 rescripta
2984 3393 3142 3450 trium
3168 3396 3525 3461 Augustorum
3552 3392 3611 3445 ad
3632 3390 3755 3447 Seve-

560 3492 811 3545 tuendum
838 3490 1136 3554 irrepsisse,
1165 3502 1285 3543 cum
1307 3494 1593 3555 utramque
1617 3484 1849 3541 nominis
1879 3485 2135 3539 terminat-

556 3583 753 3637 tionem
781 3581 972 3639 Albina
998 3580 1180 3635 subire
1209 3580 1459 3649 potuerit.
1492 3580 1627 3634 Attu
1644 3576 1925 3631 contendis
1952 3576 2135 3630 Albine

555 3675 862 3745 legendum,
887 3683 941 3728 et
960 3673 1100 3733 hunc
1128 3673 1300 3727 virum
1327 3680 1504 3739 putas,
1534 3669 1622 3739 qui
1654 3670 1813 3725 fuerit
1843 3677 1937 3725 aut
1962 3684 2131 3725 avun-

554 3769 735 3833 culus,
790 3775 874 3821 aut
914 3775 1094 3834 pater,
1140 3773 1229 3817 aut
1274 3776 1453 3828 socer,
1494 3771 1586 3815 aut
1634 3772 1852 3830 patruus
1902 3759 2129 3813 Piniani.

555 3862 785 3914 lloccine
837 3867 920 3912 est
944 3855 1225 3910 Barouium
1253 3869 1283 3906 a
1338 3851 1497 3907 Naris
1540 3859 1666 3907 nota
1707 3850 2017 3905 vindicare?
2060 3850 2135 3905 De

553 3953 705 4010 unica
732 3957 936 4005 tantum
970 3946 1142 4001 littera
1172 3960 1293 3999 cum
1316 3943 1545 3998 Baronio
1564 3943 1915 4012 quaestionem
1938 3942 2131 4009 habeo,

554 4059 747 4111 nempe
777 4040 918 4112 quod
964 4040 1153 4096 Albina
1186 4046 1355 4092 mater
1385 4036 1624 4091 Melania:
1648 4033 1699 4087 in
1729 4049 1856 4088 casu
1885 4034 2132 4088 vocativo

554 4138 735 4193 Albine
757 4136 825 4192 ob
856 4136 1000 4193 illius
1027 4133 1200 4190 astatis
1238 4130 1505 4187 licentiam
1544 4128 1808 4199 appellata
1841 4126 2019 4182 fuerit.
2051 4126 2131 4185 Tu

553 4243 737 4285 sexum
784 4226 1004 4285 omnino
1054 4238 1261 4288 mutas,
1308 4234 1358 4280 et
1387 4238 1545 4292 quam
1576 4220 1836 4275 Baronius
1878 4220 2133 4277 feminam

554 4331 699 4376 recte
728 4321 882 4388 dixit,
911 4330 965 4374 tu
992 4318 1285 4374 masculum
1322 4314 1487 4379 facis;
1548 4314 1655 4368 imo
1686 4312 1773 4366 ubi
1806 4312 1894 4365 ille
1915 4312 1983 4365 de
2024 4311 2131 4365 tilio

554 4414 759 4469 Albinae
781 4414 1101 4482 suspicatur,
1128 4419 1182 4465 tu
1210 4409 1465 4465 Albinum
1485 4423 1590 4461 non
1616 4415 1898 4475 cognatum
1924 4403 2131 4459 l’iniani

553 4522 673 4561 cum
699 4505 950 4569 Baronio,
975 4503 1068 4559 sed
1092 4518 1276 4566 avum,
1304 4510 1394 4555 aut
1426 4508 1654 4569 patrem,
1685 4506 1776 4552 aut
1806 4495 2129 4551 avunculum

2238 3502 2354 3540 rum
2385 3484 2696 3554 praefectum
2720 3484 2850 3543 Urbi
2879 3486 2935 3543 in
2953 3486 3076 3541 eod.
3104 3484 3313 3541 Theod.
3338 3485 3454 3553 lege
3478 3498 3565 3538 un.
3590 3483 3761 3535 dima-

2236 3579 2539 3643 dicentibus,
2572 3588 2628 3635 et
2647 3579 2765 3647 lege
2788 3579 2824 3635 Ξ
2844 3578 2908 3633 ds
2928 3578 3088 3633 lucris
3113 3578 3415 3646 oﬁciortmr.
3440 3578 3559 3632 data
3577 3573 3759 3633 Antonio

2235 3684 2285 3726 et
2316 3671 2540 3741 Syagrio
2569 3687 2723 3727 cons.
2741 3710 2756 3735 ,
2799 3687 2992 3741 nempe
3019 3686 3161 3727 anno
3190 3672 3315 3728 382.
3356 3672 3602 3729 Pinianus
3622 3676 3755 3722 autem

2235 3764 2419 3819 Severi
2451 3765 2591 3819 ﬁlius
2629 3779 2770 3820 anno
2802 3766 2927 3833 597,
2964 3780 3071 3835 quo
3099 3766 3328 3821 Melania
3358 3766 3477 3819 svia
3512 3764 3673 3819 uxoris
3694 3758 3754 3813 Pi-

2235 3860 2378 3914 niaoi
2412 3859 2608 3914 Siricio
2644 3860 2919 3928 pontiﬁce,
2955 3875 3023 3915 ex
3059 3859 3385 3929 Hieronymo
3417 3862 3470 3914 in
3504 3852 3756 3928 apologisi

2234 3962 2417 4008 contra
2447 3952 2720 4017 Rutlnum,
2740 3966 2860 4008 cum
2894 3952 2995 4007 hoc
3022 3952 3138 4021 ipso
3164 3966 3228 4008 ex
3262 3951 3547 4007 Palaestina
3582 3949 3753 4002 Romani

2233 4047 2400 4111 venit,
2435 4046 2652 4115 junctus
2695 4054 2811 4101 erat
2855 4043 3096 4101 Melaniae
3133 4044 3355 4114 iuniori,
3399 4054 3533 4099 teste
3568 4036 3752 4096 Palladio

2233 4152 2350 4206 cap.
2384 4138 2507 4195 118.

2303 4227 2409 4284 Sed
2443 4242 2543 4283 nec
2570 4243 2802 4283 socerum
2835 4226 3045 4282 Piniani
3078 4226 3250 4296 fuisse
3288 4225 3560 4282 evidenter
3582 4222 3753 4277 demon-

2232 4328 2364 4374 stro.
2412 4320 2471 4373 S.
2515 4306 2838 4387 Augustinus
2881 4318 2975 4373 lib.
3022 4333 3061 4373 ιι
3100 4317 3366 4381 Retract.,
3405 4331 3519 4383 cap.
3556 4314 3637 4378 50,
3671 4310 3754 4363 hac

2232 4411 2417 4464 scribit
2453 4427 2466 4463 :
2500 4408 2843 4481 Posteaquam
2872 4408 3162 4480 Pelagiana
3196 4410 3403 4465 transis
3432 4394 3492 4462 cu
3511 4425 3543 4461 is
3574 4406 3666 4461 suis
3686 4417 3754 4454 ait-

2234 4502 2450 4555 claribus
2480 4502 2540 4555 ab
2567 4502 2815 4571 episcopis
2844 4499 3087 4557 Ecclesia:
3114 4501 3367 4556 Romanis
3393 4501 3531 4570 prius
3555 4496 3753 4550 Innocen-

554 4597 793 4666 eiusdem
818 4595 1147 4665 imaginaris.
1173 4594 1191 4647 ι
1216 4609 1380 4657 nunc,
1402 4602 1456 4648 et
1476 4600 1641 4647 temet
1668 4590 1877 4645 Baronii
1901 4589 2128 4645 advoca-
2155 4576 2205 4639 D
2230 4594 2327 4659 tio,
2355 4593 2539 4651 deinde
2563 4592 2789 4658 Zosimo,
2827 4593 3212 4662 cooperantibus
3241 4594 3568 4647 conciliorum
3593 4587 3752 4657 Africa-

552 4698 661 4744 tum
693 4689 901 4744 vendita
923 4729 937 4753 ,
977 4703 1098 4744 cum
1129 4686 1303 4742 eidem
1341 4699 1495 4753 quam
1531 4683 1767 4737 maxime
1816 4682 2125 4736 adversere.

553 4784 688 4850 Quid
746 4784 798 4837 in
832 4791 1009 4838 mente
1052 4780 1285 4836 habebas
1314 4795 1433 4833 cum
1480 4779 1617 4832 hanc
1664 4776 1930 4846 egregiam
1983 4786 2128 4830 tuam

553 4874 767 4931 Baronii
816 4874 1183 4931 defensionem
1232 4871 1425 4927 litteris
1470 4864 1816 4925 mandabas?
1872 4867 2129 4923 Procedis

554 4971 698 5041 (pag.
725 4968 816 5037 54)
851 4987 865 5023 :

624 5060 690 5113 Id
720 5062 865 5115 elicio
895 5076 956 5113 ea:
978 5058 1137 5112 verbis
1179 5054 1487 5128 Augustini;
1512 5054 1696 5125 quippe
1724 5054 1796 5107 ait
1818 5068 1836 5105 :
1867 5050 2129 5108 Sinceris-

551 5155 673 5210 simi
703 5155 919 5218 fratres,
952 5151 1131 5211 dilecti
1169 5166 1197 5205 a
1236 5149 1347 5205 Deo
1383 5147 1574 5203 Albine
1599 5185 1614 5209 ,
1652 5146 1900 5210 Piniane,
1932 5151 1987 5198 et
2014 5144 2123 5199 Me-

552 5248 723 5314 lania,
761 5248 895 5318 quod
931 5262 1113 5302 nomen
1150 5243 1343 5301 fratres
1369 5242 1627 5313 signiﬁcat
1656 5242 1900 5311 majorem
1932 5249 2128 5307 partem

554 5341 805 5397 masculos
853 5357 981 5407 esse,
1022 5353 1072 5395 et
1116 5340 1338 5409 epitheta
1384 5336 1716 5402 conﬁrmant,
1746 5332 2128 5402 .sincerissimi,

552 5434 761 5491 dilecti.

625 5528 829 5583 Vereor
866 5541 933 5581 ne
960 5524 1274 5597 ‘l'lierasiam
1308 5536 1519 5593 quoque
1552 5520 1609 5577 S.
1655 5518 1862 5575 Paulini
1904 5533 2126 5575 uxorem

552 5622 605 5677 in
628 5622 798 5675 virum
831 5628 1038 5685 mutes;
1070 5634 1190 5673 nam
1223 5619 1276 5672 in
1305 5616 1460 5671 titulo
1490 5614 1733 5683 epistola
1761 5614 1831 5669 54
1857 5613 1915 5668 S.
1948 5616 2127 5682 Auguo

550 5714 672 5769 atini
705 5713 818 5768 haec
838 5713 1081 5781 leguntur
1107 5726 1123 5765 :
1150 5707 1382 5763 Dominis
1424 5707 1765 5760 dilectissimis
1793 5717 1839 5761 et
1893 5707 2129 5760 sinceris-

550 5809 710 5873 simis.
740 5823 851 5863 uere
874 5803 1172 5862 latissimis
1197 5810 1345 5871 atque
1372 5800 1813 5855 abundantissima
1844 5799 1937 5856 Dei
1957 5800 2126 5866 gratia

2234 4702 2413 4741 norum
2439 4685 2644 4749 litteris,
2674 4686 2903 4739 convicta
2923 4692 3073 4753 atque
3092 4684 3335 4738 damnata
3356 4691 3453 4747 est,
3476 4680 3641 4751 scripsi
3658 4678 3753 4729 duo:

2232 4780 2384 4831 libros
2412 4778 2653 4830 adversus
2674 4793 2780 4840 eos,
2803 4792 2961 4829 unum
2984 4775 3049 4828 de
3075 4774 3257 4830 Gratia
3277 4774 3485 4838 Christi,
3507 4772 3696 4830 alterum
3711 4767 3754 4818 ds

2234 4870 2452 4925 Peccato
2480 4868 2754 4940 Originali.
2774 4868 2940 4923 Porro
2958 4869 3285 4936 Augustinus
3308 4870 3470 4925 hosce
3490 4867 3639 4922 libros
3654 4877 3753 4918 nus-

2231 4963 2445 5032 cupavit
2467 4960 2683 5024 Albino,
2719 4962 2941 5015 Piniano
2970 4970 3024 5015 et
3052 4960 3313 5028 Melaniae,
3345 4970 3404 5017 nt
3429 4960 3595 5027 capite
3621 4955 3753 5024 primo
3802 5024 3806 5035 Δ

2232 5056 2412 5111 statim
2432 5064 2675 5123 apparet.
2698 5052 3039 5109 Innocentius
3068 5051 3296 5107 haeresin
3319 5052 3513 5119 Pelagii
3530 5044 3754 5103 damnavit

2232 5164 2374 5203 anno
2400 5148 2526 5212 416,
2558 5156 2616 5201 ut
2641 5155 2782 5215 patet
2803 5161 2869 5202 ex
2891 5144 3131 5213 eiusdem
3156 5146 3348 5201 litteris
3372 5146 3508 5201 datis
3528 5142 3590 5199 ad
3610 5142 3754 5196 Patres
3792 5142 3801 5159 ἠ

2234 5241 2422 5311 synodi
2454 5239 2771 5295 Milevitana:
2797 5253 2846 5293 vt
2876 5236 2982 5291 kal.
3016 5234 3367 5302 Februarias,
3401 5236 3622 5292 llonorlo
3648 5234 3751 5295 Ang-

2235 5340 2289 5386 et
2317 5330 2627 5387 Constantio
2653 5329 2718 5388 V.
2742 5329 2805 5385 C.
2829 5344 3011 5383 conss.
3036 5326 3283 5382 Zosimus
3305 5344 3445 5383 anno
3466 5327 3564 5385 418
3583 5322 3752 5383 eosdem

2236 5424 2520 5479 hmreticos
2558 5421 2783 5490 repetita
2823 5421 3085 5475 sententia
3128 5419 3455 5487 proscripsit.
3485 5418 3644 5484 Quare
3675 5412 3751 5465 duo

2238 5516 2317 5571 illi
2349 5516 2467 5570 libri
2490 5530 2622 5585 quos
2649 5512 2843 5568 Albino
2872 5552 2888 5575 ,
2923 5510 3145 5564 Piniano
3174 5524 3235 5563 ac
3264 5509 3501 5564 Melania:
3526 5510 3578 5562 S.
3605 5506 3748 5558 ductor

2234 5608 2527 5678 inscripsit,
2559 5624 2699 5661 anno
2724 5605 2914 5661 eodem
2951 5601 3058 5656 418
3096 5600 3226 5656 editi
3256 5611 3396 5657 sunt.
3436 5602 3502 5655 At
3527 5600 3650 5653 titius
3672 5591 3747 5645 lle

2235 5704 2387 5759 lania:
2420 5701 2645 5757 senioris
2688 5714 2842 5755 socer
2881 5695 3089 5750 Piniani
3130 5692 3324 5747 abhinc
3357 5706 3523 5751 arruns
3558 5684 3745 5755 rigintit

2234 5798 2341 5853 vita
2368 5794 2704 5853 discesserat.
2732 5789 2859 5851 Scio
2888 5784 3177 5844 Baronium
3204 5783 3271 5840 ad
3293 5798 3486 5845 annum
3507 5780 3599 5840 609
3640 5770 3741 5834 ωιὶί·
