  <div class='ocr_page' id='page_1' title='image "/cluster/home/n/w/nwhite01/storage/ocr_20150623/47/hvd.32044015471527/280.png"; bbox 0 0 3974 6356; ppageno 0'>
   <div class='ocr_carea' id='block_1_1' title="bbox 212 386 310 444">
    <p class='ocr_par' dir='ltr' id='par_1_1' title="bbox 212 386 310 444">
     <span class='ocr_line' id='line_1_1' title="bbox 212 386 310 444; baseline 0 -45"><span class='ocrx_word' id='word_1_1' title='bbox 212 386 310 444; x_wconf 55' lang='lat'><strong>5,9</strong></span> 
     </span>
    </p>
   </div>
   <div class='ocr_carea' id='block_1_2' title="bbox 900 360 2779 436">
    <p class='ocr_par' dir='ltr' id='par_1_2' title="bbox 900 360 2779 436">
     <span class='ocr_line' id='line_1_2' title="bbox 900 360 2779 436; baseline -0.007 0"><span class='ocrx_word' id='word_1_2' title='bbox 900 377 1251 436; x_wconf 77' lang='lat' dir='ltr'><strong>VARIURUM</strong></span> <span class='ocrx_word' id='word_1_3' title='bbox 1293 370 1889 431; x_wconf 75' lang='lat' dir='ltr'><strong>EXERCITATIONES</strong></span> <span class='ocrx_word' id='word_1_4' title='bbox 1925 368 1989 423; x_wconf 87' lang='lat' dir='ltr'><strong>IN</strong></span> <span class='ocrx_word' id='word_1_5' title='bbox 2027 367 2087 424; x_wconf 89' lang='lat' dir='ltr'><strong>S.</strong></span> <span class='ocrx_word' id='word_1_6' title='bbox 2130 363 2497 423; x_wconf 81' lang='lat' dir='ltr'><strong>AUGUSTINI</strong></span> <span class='ocrx_word' id='word_1_7' title='bbox 2536 360 2779 423; x_wconf 83' lang='lat' dir='ltr'><strong>OPERA.</strong></span> 
     </span>
    </p>
   </div>
   <div class='ocr_carea' id='block_1_3' title="bbox 3363 361 3468 419">
    <p class='ocr_par' dir='ltr' id='par_1_3' title="bbox 3363 361 3468 419">
     <span class='ocr_line' id='line_1_3' title="bbox 3363 361 3468 419; baseline 0 -1"><span class='ocrx_word' id='word_1_8' title='bbox 3363 361 3468 419; x_wconf 77' lang='lat'><strong>550</strong></span> 
     </span>
    </p>
   </div>
   <div class='ocr_carea' id='block_1_4' title="bbox 211 482 3468 571">
    <p class='ocr_par' dir='ltr' id='par_1_4' title="bbox 211 482 3468 571">
     <span class='ocr_line' id='line_1_4' title="bbox 211 482 3468 571; baseline -0.006 -14"><span class='ocrx_word' id='word_1_9' title='bbox 211 503 418 557; x_wconf 84' lang='lat' dir='ltr'><strong>lletium</strong></span> <span class='ocrx_word' id='word_1_10' title='bbox 448 515 577 557; x_wconf 83' lang='lat' dir='ltr'><strong>vero</strong></span> <span class='ocrx_word' id='word_1_11' title='bbox 603 510 745 571; x_wconf 90' lang='lat' dir='ltr'><strong>part.</strong></span> <span class='ocrx_word' id='word_1_12' title='bbox 774 500 830 568; x_wconf 72' lang='lat'><strong>2,</strong></span> <span class='ocrx_word' id='word_1_13' title='bbox 852 509 965 554; x_wconf 88' lang='lat' dir='ltr'><strong>not.</strong></span> <span class='ocrx_word' id='word_1_14' title='bbox 990 500 1046 550; x_wconf 89' lang='lat' dir='ltr'><strong>in</strong></span> <span class='ocrx_word' id='word_1_15' title='bbox 1065 497 1221 565; x_wconf 90' lang='lat' dir='ltr'><strong>epist.</strong></span> <span class='ocrx_word' id='word_1_16' title='bbox 1256 493 1461 548; x_wconf 83' lang='lat' dir='ltr'><strong>Paulini</strong></span> <span class='ocrx_word' id='word_1_17' title='bbox 1492 506 1611 559; x_wconf 91' lang='lat' dir='ltr'><strong>cap.</strong></span> <span class='ocrx_word' id='word_1_18' title='bbox 1642 488 1710 543; x_wconf 73' lang='grc'><strong>54</strong></span> <span class='ocrx_word' id='word_1_19' title='bbox 1738 496 1793 541; x_wconf 90' lang='lat' dir='ltr'><strong>et</strong></span> <span class='ocrx_word' id='word_1_20' title='bbox 1816 489 1868 550; x_wconf 81' lang='grc' dir='ltr'>Α</span> <span class='ocrx_word' id='word_1_21' title='bbox 1896 486 2030 541; x_wconf 79' lang='lat' dir='ltr'><strong>testa</strong></span> <span class='ocrx_word' id='word_1_22' title='bbox 2059 492 2395 554; x_wconf 78' lang='lat' dir='ltr'><strong>peragerent.</strong></span> <span class='ocrx_word' id='word_1_23' title='bbox 2430 483 2662 549; x_wconf 79' lang='lat' dir='ltr'><strong>Tempus</strong></span> <span class='ocrx_word' id='word_1_24' title='bbox 2692 495 2822 537; x_wconf 92' lang='lat' dir='ltr'><strong>vero</strong></span> <span class='ocrx_word' id='word_1_25' title='bbox 2850 482 3202 551; x_wconf 74' lang='lat' dir='ltr'><strong>navigationis</strong></span> <span class='ocrx_word' id='word_1_26' title='bbox 3244 484 3468 541; x_wconf 87' lang='lat' dir='ltr'><strong>Possidli</strong></span> 
     </span>
    </p>
   </div>
   <div class='ocr_carea' id='block_1_5' title="bbox 212 578 1794 661">
    <p class='ocr_par' dir='ltr' id='par_1_5' title="bbox 212 578 1794 661">
     <span class='ocr_line' id='line_1_5' title="bbox 212 578 1794 661; baseline -0.01 -12"><span class='ocrx_word' id='word_1_27' title='bbox 212 594 305 656; x_wconf 80' lang='lat'><strong>&#39;55,</strong></span> <span class='ocrx_word' id='word_1_28' title='bbox 333 608 480 647; x_wconf 83' lang='lat' dir='ltr'><strong>anno</strong></span> <span class='ocrx_word' id='word_1_29' title='bbox 516 593 621 647; x_wconf 75' lang='lat' dir='ltr'><strong>M6</strong></span> <span class='ocrx_word' id='word_1_30' title='bbox 656 590 894 661; x_wconf 81' lang='lat' dir='ltr'><strong>ejusdem</strong></span> <span class='ocrx_word' id='word_1_31' title='bbox 931 589 1134 643; x_wconf 80' lang='lat' dir='ltr'><strong>obitum</strong></span> <span class='ocrx_word' id='word_1_32' title='bbox 1167 586 1414 641; x_wconf 75' lang='lat' dir='ltr'><strong>recitare.</strong></span> <span class='ocrx_word' id='word_1_33' title='bbox 1457 582 1652 635; x_wconf 84' lang='lat' dir='ltr'><strong>Verum</strong></span> <span class='ocrx_word' id='word_1_34' title='bbox 1684 578 1794 633; x_wconf 89' lang='lat' dir='ltr'><strong>evi-</strong></span> 
     </span>
    </p>
   </div>
   <div class='ocr_carea' id='block_1_6' title="bbox 213 672 1793 753">
    <p class='ocr_par' dir='ltr' id='par_1_6' title="bbox 213 672 1793 753">
     <span class='ocr_line' id='line_1_6' title="bbox 213 672 1793 753; baseline -0.008 -17"><span class='ocrx_word' id='word_1_35' title='bbox 213 685 406 739; x_wconf 92' lang='lat' dir='ltr'><strong>denter</strong></span> <span class='ocrx_word' id='word_1_36' title='bbox 452 684 727 753; x_wconf 88' lang='lat' dir='ltr'><strong>utriusque</strong></span> <span class='ocrx_word' id='word_1_37' title='bbox 776 679 1254 738; x_wconf 88' lang='lat' dir='ltr'><strong>metacbronismos</strong></span> <span class='ocrx_word' id='word_1_38' title='bbox 1303 674 1507 730; x_wconf 77' lang='lat' dir='ltr'><strong>refello.</strong></span> <span class='ocrx_word' id='word_1_39' title='bbox 1553 672 1793 739; x_wconf 80' lang='lat' dir='ltr'><strong>Scriptor</strong></span> 
     </span>
    </p>
   </div>
   <div class='ocr_carea' id='block_1_7' title="bbox 214 761 1794 832">
    <p class='ocr_par' dir='ltr' id='par_1_7' title="bbox 214 761 1794 832">
     <span class='ocr_line' id='line_1_7' title="bbox 214 761 1794 832; baseline -0.007 -4"><span class='ocrx_word' id='word_1_40' title='bbox 214 780 342 830; x_wconf 68' lang='lat' dir='ltr'><strong>vita:</strong></span> <span class='ocrx_word' id='word_1_41' title='bbox 372 777 431 831; x_wconf 90' lang='lat' dir='ltr'><strong>S.</strong></span> <span class='ocrx_word' id='word_1_42' title='bbox 462 776 703 832; x_wconf 60' lang='lat' dir='ltr'><strong>Melaniae</strong></span> <span class='ocrx_word' id='word_1_43' title='bbox 732 781 915 830; x_wconf 88' lang='lat' dir='ltr'><strong>narrat</strong></span> <span class='ocrx_word' id='word_1_44' title='bbox 942 772 1182 829; x_wconf 82' lang='lat' dir='ltr'><strong>eamdem</strong></span> <span class='ocrx_word' id='word_1_45' title='bbox 1213 783 1353 823; x_wconf 88' lang='lat' dir='ltr'><strong>anno</strong></span> <span class='ocrx_word' id='word_1_46' title='bbox 1382 764 1555 820; x_wconf 54' lang='lat' dir='ltr'><strong>astatis</strong></span> <span class='ocrx_word' id='word_1_47' title='bbox 1583 761 1794 817; x_wconf 90' lang='lat' dir='ltr'><strong>decimo</strong></span> 
     </span>
    </p>
   </div>
   <div class='ocr_carea' id='block_1_8' title="bbox 213 852 1795 937">
    <p class='ocr_par' dir='ltr' id='par_1_8' title="bbox 213 852 1795 937">
     <span class='ocr_line' id='line_1_8' title="bbox 213 852 1795 937; baseline -0.011 -15"><span class='ocrx_word' id='word_1_48' title='bbox 213 879 412 937; x_wconf 90' lang='lat' dir='ltr'><strong>quarto</strong></span> <span class='ocrx_word' id='word_1_49' title='bbox 446 867 685 935; x_wconf 90' lang='lat' dir='ltr'><strong>junctam</strong></span> <span class='ocrx_word' id='word_1_50' title='bbox 727 864 896 919; x_wconf 77' lang='lat' dir='ltr'><strong>fuisse</strong></span> <span class='ocrx_word' id='word_1_51' title='bbox 931 862 1176 925; x_wconf 82' lang='lat' dir='ltr'><strong>Piniano,</strong></span> <span class='ocrx_word' id='word_1_52' title='bbox 1216 866 1271 913; x_wconf 89' lang='lat' dir='ltr'><strong>et</strong></span> <span class='ocrx_word' id='word_1_53' title='bbox 1312 870 1431 913; x_wconf 90' lang='lat' dir='ltr'><strong>cum</strong></span> <span class='ocrx_word' id='word_1_54' title='bbox 1479 854 1613 908; x_wconf 91' lang='lat' dir='ltr'><strong>duos</strong></span> <span class='ocrx_word' id='word_1_55' title='bbox 1660 852 1795 905; x_wconf 88' lang='lat' dir='ltr'><strong>lilios</strong></span> 
     </span>
    </p>
   </div>
   <div class='ocr_carea' id='block_1_9' title="bbox 216 944 1796 1029">
    <p class='ocr_par' dir='ltr' id='par_1_9' title="bbox 216 944 1796 1029">
     <span class='ocr_line' id='line_1_9' title="bbox 216 944 1796 1029; baseline -0.012 -14"><span class='ocrx_word' id='word_1_56' title='bbox 216 960 534 1029; x_wconf 83' lang='lat' dir='ltr'><strong>peperisset,</strong></span> <span class='ocrx_word' id='word_1_57' title='bbox 577 957 847 1027; x_wconf 87' lang='lat' dir='ltr'><strong>simulque</strong></span> <span class='ocrx_word' id='word_1_58' title='bbox 884 953 1181 1016; x_wconf 88' lang='lat' dir='ltr'><strong>amisisset,</strong></span> <span class='ocrx_word' id='word_1_59' title='bbox 1209 950 1276 1005; x_wconf 90' lang='lat' dir='ltr'><strong>de</strong></span> <span class='ocrx_word' id='word_1_60' title='bbox 1305 948 1410 1002; x_wconf 86' lang='lat' dir='ltr'><strong>vita</strong></span> <span class='ocrx_word' id='word_1_61' title='bbox 1440 944 1625 1001; x_wconf 83' lang='lat' dir='ltr'><strong>caelibe</strong></span> <span class='ocrx_word' id='word_1_62' title='bbox 1653 944 1796 999; x_wconf 89' lang='lat' dir='ltr'><strong>serio</strong></span> 
     </span>
    </p>
   </div>
   <div class='ocr_carea' id='block_1_10' title="bbox 218 1034 1797 1120">
    <p class='ocr_par' dir='ltr' id='par_1_10' title="bbox 218 1034 1797 1120">
     <span class='ocr_line' id='line_1_10' title="bbox 218 1034 1797 1120; baseline -0.012 -14"><span class='ocrx_word' id='word_1_63' title='bbox 218 1052 519 1120; x_wconf 79' lang='lat' dir='ltr'><strong>cogitasse;</strong></span> <span class='ocrx_word' id='word_1_64' title='bbox 561 1065 745 1105; x_wconf 89' lang='lat' dir='ltr'><strong>verum</strong></span> <span class='ocrx_word' id='word_1_65' title='bbox 788 1063 816 1102; x_wconf 90' lang='lat' dir='ltr'><strong>a</strong></span> <span class='ocrx_word' id='word_1_66' title='bbox 848 1056 1001 1114; x_wconf 85' lang='lat' dir='ltr'><strong>patre</strong></span> <span class='ocrx_word' id='word_1_67' title='bbox 1042 1043 1360 1112; x_wconf 82' lang='lat' dir='ltr'><strong>prohibitam</strong></span> <span class='ocrx_word' id='word_1_68' title='bbox 1389 1054 1455 1093; x_wconf 89' lang='lat' dir='ltr'><strong>ne</strong></span> <span class='ocrx_word' id='word_1_69' title='bbox 1494 1037 1635 1107; x_wconf 90' lang='lat' dir='ltr'><strong>pium</strong></span> <span class='ocrx_word' id='word_1_70' title='bbox 1669 1034 1797 1089; x_wconf 90' lang='lat' dir='ltr'><strong>illud</strong></span> 
     </span>
    </p>
   </div>
   <div class='ocr_carea' id='block_1_11' title="bbox 218 1132 1799 1213">
    <p class='ocr_par' dir='ltr' id='par_1_11' title="bbox 218 1132 1799 1213">
     <span class='ocr_line' id='line_1_11' title="bbox 218 1132 1799 1213; baseline -0.009 -18"><span class='ocrx_word' id='word_1_71' title='bbox 218 1144 556 1213; x_wconf 89' lang='lat' dir='ltr'><strong>propositum</strong></span> <span class='ocrx_word' id='word_1_72' title='bbox 594 1150 1000 1210; x_wconf 79' lang='lat' dir='ltr'><strong>exsequeretur.</strong></span> <span class='ocrx_word' id='word_1_73' title='bbox 1038 1138 1227 1192; x_wconf 86' lang='lat' dir='ltr'><strong>Postea</strong></span> <span class='ocrx_word' id='word_1_74' title='bbox 1265 1136 1381 1188; x_wconf 88' lang='lat' dir='ltr'><strong>ait:</strong></span> <span class='ocrx_word' id='word_1_75' title='bbox 1415 1132 1506 1187; x_wconf 88' lang='lat' dir='ltr'><strong>Eis</strong></span> <span class='ocrx_word' id='word_1_76' title='bbox 1536 1132 1737 1200; x_wconf 85' lang='lat' dir='ltr'><strong>quidem</strong></span> <span class='ocrx_word' id='word_1_77' title='bbox 1773 1145 1799 1181; x_wconf 87' lang='lat' dir='ltr'><strong>e</strong></span> 
     </span>
    </p>
   </div>
   <div class='ocr_carea' id='block_1_12' title="bbox 215 1222 1797 1298">
    <p class='ocr_par' dir='ltr' id='par_1_12' title="bbox 215 1222 1797 1298">
     <span class='ocr_line' id='line_1_12' title="bbox 215 1222 1797 1298; baseline -0.008 -11"><span class='ocrx_word' id='word_1_78' title='bbox 215 1236 342 1288; x_wconf 80' lang='lat' dir='ltr'><strong>vivis</strong></span> <span class='ocrx_word' id='word_1_79' title='bbox 385 1234 579 1289; x_wconf 70' lang='lat' dir='ltr'><strong>excedit</strong></span> <span class='ocrx_word' id='word_1_80' title='bbox 624 1232 866 1289; x_wconf 64' lang='lat' dir='ltr'><strong>Melaniae</strong></span> <span class='ocrx_word' id='word_1_81' title='bbox 911 1240 1074 1298; x_wconf 80' lang='lat' dir='ltr'><strong>pater.</strong></span> <span class='ocrx_word' id='word_1_82' title='bbox 1114 1229 1230 1295; x_wconf 87' lang='lat' dir='ltr'><strong>Quo</strong></span> <span class='ocrx_word' id='word_1_83' title='bbox 1267 1226 1480 1294; x_wconf 83' lang='lat' dir='ltr'><strong>quidem</strong></span> <span class='ocrx_word' id='word_1_84' title='bbox 1524 1222 1797 1285; x_wconf 79' lang='lat' dir='ltr'><strong>defuncto,</strong></span> 
     </span>
    </p>
   </div>
   <div class='ocr_carea' id='block_1_13' title="bbox 215 1312 1796 1384">
    <p class='ocr_par' dir='ltr' id='par_1_13' title="bbox 215 1312 1796 1384">
     <span class='ocr_line' id='line_1_13' title="bbox 215 1312 1796 1384; baseline -0.011 -5"><span class='ocrx_word' id='word_1_85' title='bbox 215 1326 449 1379; x_wconf 82' lang='lat' dir='ltr'><strong>Melania</strong></span> <span class='ocrx_word' id='word_1_86' title='bbox 486 1338 590 1379; x_wconf 91' lang='lat' dir='ltr'><strong>una</strong></span> <span class='ocrx_word' id='word_1_87' title='bbox 627 1337 749 1377; x_wconf 89' lang='lat' dir='ltr'><strong>cum</strong></span> <span class='ocrx_word' id='word_1_88' title='bbox 791 1321 1038 1384; x_wconf 82' lang='lat' dir='ltr'><strong>Piniano,</strong></span> <span class='ocrx_word' id='word_1_89' title='bbox 1084 1318 1223 1372; x_wconf 91' lang='lat' dir='ltr'><strong>thori</strong></span> <span class='ocrx_word' id='word_1_90' title='bbox 1260 1317 1517 1369; x_wconf 80' lang='lat' dir='ltr'><strong>societate</strong></span> <span class='ocrx_word' id='word_1_91' title='bbox 1555 1312 1796 1375; x_wconf 87' lang='lat' dir='ltr'><strong>dimissa,</strong></span> 
     </span>
    </p>
   </div>
   <div class='ocr_carea' id='block_1_14' title="bbox 211 1398 1799 1485">
    <p class='ocr_par' dir='ltr' id='par_1_14' title="bbox 211 1398 1799 1485">
     <span class='ocr_line' id='line_1_14' title="bbox 211 1398 1799 1485; baseline -0.009 -12"><span class='ocrx_word' id='word_1_92' title='bbox 211 1429 537 1485; x_wconf 87' lang='lat' dir='ltr'><strong>conceptum</strong></span> <span class='ocrx_word' id='word_1_93' title='bbox 576 1418 779 1473; x_wconf 87' lang='lat' dir='ltr'><strong>dudum</strong></span> <span class='ocrx_word' id='word_1_94' title='bbox 810 1424 972 1470; x_wconf 80' lang='lat' dir='ltr'><strong>castae</strong></span> <span class='ocrx_word' id='word_1_95' title='bbox 1009 1412 1131 1466; x_wconf 78' lang='lat' dir='ltr'><strong>vitae</strong></span> <span class='ocrx_word' id='word_1_96' title='bbox 1175 1398 1505 1480; x_wconf 68' lang='lat' dir='ltr'><strong>[impositum</strong></span> <span class='ocrx_word' id='word_1_97' title='bbox 1543 1414 1799 1462; x_wconf 79' lang='lat' dir='ltr'><strong>exsecuta</strong></span> 
     </span>
    </p>
   </div>
   <div class='ocr_carea' id='block_1_15' title="bbox 212 1502 1803 1565">
    <p class='ocr_par' dir='ltr' id='par_1_15' title="bbox 212 1502 1803 1565">
     <span class='ocr_line' id='line_1_15' title="bbox 212 1502 1803 1565; baseline -0.01 0"><span class='ocrx_word' id='word_1_98' title='bbox 212 1520 325 1565; x_wconf 88' lang='lat' dir='ltr'><strong>est.</strong></span> <span class='ocrx_word' id='word_1_99' title='bbox 362 1510 616 1565; x_wconf 85' lang='lat' dir='ltr'><strong>Audiatur</strong></span> <span class='ocrx_word' id='word_1_100' title='bbox 639 1509 882 1563; x_wconf 80' lang='lat' dir='ltr'><strong>laudatus</strong></span> <span class='ocrx_word' id='word_1_101' title='bbox 911 1515 1119 1561; x_wconf 82' lang='lat' dir='ltr'><strong>auctor.</strong></span> <span class='ocrx_word' id='word_1_102' title='bbox 1149 1502 1240 1556; x_wconf 89' lang='lat' dir='ltr'><strong>Illi</strong></span> <span class='ocrx_word' id='word_1_103' title='bbox 1267 1510 1436 1555; x_wconf 83' lang='lat' dir='ltr'><strong>autem</strong></span> <span class='ocrx_word' id='word_1_104' title='bbox 1460 1515 1576 1552; x_wconf 90' lang='lat' dir='ltr'><strong>cum</strong></span> <span class='ocrx_word' id='word_1_105' title='bbox 1600 1509 1803 1551; x_wconf 87' lang='lat' dir='ltr'><strong>amotus</strong></span> 
     </span>
    </p>
   </div>
   <div class='ocr_carea' id='block_1_16' title="bbox 154 1597 1803 1673">
    <p class='ocr_par' dir='ltr' id='par_1_16' title="bbox 154 1597 1803 1673">
     <span class='ocr_line' id='line_1_16' title="bbox 154 1597 1803 1673; baseline -0.009 -15"><span class='ocrx_word' id='word_1_106' title='bbox 154 1634 160 1641; x_wconf 67' lang='grc' dir='ltr'>ι</span> <span class='ocrx_word' id='word_1_107' title='bbox 215 1613 349 1658; x_wconf 88' lang='lat' dir='ltr'><strong>esset</strong></span> <span class='ocrx_word' id='word_1_108' title='bbox 378 1604 421 1657; x_wconf 96' lang='lat' dir='ltr'><strong>is</strong></span> <span class='ocrx_word' id='word_1_109' title='bbox 450 1603 536 1671; x_wconf 90' lang='lat' dir='ltr'><strong>qui</strong></span> <span class='ocrx_word' id='word_1_110' title='bbox 567 1600 884 1673; x_wconf 78' lang='lat' dir='ltr'><strong>prohibebat,</strong></span> <span class='ocrx_word' id='word_1_111' title='bbox 926 1601 1130 1668; x_wconf 86' lang='lat' dir='ltr'><strong>quando</strong></span> <span class='ocrx_word' id='word_1_112' title='bbox 1164 1597 1268 1651; x_wconf 88' lang='lat' dir='ltr'><strong>Deo</strong></span> <span class='ocrx_word' id='word_1_113' title='bbox 1295 1597 1455 1649; x_wconf 87' lang='lat' dir='ltr'><strong>visum</strong></span> <span class='ocrx_word' id='word_1_114' title='bbox 1483 1602 1577 1655; x_wconf 90' lang='lat' dir='ltr'><strong>est,</strong></span> <span class='ocrx_word' id='word_1_115' title='bbox 1600 1602 1647 1646; x_wconf 83' lang='lat' dir='ltr'><strong>et</strong></span> <span class='ocrx_word' id='word_1_116' title='bbox 1677 1600 1803 1644; x_wconf 86' lang='lat' dir='ltr'><strong>tem-</strong></span> 
     </span>
    </p>
   </div>
   <div class='ocr_carea' id='block_1_17' title="bbox 220 1684 1800 1762">
    <p class='ocr_par' dir='ltr' id='par_1_17' title="bbox 220 1684 1800 1762">
     <span class='ocr_line' id='line_1_17' title="bbox 220 1684 1800 1762; baseline -0.008 -13"><span class='ocrx_word' id='word_1_117' title='bbox 220 1711 317 1762; x_wconf 81' lang='lat' dir='ltr'><strong>pus</strong></span> <span class='ocrx_word' id='word_1_118' title='bbox 356 1694 587 1757; x_wconf 85' lang='lat' dir='ltr'><strong>vocabat,</strong></span> <span class='ocrx_word' id='word_1_119' title='bbox 630 1694 801 1747; x_wconf 78' lang='lat' dir='ltr'><strong>statim</strong></span> <span class='ocrx_word' id='word_1_120' title='bbox 841 1691 1042 1761; x_wconf 83' lang='lat' dir='ltr'><strong>quidem</strong></span> <span class='ocrx_word' id='word_1_121' title='bbox 1081 1697 1263 1744; x_wconf 74' lang='lat' dir='ltr'><strong>exeunt</strong></span> <span class='ocrx_word' id='word_1_122' title='bbox 1302 1703 1328 1740; x_wconf 88' lang='lat' dir='ltr'><strong>e</strong></span> <span class='ocrx_word' id='word_1_123' title='bbox 1359 1702 1544 1753; x_wconf 79' lang='lat' dir='ltr'><strong>magna</strong></span> <span class='ocrx_word' id='word_1_124' title='bbox 1583 1684 1800 1746; x_wconf 81' lang='lat' dir='ltr'><strong>civitate,</strong></span> 
     </span>
    </p>
   </div>
   <div class='ocr_carea' id='block_1_18' title="bbox 217 1773 1804 1847">
    <p class='ocr_par' dir='ltr' id='par_1_18' title="bbox 217 1773 1804 1847">
     <span class='ocr_line' id='line_1_18' title="bbox 217 1773 1804 1847; baseline -0.008 -9"><span class='ocrx_word' id='word_1_125' title='bbox 217 1785 473 1839; x_wconf 79' lang='lat' dir='ltr'><strong>urbanam</strong></span> <span class='ocrx_word' id='word_1_126' title='bbox 492 1785 869 1840; x_wconf 82' lang='lat' dir='ltr'><strong>multitudinem</strong></span> <span class='ocrx_word' id='word_1_127' title='bbox 886 1792 936 1836; x_wconf 90' lang='lat' dir='ltr'><strong>et</strong></span> <span class='ocrx_word' id='word_1_128' title='bbox 959 1783 1202 1836; x_wconf 77' lang='lat' dir='ltr'><strong>tumultus</strong></span> <span class='ocrx_word' id='word_1_129' title='bbox 1223 1780 1390 1833; x_wconf 90' lang='lat' dir='ltr'><strong>valere</strong></span> <span class='ocrx_word' id='word_1_130' title='bbox 1402 1778 1659 1847; x_wconf 85' lang='lat' dir='ltr'><strong>jubentes.</strong></span> <span class='ocrx_word' id='word_1_131' title='bbox 1676 1773 1804 1829; x_wconf 83' lang='lat' dir='ltr'><strong>Erat</strong></span> 
     </span>
    </p>
   </div>
   <div class='ocr_carea' id='block_1_19' title="bbox 212 1865 1804 1945">
    <p class='ocr_par' dir='ltr' id='par_1_19' title="bbox 212 1865 1804 1945">
     <span class='ocr_line' id='line_1_19' title="bbox 212 1865 1804 1945; baseline -0.006 -17"><span class='ocrx_word' id='word_1_132' title='bbox 212 1878 273 1928; x_wconf 88' lang='lat' dir='ltr'><strong>id</strong></span> <span class='ocrx_word' id='word_1_133' title='bbox 297 1877 539 1945; x_wconf 87' lang='lat' dir='ltr'><strong>temporis</strong></span> <span class='ocrx_word' id='word_1_134' title='bbox 561 1874 783 1928; x_wconf 79' lang='lat' dir='ltr'><strong>Piniano</strong></span> <span class='ocrx_word' id='word_1_135' title='bbox 808 1884 932 1929; x_wconf 72' lang='lat' dir='ltr'><strong>tetas</strong></span> <span class='ocrx_word' id='word_1_136' title='bbox 960 1872 1135 1943; x_wconf 83' lang='lat' dir='ltr'><strong>viginti</strong></span> <span class='ocrx_word' id='word_1_137' title='bbox 1153 1879 1373 1941; x_wconf 84' lang='lat' dir='ltr'><strong>quatuor</strong></span> <span class='ocrx_word' id='word_1_138' title='bbox 1398 1884 1667 1931; x_wconf 88' lang='lat' dir='ltr'><strong>annorum,</strong></span> <span class='ocrx_word' id='word_1_139' title='bbox 1693 1865 1804 1919; x_wconf 75' lang='lat' dir='ltr'><strong>Me-</strong></span> 
     </span>
    </p>
   </div>
   <div class='ocr_carea' id='block_1_20' title="bbox 214 1957 1802 2037">
    <p class='ocr_par' dir='ltr' id='par_1_20' title="bbox 214 1957 1802 2037">
     <span class='ocr_line' id='line_1_20' title="bbox 214 1957 1802 2037; baseline -0.007 -14"><span class='ocrx_word' id='word_1_140' title='bbox 214 1970 377 2023; x_wconf 72' lang='lat' dir='ltr'><strong>lania:</strong></span> <span class='ocrx_word' id='word_1_141' title='bbox 420 1976 589 2023; x_wconf 76' lang='lat' dir='ltr'><strong>autem</strong></span> <span class='ocrx_word' id='word_1_142' title='bbox 634 1968 834 2037; x_wconf 87' lang='lat' dir='ltr'><strong>viginti.</strong></span> <span class='ocrx_word' id='word_1_143' title='bbox 868 1966 1132 2021; x_wconf 87' lang='lat' dir='ltr'><strong>Palladius</strong></span> <span class='ocrx_word' id='word_1_144' title='bbox 1176 1965 1335 2019; x_wconf 88' lang='lat' dir='ltr'><strong>etiam</strong></span> <span class='ocrx_word' id='word_1_145' title='bbox 1375 1963 1548 2030; x_wconf 79' lang='lat' dir='ltr'><strong>Capite</strong></span> <span class='ocrx_word' id='word_1_146' title='bbox 1595 1960 1695 2014; x_wconf 89' lang='lat' dir='ltr'><strong>II9</strong></span> <span class='ocrx_word' id='word_1_147' title='bbox 1735 1957 1802 2013; x_wconf 90' lang='lat' dir='ltr'><strong>de</strong></span> 
     </span>
    </p>
   </div>
   <div class='ocr_carea' id='block_1_21' title="bbox 212 2050 1804 2127">
    <p class='ocr_par' dir='ltr' id='par_1_21' title="bbox 212 2050 1804 2127">
     <span class='ocr_line' id='line_1_21' title="bbox 212 2050 1804 2127; baseline -0.008 -12"><span class='ocrx_word' id='word_1_148' title='bbox 212 2061 413 2115; x_wconf 87' lang='lat' dir='ltr'><strong>eadem</strong></span> <span class='ocrx_word' id='word_1_149' title='bbox 442 2059 629 2114; x_wconf 87' lang='lat' dir='ltr'><strong>scribit</strong></span> <span class='ocrx_word' id='word_1_150' title='bbox 655 2076 669 2112; x_wconf 90' lang='lat'><strong>:</strong></span> <span class='ocrx_word' id='word_1_151' title='bbox 709 2057 959 2113; x_wconf 82' lang='lat' dir='ltr'><strong>Vicesimo</strong></span> <span class='ocrx_word' id='word_1_152' title='bbox 986 2073 1104 2127; x_wconf 89' lang='lat' dir='ltr'><strong>ergo</strong></span> <span class='ocrx_word' id='word_1_153' title='bbox 1132 2071 1237 2111; x_wconf 69' lang='lat' dir='ltr'><strong>suae</strong></span> <span class='ocrx_word' id='word_1_154' title='bbox 1265 2055 1429 2109; x_wconf 65' lang='lat' dir='ltr'><strong>aetatis</strong></span> <span class='ocrx_word' id='word_1_155' title='bbox 1454 2068 1588 2106; x_wconf 90' lang='lat' dir='ltr'><strong>anno</strong></span> <span class='ocrx_word' id='word_1_156' title='bbox 1616 2050 1804 2104; x_wconf 88' lang='lat' dir='ltr'><strong>mundo</strong></span> 
     </span>
    </p>
   </div>
   <div class='ocr_carea' id='block_1_22' title="bbox 215 2147 1803 2217">
    <p class='ocr_par' dir='ltr' id='par_1_22' title="bbox 215 2147 1803 2217">
     <span class='ocr_line' id='line_1_22' title="bbox 215 2147 1803 2217; baseline -0.005 -13"><span class='ocrx_word' id='word_1_157' title='bbox 215 2152 508 2205; x_wconf 83' lang='lat' dir='ltr'><strong>renuntiat.</strong></span> <span class='ocrx_word' id='word_1_158' title='bbox 539 2151 713 2217; x_wconf 85' lang='lat' dir='ltr'><strong>Quare</strong></span> <span class='ocrx_word' id='word_1_159' title='bbox 742 2149 997 2207; x_wconf 87' lang='lat' dir='ltr'><strong>Pinianus</strong></span> <span class='ocrx_word' id='word_1_160' title='bbox 1025 2147 1312 2215; x_wconf 68' lang='lat' dir='ltr'><strong>superstite</strong></span> <span class='ocrx_word' id='word_1_161' title='bbox 1340 2158 1531 2200; x_wconf 87' lang='lat' dir='ltr'><strong>socero</strong></span> <span class='ocrx_word' id='word_1_162' title='bbox 1557 2158 1648 2198; x_wconf 82' lang='lat' dir='ltr'><strong>sex</strong></span> <span class='ocrx_word' id='word_1_163' title='bbox 1680 2151 1803 2196; x_wconf 90' lang='lat' dir='ltr'><strong>tan-</strong></span> 
     </span>
    </p>
   </div>
   <div class='ocr_carea' id='block_1_23' title="bbox 221 2233 1804 2299">
    <p class='ocr_par' dir='ltr' id='par_1_23' title="bbox 221 2233 1804 2299">
     <span class='ocr_line' id='line_1_23' title="bbox 221 2233 1804 2299; baseline -0.007 0"><span class='ocrx_word' id='word_1_164' title='bbox 221 2255 338 2299; x_wconf 88' lang='lat' dir='ltr'><strong>tum</strong></span> <span class='ocrx_word' id='word_1_165' title='bbox 368 2244 520 2299; x_wconf 89' lang='lat' dir='ltr'><strong>annis</strong></span> <span class='ocrx_word' id='word_1_166' title='bbox 548 2258 667 2297; x_wconf 90' lang='lat' dir='ltr'><strong>cum</strong></span> <span class='ocrx_word' id='word_1_167' title='bbox 701 2257 865 2297; x_wconf 76' lang='lat' dir='ltr'><strong>uxore</strong></span> <span class='ocrx_word' id='word_1_168' title='bbox 902 2241 1125 2297; x_wconf 88' lang='lat' dir='ltr'><strong>Melania</strong></span> <span class='ocrx_word' id='word_1_169' title='bbox 1154 2240 1301 2293; x_wconf 80' lang='lat' dir='ltr'><strong>vixit.</strong></span> <span class='ocrx_word' id='word_1_170' title='bbox 1349 2238 1490 2292; x_wconf 87' lang='lat' dir='ltr'><strong>Idem</strong></span> <span class='ocrx_word' id='word_1_171' title='bbox 1531 2251 1656 2290; x_wconf 88' lang='lat' dir='ltr'><strong>vero</strong></span> <span class='ocrx_word' id='word_1_172' title='bbox 1685 2233 1804 2288; x_wconf 83' lang='lat' dir='ltr'><strong>Pal-</strong></span> 
     </span>
    </p>
   </div>
   <div class='ocr_carea' id='block_1_24' title="bbox 218 2328 1801 2399">
    <p class='ocr_par' dir='ltr' id='par_1_24' title="bbox 218 2328 1801 2399">
     <span class='ocr_line' id='line_1_24' title="bbox 218 2328 1801 2399; baseline -0.006 -9"><span class='ocrx_word' id='word_1_173' title='bbox 218 2337 399 2391; x_wconf 86' lang='lat' dir='ltr'><strong>ladius</strong></span> <span class='ocrx_word' id='word_1_174' title='bbox 432 2336 499 2391; x_wconf 90' lang='lat' dir='ltr'><strong>de</strong></span> <span class='ocrx_word' id='word_1_175' title='bbox 536 2335 759 2390; x_wconf 82' lang='lat' dir='ltr'><strong>Melania</strong></span> <span class='ocrx_word' id='word_1_176' title='bbox 802 2334 1003 2391; x_wconf 81' lang='lat' dir='ltr'><strong>seniori</strong></span> <span class='ocrx_word' id='word_1_177' title='bbox 1041 2333 1282 2387; x_wconf 89' lang='lat' dir='ltr'><strong>scribens</strong></span> <span class='ocrx_word' id='word_1_178' title='bbox 1317 2346 1439 2399; x_wconf 82' lang='lat' dir='ltr'><strong>cap.</strong></span> <span class='ocrx_word' id='word_1_179' title='bbox 1493 2328 1627 2391; x_wconf 61' lang='lat'><strong>1&#39;18,</strong></span> <span class='ocrx_word' id='word_1_180' title='bbox 1678 2328 1754 2382; x_wconf 88' lang='lat' dir='ltr'><strong>ait</strong></span> <span class='ocrx_word' id='word_1_181' title='bbox 1786 2343 1801 2381; x_wconf 89' lang='lat'><strong>:</strong></span> 
     </span>
    </p>
   </div>
   <div class='ocr_carea' id='block_1_25' title="bbox 218 2421 1797 2497">
    <p class='ocr_par' dir='ltr' id='par_1_25' title="bbox 218 2421 1797 2497">
     <span class='ocr_line' id='line_1_25' title="bbox 218 2421 1797 2497; baseline -0.004 -17"><span class='ocrx_word' id='word_1_182' title='bbox 218 2427 410 2482; x_wconf 76' lang='lat' dir='ltr'><strong>Multis</strong></span> <span class='ocrx_word' id='word_1_183' title='bbox 436 2430 606 2497; x_wconf 87' lang='lat' dir='ltr'><strong>itaque</strong></span> <span class='ocrx_word' id='word_1_184' title='bbox 627 2436 736 2495; x_wconf 87' lang='lat' dir='ltr'><strong>post</strong></span> <span class='ocrx_word' id='word_1_185' title='bbox 765 2428 934 2493; x_wconf 87' lang='lat' dir='ltr'><strong>annis,</strong></span> <span class='ocrx_word' id='word_1_186' title='bbox 954 2441 1077 2479; x_wconf 86' lang='lat' dir='ltr'><strong>cum</strong></span> <span class='ocrx_word' id='word_1_187' title='bbox 1107 2425 1169 2478; x_wconf 88' lang='lat' dir='ltr'><strong>de</strong></span> <span class='ocrx_word' id='word_1_188' title='bbox 1196 2424 1360 2491; x_wconf 88' lang='lat' dir='ltr'><strong>neptis</strong></span> <span class='ocrx_word' id='word_1_189' title='bbox 1388 2431 1525 2475; x_wconf 85' lang='lat' dir='ltr'><strong>statu</strong></span> <span class='ocrx_word' id='word_1_190' title='bbox 1549 2421 1797 2485; x_wconf 85' lang='lat' dir='ltr'><strong>audisset,</strong></span> 
     </span>
    </p>
   </div>
   <div class='ocr_carea' id='block_1_26' title="bbox 213 2512 1807 2589">
    <p class='ocr_par' dir='ltr' id='par_1_26' title="bbox 213 2512 1807 2589">
     <span class='ocr_line' id='line_1_26' title="bbox 213 2512 1807 2589; baseline -0.007 -15"><span class='ocrx_word' id='word_1_191' title='bbox 213 2529 270 2573; x_wconf 74' lang='lat' dir='ltr'><strong>et</strong></span> <span class='ocrx_word' id='word_1_192' title='bbox 300 2536 415 2574; x_wconf 86' lang='lat' dir='ltr'><strong>eam</strong></span> <span class='ocrx_word' id='word_1_193' title='bbox 445 2520 709 2589; x_wconf 82' lang='lat' dir='ltr'><strong>nupsisse,</strong></span> <span class='ocrx_word' id='word_1_194' title='bbox 746 2525 797 2572; x_wconf 89' lang='lat' dir='ltr'><strong>et</strong></span> <span class='ocrx_word' id='word_1_195' title='bbox 822 2517 947 2573; x_wconf 83' lang='lat' dir='ltr'><strong>velle</strong></span> <span class='ocrx_word' id='word_1_196' title='bbox 970 2516 1159 2572; x_wconf 76' lang='lat' dir='ltr'><strong>swculo</strong></span> <span class='ocrx_word' id='word_1_197' title='bbox 1187 2516 1519 2569; x_wconf 79' lang='lat' dir='ltr'><strong>renuntiare:</strong></span> <span class='ocrx_word' id='word_1_198' title='bbox 1558 2512 1715 2566; x_wconf 88' lang='lat' dir='ltr'><strong>verita</strong></span> <span class='ocrx_word' id='word_1_199' title='bbox 1744 2526 1807 2564; x_wconf 88' lang='lat' dir='ltr'><strong>ne</strong></span> 
     </span>
    </p>
   </div>
   <div class='ocr_carea' id='block_1_27' title="bbox 213 2605 1800 2685">
    <p class='ocr_par' dir='ltr' id='par_1_27' title="bbox 213 2605 1800 2685">
     <span class='ocr_line' id='line_1_27' title="bbox 213 2605 1800 2685; baseline -0.007 -17"><span class='ocrx_word' id='word_1_200' title='bbox 213 2616 361 2684; x_wconf 83' lang='lat' dir='ltr'><strong>forte</strong></span> <span class='ocrx_word' id='word_1_201' title='bbox 398 2616 451 2668; x_wconf 88' lang='lat' dir='ltr'><strong>in</strong></span> <span class='ocrx_word' id='word_1_202' title='bbox 478 2615 701 2685; x_wconf 88' lang='lat' dir='ltr'><strong>aliquam</strong></span> <span class='ocrx_word' id='word_1_203' title='bbox 726 2613 1073 2682; x_wconf 85' lang='lat' dir='ltr'><strong>abriperentur</strong></span> <span class='ocrx_word' id='word_1_204' title='bbox 1101 2610 1403 2675; x_wconf 80' lang='lat' dir='ltr'><strong>doctrinam,</strong></span> <span class='ocrx_word' id='word_1_205' title='bbox 1432 2606 1507 2659; x_wconf 89' lang='lat' dir='ltr'><strong>vel</strong></span> <span class='ocrx_word' id='word_1_206' title='bbox 1546 2605 1800 2671; x_wconf 80' lang='lat' dir='ltr'><strong>Itteresim,</strong></span> 
     </span>
    </p>
   </div>
   <div class='ocr_carea' id='block_1_28' title="bbox 214 2695 1802 2769">
    <p class='ocr_par' dir='ltr' id='par_1_28' title="bbox 214 2695 1802 2769">
     <span class='ocr_line' id='line_1_28' title="bbox 214 2695 1802 2769; baseline -0.008 -10"><span class='ocrx_word' id='word_1_207' title='bbox 214 2704 299 2759; x_wconf 69' lang='lat' dir='ltr'><strong>vel</strong></span> <span class='ocrx_word' id='word_1_208' title='bbox 328 2704 520 2759; x_wconf 87' lang='lat' dir='ltr'><strong>malam</strong></span> <span class='ocrx_word' id='word_1_209' title='bbox 548 2705 721 2769; x_wconf 88' lang='lat' dir='ltr'><strong>vitam,</strong></span> <span class='ocrx_word' id='word_1_210' title='bbox 747 2718 877 2757; x_wconf 85' lang='lat' dir='ltr'><strong>anus</strong></span> <span class='ocrx_word' id='word_1_211' title='bbox 900 2701 968 2757; x_wconf 83' lang='grc'><strong>60</strong></span> <span class='ocrx_word' id='word_1_212' title='bbox 997 2717 1159 2754; x_wconf 89' lang='lat' dir='ltr'><strong>annos</strong></span> <span class='ocrx_word' id='word_1_213' title='bbox 1196 2706 1317 2752; x_wconf 86' lang='lat' dir='ltr'><strong>nata</strong></span> <span class='ocrx_word' id='word_1_214' title='bbox 1351 2712 1526 2751; x_wconf 86' lang='lat' dir='ltr'><strong>navem</strong></span> <span class='ocrx_word' id='word_1_215' title='bbox 1553 2695 1802 2760; x_wconf 81' lang='lat' dir='ltr'><strong>ascendit,</strong></span> 
     </span>
    </p>
   </div>
   <div class='ocr_carea' id='block_1_29' title="bbox 214 2788 1802 2865">
    <p class='ocr_par' dir='ltr' id='par_1_29' title="bbox 214 2788 1802 2865">
     <span class='ocr_line' id='line_1_29' title="bbox 214 2788 1802 2865; baseline -0.008 -14"><span class='ocrx_word' id='word_1_216' title='bbox 214 2808 267 2851; x_wconf 83' lang='lat' dir='ltr'><strong>et</strong></span> <span class='ocrx_word' id='word_1_217' title='bbox 290 2796 529 2851; x_wconf 71' lang='lat' dir='ltr'><strong>Cttsarea</strong></span> <span class='ocrx_word' id='word_1_218' title='bbox 547 2797 790 2865; x_wconf 84' lang='lat' dir='ltr'><strong>navigans</strong></span> <span class='ocrx_word' id='word_1_219' title='bbox 808 2794 984 2863; x_wconf 86' lang='lat' dir='ltr'><strong>viginti</strong></span> <span class='ocrx_word' id='word_1_220' title='bbox 1005 2793 1202 2845; x_wconf 83' lang='lat' dir='ltr'><strong>dierum</strong></span> <span class='ocrx_word' id='word_1_221' title='bbox 1223 2791 1386 2859; x_wconf 87' lang='lat' dir='ltr'><strong>spatio</strong></span> <span class='ocrx_word' id='word_1_222' title='bbox 1412 2790 1628 2844; x_wconf 79' lang='lat' dir='ltr'><strong>Romam</strong></span> <span class='ocrx_word' id='word_1_223' title='bbox 1648 2788 1802 2842; x_wconf 86' lang='lat' dir='ltr'><strong>venit.</strong></span> 
     </span>
    </p>
   </div>
   <div class='ocr_carea' id='block_1_30' title="bbox 222 2879 1805 2956">
    <p class='ocr_par' dir='ltr' id='par_1_30' title="bbox 222 2879 1805 2956">
     <span class='ocr_line' id='line_1_30' title="bbox 222 2879 1805 2956; baseline -0.006 -13"><span class='ocrx_word' id='word_1_224' title='bbox 222 2888 486 2956; x_wconf 83' lang='lat' dir='ltr'><strong>Ejusdem</strong></span> <span class='ocrx_word' id='word_1_225' title='bbox 510 2889 561 2941; x_wconf 89' lang='lat' dir='ltr'><strong>in</strong></span> <span class='ocrx_word' id='word_1_226' title='bbox 595 2886 799 2941; x_wconf 88' lang='lat' dir='ltr'><strong>Italiam</strong></span> <span class='ocrx_word' id='word_1_227' title='bbox 827 2900 927 2939; x_wconf 91' lang='lat' dir='ltr'><strong>una</strong></span> <span class='ocrx_word' id='word_1_228' title='bbox 959 2900 1077 2938; x_wconf 91' lang='lat' dir='ltr'><strong>cum</strong></span> <span class='ocrx_word' id='word_1_229' title='bbox 1110 2881 1300 2936; x_wconf 82' lang='lat' dir='ltr'><strong>Ruﬁno</strong></span> <span class='ocrx_word' id='word_1_230' title='bbox 1328 2882 1637 2944; x_wconf 88' lang='lat' dir='ltr'><strong>adventum,</strong></span> <span class='ocrx_word' id='word_1_231' title='bbox 1663 2879 1805 2946; x_wconf 80' lang='lat' dir='ltr'><strong>ejus-</strong></span> 
     </span>
    </p>
   </div>
   <div class='ocr_carea' id='block_1_31' title="bbox 217 2971 1808 3044">
    <p class='ocr_par' dir='ltr' id='par_1_31' title="bbox 217 2971 1808 3044">
     <span class='ocr_line' id='line_1_31' title="bbox 217 2971 1808 3044; baseline -0.006 -11"><span class='ocrx_word' id='word_1_232' title='bbox 217 2993 329 3044; x_wconf 86' lang='lat' dir='ltr'><strong>que</strong></span> <span class='ocrx_word' id='word_1_233' title='bbox 350 2978 574 3032; x_wconf 80' lang='lat' dir='ltr'><strong>Romam</strong></span> <span class='ocrx_word' id='word_1_234' title='bbox 599 2979 698 3031; x_wconf 86' lang='lat' dir='ltr'><strong>iter</strong></span> <span class='ocrx_word' id='word_1_235' title='bbox 720 2976 887 3030; x_wconf 80' lang='lat' dir='ltr'><strong>fusius</strong></span> <span class='ocrx_word' id='word_1_236' title='bbox 909 2973 1165 3030; x_wconf 84' lang='lat' dir='ltr'><strong>describit</strong></span> <span class='ocrx_word' id='word_1_237' title='bbox 1186 2975 1237 3027; x_wconf 94' lang='lat' dir='ltr'><strong>in</strong></span> <span class='ocrx_word' id='word_1_238' title='bbox 1265 2972 1490 3042; x_wconf 68' lang='lat' dir='ltr'><strong>epistola</strong></span> <span class='ocrx_word' id='word_1_239' title='bbox 1520 2972 1585 3026; x_wconf 22' lang='lat'><strong>‘10</strong></span> <span class='ocrx_word' id='word_1_240' title='bbox 1612 2972 1679 3027; x_wconf 89' lang='lat' dir='ltr'><strong>ad</strong></span> <span class='ocrx_word' id='word_1_241' title='bbox 1708 2971 1808 3031; x_wconf 80' lang='lat' dir='ltr'><strong>Se-</strong></span> 
     </span>
    </p>
   </div>
   <div class='ocr_carea' id='block_1_32' title="bbox 218 3064 1803 3137">
    <p class='ocr_par' dir='ltr' id='par_1_32' title="bbox 218 3064 1803 3137">
     <span class='ocr_line' id='line_1_32' title="bbox 218 3064 1803 3137; baseline -0.003 -13"><span class='ocrx_word' id='word_1_242' title='bbox 218 3088 411 3126; x_wconf 76' lang='lat' dir='ltr'><strong>verum</strong></span> <span class='ocrx_word' id='word_1_243' title='bbox 445 3071 503 3125; x_wconf 92' lang='lat' dir='ltr'><strong>S.</strong></span> <span class='ocrx_word' id='word_1_244' title='bbox 528 3071 801 3135; x_wconf 88' lang='lat' dir='ltr'><strong>Paulinus,</strong></span> <span class='ocrx_word' id='word_1_245' title='bbox 824 3067 964 3135; x_wconf 88' lang='lat' dir='ltr'><strong>apud</strong></span> <span class='ocrx_word' id='word_1_246' title='bbox 995 3082 1151 3137; x_wconf 87' lang='lat' dir='ltr'><strong>quem</strong></span> <span class='ocrx_word' id='word_1_247' title='bbox 1196 3066 1282 3120; x_wconf 89' lang='lat' dir='ltr'><strong>illa</strong></span> <span class='ocrx_word' id='word_1_248' title='bbox 1312 3066 1364 3120; x_wconf 88' lang='lat' dir='ltr'><strong>in</strong></span> <span class='ocrx_word' id='word_1_249' title='bbox 1394 3064 1676 3133; x_wconf 84' lang='lat' dir='ltr'><strong>Campania</strong></span> <span class='ocrx_word' id='word_1_250' title='bbox 1709 3064 1803 3119; x_wconf 54' lang='lat' dir='ltr'><strong>hoc</strong></span> 
     </span>
    </p>
   </div>
   <div class='ocr_carea' id='block_1_33' title="bbox 222 3157 1804 3232">
    <p class='ocr_par' dir='ltr' id='par_1_33' title="bbox 222 3157 1804 3232">
     <span class='ocr_line' id='line_1_33' title="bbox 222 3157 1804 3232; baseline -0.006 -13"><span class='ocrx_word' id='word_1_251' title='bbox 222 3168 419 3232; x_wconf 84' lang='lat' dir='ltr'><strong>spitata</strong></span> <span class='ocrx_word' id='word_1_252' title='bbox 448 3173 551 3219; x_wconf 85' lang='lat' dir='ltr'><strong>est.</strong></span> <span class='ocrx_word' id='word_1_253' title='bbox 572 3164 705 3219; x_wconf 88' lang='lat' dir='ltr'><strong>Cum</strong></span> <span class='ocrx_word' id='word_1_254' title='bbox 731 3178 859 3218; x_wconf 86' lang='lat' dir='ltr'><strong>vero</strong></span> <span class='ocrx_word' id='word_1_255' title='bbox 884 3164 1094 3217; x_wconf 86' lang='lat' dir='ltr'><strong>vivente</strong></span> <span class='ocrx_word' id='word_1_256' title='bbox 1118 3161 1311 3217; x_wconf 85' lang='lat' dir='ltr'><strong>Siricio</strong></span> <span class='ocrx_word' id='word_1_257' title='bbox 1338 3160 1561 3213; x_wconf 85' lang='lat' dir='ltr'><strong>Melania</strong></span> <span class='ocrx_word' id='word_1_258' title='bbox 1586 3170 1638 3213; x_wconf 91' lang='lat' dir='ltr'><strong>et</strong></span> <span class='ocrx_word' id='word_1_259' title='bbox 1660 3157 1804 3213; x_wconf 85' lang='lat' dir='ltr'><strong>Ruﬁ-</strong></span> 
     </span>
    </p>
   </div>
   <div class='ocr_carea' id='block_1_34' title="bbox 224 3251 1801 3319">
    <p class='ocr_par' dir='ltr' id='par_1_34' title="bbox 224 3251 1801 3319">
     <span class='ocr_line' id='line_1_34' title="bbox 224 3251 1801 3319; baseline -0.004 -9"><span class='ocrx_word' id='word_1_260' title='bbox 224 3272 331 3312; x_wconf 90' lang='lat' dir='ltr'><strong>nus</strong></span> <span class='ocrx_word' id='word_1_261' title='bbox 360 3256 583 3310; x_wconf 81' lang='lat' dir='ltr'><strong>ROmam</strong></span> <span class='ocrx_word' id='word_1_262' title='bbox 613 3255 947 3319; x_wconf 84' lang='lat' dir='ltr'><strong>advenerim,</strong></span> <span class='ocrx_word' id='word_1_263' title='bbox 977 3264 1032 3308; x_wconf 89' lang='lat' dir='ltr'><strong>ut</strong></span> <span class='ocrx_word' id='word_1_264' title='bbox 1059 3263 1282 3308; x_wconf 77' lang='lat' dir='ltr'><strong>testatur</strong></span> <span class='ocrx_word' id='word_1_265' title='bbox 1309 3251 1663 3319; x_wconf 81' lang='lat' dir='ltr'><strong>Hieronymus</strong></span> <span class='ocrx_word' id='word_1_266' title='bbox 1681 3265 1801 3304; x_wconf 90' lang='lat' dir='ltr'><strong>cum</strong></span> 
     </span>
    </p>
   </div>
   <div class='ocr_carea' id='block_1_35' title="bbox 218 3344 1805 3419">
    <p class='ocr_par' dir='ltr' id='par_1_35' title="bbox 218 3344 1805 3419">
     <span class='ocr_line' id='line_1_35' title="bbox 218 3344 1805 3419; baseline -0.004 -15"><span class='ocrx_word' id='word_1_267' title='bbox 218 3352 279 3405; x_wconf 89' lang='lat' dir='ltr'><strong>in</strong></span> <span class='ocrx_word' id='word_1_268' title='bbox 308 3351 552 3419; x_wconf 83' lang='lat' dir='ltr'><strong>apologia</strong></span> <span class='ocrx_word' id='word_1_269' title='bbox 578 3348 832 3415; x_wconf 85' lang='lat' dir='ltr'><strong>secunda,</strong></span> <span class='ocrx_word' id='word_1_270' title='bbox 869 3356 978 3403; x_wconf 89' lang='lat' dir='ltr'><strong>tum</strong></span> <span class='ocrx_word' id='word_1_271' title='bbox 1014 3347 1070 3402; x_wconf 85' lang='lat' dir='ltr'><strong>in</strong></span> <span class='ocrx_word' id='word_1_272' title='bbox 1104 3346 1328 3416; x_wconf 89' lang='lat' dir='ltr'><strong>epistola</strong></span> <span class='ocrx_word' id='word_1_273' title='bbox 1368 3345 1457 3410; x_wconf 85' lang='lat' dir='ltr'><strong>I6,</strong></span> <span class='ocrx_word' id='word_1_274' title='bbox 1488 3360 1606 3415; x_wconf 65' lang='lat' dir='ltr'><strong>quae</strong></span> <span class='ocrx_word' id='word_1_275' title='bbox 1637 3344 1805 3412; x_wconf 83' lang='lat' dir='ltr'><strong>epita-</strong></span> 
     </span>
    </p>
   </div>
   <div class='ocr_carea' id='block_1_36' title="bbox 217 3435 1803 3512">
    <p class='ocr_par' dir='ltr' id='par_1_36' title="bbox 217 3435 1803 3512">
     <span class='ocr_line' id='line_1_36' title="bbox 217 3435 1803 3512; baseline -0.004 -17"><span class='ocrx_word' id='word_1_276' title='bbox 217 3441 414 3512; x_wconf 87' lang='lat' dir='ltr'><strong>phium</strong></span> <span class='ocrx_word' id='word_1_277' title='bbox 440 3440 701 3495; x_wconf 66' lang='lat' dir='ltr'><strong>Marcellae</strong></span> <span class='ocrx_word' id='word_1_278' title='bbox 735 3439 1065 3504; x_wconf 85' lang='lat' dir='ltr'><strong>inscribitur,</strong></span> <span class='ocrx_word' id='word_1_279' title='bbox 1102 3438 1273 3506; x_wconf 90' lang='lat' dir='ltr'><strong>palam</strong></span> <span class='ocrx_word' id='word_1_280' title='bbox 1302 3438 1361 3492; x_wconf 85' lang='lat' dir='ltr'><strong>lit</strong></span> <span class='ocrx_word' id='word_1_281' title='bbox 1390 3452 1530 3492; x_wconf 90' lang='lat' dir='ltr'><strong>anno</strong></span> <span class='ocrx_word' id='word_1_282' title='bbox 1562 3436 1686 3500; x_wconf 75' lang='lat'><strong>597,</strong></span> <span class='ocrx_word' id='word_1_283' title='bbox 1713 3435 1803 3503; x_wconf 88' lang='lat' dir='ltr'><strong>qui</strong></span> 
     </span>
    </p>
   </div>
   <div class='ocr_carea' id='block_1_37' title="bbox 218 3528 1806 3602">
    <p class='ocr_par' dir='ltr' id='par_1_37' title="bbox 218 3528 1806 3602">
     <span class='ocr_line' id='line_1_37' title="bbox 218 3528 1806 3602; baseline -0.002 -16"><span class='ocrx_word' id='word_1_284' title='bbox 218 3543 533 3602; x_wconf 87' lang='lat' dir='ltr'><strong>postremus</strong></span> <span class='ocrx_word' id='word_1_285' title='bbox 562 3532 753 3588; x_wconf 88' lang='lat' dir='ltr'><strong>Siricio</strong></span> <span class='ocrx_word' id='word_1_286' title='bbox 784 3530 902 3595; x_wconf 82' lang='lat' dir='ltr'><strong>fuit,</strong></span> <span class='ocrx_word' id='word_1_287' title='bbox 932 3531 1209 3586; x_wconf 83' lang='lat' dir='ltr'><strong>Pinianqu</strong></span> <span class='ocrx_word' id='word_1_288' title='bbox 1234 3530 1476 3599; x_wconf 90' lang='lat' dir='ltr'><strong>junctum</strong></span> <span class='ocrx_word' id='word_1_289' title='bbox 1508 3528 1668 3585; x_wconf 82' lang='lat' dir='ltr'><strong>fuisse</strong></span> <span class='ocrx_word' id='word_1_290' title='bbox 1697 3528 1806 3583; x_wconf 86' lang='lat' dir='ltr'><strong>Me-</strong></span> 
     </span>
    </p>
   </div>
   <div class='ocr_carea' id='block_1_38' title="bbox 218 3621 1807 3693">
    <p class='ocr_par' dir='ltr' id='par_1_38' title="bbox 218 3621 1807 3693">
     <span class='ocr_line' id='line_1_38' title="bbox 218 3621 1807 3693; baseline -0.003 -14"><span class='ocrx_word' id='word_1_291' title='bbox 218 3627 392 3680; x_wconf 73' lang='lat' dir='ltr'><strong>lanire</strong></span> <span class='ocrx_word' id='word_1_292' title='bbox 416 3624 614 3693; x_wconf 91' lang='lat' dir='ltr'><strong>juniori</strong></span> <span class='ocrx_word' id='word_1_293' title='bbox 633 3665 649 3689; x_wconf 95' lang='lat'><strong>,</strong></span> <span class='ocrx_word' id='word_1_294' title='bbox 688 3637 865 3693; x_wconf 89' lang='lat' dir='ltr'><strong>neque</strong></span> <span class='ocrx_word' id='word_1_295' title='bbox 908 3636 1062 3690; x_wconf 83' lang='lat' dir='ltr'><strong>posse</strong></span> <span class='ocrx_word' id='word_1_296' title='bbox 1093 3623 1254 3689; x_wconf 87' lang='lat' dir='ltr'><strong>patris</strong></span> <span class='ocrx_word' id='word_1_297' title='bbox 1282 3621 1520 3689; x_wconf 77' lang='lat' dir='ltr'><strong>ejusdem</strong></span> <span class='ocrx_word' id='word_1_298' title='bbox 1550 3629 1605 3675; x_wconf 90' lang='lat' dir='ltr'><strong>et</strong></span> <span class='ocrx_word' id='word_1_299' title='bbox 1633 3622 1807 3676; x_wconf 77' lang='lat' dir='ltr'><strong>soceri</strong></span> 
     </span>
    </p>
   </div>
   <div class='ocr_carea' id='block_1_39' title="bbox 221 3713 1806 3781">
    <p class='ocr_par' dir='ltr' id='par_1_39' title="bbox 221 3713 1806 3781">
     <span class='ocr_line' id='line_1_39' title="bbox 221 3713 1806 3781; baseline -0.002 -11"><span class='ocrx_word' id='word_1_300' title='bbox 221 3717 439 3770; x_wconf 85' lang='lat' dir='ltr'><strong>Piniaui</strong></span> <span class='ocrx_word' id='word_1_301' title='bbox 474 3715 670 3770; x_wconf 90' lang='lat' dir='ltr'><strong>obitum</strong></span> <span class='ocrx_word' id='word_1_302' title='bbox 706 3714 943 3781; x_wconf 86' lang='lat' dir='ltr'><strong>protrahi</strong></span> <span class='ocrx_word' id='word_1_303' title='bbox 977 3714 1060 3767; x_wconf 85' lang='lat' dir='ltr'><strong>vel</strong></span> <span class='ocrx_word' id='word_1_304' title='bbox 1092 3728 1211 3767; x_wconf 93' lang='lat' dir='ltr'><strong>cum</strong></span> <span class='ocrx_word' id='word_1_305' title='bbox 1244 3713 1470 3768; x_wconf 89' lang='lat' dir='ltr'><strong>Baronio</strong></span> <span class='ocrx_word' id='word_1_306' title='bbox 1506 3713 1571 3766; x_wconf 90' lang='lat' dir='ltr'><strong>ad</strong></span> <span class='ocrx_word' id='word_1_307' title='bbox 1609 3728 1806 3767; x_wconf 86' lang='lat' dir='ltr'><strong>annum</strong></span> 
     </span>
    </p>
   </div>
   <div class='ocr_carea' id='block_1_40' title="bbox 223 3805 1807 3872">
    <p class='ocr_par' dir='ltr' id='par_1_40' title="bbox 223 3805 1807 3872">
     <span class='ocr_line' id='line_1_40' title="bbox 223 3805 1807 3872; baseline -0.004 -8"><span class='ocrx_word' id='word_1_308' title='bbox 223 3809 358 3872; x_wconf 62' lang='grc'>409,</span> <span class='ocrx_word' id='word_1_309' title='bbox 381 3810 464 3862; x_wconf 92' lang='lat' dir='ltr'><strong>vel</strong></span> <span class='ocrx_word' id='word_1_310' title='bbox 485 3823 605 3861; x_wconf 90' lang='lat' dir='ltr'><strong>cum</strong></span> <span class='ocrx_word' id='word_1_311' title='bbox 633 3806 901 3862; x_wconf 82' lang='lat' dir='ltr'><strong>Chillletio</strong></span> <span class='ocrx_word' id='word_1_312' title='bbox 926 3805 978 3860; x_wconf 91' lang='lat' dir='ltr'><strong>iu</strong></span> <span class='ocrx_word' id='word_1_313' title='bbox 1000 3821 1198 3861; x_wconf 88' lang='lat' dir='ltr'><strong>annum</strong></span> <span class='ocrx_word' id='word_1_314' title='bbox 1225 3805 1349 3870; x_wconf 76' lang='grc'>416,</span> <span class='ocrx_word' id='word_1_315' title='bbox 1377 3820 1496 3858; x_wconf 91' lang='lat' dir='ltr'><strong>cum</strong></span> <span class='ocrx_word' id='word_1_316' title='bbox 1520 3806 1807 3872; x_wconf 79' lang='lat' dir='ltr'><strong>superstite</strong></span> 
     </span>
    </p>
   </div>
   <div class='ocr_carea' id='block_1_41' title="bbox 221 3895 1805 3955">
    <p class='ocr_par' dir='ltr' id='par_1_41' title="bbox 221 3895 1805 3955">
     <span class='ocr_line' id='line_1_41' title="bbox 221 3895 1805 3955; baseline -0.004 0"><span class='ocrx_word' id='word_1_317' title='bbox 221 3915 422 3955; x_wconf 90' lang='lat' dir='ltr'><strong>socero</strong></span> <span class='ocrx_word' id='word_1_318' title='bbox 445 3908 762 3954; x_wconf 77' lang='lat' dir='ltr'><strong>sextantum</strong></span> <span class='ocrx_word' id='word_1_319' title='bbox 792 3913 963 3953; x_wconf 89' lang='lat' dir='ltr'><strong>annos</strong></span> <span class='ocrx_word' id='word_1_320' title='bbox 987 3913 1107 3952; x_wconf 88' lang='lat' dir='ltr'><strong>cum</strong></span> <span class='ocrx_word' id='word_1_321' title='bbox 1139 3911 1304 3951; x_wconf 80' lang='lat' dir='ltr'><strong>uxore</strong></span> <span class='ocrx_word' id='word_1_322' title='bbox 1325 3895 1575 3949; x_wconf 88' lang='lat' dir='ltr'><strong>Pinianus</strong></span> <span class='ocrx_word' id='word_1_323' title='bbox 1598 3895 1805 3949; x_wconf 78' lang='lat' dir='ltr'><strong>vixerit.</strong></span> 
     </span>
    </p>
   </div>
   <div class='ocr_carea' id='block_1_42' title="bbox 222 3987 1805 4060">
    <p class='ocr_par' dir='ltr' id='par_1_42' title="bbox 222 3987 1805 4060">
     <span class='ocr_line' id='line_1_42' title="bbox 222 3987 1805 4060; baseline -0.005 -10"><span class='ocrx_word' id='word_1_324' title='bbox 222 3995 420 4050; x_wconf 70' lang='lat' dir='ltr'><strong>Exstat</strong></span> <span class='ocrx_word' id='word_1_325' title='bbox 442 3993 509 4048; x_wconf 90' lang='lat' dir='ltr'><strong>de</strong></span> <span class='ocrx_word' id='word_1_326' title='bbox 530 3991 677 4046; x_wconf 88' lang='lat' dir='ltr'><strong>obitu</strong></span> <span class='ocrx_word' id='word_1_327' title='bbox 698 3992 869 4046; x_wconf 89' lang='lat' dir='ltr'><strong>soceri</strong></span> <span class='ocrx_word' id='word_1_328' title='bbox 892 3990 1131 4060; x_wconf 86' lang='lat' dir='ltr'><strong>ejusdem</strong></span> <span class='ocrx_word' id='word_1_329' title='bbox 1156 3989 1376 4058; x_wconf 87' lang='lat' dir='ltr'><strong>insignis</strong></span> <span class='ocrx_word' id='word_1_330' title='bbox 1406 3988 1627 4055; x_wconf 86' lang='lat' dir='ltr'><strong>epistola</strong></span> <span class='ocrx_word' id='word_1_331' title='bbox 1654 3987 1723 4042; x_wconf 68' lang='grc'><strong>44</strong></span> <span class='ocrx_word' id='word_1_332' title='bbox 1747 3988 1805 4042; x_wconf 94' lang='lat' dir='ltr'><strong>S.</strong></span> 
     </span>
    </p>
   </div>
   <div class='ocr_carea' id='block_1_43' title="bbox 226 4077 1810 4153">
    <p class='ocr_par' dir='ltr' id='par_1_43' title="bbox 226 4077 1810 4153">
     <span class='ocr_line' id='line_1_43' title="bbox 226 4077 1810 4153; baseline -0.008 -12"><span class='ocrx_word' id='word_1_333' title='bbox 226 4084 441 4141; x_wconf 87' lang='lat' dir='ltr'><strong>Paulini</strong></span> <span class='ocrx_word' id='word_1_334' title='bbox 463 4127 479 4152; x_wconf 92' lang='lat'><strong>,</strong></span> <span class='ocrx_word' id='word_1_335' title='bbox 509 4099 629 4153; x_wconf 69' lang='lat' dir='ltr'><strong>qua:</strong></span> <span class='ocrx_word' id='word_1_336' title='bbox 658 4084 795 4137; x_wconf 90' lang='lat' dir='ltr'><strong>inter</strong></span> <span class='ocrx_word' id='word_1_337' title='bbox 822 4080 1234 4151; x_wconf 84' lang='lat' dir='ltr'><strong>Augustinianas</strong></span> <span class='ocrx_word' id='word_1_338' title='bbox 1260 4087 1343 4133; x_wconf 90' lang='lat' dir='ltr'><strong>est</strong></span> <span class='ocrx_word' id='word_1_339' title='bbox 1369 4078 1475 4133; x_wconf 70' lang='grc'>249</span> <span class='ocrx_word' id='word_1_340' title='bbox 1514 4077 1578 4132; x_wconf 89' lang='lat' dir='ltr'><strong>ad</strong></span> <span class='ocrx_word' id='word_1_341' title='bbox 1610 4078 1664 4131; x_wconf 90' lang='lat' dir='ltr'><strong>S.</strong></span> <span class='ocrx_word' id='word_1_342' title='bbox 1702 4078 1810 4130; x_wconf 75' lang='lat' dir='ltr'><strong>Au-</strong></span> 
     </span>
    </p>
   </div>
   <div class='ocr_carea' id='block_1_44' title="bbox 226 4167 1810 4248">
    <p class='ocr_par' dir='ltr' id='par_1_44' title="bbox 226 4167 1810 4248">
     <span class='ocr_line' id='line_1_44' title="bbox 226 4167 1810 4248; baseline -0.005 -19"><span class='ocrx_word' id='word_1_343' title='bbox 226 4177 529 4248; x_wconf 83' lang='lat' dir='ltr'><strong>gustinum,</strong></span> <span class='ocrx_word' id='word_1_344' title='bbox 558 4172 644 4230; x_wconf 87' lang='lat' dir='ltr'><strong>cui</strong></span> <span class='ocrx_word' id='word_1_345' title='bbox 670 4175 729 4230; x_wconf 91' lang='lat' dir='ltr'><strong>S.</strong></span> <span class='ocrx_word' id='word_1_346' title='bbox 760 4176 947 4230; x_wconf 87' lang='lat' dir='ltr'><strong>doctor</strong></span> <span class='ocrx_word' id='word_1_347' title='bbox 974 4172 1027 4227; x_wconf 92' lang='lat' dir='ltr'><strong>iu</strong></span> <span class='ocrx_word' id='word_1_348' title='bbox 1056 4181 1364 4241; x_wconf 88' lang='lat' dir='ltr'><strong>sequentem</strong></span> <span class='ocrx_word' id='word_1_349' title='bbox 1396 4169 1673 4238; x_wconf 88' lang='lat' dir='ltr'><strong>epistolam</strong></span> <span class='ocrx_word' id='word_1_350' title='bbox 1704 4167 1810 4223; x_wconf 78' lang='lat'><strong>9.50</strong></span> 
     </span>
    </p>
   </div>
   <div class='ocr_carea' id='block_1_45' title="bbox 228 4259 1808 4340">
    <p class='ocr_par' dir='ltr' id='par_1_45' title="bbox 228 4259 1808 4340">
     <span class='ocr_line' id='line_1_45' title="bbox 228 4259 1808 4340; baseline -0.008 -14"><span class='ocrx_word' id='word_1_351' title='bbox 228 4271 495 4340; x_wconf 89' lang='lat' dir='ltr'><strong>reposuit,</strong></span> <span class='ocrx_word' id='word_1_352' title='bbox 542 4284 608 4323; x_wconf 80' lang='lat' dir='ltr'><strong>ex</strong></span> <span class='ocrx_word' id='word_1_353' title='bbox 633 4283 735 4337; x_wconf 90' lang='lat' dir='ltr'><strong>qua</strong></span> <span class='ocrx_word' id='word_1_354' title='bbox 764 4282 936 4321; x_wconf 88' lang='lat' dir='ltr'><strong>annus</strong></span> <span class='ocrx_word' id='word_1_355' title='bbox 962 4266 1135 4321; x_wconf 89' lang='lat' dir='ltr'><strong>obitus</strong></span> <span class='ocrx_word' id='word_1_356' title='bbox 1172 4264 1263 4318; x_wconf 84' lang='lat' dir='ltr'><strong>lilii</strong></span> <span class='ocrx_word' id='word_1_357' title='bbox 1292 4263 1531 4319; x_wconf 67' lang='lat' dir='ltr'><strong>Melania:</strong></span> <span class='ocrx_word' id='word_1_358' title='bbox 1560 4259 1808 4323; x_wconf 88' lang='lat' dir='ltr'><strong>senioris,</strong></span> 
     </span>
    </p>
   </div>
   <div class='ocr_carea' id='block_1_46' title="bbox 229 4350 1811 4435">
    <p class='ocr_par' dir='ltr' id='par_1_46' title="bbox 229 4350 1811 4435">
     <span class='ocr_line' id='line_1_46' title="bbox 229 4350 1811 4435; baseline -0.009 -16"><span class='ocrx_word' id='word_1_359' title='bbox 229 4365 322 4435; x_wconf 88' lang='lat' dir='ltr'><strong>qui</strong></span> <span class='ocrx_word' id='word_1_360' title='bbox 351 4361 559 4418; x_wconf 87' lang='lat' dir='ltr'><strong>Piniani</strong></span> <span class='ocrx_word' id='word_1_361' title='bbox 589 4376 742 4416; x_wconf 90' lang='lat' dir='ltr'><strong>socer</strong></span> <span class='ocrx_word' id='word_1_362' title='bbox 773 4359 889 4427; x_wconf 77' lang='lat' dir='ltr'><strong>fuit,</strong></span> <span class='ocrx_word' id='word_1_363' title='bbox 918 4359 1061 4413; x_wconf 89' lang='lat' dir='ltr'><strong>clare</strong></span> <span class='ocrx_word' id='word_1_364' title='bbox 1093 4357 1221 4412; x_wconf 88' lang='lat' dir='ltr'><strong>mibi</strong></span> <span class='ocrx_word' id='word_1_365' title='bbox 1251 4354 1552 4410; x_wconf 89' lang='lat' dir='ltr'><strong>deducitur.</strong></span> <span class='ocrx_word' id='word_1_366' title='bbox 1588 4354 1709 4408; x_wconf 67' lang='lat' dir='ltr'><strong>llaec</strong></span> <span class='ocrx_word' id='word_1_367' title='bbox 1739 4350 1811 4406; x_wconf 88' lang='lat' dir='ltr'><strong>ibi</strong></span> 
     </span>
    </p>
   </div>
   <div class='ocr_carea' id='block_1_47' title="bbox 232 4445 1812 4525">
    <p class='ocr_par' dir='ltr' id='par_1_47' title="bbox 232 4445 1812 4525">
     <span class='ocr_line' id='line_1_47' title="bbox 232 4445 1812 4525; baseline -0.01 -14"><span class='ocrx_word' id='word_1_368' title='bbox 232 4458 487 4525; x_wconf 83' lang='lat' dir='ltr'><strong>leguntur</strong></span> <span class='ocrx_word' id='word_1_369' title='bbox 525 4470 537 4505; x_wconf 91' lang='lat'>:</span> <span class='ocrx_word' id='word_1_370' title='bbox 579 4451 807 4506; x_wconf 88' lang='lat' dir='ltr'><strong>Proinde</strong></span> <span class='ocrx_word' id='word_1_371' title='bbox 844 4451 911 4505; x_wconf 91' lang='lat' dir='ltr'><strong>ad</strong></span> <span class='ocrx_word' id='word_1_372' title='bbox 940 4450 1091 4504; x_wconf 87' lang='lat' dir='ltr'><strong>istam</strong></span> <span class='ocrx_word' id='word_1_373' title='bbox 1130 4448 1379 4513; x_wconf 65' lang='lat' dir='ltr'><strong>laetitiam,</strong></span> <span class='ocrx_word' id='word_1_374' title='bbox 1420 4463 1518 4514; x_wconf 90' lang='lat' dir='ltr'><strong>qua</strong></span> <span class='ocrx_word' id='word_1_375' title='bbox 1558 4445 1812 4499; x_wconf 85' lang='lat' dir='ltr'><strong>vobiscum</strong></span> 
     </span>
    </p>
   </div>
   <div class='ocr_carea' id='block_1_48' title="bbox 231 4534 1811 4617">
    <p class='ocr_par' dir='ltr' id='par_1_48' title="bbox 231 4534 1811 4617">
     <span class='ocr_line' id='line_1_48' title="bbox 231 4534 1811 4617; baseline -0.009 -15"><span class='ocrx_word' id='word_1_376' title='bbox 231 4559 309 4603; x_wconf 88' lang='lat' dir='ltr'><strong>est</strong></span> <span class='ocrx_word' id='word_1_377' title='bbox 350 4549 510 4617; x_wconf 80' lang='lat' dir='ltr'><strong>frater</strong></span> <span class='ocrx_word' id='word_1_378' title='bbox 545 4543 834 4608; x_wconf 81' lang='lat' dir='ltr'><strong>Possidius,</strong></span> <span class='ocrx_word' id='word_1_379' title='bbox 869 4558 982 4595; x_wconf 87' lang='lat' dir='ltr'><strong>cum</strong></span> <span class='ocrx_word' id='word_1_380' title='bbox 1008 4557 1071 4595; x_wconf 77' lang='lat' dir='ltr'><strong>ea:</strong></span> <span class='ocrx_word' id='word_1_381' title='bbox 1097 4542 1205 4611; x_wconf 88' lang='lat' dir='ltr'><strong>ipso</strong></span> <span class='ocrx_word' id='word_1_382' title='bbox 1231 4538 1515 4605; x_wconf 86' lang='lat' dir='ltr'><strong>audieritis,</strong></span> <span class='ocrx_word' id='word_1_383' title='bbox 1545 4553 1695 4608; x_wconf 90' lang='lat' dir='ltr'><strong>quam</strong></span> <span class='ocrx_word' id='word_1_384' title='bbox 1723 4534 1811 4589; x_wconf 90' lang='lat' dir='ltr'><strong>tri-</strong></span> 
     </span>
    </p>
   </div>
   <div class='ocr_carea' id='block_1_49' title="bbox 230 4630 1808 4706">
    <p class='ocr_par' dir='ltr' id='par_1_49' title="bbox 230 4630 1808 4706">
     <span class='ocr_line' id='line_1_49' title="bbox 230 4630 1808 4706; baseline -0.008 -13"><span class='ocrx_word' id='word_1_385' title='bbox 230 4642 328 4693; x_wconf 85' lang='lat' dir='ltr'><strong>stis</strong></span> <span class='ocrx_word' id='word_1_386' title='bbox 348 4656 463 4693; x_wconf 90' lang='lat' dir='ltr'><strong>eum</strong></span> <span class='ocrx_word' id='word_1_387' title='bbox 483 4653 639 4691; x_wconf 88' lang='lat' dir='ltr'><strong>causa</strong></span> <span class='ocrx_word' id='word_1_388' title='bbox 662 4633 983 4706; x_wconf 84' lang='lat' dir='ltr'><strong>compulerit,</strong></span> <span class='ocrx_word' id='word_1_389' title='bbox 999 4632 1094 4687; x_wconf 84' lang='lat' dir='ltr'><strong>hoc</strong></span> <span class='ocrx_word' id='word_1_390' title='bbox 1115 4648 1191 4685; x_wconf 87' lang='lat' dir='ltr'><strong>me</strong></span> <span class='ocrx_word' id='word_1_391' title='bbox 1212 4632 1463 4685; x_wconf 88' lang='lat' dir='ltr'><strong>verissime</strong></span> <span class='ocrx_word' id='word_1_392' title='bbox 1484 4630 1808 4700; x_wconf 85' lang='lat' dir='ltr'><strong>cognoscetis,</strong></span> 
     </span>
    </p>
   </div>
   <div class='ocr_carea' id='block_1_50' title="bbox 231 4719 1813 4794">
    <p class='ocr_par' dir='ltr' id='par_1_50' title="bbox 231 4719 1813 4794">
     <span class='ocr_line' id='line_1_50' title="bbox 231 4719 1813 4794; baseline -0.006 -10"><span class='ocrx_word' id='word_1_393' title='bbox 231 4742 344 4784; x_wconf 83' lang='lat' dir='ltr'><strong>etc.</strong></span> <span class='ocrx_word' id='word_1_394' title='bbox 368 4731 562 4785; x_wconf 87' lang='lat' dir='ltr'><strong>Tristis</strong></span> <span class='ocrx_word' id='word_1_395' title='bbox 592 4743 719 4782; x_wconf 90' lang='lat' dir='ltr'><strong>vero</strong></span> <span class='ocrx_word' id='word_1_396' title='bbox 747 4740 907 4781; x_wconf 88' lang='lat' dir='ltr'><strong>causa</strong></span> <span class='ocrx_word' id='word_1_397' title='bbox 937 4741 1055 4794; x_wconf 74' lang='lat' dir='ltr'><strong>qum</strong></span> <span class='ocrx_word' id='word_1_398' title='bbox 1088 4722 1381 4780; x_wconf 89' lang='lat' dir='ltr'><strong>Possidium</strong></span> <span class='ocrx_word' id='word_1_399' title='bbox 1409 4723 1716 4791; x_wconf 85' lang='lat' dir='ltr'><strong>episc0pum</strong></span> <span class='ocrx_word' id='word_1_400' title='bbox 1746 4719 1813 4774; x_wconf 88' lang='lat' dir='ltr'><strong>ad</strong></span> 
     </span>
    </p>
   </div>
   <div class='ocr_carea' id='block_1_51' title="bbox 235 4815 1810 4892">
    <p class='ocr_par' dir='ltr' id='par_1_51' title="bbox 235 4815 1810 4892">
     <span class='ocr_line' id='line_1_51' title="bbox 235 4815 1810 4892; baseline -0.006 -14"><span class='ocrx_word' id='word_1_401' title='bbox 235 4821 595 4892; x_wconf 84' lang='lat' dir='ltr'><strong>navigandum</strong></span> <span class='ocrx_word' id='word_1_402' title='bbox 635 4820 689 4874; x_wconf 91' lang='lat' dir='ltr'><strong>in</strong></span> <span class='ocrx_word' id='word_1_403' title='bbox 726 4820 929 4874; x_wconf 82' lang='lat' dir='ltr'><strong>italiam</strong></span> <span class='ocrx_word' id='word_1_404' title='bbox 965 4817 1246 4887; x_wconf 90' lang='lat' dir='ltr'><strong>compulit,</strong></span> <span class='ocrx_word' id='word_1_405' title='bbox 1276 4816 1499 4871; x_wconf 88' lang='lat' dir='ltr'><strong>traditur</strong></span> <span class='ocrx_word' id='word_1_406' title='bbox 1528 4815 1595 4869; x_wconf 89' lang='lat' dir='ltr'><strong>ab</strong></span> <span class='ocrx_word' id='word_1_407' title='bbox 1623 4815 1810 4870; x_wconf 89' lang='lat' dir='ltr'><strong>eodem</strong></span> 
     </span>
    </p>
   </div>
   <div class='ocr_carea' id='block_1_52' title="bbox 232 4908 1813 4985">
    <p class='ocr_par' dir='ltr' id='par_1_52' title="bbox 232 4908 1813 4985">
     <span class='ocr_line' id='line_1_52' title="bbox 232 4908 1813 4985; baseline -0.004 -15"><span class='ocrx_word' id='word_1_408' title='bbox 232 4915 537 4985; x_wconf 84' lang='lat' dir='ltr'><strong>Augustino</strong></span> <span class='ocrx_word' id='word_1_409' title='bbox 565 4913 722 4983; x_wconf 89' lang='lat' dir='ltr'><strong>epist.</strong></span> <span class='ocrx_word' id='word_1_410' title='bbox 754 4912 859 4968; x_wconf 73' lang='lat'><strong>20?.</strong></span> <span class='ocrx_word' id='word_1_411' title='bbox 897 4910 963 4966; x_wconf 88' lang='lat' dir='ltr'><strong>ad</strong></span> <span class='ocrx_word' id='word_1_412' title='bbox 992 4910 1318 4966; x_wconf 84' lang='lat' dir='ltr'><strong>Nectarium.</strong></span> <span class='ocrx_word' id='word_1_413' title='bbox 1352 4908 1562 4963; x_wconf 87' lang='lat' dir='ltr'><strong>Etenim</strong></span> <span class='ocrx_word' id='word_1_414' title='bbox 1589 4908 1813 4976; x_wconf 85' lang='lat' dir='ltr'><strong>gentiles</strong></span> 
     </span>
    </p>
   </div>
   <div class='ocr_carea' id='block_1_53' title="bbox 232 5001 1812 5072">
    <p class='ocr_par' dir='ltr' id='par_1_53' title="bbox 232 5001 1812 5072">
     <span class='ocr_line' id='line_1_53' title="bbox 232 5001 1812 5072; baseline -0.005 -11"><span class='ocrx_word' id='word_1_415' title='bbox 232 5006 469 5061; x_wconf 71' lang='lat' dir='ltr'><strong>Colonia:</strong></span> <span class='ocrx_word' id='word_1_416' title='bbox 499 5005 551 5059; x_wconf 88' lang='lat' dir='ltr'><strong>in</strong></span> <span class='ocrx_word' id='word_1_417' title='bbox 579 5002 846 5067; x_wconf 78' lang='lat' dir='ltr'><strong>Numidia,</strong></span> <span class='ocrx_word' id='word_1_418' title='bbox 876 5002 1027 5072; x_wconf 87' lang='lat' dir='ltr'><strong>cujus</strong></span> <span class='ocrx_word' id='word_1_419' title='bbox 1066 5002 1233 5055; x_wconf 85' lang='lat' dir='ltr'><strong>sacris</strong></span> <span class='ocrx_word' id='word_1_420' title='bbox 1264 5001 1536 5055; x_wconf 84' lang='lat' dir='ltr'><strong>Possidius</strong></span> <span class='ocrx_word' id='word_1_421' title='bbox 1567 5009 1812 5069; x_wconf 70' lang='lat' dir='ltr'><strong>praeerat,</strong></span> 
     </span>
    </p>
   </div>
   <div class='ocr_carea' id='block_1_54' title="bbox 232 5092 1814 5164">
    <p class='ocr_par' dir='ltr' id='par_1_54' title="bbox 232 5092 1814 5164">
     <span class='ocr_line' id='line_1_54' title="bbox 232 5092 1814 5164; baseline -0.003 -14"><span class='ocrx_word' id='word_1_422' title='bbox 232 5097 379 5151; x_wconf 76' lang='lat' dir='ltr'><strong>iacto</strong></span> <span class='ocrx_word' id='word_1_423' title='bbox 404 5096 652 5163; x_wconf 87' lang='lat' dir='ltr'><strong>tumultu,</strong></span> <span class='ocrx_word' id='word_1_424' title='bbox 680 5094 941 5164; x_wconf 87' lang='lat' dir='ltr'><strong>lapidibus</strong></span> <span class='ocrx_word' id='word_1_425' title='bbox 966 5094 1086 5150; x_wconf 88' lang='lat' dir='ltr'><strong>dein</strong></span> <span class='ocrx_word' id='word_1_426' title='bbox 1118 5094 1321 5150; x_wconf 82' lang='lat' dir='ltr'><strong>lacibus</strong></span> <span class='ocrx_word' id='word_1_427' title='bbox 1345 5093 1629 5149; x_wconf 87' lang='lat' dir='ltr'><strong>ecclesiam</strong></span> <span class='ocrx_word' id='word_1_428' title='bbox 1660 5092 1814 5146; x_wconf 85' lang='lat' dir='ltr'><strong>Chri-</strong></span> 
     </span>
    </p>
   </div>
   <div class='ocr_carea' id='block_1_55' title="bbox 232 5185 1814 5256">
    <p class='ocr_par' dir='ltr' id='par_1_55' title="bbox 232 5185 1814 5256">
     <span class='ocr_line' id='line_1_55' title="bbox 232 5185 1814 5256; baseline -0.002 -14"><span class='ocrx_word' id='word_1_429' title='bbox 232 5188 533 5243; x_wconf 83' lang='lat' dir='ltr'><strong>stianorum</strong></span> <span class='ocrx_word' id='word_1_430' title='bbox 560 5195 803 5244; x_wconf 87' lang='lat' dir='ltr'><strong>evertere</strong></span> <span class='ocrx_word' id='word_1_431' title='bbox 831 5187 1004 5242; x_wconf 89' lang='lat' dir='ltr'><strong>conati</strong></span> <span class='ocrx_word' id='word_1_432' title='bbox 1028 5228 1041 5250; x_wconf 95' lang='lat'><strong>,</strong></span> <span class='ocrx_word' id='word_1_433' title='bbox 1074 5187 1245 5256; x_wconf 86' lang='lat' dir='ltr'><strong>ipsum</strong></span> <span class='ocrx_word' id='word_1_434' title='bbox 1276 5185 1573 5241; x_wconf 90' lang='lat' dir='ltr'><strong>Possidium</strong></span> <span class='ocrx_word' id='word_1_435' title='bbox 1602 5185 1814 5253; x_wconf 83' lang='lat' dir='ltr'><strong>episco-</strong></span> 
     </span>
    </p>
   </div>
   <div class='ocr_carea' id='block_1_56' title="bbox 239 5277 1816 5352">
    <p class='ocr_par' dir='ltr' id='par_1_56' title="bbox 239 5277 1816 5352">
     <span class='ocr_line' id='line_1_56' title="bbox 239 5277 1816 5352; baseline -0.004 -16"><span class='ocrx_word' id='word_1_436' title='bbox 239 5298 366 5352; x_wconf 87' lang='lat' dir='ltr'><strong>pum</strong></span> <span class='ocrx_word' id='word_1_437' title='bbox 414 5281 480 5336; x_wconf 89' lang='lat' dir='ltr'><strong>ad</strong></span> <span class='ocrx_word' id='word_1_438' title='bbox 525 5297 709 5338; x_wconf 83' lang='lat' dir='ltr'><strong>necem</strong></span> <span class='ocrx_word' id='word_1_439' title='bbox 762 5282 1141 5349; x_wconf 64' lang='lat' dir='ltr'><strong>quaesiverant.</strong></span> <span class='ocrx_word' id='word_1_440' title='bbox 1187 5278 1338 5345; x_wconf 87' lang='lat' dir='ltr'><strong>Quod</strong></span> <span class='ocrx_word' id='word_1_441' title='bbox 1385 5277 1587 5332; x_wconf 76' lang='lat' dir='ltr'><strong>facinus</strong></span> <span class='ocrx_word' id='word_1_442' title='bbox 1631 5278 1816 5333; x_wconf 90' lang='lat' dir='ltr'><strong>scribit</strong></span> 
     </span>
    </p>
   </div>
   <div class='ocr_carea' id='block_1_57' title="bbox 241 5371 1814 5443">
    <p class='ocr_par' dir='ltr' id='par_1_57' title="bbox 241 5371 1814 5443">
     <span class='ocr_line' id='line_1_57' title="bbox 241 5371 1814 5443; baseline -0.006 -13"><span class='ocrx_word' id='word_1_443' title='bbox 241 5376 569 5442; x_wconf 82' lang='lat' dir='ltr'><strong>Augustinus</strong></span> <span class='ocrx_word' id='word_1_444' title='bbox 611 5382 968 5443; x_wconf 89' lang='lat' dir='ltr'><strong>perpetratum</strong></span> <span class='ocrx_word' id='word_1_445' title='bbox 1005 5372 1257 5426; x_wconf 92' lang='lat' dir='ltr'><strong>adversus</strong></span> <span class='ocrx_word' id='word_1_446' title='bbox 1285 5371 1657 5425; x_wconf 84' lang='lat' dir='ltr'><strong>recentissimas</strong></span> <span class='ocrx_word' id='word_1_447' title='bbox 1684 5371 1814 5439; x_wconf 85' lang='lat' dir='ltr'><strong>leges</strong></span> 
     </span>
    </p>
   </div>
   <div class='ocr_carea' id='block_1_58' title="bbox 238 5462 1813 5536">
    <p class='ocr_par' dir='ltr' id='par_1_58' title="bbox 238 5462 1813 5536">
     <span class='ocr_line' id='line_1_58' title="bbox 238 5462 1813 5536; baseline -0.004 -16"><span class='ocrx_word' id='word_1_448' title='bbox 238 5478 424 5522; x_wconf 88' lang='lat' dir='ltr'><strong>contra</strong></span> <span class='ocrx_word' id='word_1_449' title='bbox 448 5480 680 5536; x_wconf 86' lang='lat' dir='ltr'><strong>paganos</strong></span> <span class='ocrx_word' id='word_1_450' title='bbox 707 5465 774 5519; x_wconf 90' lang='lat' dir='ltr'><strong>ab</strong></span> <span class='ocrx_word' id='word_1_451' title='bbox 814 5463 1218 5534; x_wconf 86' lang='lat' dir='ltr'><strong>imperatoribus</strong></span> <span class='ocrx_word' id='word_1_452' title='bbox 1243 5462 1473 5518; x_wconf 87' lang='lat' dir='ltr'><strong>Arcadio</strong></span> <span class='ocrx_word' id='word_1_453' title='bbox 1500 5472 1551 5515; x_wconf 86' lang='lat' dir='ltr'><strong>ct</strong></span> <span class='ocrx_word' id='word_1_454' title='bbox 1583 5462 1813 5516; x_wconf 89' lang='lat' dir='ltr'><strong>Honorio</strong></span> 
     </span>
    </p>
   </div>
   <div class='ocr_carea' id='block_1_59' title="bbox 240 5546 1809 5626">
    <p class='ocr_par' dir='ltr' id='par_1_59' title="bbox 240 5546 1809 5626">
     <span class='ocr_line' id='line_1_59' title="bbox 240 5546 1809 5626; baseline -0.004 -11"><span class='ocrx_word' id='word_1_455' title='bbox 240 5562 375 5615; x_wconf 83' lang='lat' dir='ltr'><strong>latas</strong></span> <span class='ocrx_word' id='word_1_456' title='bbox 417 5564 468 5615; x_wconf 91' lang='lat' dir='ltr'><strong>in</strong></span> <span class='ocrx_word' id='word_1_457' title='bbox 515 5560 694 5615; x_wconf 79' lang='lat' dir='ltr'><strong>Africa</strong></span> <span class='ocrx_word' id='word_1_458' title='bbox 746 5574 830 5613; x_wconf 76' lang='lat' dir='ltr'><strong>XIV</strong></span> <span class='ocrx_word' id='word_1_459' title='bbox 871 5558 975 5613; x_wconf 86' lang='lat' dir='ltr'><strong>cal.</strong></span> <span class='ocrx_word' id='word_1_460' title='bbox 1022 5557 1238 5626; x_wconf 87' lang='lat' dir='ltr'><strong>Aprilis,</strong></span> <span class='ocrx_word' id='word_1_461' title='bbox 1286 5546 1481 5611; x_wconf 84' lang='lat' dir='ltr'><strong>Manlio</strong></span> <span class='ocrx_word' id='word_1_462' title='bbox 1523 5555 1809 5611; x_wconf 89' lang='lat' dir='ltr'><strong>Theodoro</strong></span> 
     </span>
    </p>
   </div>
   <div class='ocr_carea' id='block_1_60' title="bbox 240 5649 1811 5721">
    <p class='ocr_par' dir='ltr' id='par_1_60' title="bbox 240 5649 1811 5721">
     <span class='ocr_line' id='line_1_60' title="bbox 240 5649 1811 5721; baseline -0.001 -16"><span class='ocrx_word' id='word_1_463' title='bbox 240 5666 380 5718; x_wconf 68' lang='lat' dir='ltr'><strong>eos,</strong></span> <span class='ocrx_word' id='word_1_464' title='bbox 407 5667 598 5721; x_wconf 87' lang='lat' dir='ltr'><strong>nempe</strong></span> <span class='ocrx_word' id='word_1_465' title='bbox 624 5666 763 5706; x_wconf 91' lang='lat' dir='ltr'><strong>anno</strong></span> <span class='ocrx_word' id='word_1_466' title='bbox 788 5650 929 5719; x_wconf 77' lang='lat'><strong>399,</strong></span> <span class='ocrx_word' id='word_1_467' title='bbox 962 5660 1018 5705; x_wconf 91' lang='lat' dir='ltr'><strong>ut</strong></span> <span class='ocrx_word' id='word_1_468' title='bbox 1047 5650 1186 5705; x_wconf 90' lang='lat' dir='ltr'><strong>idem</strong></span> <span class='ocrx_word' id='word_1_469' title='bbox 1217 5658 1440 5703; x_wconf 88' lang='lat' dir='ltr'><strong>testatur</strong></span> <span class='ocrx_word' id='word_1_470' title='bbox 1469 5649 1560 5703; x_wconf 90' lang='lat' dir='ltr'><strong>lib.</strong></span> <span class='ocrx_word' id='word_1_471' title='bbox 1592 5665 1719 5703; x_wconf 81' lang='lat' dir='ltr'><strong>xvnt</strong></span> <span class='ocrx_word' id='word_1_472' title='bbox 1746 5650 1811 5704; x_wconf 90' lang='lat' dir='ltr'><strong>de</strong></span> 
     </span>
    </p>
   </div>
   <div class='ocr_carea' id='block_1_61' title="bbox 239 5741 1814 5812">
    <p class='ocr_par' dir='ltr' id='par_1_61' title="bbox 239 5741 1814 5812">
     <span class='ocr_line' id='line_1_61' title="bbox 239 5741 1814 5812; baseline 0.002 -16"><span class='ocrx_word' id='word_1_473' title='bbox 239 5741 398 5798; x_wconf 84' lang='lat' dir='ltr'><strong>Civit.</strong></span> <span class='ocrx_word' id='word_1_474' title='bbox 423 5744 536 5810; x_wconf 87' lang='lat' dir='ltr'><strong>Dei,</strong></span> <span class='ocrx_word' id='word_1_475' title='bbox 563 5759 682 5812; x_wconf 88' lang='lat' dir='ltr'><strong>cap.</strong></span> <span class='ocrx_word' id='word_1_476' title='bbox 710 5743 796 5798; x_wconf 78' lang='grc'><strong>54.</strong></span> <span class='ocrx_word' id='word_1_477' title='bbox 824 5744 879 5798; x_wconf 91' lang='lat' dir='ltr'><strong>In</strong></span> <span class='ocrx_word' id='word_1_478' title='bbox 902 5743 1090 5798; x_wconf 83' lang='lat' dir='ltr'><strong>eadem</strong></span> <span class='ocrx_word' id='word_1_479' title='bbox 1112 5757 1241 5797; x_wconf 89' lang='lat' dir='ltr'><strong>vero</strong></span> <span class='ocrx_word' id='word_1_480' title='bbox 1268 5742 1487 5812; x_wconf 88' lang='lat' dir='ltr'><strong>epistola</strong></span> <span class='ocrx_word' id='word_1_481' title='bbox 1520 5744 1591 5799; x_wconf 90' lang='lat' dir='ltr'><strong>ait</strong></span> <span class='ocrx_word' id='word_1_482' title='bbox 1620 5744 1814 5799; x_wconf 91' lang='lat' dir='ltr'><strong>tumul-</strong></span> 
     </span>
    </p>
   </div>
   <div class='ocr_carea' id='block_1_62' title="bbox 241 5834 1807 5910">
    <p class='ocr_par' dir='ltr' id='par_1_62' title="bbox 241 5834 1807 5910">
     <span class='ocr_line' id='line_1_62' title="bbox 241 5834 1807 5910; baseline 0 -18"><span class='ocrx_word' id='word_1_483' title='bbox 241 5842 443 5893; x_wconf 70' lang='lat' dir='ltr'><strong>tuatum</strong></span> <span class='ocrx_word' id='word_1_484' title='bbox 473 5850 504 5891; x_wconf 87' lang='lat' dir='ltr'><strong>a</strong></span> <span class='ocrx_word' id='word_1_485' title='bbox 533 5835 817 5908; x_wconf 87' lang='lat' dir='ltr'><strong>gentilibus</strong></span> <span class='ocrx_word' id='word_1_486' title='bbox 840 5835 1063 5905; x_wconf 71' lang='lat' dir='ltr'><strong>colendis</strong></span> <span class='ocrx_word' id='word_1_487' title='bbox 1087 5834 1278 5910; x_wconf 58' lang='lat' dir='ltr'><strong>laniis,</strong></span> <span class='ocrx_word' id='word_1_488' title='bbox 1311 5835 1436 5891; x_wconf 88' lang='lat' dir='ltr'><strong>dum</strong></span> <span class='ocrx_word' id='word_1_489' title='bbox 1470 5836 1543 5891; x_wconf 91' lang='lat' dir='ltr'><strong>illi</strong></span> <span class='ocrx_word' id='word_1_490' title='bbox 1578 5835 1807 5892; x_wconf 87' lang='lat' dir='ltr'><strong>Floralia</strong></span> 
     </span>
    </p>
   </div>
   <div class='ocr_carea' id='block_1_63' title="bbox 1831 1833 1877 1893">
    <p class='ocr_par' dir='ltr' id='par_1_63' title="bbox 1831 1833 1877 1893">
     <span class='ocr_line' id='line_1_63' title="bbox 1831 1833 1877 1893; baseline 0 0"><span class='ocrx_word' id='word_1_491' title='bbox 1831 1833 1877 1893; x_wconf 91' lang='grc' dir='ltr'><strong>Β</strong></span> 
     </span>
    </p>
   </div>
   <div class='ocr_carea' id='block_1_64' title="bbox 1837 4592 1889 4653">
    <p class='ocr_par' dir='ltr' id='par_1_64' title="bbox 1837 4592 1889 4653">
     <span class='ocr_line' id='line_1_64' title="bbox 1837 4592 1889 4653; baseline 0 0"><span class='ocrx_word' id='word_1_492' title='bbox 1837 4592 1889 4653; x_wconf 90' lang='lat' dir='ltr'><strong>D</strong></span> 
     </span>
    </p>
   </div>
   <div class='ocr_carea' id='block_1_65' title="bbox 1895 576 3470 646">
    <p class='ocr_par' dir='ltr' id='par_1_65' title="bbox 1895 576 3470 646">
     <span class='ocr_line' id='line_1_65' title="bbox 1895 576 3470 646; baseline -0.002 -11"><span class='ocrx_word' id='word_1_493' title='bbox 1895 597 1959 635; x_wconf 82' lang='lat' dir='ltr'><strong>ex</strong></span> <span class='ocrx_word' id='word_1_494' title='bbox 1983 580 2148 633; x_wconf 90' lang='lat' dir='ltr'><strong>altera</strong></span> <span class='ocrx_word' id='word_1_495' title='bbox 2179 578 2457 646; x_wconf 70' lang='lat' dir='ltr'><strong>Augustini</strong></span> <span class='ocrx_word' id='word_1_496' title='bbox 2485 576 2549 631; x_wconf 83' lang='lat' dir='ltr'><strong>a‘d</strong></span> <span class='ocrx_word' id='word_1_497' title='bbox 2586 576 2887 632; x_wconf 75' lang='lat' dir='ltr'><strong>Nectarium</strong></span> <span class='ocrx_word' id='word_1_498' title='bbox 2928 578 3151 645; x_wconf 83' lang='lat' dir='ltr'><strong>epistula</strong></span> <span class='ocrx_word' id='word_1_499' title='bbox 3182 578 3288 633; x_wconf 71' lang='grc'><strong>254</strong></span> <span class='ocrx_word' id='word_1_500' title='bbox 3323 581 3470 633; x_wconf 89' lang='lat' dir='ltr'><strong>colli-</strong></span> 
     </span>
    </p>
   </div>
   <div class='ocr_carea' id='block_1_66' title="bbox 1894 669 3472 742">
    <p class='ocr_par' dir='ltr' id='par_1_66' title="bbox 1894 669 3472 742">
     <span class='ocr_line' id='line_1_66' title="bbox 1894 669 3472 742; baseline 0 -17"><span class='ocrx_word' id='word_1_501' title='bbox 1894 675 2054 742; x_wconf 84' lang='lat' dir='ltr'><strong>gitur,</strong></span> <span class='ocrx_word' id='word_1_502' title='bbox 2087 671 2174 726; x_wconf 88' lang='lat' dir='ltr'><strong>ubi</strong></span> <span class='ocrx_word' id='word_1_503' title='bbox 2201 672 2273 724; x_wconf 81' lang='lat' dir='ltr'><strong>ait</strong></span> <span class='ocrx_word' id='word_1_504' title='bbox 2301 688 2314 724; x_wconf 90' lang='lat'><strong>:</strong></span> <span class='ocrx_word' id='word_1_505' title='bbox 2350 669 2485 722; x_wconf 85' lang='lat' dir='ltr'><strong>Nam</strong></span> <span class='ocrx_word' id='word_1_506' title='bbox 2512 686 2601 737; x_wconf 86' lang='lat' dir='ltr'><strong>ego</strong></span> <span class='ocrx_word' id='word_1_507' title='bbox 2630 670 3005 739; x_wconf 76' lang='lat' dir='ltr'><strong>rescripseram,</strong></span> <span class='ocrx_word' id='word_1_508' title='bbox 3037 688 3152 723; x_wconf 90' lang='lat' dir='ltr'><strong>cum</strong></span> <span class='ocrx_word' id='word_1_509' title='bbox 3180 670 3349 724; x_wconf 85' lang='lat' dir='ltr'><strong>adhuc</strong></span> <span class='ocrx_word' id='word_1_510' title='bbox 3380 689 3472 725; x_wconf 86' lang='lat' dir='ltr'><strong>no-</strong></span> 
     </span>
    </p>
   </div>
   <div class='ocr_carea' id='block_1_67' title="bbox 1896 762 3471 833">
    <p class='ocr_par' dir='ltr' id='par_1_67' title="bbox 1896 762 3471 833">
     <span class='ocr_line' id='line_1_67' title="bbox 1896 762 3471 833; baseline -0.001 -13"><span class='ocrx_word' id='word_1_511' title='bbox 1896 766 2087 821; x_wconf 80' lang='lat' dir='ltr'><strong>biscum</strong></span> <span class='ocrx_word' id='word_1_512' title='bbox 2127 771 2273 827; x_wconf 81' lang='lat' dir='ltr'><strong>esset,</strong></span> <span class='ocrx_word' id='word_1_513' title='bbox 2309 778 2463 830; x_wconf 82' lang='lat' dir='ltr'><strong>neque</strong></span> <span class='ocrx_word' id='word_1_514' title='bbox 2494 762 2773 828; x_wconf 84' lang='lat' dir='ltr'><strong>navigasset</strong></span> <span class='ocrx_word' id='word_1_515' title='bbox 2800 772 3005 814; x_wconf 87' lang='lat' dir='ltr'><strong>sanctus</strong></span> <span class='ocrx_word' id='word_1_516' title='bbox 3044 764 3202 829; x_wconf 76' lang='lat' dir='ltr'><strong>frater</strong></span> <span class='ocrx_word' id='word_1_517' title='bbox 3226 773 3272 816; x_wconf 84' lang='lat' dir='ltr'><strong>et</strong></span> <span class='ocrx_word' id='word_1_518' title='bbox 3303 767 3471 833; x_wconf 87' lang='lat' dir='ltr'><strong>coepi-</strong></span> 
     </span>
    </p>
   </div>
   <div class='ocr_carea' id='block_1_68' title="bbox 1895 852 3471 924">
    <p class='ocr_par' dir='ltr' id='par_1_68' title="bbox 1895 852 3471 924">
     <span class='ocr_line' id='line_1_68' title="bbox 1895 852 3471 924; baseline 0.003 -18"><span class='ocrx_word' id='word_1_519' title='bbox 1895 871 2078 924; x_wconf 86' lang='lat' dir='ltr'><strong>sc0pus</strong></span> <span class='ocrx_word' id='word_1_520' title='bbox 2107 870 2246 906; x_wconf 89' lang='lat' dir='ltr'><strong>meus</strong></span> <span class='ocrx_word' id='word_1_521' title='bbox 2272 852 2558 905; x_wconf 66' lang='lat' dir='ltr'><strong>Possidius.</strong></span> <span class='ocrx_word' id='word_1_522' title='bbox 2588 852 2698 904; x_wconf 86' lang='lat' dir='ltr'><strong>llas</strong></span> <span class='ocrx_word' id='word_1_523' title='bbox 2725 862 2893 907; x_wconf 89' lang='lat' dir='ltr'><strong>autem</strong></span> <span class='ocrx_word' id='word_1_524' title='bbox 2944 871 3068 923; x_wconf 87' lang='lat' dir='ltr'><strong>quas</strong></span> <span class='ocrx_word' id='word_1_525' title='bbox 3099 858 3192 907; x_wconf 88' lang='lat' dir='ltr'><strong>mei</strong></span> <span class='ocrx_word' id='word_1_526' title='bbox 3220 872 3371 909; x_wconf 81' lang='lat' dir='ltr'><strong>causa</strong></span> <span class='ocrx_word' id='word_1_527' title='bbox 3393 857 3471 910; x_wconf 86' lang='lat' dir='ltr'><strong>illi</strong></span> 
     </span>
    </p>
   </div>
   <div class='ocr_carea' id='block_1_69' title="bbox 1897 943 3472 1016">
    <p class='ocr_par' dir='ltr' id='par_1_69' title="bbox 1897 943 3472 1016">
     <span class='ocr_line' id='line_1_69' title="bbox 1897 943 3472 1016; baseline 0.002 -16"><span class='ocrx_word' id='word_1_528' title='bbox 1897 946 2138 1014; x_wconf 87' lang='lat' dir='ltr'><strong>dignatus</strong></span> <span class='ocrx_word' id='word_1_529' title='bbox 2178 961 2228 997; x_wconf 85' lang='lat' dir='ltr'><strong>es</strong></span> <span class='ocrx_word' id='word_1_530' title='bbox 2261 943 2487 1005; x_wconf 86' lang='lat' dir='ltr'><strong>reddere,</strong></span> <span class='ocrx_word' id='word_1_531' title='bbox 2521 945 2690 1010; x_wconf 79' lang='lat' dir='ltr'><strong>accepi</strong></span> <span class='ocrx_word' id='word_1_532' title='bbox 2719 960 2767 997; x_wconf 80' lang='lat' dir='ltr'><strong>vr</strong></span> <span class='ocrx_word' id='word_1_533' title='bbox 2796 948 2894 997; x_wconf 88' lang='lat' dir='ltr'><strong>cal.</strong></span> <span class='ocrx_word' id='word_1_534' title='bbox 2920 945 3110 1015; x_wconf 78' lang='lat' dir='ltr'><strong>Aprilis</strong></span> <span class='ocrx_word' id='word_1_535' title='bbox 3140 958 3250 1016; x_wconf 86' lang='lat' dir='ltr'><strong>post</strong></span> <span class='ocrx_word' id='word_1_536' title='bbox 3280 966 3472 1003; x_wconf 84' lang='lat' dir='ltr'><strong>menses</strong></span> 
     </span>
    </p>
   </div>
   <div class='ocr_carea' id='block_1_70' title="bbox 1899 1038 3474 1107">
    <p class='ocr_par' dir='ltr' id='par_1_70' title="bbox 1899 1038 3474 1107">
     <span class='ocr_line' id='line_1_70' title="bbox 1899 1038 3474 1107; baseline 0.003 -16"><span class='ocrx_word' id='word_1_537' title='bbox 1899 1038 2059 1105; x_wconf 79' lang='lat' dir='ltr'><strong>ferme</strong></span> <span class='ocrx_word' id='word_1_538' title='bbox 2098 1046 2207 1089; x_wconf 89' lang='lat' dir='ltr'><strong>octo</strong></span> <span class='ocrx_word' id='word_1_539' title='bbox 2242 1052 2396 1105; x_wconf 88' lang='lat' dir='ltr'><strong>quam</strong></span> <span class='ocrx_word' id='word_1_540' title='bbox 2434 1038 2756 1101; x_wconf 84' lang='lat' dir='ltr'><strong>scripseram.</strong></span> <span class='ocrx_word' id='word_1_541' title='bbox 2802 1038 2979 1107; x_wconf 86' lang='lat' dir='ltr'><strong>Itaque</strong></span> <span class='ocrx_word' id='word_1_542' title='bbox 3023 1038 3293 1095; x_wconf 84' lang='lat' dir='ltr'><strong>Possidius</strong></span> <span class='ocrx_word' id='word_1_543' title='bbox 3334 1056 3474 1096; x_wconf 85' lang='lat' dir='ltr'><strong>anno</strong></span> 
     </span>
    </p>
   </div>
   <div class='ocr_carea' id='block_1_71' title="bbox 1900 1127 3475 1199">
    <p class='ocr_par' dir='ltr' id='par_1_71' title="bbox 1900 1127 3475 1199">
     <span class='ocr_line' id='line_1_71' title="bbox 1900 1127 3475 1199; baseline 0.004 -20"><span class='ocrx_word' id='word_1_544' title='bbox 1900 1127 2004 1180; x_wconf 81' lang='grc'>599</span> <span class='ocrx_word' id='word_1_545' title='bbox 2029 1128 2239 1180; x_wconf 90' lang='lat' dir='ltr'><strong>ineunte</strong></span> <span class='ocrx_word' id='word_1_546' title='bbox 2262 1129 2497 1195; x_wconf 80' lang='lat' dir='ltr'><strong>Augusto</strong></span> <span class='ocrx_word' id='word_1_547' title='bbox 2525 1127 2759 1183; x_wconf 87' lang='lat' dir='ltr'><strong>nondum</strong></span> <span class='ocrx_word' id='word_1_548' title='bbox 2784 1130 2835 1181; x_wconf 91' lang='lat' dir='ltr'><strong>in</strong></span> <span class='ocrx_word' id='word_1_549' title='bbox 2860 1129 3057 1182; x_wconf 83' lang='lat' dir='ltr'><strong>Italiam</strong></span> <span class='ocrx_word' id='word_1_550' title='bbox 3082 1132 3475 1199; x_wconf 88' lang='lat' dir='ltr'><strong>transmiserat,</strong></span> 
     </span>
    </p>
   </div>
   <div class='ocr_carea' id='block_1_72' title="bbox 1899 1219 3475 1289">
    <p class='ocr_par' dir='ltr' id='par_1_72' title="bbox 1899 1219 3475 1289">
     <span class='ocr_line' id='line_1_72' title="bbox 1899 1219 3475 1289; baseline 0.004 -17"><span class='ocrx_word' id='word_1_551' title='bbox 1899 1220 1987 1289; x_wconf 92' lang='lat' dir='ltr'><strong>qui</strong></span> <span class='ocrx_word' id='word_1_552' title='bbox 2018 1230 2192 1274; x_wconf 88' lang='lat' dir='ltr'><strong>tamen</strong></span> <span class='ocrx_word' id='word_1_553' title='bbox 2231 1236 2371 1273; x_wconf 91' lang='lat' dir='ltr'><strong>anno</strong></span> <span class='ocrx_word' id='word_1_554' title='bbox 2398 1219 2504 1274; x_wconf 75' lang='grc'><strong>400</strong></span> <span class='ocrx_word' id='word_1_555' title='bbox 2533 1230 2656 1273; x_wconf 91' lang='lat' dir='ltr'><strong>ante</strong></span> <span class='ocrx_word' id='word_1_556' title='bbox 2694 1236 2744 1273; x_wconf 78' lang='lat' dir='ltr'><strong>vr</strong></span> <span class='ocrx_word' id='word_1_557' title='bbox 2779 1221 2880 1274; x_wconf 89' lang='lat' dir='ltr'><strong>cal.</strong></span> <span class='ocrx_word' id='word_1_558' title='bbox 2916 1222 3113 1289; x_wconf 85' lang='lat' dir='ltr'><strong>Aprilis</strong></span> <span class='ocrx_word' id='word_1_559' title='bbox 3160 1225 3210 1277; x_wconf 92' lang='lat' dir='ltr'><strong>in</strong></span> <span class='ocrx_word' id='word_1_560' title='bbox 3238 1223 3475 1280; x_wconf 81' lang='lat' dir='ltr'><strong>Africmn</strong></span> 
     </span>
    </p>
   </div>
   <div class='ocr_carea' id='block_1_73' title="bbox 1901 1314 3478 1382">
    <p class='ocr_par' dir='ltr' id='par_1_73' title="bbox 1901 1314 3478 1382">
     <span class='ocr_line' id='line_1_73' title="bbox 1901 1314 3478 1382; baseline 0.003 -14"><span class='ocrx_word' id='word_1_561' title='bbox 1901 1316 2155 1377; x_wconf 85' lang='lat' dir='ltr'><strong>redierat,</strong></span> <span class='ocrx_word' id='word_1_562' title='bbox 2184 1328 2305 1367; x_wconf 92' lang='lat' dir='ltr'><strong>cum</strong></span> <span class='ocrx_word' id='word_1_563' title='bbox 2338 1322 2463 1367; x_wconf 88' lang='lat' dir='ltr'><strong>ante</strong></span> <span class='ocrx_word' id='word_1_564' title='bbox 2496 1314 2622 1367; x_wconf 88' lang='lat' dir='ltr'><strong>illud</strong></span> <span class='ocrx_word' id='word_1_565' title='bbox 2649 1324 2855 1382; x_wconf 86' lang='lat' dir='ltr'><strong>tempus</strong></span> <span class='ocrx_word' id='word_1_566' title='bbox 2885 1314 3164 1370; x_wconf 85' lang='lat' dir='ltr'><strong>Nectarius</strong></span> <span class='ocrx_word' id='word_1_567' title='bbox 3194 1317 3478 1373; x_wconf 81' lang='lat' dir='ltr'><strong>Calanien-</strong></span> 
     </span>
    </p>
   </div>
   <div class='ocr_carea' id='block_1_74' title="bbox 1902 1390 3477 1470">
    <p class='ocr_par' dir='ltr' id='par_1_74' title="bbox 1902 1390 3477 1470">
     <span class='ocr_line' id='line_1_74' title="bbox 1902 1390 3477 1470; baseline 0.004 -14"><span class='ocrx_word' id='word_1_568' title='bbox 1902 1404 1976 1457; x_wconf 85' lang='lat' dir='ltr'><strong>sis</strong></span> <span class='ocrx_word' id='word_1_569' title='bbox 2006 1404 2179 1457; x_wconf 88' lang='lat' dir='ltr'><strong>eidem</strong></span> <span class='ocrx_word' id='word_1_570' title='bbox 2210 1404 2268 1459; x_wconf 90' lang='lat' dir='ltr'><strong>S.</strong></span> <span class='ocrx_word' id='word_1_571' title='bbox 2297 1390 2576 1470; x_wconf 85' lang='lat' dir='ltr'><strong>Augustini</strong></span> <span class='ocrx_word' id='word_1_572' title='bbox 2605 1405 2806 1459; x_wconf 89' lang='lat' dir='ltr'><strong>litteras</strong></span> <span class='ocrx_word' id='word_1_573' title='bbox 2828 1407 3126 1461; x_wconf 83' lang='lat' dir='ltr'><strong>tradiderit.</strong></span> <span class='ocrx_word' id='word_1_574' title='bbox 3153 1408 3263 1461; x_wconf 92' lang='lat' dir='ltr'><strong>Imo</strong></span> <span class='ocrx_word' id='word_1_575' title='bbox 3287 1410 3329 1462; x_wconf 92' lang='lat' dir='ltr'><strong>si</strong></span> <span class='ocrx_word' id='word_1_576' title='bbox 3361 1426 3477 1463; x_wconf 83' lang='lat' dir='ltr'><strong>exa-</strong></span> 
     </span>
    </p>
   </div>
   <div class='ocr_carea' id='block_1_75' title="bbox 1901 1496 3476 1565">
    <p class='ocr_par' dir='ltr' id='par_1_75' title="bbox 1901 1496 3476 1565">
     <span class='ocr_line' id='line_1_75' title="bbox 1901 1496 3476 1565; baseline 0.004 -17"><span class='ocrx_word' id='word_1_577' title='bbox 1901 1496 2040 1549; x_wconf 81' lang='lat' dir='ltr'><strong>ctius</strong></span> <span class='ocrx_word' id='word_1_578' title='bbox 2068 1511 2178 1548; x_wconf 92' lang='lat' dir='ltr'><strong>rem</strong></span> <span class='ocrx_word' id='word_1_579' title='bbox 2207 1496 2337 1549; x_wconf 85' lang='lat' dir='ltr'><strong>velis</strong></span> <span class='ocrx_word' id='word_1_580' title='bbox 2369 1496 2706 1563; x_wconf 75' lang='lat' dir='ltr'><strong>investigare,</strong></span> <span class='ocrx_word' id='word_1_581' title='bbox 2738 1506 2911 1559; x_wconf 90' lang='lat' dir='ltr'><strong>notes,</strong></span> <span class='ocrx_word' id='word_1_582' title='bbox 2948 1513 3157 1565; x_wconf 83' lang='lat' dir='ltr'><strong>precor,</strong></span> <span class='ocrx_word' id='word_1_583' title='bbox 3199 1500 3476 1555; x_wconf 86' lang='lat' dir='ltr'><strong>Paulinum</strong></span> 
     </span>
    </p>
   </div>
   <div class='ocr_carea' id='block_1_76' title="bbox 1904 1588 3479 1657">
    <p class='ocr_par' dir='ltr' id='par_1_76' title="bbox 1904 1588 3479 1657">
     <span class='ocr_line' id='line_1_76' title="bbox 1904 1588 3479 1657; baseline 0.006 -16"><span class='ocrx_word' id='word_1_584' title='bbox 1904 1588 1957 1641; x_wconf 91' lang='lat' dir='ltr'><strong>in</strong></span> <span class='ocrx_word' id='word_1_585' title='bbox 1990 1588 2198 1641; x_wconf 87' lang='lat' dir='ltr'><strong>laudata</strong></span> <span class='ocrx_word' id='word_1_586' title='bbox 2228 1588 2449 1655; x_wconf 78' lang='lat' dir='ltr'><strong>epistola</strong></span> <span class='ocrx_word' id='word_1_587' title='bbox 2477 1588 2566 1653; x_wconf 72' lang='lat' dir='ltr'><strong>Ut,</strong></span> <span class='ocrx_word' id='word_1_588' title='bbox 2597 1589 2649 1642; x_wconf 91' lang='lat' dir='ltr'><strong>in</strong></span> <span class='ocrx_word' id='word_1_589' title='bbox 2680 1606 2780 1657; x_wconf 87' lang='lat' dir='ltr'><strong>qua</strong></span> <span class='ocrx_word' id='word_1_590' title='bbox 2804 1591 2871 1643; x_wconf 89' lang='lat' dir='ltr'><strong>de</strong></span> <span class='ocrx_word' id='word_1_591' title='bbox 2899 1591 3046 1645; x_wconf 91' lang='lat' dir='ltr'><strong>obitu</strong></span> <span class='ocrx_word' id='word_1_592' title='bbox 3076 1594 3249 1648; x_wconf 88' lang='lat' dir='ltr'><strong>soceri</strong></span> <span class='ocrx_word' id='word_1_593' title='bbox 3273 1594 3479 1650; x_wconf 89' lang='lat' dir='ltr'><strong>Piniani</strong></span> 
     </span>
    </p>
   </div>
   <div class='ocr_carea' id='block_1_77' title="bbox 1904 1682 3478 1755">
    <p class='ocr_par' dir='ltr' id='par_1_77' title="bbox 1904 1682 3478 1755">
     <span class='ocr_line' id='line_1_77' title="bbox 1904 1682 3478 1755; baseline 0.004 -20"><span class='ocrx_word' id='word_1_594' title='bbox 1904 1697 1966 1735; x_wconf 90' lang='lat' dir='ltr'><strong>ac</strong></span> <span class='ocrx_word' id='word_1_595' title='bbox 2005 1682 2299 1736; x_wconf 87' lang='lat' dir='ltr'><strong>constantia</strong></span> <span class='ocrx_word' id='word_1_596' title='bbox 2344 1684 2529 1736; x_wconf 89' lang='lat' dir='ltr'><strong>matris</strong></span> <span class='ocrx_word' id='word_1_597' title='bbox 2573 1683 2811 1737; x_wconf 53' lang='lat' dir='ltr'><strong>Melaniae.</strong></span> <span class='ocrx_word' id='word_1_598' title='bbox 2850 1700 2972 1737; x_wconf 90' lang='lat' dir='ltr'><strong>cum</strong></span> <span class='ocrx_word' id='word_1_599' title='bbox 3018 1685 3174 1739; x_wconf 87' lang='lat' dir='ltr'><strong>laude</strong></span> <span class='ocrx_word' id='word_1_600' title='bbox 3222 1687 3478 1755; x_wconf 88' lang='lat' dir='ltr'><strong>loquitur,</strong></span> 
     </span>
    </p>
   </div>
   <div class='ocr_carea' id='block_1_78' title="bbox 1905 1776 3479 1846">
    <p class='ocr_par' dir='ltr' id='par_1_78' title="bbox 1905 1776 3479 1846">
     <span class='ocr_line' id='line_1_78' title="bbox 1905 1776 3479 1846; baseline 0.006 -19"><span class='ocrx_word' id='word_1_601' title='bbox 1905 1776 2140 1830; x_wconf 87' lang='lat' dir='ltr'><strong>scribere</strong></span> <span class='ocrx_word' id='word_1_602' title='bbox 2169 1791 2227 1830; x_wconf 86' lang='lat' dir='ltr'><strong>se</strong></span> <span class='ocrx_word' id='word_1_603' title='bbox 2256 1777 2398 1830; x_wconf 89' lang='lat' dir='ltr'><strong>circa</strong></span> <span class='ocrx_word' id='word_1_604' title='bbox 2436 1776 2575 1830; x_wconf 90' lang='lat' dir='ltr'><strong>diem</strong></span> <span class='ocrx_word' id='word_1_605' title='bbox 2610 1776 2799 1829; x_wconf 80' lang='lat' dir='ltr'><strong>festum</strong></span> <span class='ocrx_word' id='word_1_606' title='bbox 2852 1778 3211 1846; x_wconf 90' lang='lat' dir='ltr'><strong>apostolorum</strong></span> <span class='ocrx_word' id='word_1_607' title='bbox 3253 1780 3390 1834; x_wconf 87' lang='lat' dir='ltr'><strong>Petri</strong></span> <span class='ocrx_word' id='word_1_608' title='bbox 3422 1790 3479 1836; x_wconf 87' lang='lat' dir='ltr'><strong>et</strong></span> 
     </span>
    </p>
   </div>
   <div class='ocr_carea' id='block_1_79' title="bbox 1904 1868 3479 1939">
    <p class='ocr_par' dir='ltr' id='par_1_79' title="bbox 1904 1868 3479 1939">
     <span class='ocr_line' id='line_1_79' title="bbox 1904 1868 3479 1939; baseline 0.001 -16"><span class='ocrx_word' id='word_1_609' title='bbox 1904 1868 2055 1923; x_wconf 87' lang='lat' dir='ltr'><strong>Pauli</strong></span> <span class='ocrx_word' id='word_1_610' title='bbox 2086 1870 2288 1922; x_wconf 89' lang='lat' dir='ltr'><strong>litteras</strong></span> <span class='ocrx_word' id='word_1_611' title='bbox 2318 1868 2597 1935; x_wconf 88' lang='lat' dir='ltr'><strong>Augustini</strong></span> <span class='ocrx_word' id='word_1_612' title='bbox 2628 1869 2900 1935; x_wconf 88' lang='lat' dir='ltr'><strong>accepisse</strong></span> <span class='ocrx_word' id='word_1_613' title='bbox 2930 1884 2959 1921; x_wconf 90' lang='lat' dir='ltr'><strong>a</strong></span> <span class='ocrx_word' id='word_1_614' title='bbox 2994 1869 3206 1924; x_wconf 86' lang='lat' dir='ltr'><strong>Victore</strong></span> <span class='ocrx_word' id='word_1_615' title='bbox 3232 1870 3479 1939; x_wconf 88' lang='lat' dir='ltr'><strong>diacono,</strong></span> 
     </span>
    </p>
   </div>
   <div class='ocr_carea' id='block_1_80' title="bbox 1905 1959 3483 2027">
    <p class='ocr_par' dir='ltr' id='par_1_80' title="bbox 1905 1959 3483 2027">
     <span class='ocr_line' id='line_1_80' title="bbox 1905 1959 3483 2027; baseline 0.003 -15"><span class='ocrx_word' id='word_1_616' title='bbox 1905 1960 1993 2027; x_wconf 89' lang='lat' dir='ltr'><strong>qui</strong></span> <span class='ocrx_word' id='word_1_617' title='bbox 2022 1959 2327 2027; x_wconf 88' lang='lat' dir='ltr'><strong>aliquandiu</strong></span> <span class='ocrx_word' id='word_1_618' title='bbox 2360 1959 2540 2013; x_wconf 67' lang='lat' dir='ltr'><strong>Roma:</strong></span> <span class='ocrx_word' id='word_1_619' title='bbox 2571 1969 2722 2012; x_wconf 87' lang='lat' dir='ltr'><strong>antea</strong></span> <span class='ocrx_word' id='word_1_620' title='bbox 2756 1970 3013 2023; x_wconf 91' lang='lat' dir='ltr'><strong>moratus,</strong></span> <span class='ocrx_word' id='word_1_621' title='bbox 3055 1977 3159 2014; x_wconf 90' lang='lat' dir='ltr'><strong>non</strong></span> <span class='ocrx_word' id='word_1_622' title='bbox 3198 1970 3483 2018; x_wconf 87' lang='lat' dir='ltr'><strong>curaverat</strong></span> 
     </span>
    </p>
   </div>
   <div class='ocr_carea' id='block_1_81' title="bbox 1905 2049 3484 2119">
    <p class='ocr_par' dir='ltr' id='par_1_81' title="bbox 1905 2049 3484 2119">
     <span class='ocr_line' id='line_1_81' title="bbox 1905 2049 3484 2119; baseline 0.002 -14"><span class='ocrx_word' id='word_1_623' title='bbox 1905 2053 2061 2106; x_wconf 88' lang='lat' dir='ltr'><strong>citius</strong></span> <span class='ocrx_word' id='word_1_624' title='bbox 2082 2052 2295 2105; x_wconf 86' lang='lat' dir='ltr'><strong>easdem</strong></span> <span class='ocrx_word' id='word_1_625' title='bbox 2326 2050 2390 2105; x_wconf 91' lang='lat' dir='ltr'><strong>ad</strong></span> <span class='ocrx_word' id='word_1_626' title='bbox 2414 2052 2546 2104; x_wconf 81' lang='lat' dir='ltr'><strong>sein</strong></span> <span class='ocrx_word' id='word_1_627' title='bbox 2570 2049 2911 2119; x_wconf 87' lang='lat' dir='ltr'><strong>Campaniam</strong></span> <span class='ocrx_word' id='word_1_628' title='bbox 2944 2053 3484 2119; x_wconf 77' lang='lat' dir='ltr'><strong>transmittere.Quid</strong></span> 
     </span>
    </p>
   </div>
   <div class='ocr_carea' id='block_1_82' title="bbox 1906 2144 3483 2212">
    <p class='ocr_par' dir='ltr' id='par_1_82' title="bbox 1906 2144 3483 2212">
     <span class='ocr_line' id='line_1_82' title="bbox 1906 2144 3483 2212; baseline 0.001 -13"><span class='ocrx_word' id='word_1_629' title='bbox 1906 2162 2033 2199; x_wconf 90' lang='lat' dir='ltr'><strong>vero</strong></span> <span class='ocrx_word' id='word_1_630' title='bbox 2078 2146 2128 2198; x_wconf 92' lang='lat' dir='ltr'><strong>in</strong></span> <span class='ocrx_word' id='word_1_631' title='bbox 2166 2146 2254 2200; x_wconf 89' lang='lat' dir='ltr'><strong>illa</strong></span> <span class='ocrx_word' id='word_1_632' title='bbox 2286 2144 2509 2212; x_wconf 86' lang='lat' dir='ltr'><strong>epistola</strong></span> <span class='ocrx_word' id='word_1_633' title='bbox 2546 2145 2875 2207; x_wconf 68' lang='lat' dir='ltr'><strong>Augustinus</strong></span> <span class='ocrx_word' id='word_1_634' title='bbox 2902 2146 3199 2212; x_wconf 87' lang='lat' dir='ltr'><strong>scripserit,</strong></span> <span class='ocrx_word' id='word_1_635' title='bbox 3244 2147 3483 2201; x_wconf 87' lang='lat' dir='ltr'><strong>attende.</strong></span> 
     </span>
    </p>
   </div>
   <div class='ocr_carea' id='block_1_83' title="bbox 1905 2235 3485 2301">
    <p class='ocr_par' dir='ltr' id='par_1_83' title="bbox 1905 2235 3485 2301">
     <span class='ocr_line' id='line_1_83' title="bbox 1905 2235 3485 2301; baseline 0.001 -12"><span class='ocrx_word' id='word_1_636' title='bbox 1905 2236 2136 2289; x_wconf 83' lang='lat' dir='ltr'><strong>Docuisti</strong></span> <span class='ocrx_word' id='word_1_637' title='bbox 2164 2251 2263 2298; x_wconf 90' lang='lat' dir='ltr'><strong>me,</strong></span> <span class='ocrx_word' id='word_1_638' title='bbox 2296 2235 2485 2301; x_wconf 85' lang='lat' dir='ltr'><strong>inquit,</strong></span> <span class='ocrx_word' id='word_1_639' title='bbox 2514 2235 2565 2287; x_wconf 87' lang='lat' dir='ltr'><strong>in</strong></span> <span class='ocrx_word' id='word_1_640' title='bbox 2588 2235 2776 2299; x_wconf 85' lang='lat' dir='ltr'><strong>spiritu</strong></span> <span class='ocrx_word' id='word_1_641' title='bbox 2806 2236 3031 2289; x_wconf 86' lang='lat' dir='ltr'><strong>veritatis</strong></span> <span class='ocrx_word' id='word_1_642' title='bbox 3057 2237 3282 2292; x_wconf 82' lang='lat' dir='ltr'><strong>salutare</strong></span> <span class='ocrx_word' id='word_1_643' title='bbox 3310 2239 3485 2292; x_wconf 84' lang='lat' dir='ltr'><strong>mode-</strong></span> 
     </span>
    </p>
   </div>
   <div class='ocr_carea' id='block_1_84' title="bbox 1906 2324 3486 2399">
    <p class='ocr_par' dir='ltr' id='par_1_84' title="bbox 1906 2324 3486 2399">
     <span class='ocr_line' id='line_1_84' title="bbox 1906 2324 3486 2399; baseline 0.002 -20"><span class='ocrx_word' id='word_1_644' title='bbox 1906 2328 2056 2379; x_wconf 86' lang='lat' dir='ltr'><strong>randi</strong></span> <span class='ocrx_word' id='word_1_645' title='bbox 2078 2328 2130 2380; x_wconf 87' lang='lat' dir='ltr'><strong>in</strong></span> <span class='ocrx_word' id='word_1_646' title='bbox 2155 2326 2377 2378; x_wconf 83' lang='lat' dir='ltr'><strong>occiduis</strong></span> <span class='ocrx_word' id='word_1_647' title='bbox 2399 2324 2696 2377; x_wconf 86' lang='lat' dir='ltr'><strong>mortalibus</strong></span> <span class='ocrx_word' id='word_1_648' title='bbox 2717 2324 2876 2376; x_wconf 88' lang='lat' dir='ltr'><strong>animi</strong></span> <span class='ocrx_word' id='word_1_649' title='bbox 2898 2336 3364 2392; x_wconf 88' lang='lat' dir='ltr'><strong>temperamentum,</strong></span> <span class='ocrx_word' id='word_1_650' title='bbox 3383 2344 3486 2399; x_wconf 83' lang='lat' dir='ltr'><strong>quo</strong></span> 
     </span>
    </p>
   </div>
   <div class='ocr_carea' id='block_1_85' title="bbox 1907 2419 3487 2491">
    <p class='ocr_par' dir='ltr' id='par_1_85' title="bbox 1907 2419 3487 2491">
     <span class='ocr_line' id='line_1_85' title="bbox 1907 2419 3487 2491; baseline 0.004 -17"><span class='ocrx_word' id='word_1_651' title='bbox 1907 2430 1953 2475; x_wconf 85' lang='lat' dir='ltr'><strong>et</strong></span> <span class='ocrx_word' id='word_1_652' title='bbox 1996 2420 2140 2472; x_wconf 83' lang='lat' dir='ltr'><strong>illaut</strong></span> <span class='ocrx_word' id='word_1_653' title='bbox 2183 2420 2378 2473; x_wconf 83' lang='lat' dir='ltr'><strong>beatam</strong></span> <span class='ocrx_word' id='word_1_654' title='bbox 2415 2428 2647 2481; x_wconf 85' lang='lat' dir='ltr'><strong>matrem,</strong></span> <span class='ocrx_word' id='word_1_655' title='bbox 2688 2430 2735 2473; x_wconf 91' lang='lat' dir='ltr'><strong>et</strong></span> <span class='ocrx_word' id='word_1_656' title='bbox 2772 2419 2937 2471; x_wconf 88' lang='lat' dir='ltr'><strong>aviam</strong></span> <span class='ocrx_word' id='word_1_657' title='bbox 2973 2420 3253 2474; x_wconf 79' lang='lat' dir='ltr'><strong>Melanium</strong></span> <span class='ocrx_word' id='word_1_658' title='bbox 3290 2426 3487 2491; x_wconf 80' lang='lat' dir='ltr'><strong>ﬂevisse</strong></span> 
     </span>
    </p>
   </div>
   <div class='ocr_carea' id='block_1_86' title="bbox 1909 2510 3486 2579">
    <p class='ocr_par' dir='ltr' id='par_1_86' title="bbox 1909 2510 3486 2579">
     <span class='ocr_line' id='line_1_86' title="bbox 1909 2510 3486 2579; baseline 0.003 -14"><span class='ocrx_word' id='word_1_659' title='bbox 1909 2512 2165 2566; x_wconf 88' lang='lat' dir='ltr'><strong>carnalem</strong></span> <span class='ocrx_word' id='word_1_660' title='bbox 2186 2512 2376 2564; x_wconf 89' lang='lat' dir='ltr'><strong>obitum</strong></span> <span class='ocrx_word' id='word_1_661' title='bbox 2399 2510 2529 2562; x_wconf 89' lang='lat' dir='ltr'><strong>unici</strong></span> <span class='ocrx_word' id='word_1_662' title='bbox 2554 2510 2672 2578; x_wconf 82' lang='lat' dir='ltr'><strong>ﬁlii,</strong></span> <span class='ocrx_word' id='word_1_663' title='bbox 2700 2511 2951 2563; x_wconf 88' lang='lat' dir='ltr'><strong>taciturno</strong></span> <span class='ocrx_word' id='word_1_664' title='bbox 2985 2513 3183 2578; x_wconf 89' lang='lat' dir='ltr'><strong>quidem</strong></span> <span class='ocrx_word' id='word_1_665' title='bbox 3210 2514 3354 2579; x_wconf 80' lang='lat' dir='ltr'><strong>ﬂetu,</strong></span> <span class='ocrx_word' id='word_1_666' title='bbox 3386 2532 3486 2571; x_wconf 78' lang='lat' dir='ltr'><strong>non</strong></span> 
     </span>
    </p>
   </div>
   <div class='ocr_carea' id='block_1_87' title="bbox 1909 2601 3486 2670">
    <p class='ocr_par' dir='ltr' id='par_1_87' title="bbox 1909 2601 3486 2670">
     <span class='ocr_line' id='line_1_87' title="bbox 1909 2601 3486 2670; baseline 0.003 -14"><span class='ocrx_word' id='word_1_667' title='bbox 1909 2612 2076 2656; x_wconf 89' lang='lat' dir='ltr'><strong>tamen</strong></span> <span class='ocrx_word' id='word_1_668' title='bbox 2105 2603 2237 2655; x_wconf 88' lang='lat' dir='ltr'><strong>sicco</strong></span> <span class='ocrx_word' id='word_1_669' title='bbox 2265 2619 2296 2654; x_wconf 90' lang='lat' dir='ltr'><strong>a</strong></span> <span class='ocrx_word' id='word_1_670' title='bbox 2328 2602 2567 2655; x_wconf 85' lang='lat' dir='ltr'><strong>maternis</strong></span> <span class='ocrx_word' id='word_1_671' title='bbox 2596 2602 2835 2670; x_wconf 85' lang='lat' dir='ltr'><strong>lacrymis</strong></span> <span class='ocrx_word' id='word_1_672' title='bbox 2868 2601 3045 2656; x_wconf 85' lang='lat' dir='ltr'><strong>dolore</strong></span> <span class='ocrx_word' id='word_1_673' title='bbox 3078 2605 3264 2657; x_wconf 84' lang='lat' dir='ltr'><strong>vidisti.</strong></span> <span class='ocrx_word' id='word_1_674' title='bbox 3297 2608 3373 2660; x_wconf 79' lang='lat' dir='ltr'><strong>Ex</strong></span> <span class='ocrx_word' id='word_1_675' title='bbox 3404 2608 3486 2665; x_wconf 84' lang='lat' dir='ltr'><strong>bis</strong></span> 
     </span>
    </p>
   </div>
   <div class='ocr_carea' id='block_1_88' title="bbox 1907 2694 3487 2764">
    <p class='ocr_par' dir='ltr' id='par_1_88' title="bbox 1907 2694 3487 2764">
     <span class='ocr_line' id='line_1_88' title="bbox 1907 2694 3487 2764; baseline 0.004 -14"><span class='ocrx_word' id='word_1_676' title='bbox 1907 2696 2126 2763; x_wconf 85' lang='lat' dir='ltr'><strong>colligas</strong></span> <span class='ocrx_word' id='word_1_677' title='bbox 2154 2709 2396 2748; x_wconf 85' lang='lat' dir='ltr'><strong>socerum</strong></span> <span class='ocrx_word' id='word_1_678' title='bbox 2428 2694 2654 2757; x_wconf 87' lang='lat' dir='ltr'><strong>Piuiani,</strong></span> <span class='ocrx_word' id='word_1_679' title='bbox 2690 2694 2853 2747; x_wconf 84' lang='lat' dir='ltr'><strong>ﬁlium</strong></span> <span class='ocrx_word' id='word_1_680' title='bbox 2884 2695 3124 2749; x_wconf 70' lang='lat' dir='ltr'><strong>Melania:</strong></span> <span class='ocrx_word' id='word_1_681' title='bbox 3155 2698 3406 2764; x_wconf 87' lang='lat' dir='ltr'><strong>senioris,</strong></span> <span class='ocrx_word' id='word_1_682' title='bbox 3431 2709 3487 2756; x_wconf 89' lang='lat' dir='ltr'><strong>et</strong></span> 
     </span>
    </p>
   </div>
   <div class='ocr_carea' id='block_1_89' title="bbox 1899 2787 3482 2857">
    <p class='ocr_par' dir='ltr' id='par_1_89' title="bbox 1899 2787 3482 2857">
     <span class='ocr_line' id='line_1_89' title="bbox 1899 2787 3482 2857; baseline 0.006 -18"><span class='ocrx_word' id='word_1_683' title='bbox 1899 2788 2131 2855; x_wconf 84' lang='lat' dir='ltr'><strong>junioris</strong></span> <span class='ocrx_word' id='word_1_684' title='bbox 2172 2795 2405 2855; x_wconf 88' lang='lat' dir='ltr'><strong>patrem,</strong></span> <span class='ocrx_word' id='word_1_685' title='bbox 2444 2787 2639 2841; x_wconf 86' lang='lat' dir='ltr'><strong>obiisse</strong></span> <span class='ocrx_word' id='word_1_686' title='bbox 2678 2796 2802 2842; x_wconf 88' lang='lat' dir='ltr'><strong>ante</strong></span> <span class='ocrx_word' id='word_1_687' title='bbox 2844 2788 3036 2843; x_wconf 77' lang='lat' dir='ltr'><strong>Maium</strong></span> <span class='ocrx_word' id='word_1_688' title='bbox 3075 2806 3164 2844; x_wconf 90' lang='lat' dir='ltr'><strong>an.</strong></span> <span class='ocrx_word' id='word_1_689' title='bbox 3196 2794 3320 2857; x_wconf 81' lang='lat'><strong>599,</strong></span> <span class='ocrx_word' id='word_1_690' title='bbox 3363 2810 3482 2849; x_wconf 90' lang='lat' dir='ltr'><strong>cum</strong></span> 
     </span>
    </p>
   </div>
   <div class='ocr_carea' id='block_1_90' title="bbox 1906 2878 3486 2943">
    <p class='ocr_par' dir='ltr' id='par_1_90' title="bbox 1906 2878 3486 2943">
     <span class='ocr_line' id='line_1_90' title="bbox 1906 2878 3486 2943; baseline 0.006 -11"><span class='ocrx_word' id='word_1_691' title='bbox 1906 2878 2161 2933; x_wconf 88' lang='lat' dir='ltr'><strong>Paulinus</strong></span> <span class='ocrx_word' id='word_1_692' title='bbox 2189 2879 2538 2933; x_wconf 81' lang='lat' dir='ltr'><strong>constantiam</strong></span> <span class='ocrx_word' id='word_1_693' title='bbox 2567 2882 2749 2934; x_wconf 61' lang='lat' dir='ltr'><strong>matris</strong></span> <span class='ocrx_word' id='word_1_694' title='bbox 2781 2881 2830 2933; x_wconf 93' lang='lat' dir='ltr'><strong>in</strong></span> <span class='ocrx_word' id='word_1_695' title='bbox 2866 2892 3037 2936; x_wconf 85' lang='lat' dir='ltr'><strong>morte</strong></span> <span class='ocrx_word' id='word_1_696' title='bbox 3068 2884 3161 2937; x_wconf 86' lang='lat' dir='ltr'><strong>lilii</strong></span> <span class='ocrx_word' id='word_1_697' title='bbox 3193 2902 3258 2939; x_wconf 81' lang='lat' dir='ltr'><strong>ex</strong></span> <span class='ocrx_word' id='word_1_698' title='bbox 3294 2888 3486 2943; x_wconf 87' lang='lat' dir='ltr'><strong>litteris</strong></span> 
     </span>
    </p>
   </div>
   <div class='ocr_carea' id='block_1_91' title="bbox 1906 2971 3487 3042">
    <p class='ocr_par' dir='ltr' id='par_1_91' title="bbox 1906 2971 3487 3042">
     <span class='ocr_line' id='line_1_91' title="bbox 1906 2971 3487 3042; baseline 0.004 -16"><span class='ocrx_word' id='word_1_699' title='bbox 1906 2971 2187 3039; x_wconf 87' lang='lat' dir='ltr'><strong>Augustini</strong></span> <span class='ocrx_word' id='word_1_700' title='bbox 2222 2971 2559 3026; x_wconf 80' lang='lat' dir='ltr'><strong>intellexerat</strong></span> <span class='ocrx_word' id='word_1_701' title='bbox 2589 2973 2731 3025; x_wconf 89' lang='lat' dir='ltr'><strong>circa</strong></span> <span class='ocrx_word' id='word_1_702' title='bbox 2762 2971 2953 3027; x_wconf 80' lang='lat' dir='ltr'><strong>festum</strong></span> <span class='ocrx_word' id='word_1_703' title='bbox 2986 2978 3385 3042; x_wconf 84' lang='lat' dir='ltr'><strong>Apostolorum,</strong></span> <span class='ocrx_word' id='word_1_704' title='bbox 3429 2989 3487 3033; x_wconf 86' lang='lat' dir='ltr'><strong>ut</strong></span> 
     </span>
    </p>
   </div>
   <div class='ocr_carea' id='block_1_92' title="bbox 1909 3064 3488 3136">
    <p class='ocr_par' dir='ltr' id='par_1_92' title="bbox 1909 3064 3488 3136">
     <span class='ocr_line' id='line_1_92' title="bbox 1909 3064 3488 3136; baseline 0.005 -18"><span class='ocrx_word' id='word_1_705' title='bbox 1909 3072 2131 3118; x_wconf 87' lang='lat' dir='ltr'><strong>testatur</strong></span> <span class='ocrx_word' id='word_1_706' title='bbox 2155 3064 2206 3116; x_wconf 93' lang='lat' dir='ltr'><strong>in</strong></span> <span class='ocrx_word' id='word_1_707' title='bbox 2233 3064 2456 3132; x_wconf 82' lang='lat' dir='ltr'><strong>epistola</strong></span> <span class='ocrx_word' id='word_1_708' title='bbox 2488 3064 2578 3126; x_wconf 69' lang='lat' dir='ltr'><strong>M,</strong></span> <span class='ocrx_word' id='word_1_709' title='bbox 2604 3067 2688 3117; x_wconf 90' lang='lat' dir='ltr'><strong>cui</strong></span> <span class='ocrx_word' id='word_1_710' title='bbox 2720 3065 2963 3131; x_wconf 84' lang='lat' dir='ltr'><strong>alteram,</strong></span> <span class='ocrx_word' id='word_1_711' title='bbox 2995 3084 3113 3136; x_wconf 71' lang='lat' dir='ltr'><strong>qua:</strong></span> <span class='ocrx_word' id='word_1_712' title='bbox 3141 3080 3221 3123; x_wconf 91' lang='lat' dir='ltr'><strong>est</strong></span> <span class='ocrx_word' id='word_1_713' title='bbox 3241 3070 3368 3135; x_wconf 72' lang='lat'><strong>250,</strong></span> <span class='ocrx_word' id='word_1_714' title='bbox 3402 3088 3488 3127; x_wconf 92' lang='lat' dir='ltr'><strong>re-</strong></span> 
     </span>
    </p>
   </div>
   <div class='ocr_carea' id='block_1_93' title="bbox 1908 3156 3488 3233">
    <p class='ocr_par' dir='ltr' id='par_1_93' title="bbox 1908 3156 3488 3233">
     <span class='ocr_line' id='line_1_93' title="bbox 1908 3156 3488 3233; baseline 0.006 -25"><span class='ocrx_word' id='word_1_715' title='bbox 1908 3156 2084 3225; x_wconf 88' lang='lat' dir='ltr'><strong>posuit</strong></span> <span class='ocrx_word' id='word_1_716' title='bbox 2105 3158 2454 3225; x_wconf 85' lang='lat' dir='ltr'><strong>Augustiuus,</strong></span> <span class='ocrx_word' id='word_1_717' title='bbox 2480 3157 2703 3226; x_wconf 85' lang='lat' dir='ltr'><strong>dcgente</strong></span> <span class='ocrx_word' id='word_1_718' title='bbox 2725 3158 2775 3211; x_wconf 92' lang='lat' dir='ltr'><strong>in</strong></span> <span class='ocrx_word' id='word_1_719' title='bbox 2805 3158 2949 3211; x_wconf 89' lang='lat' dir='ltr'><strong>Italia</strong></span> <span class='ocrx_word' id='word_1_720' title='bbox 2974 3160 3236 3227; x_wconf 86' lang='lat' dir='ltr'><strong>Possidio,</strong></span> <span class='ocrx_word' id='word_1_721' title='bbox 3254 3165 3343 3232; x_wconf 89' lang='lat' dir='ltr'><strong>qui</strong></span> <span class='ocrx_word' id='word_1_722' title='bbox 3368 3177 3488 3233; x_wconf 88' lang='lat' dir='ltr'><strong>post</strong></span> 
     </span>
    </p>
   </div>
   <div class='ocr_carea' id='block_1_94' title="bbox 1905 3248 3484 3316">
    <p class='ocr_par' dir='ltr' id='par_1_94' title="bbox 1905 3248 3484 3316">
     <span class='ocr_line' id='line_1_94' title="bbox 1905 3248 3484 3316; baseline 0.004 -13"><span class='ocrx_word' id='word_1_723' title='bbox 1905 3248 2102 3303; x_wconf 87' lang='lat' dir='ltr'><strong>.Iulium</strong></span> <span class='ocrx_word' id='word_1_724' title='bbox 2133 3248 2370 3315; x_wconf 82' lang='lat' dir='ltr'><strong>ejusdem</strong></span> <span class='ocrx_word' id='word_1_725' title='bbox 2394 3249 2542 3313; x_wconf 92' lang='lat' dir='ltr'><strong>anni,</strong></span> <span class='ocrx_word' id='word_1_726' title='bbox 2575 3264 2637 3303; x_wconf 87' lang='lat' dir='ltr'><strong>ex</strong></span> <span class='ocrx_word' id='word_1_727' title='bbox 2662 3250 2819 3316; x_wconf 88' lang='lat' dir='ltr'><strong>epist.</strong></span> <span class='ocrx_word' id='word_1_728' title='bbox 2850 3248 2975 3315; x_wconf 17' lang='lat' dir='ltr'><strong>257i,</strong></span> <span class='ocrx_word' id='word_1_729' title='bbox 3002 3267 3066 3305; x_wconf 84' lang='lat' dir='ltr'><strong>ex</strong></span> <span class='ocrx_word' id='word_1_730' title='bbox 3093 3251 3269 3307; x_wconf 82' lang='lat' dir='ltr'><strong>Africa</strong></span> <span class='ocrx_word' id='word_1_731' title='bbox 3299 3256 3364 3308; x_wconf 89' lang='lat' dir='ltr'><strong>ad</strong></span> <span class='ocrx_word' id='word_1_732' title='bbox 3391 3271 3484 3309; x_wconf 88' lang='lat' dir='ltr'><strong>co-</strong></span> 
     </span>
    </p>
   </div>
   <div class='ocr_carea' id='block_1_95' title="bbox 1906 3344 3485 3414">
    <p class='ocr_par' dir='ltr' id='par_1_95' title="bbox 1906 3344 3485 3414">
     <span class='ocr_line' id='line_1_95' title="bbox 1906 3344 3485 3414; baseline 0.004 -16"><span class='ocrx_word' id='word_1_733' title='bbox 1906 3346 2151 3399; x_wconf 89' lang='lat' dir='ltr'><strong>mitatum</strong></span> <span class='ocrx_word' id='word_1_734' title='bbox 2176 3346 2533 3414; x_wconf 78' lang='lat' dir='ltr'><strong>navigaverat.</strong></span> <span class='ocrx_word' id='word_1_735' title='bbox 2563 3344 2687 3398; x_wconf 69' lang='lat' dir='ltr'><strong>Haec</strong></span> <span class='ocrx_word' id='word_1_736' title='bbox 2709 3344 2874 3397; x_wconf 82' lang='lat' dir='ltr'><strong>fusius</strong></span> <span class='ocrx_word' id='word_1_737' title='bbox 2900 3345 3032 3410; x_wconf 79' lang='lat' dir='ltr'><strong>dixi,</strong></span> <span class='ocrx_word' id='word_1_738' title='bbox 3061 3362 3165 3400; x_wconf 91' lang='lat' dir='ltr'><strong>non</strong></span> <span class='ocrx_word' id='word_1_739' title='bbox 3192 3349 3331 3413; x_wconf 81' lang='lat' dir='ltr'><strong>quod</strong></span> <span class='ocrx_word' id='word_1_740' title='bbox 3356 3352 3485 3405; x_wconf 90' lang='lat' dir='ltr'><strong>tanti</strong></span> 
     </span>
    </p>
   </div>
   <div class='ocr_carea' id='block_1_96' title="bbox 1904 3437 3489 3509">
    <p class='ocr_par' dir='ltr' id='par_1_96' title="bbox 1904 3437 3489 3509">
     <span class='ocr_line' id='line_1_96' title="bbox 1904 3437 3489 3509; baseline 0.003 -16"><span class='ocrx_word' id='word_1_741' title='bbox 1904 3440 2064 3494; x_wconf 76' lang='lat' dir='ltr'><strong>fuerit</strong></span> <span class='ocrx_word' id='word_1_742' title='bbox 2105 3448 2219 3493; x_wconf 90' lang='lat' dir='ltr'><strong>tuas</strong></span> <span class='ocrx_word' id='word_1_743' title='bbox 2254 3439 2322 3494; x_wconf 88' lang='lat' dir='ltr'><strong>de</strong></span> <span class='ocrx_word' id='word_1_744' title='bbox 2362 3438 2559 3494; x_wconf 85' lang='lat' dir='ltr'><strong>Albino</strong></span> <span class='ocrx_word' id='word_1_745' title='bbox 2598 3453 2787 3493; x_wconf 85' lang='lat' dir='ltr'><strong>socero</strong></span> <span class='ocrx_word' id='word_1_746' title='bbox 2833 3437 3043 3493; x_wconf 88' lang='lat' dir='ltr'><strong>Piuiani</strong></span> <span class='ocrx_word' id='word_1_747' title='bbox 3084 3440 3489 3509; x_wconf 89' lang='lat' dir='ltr'><strong>imaginationes</strong></span> 
     </span>
    </p>
   </div>
   <div class='ocr_carea' id='block_1_97' title="bbox 1906 3532 3488 3599">
    <p class='ocr_par' dir='ltr' id='par_1_97' title="bbox 1906 3532 3488 3599">
     <span class='ocr_line' id='line_1_97' title="bbox 1906 3532 3488 3599; baseline 0.004 -12"><span class='ocrx_word' id='word_1_748' title='bbox 1906 3532 2173 3597; x_wconf 82' lang='lat' dir='ltr'><strong>refellere,</strong></span> <span class='ocrx_word' id='word_1_749' title='bbox 2217 3533 2309 3587; x_wconf 84' lang='lat' dir='ltr'><strong>sed</strong></span> <span class='ocrx_word' id='word_1_750' title='bbox 2354 3543 2409 3587; x_wconf 90' lang='lat' dir='ltr'><strong>ut</strong></span> <span class='ocrx_word' id='word_1_751' title='bbox 2448 3533 2791 3599; x_wconf 86' lang='lat' dir='ltr'><strong>epistolarum</strong></span> <span class='ocrx_word' id='word_1_752' title='bbox 2836 3545 3140 3589; x_wconf 88' lang='lat' dir='ltr'><strong>sanctorum</strong></span> <span class='ocrx_word' id='word_1_753' title='bbox 3186 3537 3390 3592; x_wconf 86' lang='lat' dir='ltr'><strong>Paulini</strong></span> <span class='ocrx_word' id='word_1_754' title='bbox 3435 3548 3488 3593; x_wconf 93' lang='lat' dir='ltr'><strong>et</strong></span> 
     </span>
    </p>
   </div>
   <div class='ocr_carea' id='block_1_98' title="bbox 1907 3625 3487 3693">
    <p class='ocr_par' dir='ltr' id='par_1_98' title="bbox 1907 3625 3487 3693">
     <span class='ocr_line' id='line_1_98' title="bbox 1907 3625 3487 3693; baseline 0.002 -13"><span class='ocrx_word' id='word_1_755' title='bbox 1907 3625 2189 3693; x_wconf 86' lang='lat' dir='ltr'><strong>Augustini</strong></span> <span class='ocrx_word' id='word_1_756' title='bbox 2214 3635 2419 3692; x_wconf 86' lang='lat' dir='ltr'><strong>tempus</strong></span> <span class='ocrx_word' id='word_1_757' title='bbox 2443 3626 2959 3692; x_wconf 86' lang='lat' dir='ltr'><strong>innotesceret,cum</strong></span> <span class='ocrx_word' id='word_1_758' title='bbox 2989 3628 3245 3681; x_wconf 83' lang='lat' dir='ltr'><strong>Baruuius</strong></span> <span class='ocrx_word' id='word_1_759' title='bbox 3266 3640 3317 3683; x_wconf 91' lang='lat' dir='ltr'><strong>et</strong></span> <span class='ocrx_word' id='word_1_760' title='bbox 3340 3628 3487 3683; x_wconf 79' lang='lat' dir='ltr'><strong>Chil-</strong></span> 
     </span>
    </p>
   </div>
   <div class='ocr_carea' id='block_1_99' title="bbox 1909 3716 3486 3786">
    <p class='ocr_par' dir='ltr' id='par_1_99' title="bbox 1909 3716 3486 3786">
     <span class='ocr_line' id='line_1_99' title="bbox 1909 3716 3486 3786; baseline 0.003 -15"><span class='ocrx_word' id='word_1_761' title='bbox 1909 3716 2081 3771; x_wconf 84' lang='lat' dir='ltr'><strong>lIetius</strong></span> <span class='ocrx_word' id='word_1_762' title='bbox 2109 3718 2285 3771; x_wconf 88' lang='lat' dir='ltr'><strong>alieno</strong></span> <span class='ocrx_word' id='word_1_763' title='bbox 2312 3733 2534 3784; x_wconf 89' lang='lat' dir='ltr'><strong>prorsus</strong></span> <span class='ocrx_word' id='word_1_764' title='bbox 2566 3727 2803 3786; x_wconf 90' lang='lat' dir='ltr'><strong>tempore</strong></span> <span class='ocrx_word' id='word_1_765' title='bbox 2833 3720 3047 3772; x_wconf 89' lang='lat' dir='ltr'><strong>easdem</strong></span> <span class='ocrx_word' id='word_1_766' title='bbox 3082 3721 3325 3774; x_wconf 83' lang='lat' dir='ltr'><strong>recitent.</strong></span> <span class='ocrx_word' id='word_1_767' title='bbox 3354 3722 3486 3777; x_wconf 84' lang='lat' dir='ltr'><strong>Vide</strong></span> 
     </span>
    </p>
   </div>
   <div class='ocr_carea' id='block_1_100' title="bbox 1908 3808 3486 3877">
    <p class='ocr_par' dir='ltr' id='par_1_100' title="bbox 1908 3808 3486 3877">
     <span class='ocr_line' id='line_1_100' title="bbox 1908 3808 3486 3877; baseline 0.002 -14"><span class='ocrx_word' id='word_1_768' title='bbox 1908 3809 2088 3877; x_wconf 79' lang='lat' dir='ltr'><strong>quanti</strong></span> <span class='ocrx_word' id='word_1_769' title='bbox 2117 3809 2307 3863; x_wconf 81' lang='lat' dir='ltr'><strong>faciam</strong></span> <span class='ocrx_word' id='word_1_770' title='bbox 2343 3819 2481 3862; x_wconf 90' lang='lat' dir='ltr'><strong>tuam</strong></span> <span class='ocrx_word' id='word_1_771' title='bbox 2516 3808 2658 3862; x_wconf 90' lang='lat' dir='ltr'><strong>illam</strong></span> <span class='ocrx_word' id='word_1_772' title='bbox 2696 3811 2850 3877; x_wconf 90' lang='lat' dir='ltr'><strong>plane</strong></span> <span class='ocrx_word' id='word_1_773' title='bbox 2890 3811 3132 3877; x_wconf 76' lang='lat' dir='ltr'><strong>frigidam</strong></span> <span class='ocrx_word' id='word_1_774' title='bbox 3164 3812 3486 3867; x_wconf 89' lang='lat' dir='ltr'><strong>admonitio-</strong></span> 
     </span>
    </p>
   </div>
   <div class='ocr_carea' id='block_1_101' title="bbox 1912 3896 3488 3967">
    <p class='ocr_par' dir='ltr' id='par_1_101' title="bbox 1912 3896 3488 3967">
     <span class='ocr_line' id='line_1_101' title="bbox 1912 3896 3488 3967; baseline 0.003 -14"><span class='ocrx_word' id='word_1_775' title='bbox 1912 3915 2031 3953; x_wconf 92' lang='lat' dir='ltr'><strong>nem</strong></span> <span class='ocrx_word' id='word_1_776' title='bbox 2064 3915 2183 3967; x_wconf 84' lang='lat' dir='ltr'><strong>pag.</strong></span> <span class='ocrx_word' id='word_1_777' title='bbox 2221 3896 2346 3965; x_wconf 71' lang='grc'>287,</span> <span class='ocrx_word' id='word_1_778' title='bbox 2384 3899 2437 3951; x_wconf 91' lang='lat' dir='ltr'><strong>in</strong></span> <span class='ocrx_word' id='word_1_779' title='bbox 2471 3902 2575 3951; x_wconf 88' lang='lat' dir='ltr'><strong>line</strong></span> <span class='ocrx_word' id='word_1_780' title='bbox 2600 3901 2781 3967; x_wconf 90' lang='lat' dir='ltr'><strong>operis</strong></span> <span class='ocrx_word' id='word_1_781' title='bbox 2818 3911 3002 3953; x_wconf 90' lang='lat' dir='ltr'><strong>contra</strong></span> <span class='ocrx_word' id='word_1_782' title='bbox 3044 3900 3246 3967; x_wconf 89' lang='lat' dir='ltr'><strong>Lupum</strong></span> <span class='ocrx_word' id='word_1_783' title='bbox 3284 3920 3296 3953; x_wconf 90' lang='lat'><strong>:</strong></span> <span class='ocrx_word' id='word_1_784' title='bbox 3333 3902 3488 3957; x_wconf 88' lang='lat' dir='ltr'><strong>Norit</strong></span> 
     </span>
    </p>
   </div>
   <div class='ocr_carea' id='block_1_102' title="bbox 1913 3988 3488 4058">
    <p class='ocr_par' dir='ltr' id='par_1_102' title="bbox 1913 3988 3488 4058">
     <span class='ocr_line' id='line_1_102' title="bbox 1913 3988 3488 4058; baseline 0.004 -17"><span class='ocrx_word' id='word_1_785' title='bbox 1913 3988 2090 4052; x_wconf 77' lang='lat' dir='ltr'><strong>Naris,</strong></span> <span class='ocrx_word' id='word_1_786' title='bbox 2121 4005 2235 4041; x_wconf 88' lang='lat' dir='ltr'><strong>cum</strong></span> <span class='ocrx_word' id='word_1_787' title='bbox 2268 4006 2301 4041; x_wconf 81' lang='grc' dir='ltr'><em>α</em></span> <span class='ocrx_word' id='word_1_788' title='bbox 2331 3988 2558 4056; x_wconf 84' lang='lat' dir='ltr'><strong>principe</strong></span> <span class='ocrx_word' id='word_1_789' title='bbox 2587 3989 2939 4041; x_wconf 81' lang='lat' dir='ltr'><strong>ecclesiastica:</strong></span> <span class='ocrx_word' id='word_1_790' title='bbox 2962 3990 3188 4044; x_wconf 66' lang='lat' dir='ltr'><strong>historia:</strong></span> <span class='ocrx_word' id='word_1_791' title='bbox 3212 3994 3419 4058; x_wconf 85' lang='lat' dir='ltr'><strong>recedit,</strong></span> <span class='ocrx_word' id='word_1_792' title='bbox 3456 4010 3488 4047; x_wconf 91' lang='lat' dir='ltr'><strong>a</strong></span> 
     </span>
    </p>
   </div>
   <div class='ocr_carea' id='block_1_103' title="bbox 1909 4080 3486 4146">
    <p class='ocr_par' dir='ltr' id='par_1_103' title="bbox 1909 4080 3486 4146">
     <span class='ocr_line' id='line_1_103' title="bbox 1909 4080 3486 4146; baseline 0.004 -13"><span class='ocrx_word' id='word_1_793' title='bbox 1909 4095 2023 4133; x_wconf 86' lang='lat' dir='ltr'><strong>vero</strong></span> <span class='ocrx_word' id='word_1_794' title='bbox 2046 4080 2297 4133; x_wconf 87' lang='lat' dir='ltr'><strong>recedere.</strong></span> <span class='ocrx_word' id='word_1_795' title='bbox 2331 4080 2614 4133; x_wconf 84' lang='lat' dir='ltr'><strong>Baronium</strong></span> <span class='ocrx_word' id='word_1_796' title='bbox 2639 4089 2692 4134; x_wconf 91' lang='lat' dir='ltr'><strong>et</strong></span> <span class='ocrx_word' id='word_1_797' title='bbox 2715 4096 2960 4146; x_wconf 86' lang='lat' dir='ltr'><strong>veneror,</strong></span> <span class='ocrx_word' id='word_1_798' title='bbox 2990 4091 3043 4136; x_wconf 92' lang='lat' dir='ltr'><strong>et</strong></span> <span class='ocrx_word' id='word_1_799' title='bbox 3067 4093 3323 4138; x_wconf 82' lang='lat' dir='ltr'><strong>nocturna</strong></span> <span class='ocrx_word' id='word_1_800' title='bbox 3341 4086 3486 4140; x_wconf 89' lang='lat' dir='ltr'><strong>diur-</strong></span> 
     </span>
    </p>
   </div>
   <div class='ocr_carea' id='block_1_104' title="bbox 1911 4173 3484 4245">
    <p class='ocr_par' dir='ltr' id='par_1_104' title="bbox 1911 4173 3484 4245">
     <span class='ocr_line' id='line_1_104' title="bbox 1911 4173 3484 4245; baseline 0.004 -19"><span class='ocrx_word' id='word_1_801' title='bbox 1911 4189 2083 4242; x_wconf 89' lang='lat' dir='ltr'><strong>naque</strong></span> <span class='ocrx_word' id='word_1_802' title='bbox 2106 4189 2266 4226; x_wconf 87' lang='lat' dir='ltr'><strong>manu</strong></span> <span class='ocrx_word' id='word_1_803' title='bbox 2294 4173 2434 4228; x_wconf 91' lang='lat' dir='ltr'><strong>illius</strong></span> <span class='ocrx_word' id='word_1_804' title='bbox 2458 4174 2801 4243; x_wconf 72' lang='lat' dir='ltr'><strong>dignissimos</strong></span> <span class='ocrx_word' id='word_1_805' title='bbox 2821 4175 2984 4228; x_wconf 87' lang='lat' dir='ltr'><strong>cedro</strong></span> <span class='ocrx_word' id='word_1_806' title='bbox 3010 4178 3243 4231; x_wconf 84' lang='lat' dir='ltr'><strong>Annales</strong></span> <span class='ocrx_word' id='word_1_807' title='bbox 3269 4181 3484 4245; x_wconf 88' lang='lat' dir='ltr'><strong>evolvo;</strong></span> 
     </span>
    </p>
   </div>
   <div class='ocr_carea' id='block_1_105' title="bbox 1912 4263 3483 4331">
    <p class='ocr_par' dir='ltr' id='par_1_105' title="bbox 1912 4263 3483 4331">
     <span class='ocr_line' id='line_1_105' title="bbox 1912 4263 3483 4331; baseline 0.007 -14"><span class='ocrx_word' id='word_1_808' title='bbox 1912 4263 2049 4317; x_wconf 88' lang='lat' dir='ltr'><strong>haud</strong></span> <span class='ocrx_word' id='word_1_809' title='bbox 2078 4268 2253 4318; x_wconf 84' lang='lat' dir='ltr'><strong>tamen</strong></span> <span class='ocrx_word' id='word_1_810' title='bbox 2279 4264 2348 4318; x_wconf 89' lang='lat' dir='ltr'><strong>ita</strong></span> <span class='ocrx_word' id='word_1_811' title='bbox 2373 4265 2487 4317; x_wconf 86' lang='lat' dir='ltr'><strong>viro</strong></span> <span class='ocrx_word' id='word_1_812' title='bbox 2513 4264 2724 4318; x_wconf 88' lang='lat' dir='ltr'><strong>deditus</strong></span> <span class='ocrx_word' id='word_1_813' title='bbox 2752 4282 2890 4331; x_wconf 86' lang='lat' dir='ltr'><strong>sum,</strong></span> <span class='ocrx_word' id='word_1_814' title='bbox 2917 4277 2972 4320; x_wconf 91' lang='lat' dir='ltr'><strong>ut</strong></span> <span class='ocrx_word' id='word_1_815' title='bbox 2997 4269 3241 4322; x_wconf 84' lang='lat' dir='ltr'><strong>cutndem</strong></span> <span class='ocrx_word' id='word_1_816' title='bbox 3271 4273 3483 4328; x_wconf 83' lang='lat' dir='ltr'><strong>veritati</strong></span> 
     </span>
    </p>
   </div>
   <div class='ocr_carea' id='block_1_106' title="bbox 1913 4357 3487 4430">
    <p class='ocr_par' dir='ltr' id='par_1_106' title="bbox 1913 4357 3487 4430">
     <span class='ocr_line' id='line_1_106' title="bbox 1913 4357 3487 4430; baseline 0.008 -21"><span class='ocrx_word' id='word_1_817' title='bbox 1913 4358 2302 4425; x_wconf 65' lang='lat' dir='ltr'><strong>praeferendum</strong></span> <span class='ocrx_word' id='word_1_818' title='bbox 2343 4357 2553 4411; x_wconf 89' lang='lat' dir='ltr'><strong>ducam.</strong></span> <span class='ocrx_word' id='word_1_819' title='bbox 2598 4358 2703 4413; x_wconf 89' lang='lat' dir='ltr'><strong>Sed</strong></span> <span class='ocrx_word' id='word_1_820' title='bbox 2743 4360 2812 4414; x_wconf 91' lang='lat' dir='ltr'><strong>de</strong></span> <span class='ocrx_word' id='word_1_821' title='bbox 2853 4361 2935 4414; x_wconf 90' lang='lat' dir='ltr'><strong>bis</strong></span> <span class='ocrx_word' id='word_1_822' title='bbox 2977 4361 3127 4430; x_wconf 91' lang='lat' dir='ltr'><strong>plura</strong></span> <span class='ocrx_word' id='word_1_823' title='bbox 3174 4363 3393 4419; x_wconf 90' lang='lat' dir='ltr'><strong>habebis</strong></span> <span class='ocrx_word' id='word_1_824' title='bbox 3435 4368 3487 4421; x_wconf 92' lang='lat' dir='ltr'><strong>in</strong></span> 
     </span>
    </p>
   </div>
   <div class='ocr_carea' id='block_1_107' title="bbox 1906 4450 3485 4526">
    <p class='ocr_par' dir='ltr' id='par_1_107' title="bbox 1906 4450 3485 4526">
     <span class='ocr_line' id='line_1_107' title="bbox 1906 4450 3485 4526; baseline 0.005 -22"><span class='ocrx_word' id='word_1_825' title='bbox 1906 4450 2174 4518; x_wconf 76' lang='lat' dir='ltr'><strong>apologis.</strong></span> <span class='ocrx_word' id='word_1_826' title='bbox 2211 4451 2418 4506; x_wconf 83' lang='lat' dir='ltr'><strong>Utinam</strong></span> <span class='ocrx_word' id='word_1_827' title='bbox 2453 4460 2530 4513; x_wconf 91' lang='lat' dir='ltr'><strong>tu,</strong></span> <span class='ocrx_word' id='word_1_828' title='bbox 2563 4455 2653 4521; x_wconf 90' lang='lat' dir='ltr'><strong>qui</strong></span> <span class='ocrx_word' id='word_1_829' title='bbox 2685 4452 2937 4518; x_wconf 73' lang='lat' dir='ltr'><strong>antiquos</strong></span> <span class='ocrx_word' id='word_1_830' title='bbox 2967 4454 3161 4521; x_wconf 84' lang='lat' dir='ltr'><strong>lontcs,</strong></span> <span class='ocrx_word' id='word_1_831' title='bbox 3197 4458 3337 4511; x_wconf 91' lang='lat' dir='ltr'><strong>unde</strong></span> <span class='ocrx_word' id='word_1_832' title='bbox 3368 4460 3485 4526; x_wconf 86' lang='lat' dir='ltr'><strong>plu-</strong></span> 
     </span>
    </p>
   </div>
   <div class='ocr_carea' id='block_1_108' title="bbox 1912 4544 3487 4609">
    <p class='ocr_par' dir='ltr' id='par_1_108' title="bbox 1912 4544 3487 4609">
     <span class='ocr_line' id='line_1_108' title="bbox 1912 4544 3487 4609; baseline 0.004 -12"><span class='ocrx_word' id='word_1_833' title='bbox 1912 4544 2167 4597; x_wconf 81' lang='lat' dir='ltr'><strong>rimarum</strong></span> <span class='ocrx_word' id='word_1_834' title='bbox 2196 4559 2373 4598; x_wconf 88' lang='lat' dir='ltr'><strong>rerum</strong></span> <span class='ocrx_word' id='word_1_835' title='bbox 2419 4544 2485 4597; x_wconf 89' lang='lat' dir='ltr'><strong>ad</strong></span> <span class='ocrx_word' id='word_1_836' title='bbox 2510 4545 2781 4609; x_wconf 88' lang='lat' dir='ltr'><strong>Albinum,</strong></span> <span class='ocrx_word' id='word_1_837' title='bbox 2816 4545 3093 4600; x_wconf 89' lang='lat' dir='ltr'><strong>Piniauum</strong></span> <span class='ocrx_word' id='word_1_838' title='bbox 3119 4564 3178 4600; x_wconf 90' lang='lat' dir='ltr'><strong>ac</strong></span> <span class='ocrx_word' id='word_1_839' title='bbox 3205 4549 3487 4606; x_wconf 87' lang='lat' dir='ltr'><strong>Melaniam</strong></span> 
     </span>
    </p>
   </div>
   <div class='ocr_carea' id='block_1_109' title="bbox 1915 4635 3490 4707">
    <p class='ocr_par' dir='ltr' id='par_1_109' title="bbox 1915 4635 3490 4707">
     <span class='ocr_line' id='line_1_109' title="bbox 1915 4635 3490 4707; baseline 0.005 -20"><span class='ocrx_word' id='word_1_840' title='bbox 1915 4635 2292 4703; x_wconf 86' lang='lat' dir='ltr'><strong>spectantium,</strong></span> <span class='ocrx_word' id='word_1_841' title='bbox 2320 4636 2560 4689; x_wconf 90' lang='lat' dir='ltr'><strong>notitiam</strong></span> <span class='ocrx_word' id='word_1_842' title='bbox 2590 4637 2804 4690; x_wconf 90' lang='lat' dir='ltr'><strong>haurire</strong></span> <span class='ocrx_word' id='word_1_843' title='bbox 2836 4646 3070 4704; x_wconf 90' lang='lat' dir='ltr'><strong>poteras,</strong></span> <span class='ocrx_word' id='word_1_844' title='bbox 3104 4640 3372 4707; x_wconf 86' lang='lat' dir='ltr'><strong>inquirere</strong></span> <span class='ocrx_word' id='word_1_845' title='bbox 3395 4658 3490 4696; x_wconf 86' lang='lat' dir='ltr'><strong>ne-</strong></span> 
     </span>
    </p>
   </div>
   <div class='ocr_carea' id='block_1_110' title="bbox 1912 4726 3485 4795">
    <p class='ocr_par' dir='ltr' id='par_1_110' title="bbox 1912 4726 3485 4795">
     <span class='ocr_line' id='line_1_110' title="bbox 1912 4726 3485 4795; baseline 0.006 -17"><span class='ocrx_word' id='word_1_846' title='bbox 1912 4726 2143 4795; x_wconf 79' lang='lat' dir='ltr'><strong>glexisti,</strong></span> <span class='ocrx_word' id='word_1_847' title='bbox 2172 4727 2431 4782; x_wconf 89' lang='lat' dir='ltr'><strong>deductos</strong></span> <span class='ocrx_word' id='word_1_848' title='bbox 2458 4729 2645 4782; x_wconf 90' lang='lat' dir='ltr'><strong>saltem</strong></span> <span class='ocrx_word' id='word_1_849' title='bbox 2677 4729 2799 4782; x_wconf 92' lang='lat' dir='ltr'><strong>inde</strong></span> <span class='ocrx_word' id='word_1_850' title='bbox 2826 4729 3036 4783; x_wconf 87' lang='lat' dir='ltr'><strong>Baronii</strong></span> <span class='ocrx_word' id='word_1_851' title='bbox 3071 4732 3211 4785; x_wconf 90' lang='lat' dir='ltr'><strong>rivos</strong></span> <span class='ocrx_word' id='word_1_852' title='bbox 3231 4733 3485 4788; x_wconf 90' lang='lat' dir='ltr'><strong>adiissesl</strong></span> 
     </span>
    </p>
   </div>
   <div class='ocr_carea' id='block_1_111' title="bbox 1915 4818 3490 4889">
    <p class='ocr_par' dir='ltr' id='par_1_111' title="bbox 1915 4818 3490 4889">
     <span class='ocr_line' id='line_1_111' title="bbox 1915 4818 3490 4889; baseline 0.005 -16"><span class='ocrx_word' id='word_1_853' title='bbox 1915 4818 2053 4873; x_wconf 88' lang='lat' dir='ltr'><strong>Sane</strong></span> <span class='ocrx_word' id='word_1_854' title='bbox 2078 4818 2356 4874; x_wconf 88' lang='lat' dir='ltr'><strong>didicisses</strong></span> <span class='ocrx_word' id='word_1_855' title='bbox 2377 4835 2621 4874; x_wconf 87' lang='lat' dir='ltr'><strong>socerum</strong></span> <span class='ocrx_word' id='word_1_856' title='bbox 2648 4821 2852 4875; x_wconf 81' lang='lat' dir='ltr'><strong>Piniani</strong></span> <span class='ocrx_word' id='word_1_857' title='bbox 2877 4838 3016 4875; x_wconf 91' lang='lat' dir='ltr'><strong>anno</strong></span> <span class='ocrx_word' id='word_1_858' title='bbox 3038 4823 3142 4877; x_wconf 77' lang='grc'>409</span> <span class='ocrx_word' id='word_1_859' title='bbox 3173 4824 3389 4889; x_wconf 90' lang='lat' dir='ltr'><strong>obiisse,</strong></span> <span class='ocrx_word' id='word_1_860' title='bbox 3405 4827 3490 4881; x_wconf 82' lang='lat' dir='ltr'><strong>vel</strong></span> 
     </span>
    </p>
   </div>
   <div class='ocr_carea' id='block_1_112' title="bbox 1914 4913 3587 4983">
    <p class='ocr_par' dir='ltr' id='par_1_112' title="bbox 1914 4913 3587 4983">
     <span class='ocr_line' id='line_1_112' title="bbox 1914 4913 3587 4983; baseline -0.001 -16"><span class='ocrx_word' id='word_1_861' title='bbox 1914 4927 1980 4967; x_wconf 89' lang='lat' dir='ltr'><strong>eo</strong></span> <span class='ocrx_word' id='word_1_862' title='bbox 2012 4913 2127 4981; x_wconf 92' lang='lat' dir='ltr'><strong>ipso</strong></span> <span class='ocrx_word' id='word_1_863' title='bbox 2165 4929 2305 4966; x_wconf 92' lang='lat' dir='ltr'><strong>anno</strong></span> <span class='ocrx_word' id='word_1_864' title='bbox 2344 4913 2484 4968; x_wconf 88' lang='lat' dir='ltr'><strong>illius</strong></span> <span class='ocrx_word' id='word_1_865' title='bbox 2522 4915 2724 4969; x_wconf 91' lang='lat' dir='ltr'><strong>obitum</strong></span> <span class='ocrx_word' id='word_1_866' title='bbox 2764 4930 2793 4968; x_wconf 90' lang='lat' dir='ltr'><strong>a</strong></span> <span class='ocrx_word' id='word_1_867' title='bbox 2835 4929 3025 4983; x_wconf 89' lang='lat' dir='ltr'><strong>magno</strong></span> <span class='ocrx_word' id='word_1_868' title='bbox 3053 4916 3315 4969; x_wconf 73' lang='lat' dir='ltr'><strong>annalists</strong></span> <span class='ocrx_word' id='word_1_869' title='bbox 3355 4919 3491 4972; x_wconf 83' lang='lat' dir='ltr'><strong>reci-</strong></span> <span class='ocrx_word' id='word_1_870' title='bbox 3586 4962 3587 4965; x_wconf 44' lang='grc' dir='ltr'><strong>η</strong></span> 
     </span>
    </p>
   </div>
   <div class='ocr_carea' id='block_1_113' title="bbox 1917 5008 3486 5079">
    <p class='ocr_par' dir='ltr' id='par_1_113' title="bbox 1917 5008 3486 5079">
     <span class='ocr_line' id='line_1_113' title="bbox 1917 5008 3486 5079; baseline 0.003 -17"><span class='ocrx_word' id='word_1_871' title='bbox 1917 5008 2036 5071; x_wconf 90' lang='lat' dir='ltr'><strong>tari,</strong></span> <span class='ocrx_word' id='word_1_872' title='bbox 2062 5022 2233 5077; x_wconf 91' lang='lat' dir='ltr'><strong>neque</strong></span> <span class='ocrx_word' id='word_1_873' title='bbox 2256 5008 2498 5061; x_wconf 90' lang='lat' dir='ltr'><strong>eumdem</strong></span> <span class='ocrx_word' id='word_1_874' title='bbox 2525 5024 2664 5062; x_wconf 90' lang='lat' dir='ltr'><strong>anno</strong></span> <span class='ocrx_word' id='word_1_875' title='bbox 2680 5008 2788 5062; x_wconf 69' lang='grc'><strong>418</strong></span> <span class='ocrx_word' id='word_1_876' title='bbox 2810 5010 3154 5077; x_wconf 74' lang='lat' dir='ltr'><strong>superstitem</strong></span> <span class='ocrx_word' id='word_1_877' title='bbox 3176 5012 3486 5079; x_wconf 86' lang='lat' dir='ltr'><strong>cogitasses.</strong></span> 
     </span>
    </p>
   </div>
   <div class='ocr_carea' id='block_1_114' title="bbox 1921 5099 3487 5170">
    <p class='ocr_par' dir='ltr' id='par_1_114' title="bbox 1921 5099 3487 5170">
     <span class='ocr_line' id='line_1_114' title="bbox 1921 5099 3487 5170; baseline 0.003 -17"><span class='ocrx_word' id='word_1_878' title='bbox 1921 5099 2101 5169; x_wconf 89' lang='lat' dir='ltr'><strong>Itaque</strong></span> <span class='ocrx_word' id='word_1_879' title='bbox 2126 5100 2286 5155; x_wconf 89' lang='lat' dir='ltr'><strong>errati</strong></span> <span class='ocrx_word' id='word_1_880' title='bbox 2316 5100 2540 5168; x_wconf 89' lang='lat' dir='ltr'><strong>duplicis</strong></span> <span class='ocrx_word' id='word_1_881' title='bbox 2569 5101 2845 5155; x_wconf 87' lang='lat' dir='ltr'><strong>convictus</strong></span> <span class='ocrx_word' id='word_1_882' title='bbox 2875 5117 2954 5165; x_wconf 80' lang='lat' dir='ltr'><strong>es,</strong></span> <span class='ocrx_word' id='word_1_883' title='bbox 2984 5101 3073 5170; x_wconf 90' lang='lat' dir='ltr'><strong>qui</strong></span> <span class='ocrx_word' id='word_1_884' title='bbox 3106 5101 3356 5156; x_wconf 85' lang='lat' dir='ltr'><strong>Albinum</strong></span> <span class='ocrx_word' id='word_1_885' title='bbox 3387 5118 3487 5170; x_wconf 90' lang='lat' dir='ltr'><strong>pu-</strong></span> 
     </span>
    </p>
   </div>
   <div class='ocr_carea' id='block_1_115' title="bbox 1922 5191 3485 5265">
    <p class='ocr_par' dir='ltr' id='par_1_115' title="bbox 1922 5191 3485 5265">
     <span class='ocr_line' id='line_1_115' title="bbox 1922 5191 3485 5265; baseline 0.003 -20"><span class='ocrx_word' id='word_1_886' title='bbox 1922 5191 2039 5246; x_wconf 88' lang='lat' dir='ltr'><strong>tasti</strong></span> <span class='ocrx_word' id='word_1_887' title='bbox 2064 5192 2267 5246; x_wconf 88' lang='lat' dir='ltr'><strong>Piniani</strong></span> <span class='ocrx_word' id='word_1_888' title='bbox 2295 5202 2518 5261; x_wconf 87' lang='lat' dir='ltr'><strong>patrem,</strong></span> <span class='ocrx_word' id='word_1_889' title='bbox 2544 5203 2632 5247; x_wconf 86' lang='lat' dir='ltr'><strong>aut</strong></span> <span class='ocrx_word' id='word_1_890' title='bbox 2653 5207 2920 5247; x_wconf 89' lang='lat' dir='ltr'><strong>socerum.</strong></span> <span class='ocrx_word' id='word_1_891' title='bbox 2937 5193 3102 5246; x_wconf 90' lang='lat' dir='ltr'><strong>Addis</strong></span> <span class='ocrx_word' id='word_1_892' title='bbox 3119 5204 3207 5247; x_wconf 87' lang='lat' dir='ltr'><strong>aut</strong></span> <span class='ocrx_word' id='word_1_893' title='bbox 3225 5203 3485 5265; x_wconf 86' lang='lat' dir='ltr'><strong>patruum.</strong></span> 
     </span>
    </p>
   </div>
   <div class='ocr_carea' id='block_1_116' title="bbox 1922 5284 3487 5344">
    <p class='ocr_par' dir='ltr' id='par_1_116' title="bbox 1922 5284 3487 5344">
     <span class='ocr_line' id='line_1_116' title="bbox 1922 5284 3487 5344; baseline 0.004 -7"><span class='ocrx_word' id='word_1_894' title='bbox 1922 5284 2019 5339; x_wconf 86' lang='lat' dir='ltr'><strong>Hic</strong></span> <span class='ocrx_word' id='word_1_895' title='bbox 2064 5301 2147 5339; x_wconf 91' lang='lat' dir='ltr'><strong>me</strong></span> <span class='ocrx_word' id='word_1_896' title='bbox 2201 5296 2437 5340; x_wconf 90' lang='lat' dir='ltr'><strong>veterum</strong></span> <span class='ocrx_word' id='word_1_897' title='bbox 2479 5286 2800 5341; x_wconf 88' lang='lat' dir='ltr'><strong>monimenta</strong></span> <span class='ocrx_word' id='word_1_898' title='bbox 2846 5286 3120 5341; x_wconf 79' lang='lat' dir='ltr'><strong>deﬁciunt.</strong></span> <span class='ocrx_word' id='word_1_899' title='bbox 3169 5286 3381 5344; x_wconf 88' lang='lat' dir='ltr'><strong>Interim</strong></span> <span class='ocrx_word' id='word_1_900' title='bbox 3422 5304 3487 5344; x_wconf 76' lang='lat' dir='ltr'><strong>ex</strong></span> 
     </span>
    </p>
   </div>
   <div class='ocr_carea' id='block_1_117' title="bbox 1922 5377 3004 5448">
    <p class='ocr_par' dir='ltr' id='par_1_117' title="bbox 1922 5377 3004 5448">
     <span class='ocr_line' id='line_1_117' title="bbox 1922 5377 3004 5448; baseline 0.001 -16"><span class='ocrx_word' id='word_1_901' title='bbox 1922 5377 2235 5432; x_wconf 87' lang='lat' dir='ltr'><strong>Trinummo</strong></span> <span class='ocrx_word' id='word_1_902' title='bbox 2268 5378 2435 5433; x_wconf 87' lang='lat' dir='ltr'><strong>Plauti</strong></span> <span class='ocrx_word' id='word_1_903' title='bbox 2463 5395 2774 5447; x_wconf 83' lang='lat' dir='ltr'><strong>responsum</strong></span> <span class='ocrx_word' id='word_1_904' title='bbox 2801 5380 3004 5448; x_wconf 89' lang='lat' dir='ltr'><strong>accipe.</strong></span> 
     </span>
    </p>
   </div>
   <div class='ocr_carea' id='block_1_118' title="bbox 1980 5470 3486 5532">
    <p class='ocr_par' dir='ltr' id='par_1_118' title="bbox 1980 5470 3486 5532">
     <span class='ocr_line' id='line_1_118' title="bbox 1980 5470 3486 5532; baseline 0.004 -13"><span class='ocrx_word' id='word_1_905' title='bbox 1980 5470 2151 5531; x_wconf 81' lang='lat' dir='ltr'><strong>Neque</strong></span> <span class='ocrx_word' id='word_1_906' title='bbox 2176 5472 2313 5532; x_wconf 87' lang='lat' dir='ltr'><strong>novi;</strong></span> <span class='ocrx_word' id='word_1_907' title='bbox 2341 5484 2503 5532; x_wconf 90' lang='lat' dir='ltr'><strong>neque</strong></span> <span class='ocrx_word' id='word_1_908' title='bbox 2524 5479 2664 5520; x_wconf 84' lang='lat' dir='ltr'><strong>natus</strong></span> <span class='ocrx_word' id='word_1_909' title='bbox 2688 5485 2846 5520; x_wconf 89' lang='lat' dir='ltr'><strong>necne</strong></span> <span class='ocrx_word' id='word_1_910' title='bbox 2872 5472 2914 5519; x_wconf 85' lang='lat' dir='ltr'><strong>is</strong></span> <span class='ocrx_word' id='word_1_911' title='bbox 2933 5471 3098 5530; x_wconf 81' lang='lat' dir='ltr'><strong>fuerit,</strong></span> <span class='ocrx_word' id='word_1_912' title='bbox 3125 5471 3170 5520; x_wconf 89' lang='lat' dir='ltr'><strong>id</strong></span> <span class='ocrx_word' id='word_1_913' title='bbox 3195 5471 3348 5522; x_wconf 87' lang='lat' dir='ltr'><strong>solide</strong></span> <span class='ocrx_word' id='word_1_914' title='bbox 3369 5475 3486 5525; x_wconf 79' lang='lat' dir='ltr'><strong>scio.</strong></span> 
     </span>
    </p>
   </div>
   <div class='ocr_carea' id='block_1_119' title="bbox 1886 5562 3489 5633">
    <p class='ocr_par' dir='ltr' id='par_1_119' title="bbox 1886 5562 3489 5633">
     <span class='ocr_line' id='line_1_119' title="bbox 1886 5562 3489 5633; baseline 0 -15"><span class='ocrx_word' id='word_1_915' title='bbox 1886 5611 1894 5618; x_wconf 91' lang='lat'><strong>.</strong></span> <span class='ocrx_word' id='word_1_916' title='bbox 1988 5562 2223 5631; x_wconf 86' lang='lat' dir='ltr'><strong>Denique</strong></span> <span class='ocrx_word' id='word_1_917' title='bbox 2251 5562 2521 5616; x_wconf 80' lang='lat' dir='ltr'><strong>concludis</strong></span> <span class='ocrx_word' id='word_1_918' title='bbox 2551 5579 2565 5617; x_wconf 87' lang='lat'><strong>:</strong></span> <span class='ocrx_word' id='word_1_919' title='bbox 2594 5573 2681 5615; x_wconf 89' lang='lat' dir='ltr'><strong>aut</strong></span> <span class='ocrx_word' id='word_1_920' title='bbox 2708 5564 3035 5617; x_wconf 87' lang='lat' dir='ltr'><strong>avunculum.</strong></span> <span class='ocrx_word' id='word_1_921' title='bbox 3072 5563 3325 5633; x_wconf 79' lang='lat' dir='ltr'><strong>Superius</strong></span> <span class='ocrx_word' id='word_1_922' title='bbox 3359 5564 3489 5619; x_wconf 78' lang='lat' dir='ltr'><strong>scri-</strong></span> 
     </span>
    </p>
   </div>
   <div class='ocr_carea' id='block_1_120' title="bbox 1916 5654 3489 5726">
    <p class='ocr_par' dir='ltr' id='par_1_120' title="bbox 1916 5654 3489 5726">
     <span class='ocr_line' id='line_1_120' title="bbox 1916 5654 3489 5726; baseline -0.001 -17"><span class='ocrx_word' id='word_1_923' title='bbox 1916 5668 2099 5725; x_wconf 89' lang='lat' dir='ltr'><strong>pseras</strong></span> <span class='ocrx_word' id='word_1_924' title='bbox 2129 5669 2248 5723; x_wconf 78' lang='lat' dir='ltr'><strong>pag.</strong></span> <span class='ocrx_word' id='word_1_925' title='bbox 2280 5654 2370 5718; x_wconf 72' lang='lat'><strong>52,</strong></span> <span class='ocrx_word' id='word_1_926' title='bbox 2402 5669 2556 5720; x_wconf 91' lang='lat' dir='ltr'><strong>posse</strong></span> <span class='ocrx_word' id='word_1_927' title='bbox 2585 5656 2788 5708; x_wconf 85' lang='lat' dir='ltr'><strong>retineri</strong></span> <span class='ocrx_word' id='word_1_928' title='bbox 2818 5656 3053 5709; x_wconf 80' lang='lat' dir='ltr'><strong>Albinum</strong></span> <span class='ocrx_word' id='word_1_929' title='bbox 3088 5670 3180 5726; x_wconf 83' lang='lat' dir='ltr'><strong>pro</strong></span> <span class='ocrx_word' id='word_1_930' title='bbox 3213 5672 3384 5709; x_wconf 83' lang='lat' dir='ltr'><strong>socero</strong></span> <span class='ocrx_word' id='word_1_931' title='bbox 3414 5656 3489 5708; x_wconf 84' lang='lat' dir='ltr'><strong>vel</strong></span> 
     </span>
    </p>
   </div>
   <div class='ocr_carea' id='block_1_121' title="bbox 1916 5748 3488 5805">
    <p class='ocr_par' dir='ltr' id='par_1_121' title="bbox 1916 5748 3488 5805">
     <span class='ocr_line' id='line_1_121' title="bbox 1916 5748 3488 5805; baseline 0.002 -4"><span class='ocrx_word' id='word_1_932' title='bbox 1916 5766 2010 5802; x_wconf 85' lang='lat' dir='ltr'><strong>avo</strong></span> <span class='ocrx_word' id='word_1_933' title='bbox 2038 5750 2189 5802; x_wconf 88' lang='lat' dir='ltr'><strong>unius</strong></span> <span class='ocrx_word' id='word_1_934' title='bbox 2210 5749 2425 5801; x_wconf 90' lang='lat' dir='ltr'><strong>duorum</strong></span> <span class='ocrx_word' id='word_1_935' title='bbox 2456 5748 2658 5802; x_wconf 87' lang='lat' dir='ltr'><strong>Piniani</strong></span> <span class='ocrx_word' id='word_1_936' title='bbox 2681 5760 2725 5802; x_wconf 88' lang='lat' dir='ltr'><strong>et</strong></span> <span class='ocrx_word' id='word_1_937' title='bbox 2750 5750 2802 5803; x_wconf 86' lang='grc' dir='ltr'><em>Μ</em></span> <span class='ocrx_word' id='word_1_938' title='bbox 2807 5752 2984 5805; x_wconf 72' lang='lat' dir='ltr'><strong>eluniaz</strong></span> <span class='ocrx_word' id='word_1_939' title='bbox 3007 5767 3025 5804; x_wconf 89' lang='lat'><strong><em>:</em></strong></span> <span class='ocrx_word' id='word_1_940' title='bbox 3046 5761 3090 5804; x_wconf 92' lang='lat' dir='ltr'><strong>et</strong></span> <span class='ocrx_word' id='word_1_941' title='bbox 3115 5752 3207 5804; x_wconf 88' lang='lat' dir='ltr'><strong>hoc</strong></span> <span class='ocrx_word' id='word_1_942' title='bbox 3233 5752 3488 5804; x_wconf 88' lang='lat' dir='ltr'><strong>arridebat</strong></span> 
     </span>
    </p>
   </div>
   <div class='ocr_carea' id='block_1_122' title="bbox 1916 5840 3486 5912">
    <p class='ocr_par' dir='ltr' id='par_1_122' title="bbox 1916 5840 3486 5912">
     <span class='ocr_line' id='line_1_122' title="bbox 1916 5840 3486 5912; baseline 0.004 -19"><span class='ocrx_word' id='word_1_943' title='bbox 1916 5841 2098 5909; x_wconf 84' lang='lat' dir='ltr'><strong>magis.</strong></span> <span class='ocrx_word' id='word_1_944' title='bbox 2124 5840 2327 5905; x_wconf 83' lang='lat' dir='ltr'><strong>Risum,</strong></span> <span class='ocrx_word' id='word_1_945' title='bbox 2354 5842 2540 5908; x_wconf 85' lang='lat' dir='ltr'><strong>amicc,</strong></span> <span class='ocrx_word' id='word_1_946' title='bbox 2572 5850 2773 5909; x_wconf 88' lang='lat' dir='ltr'><strong>teneas,</strong></span> <span class='ocrx_word' id='word_1_947' title='bbox 2799 5842 2888 5912; x_wconf 85' lang='lat' dir='ltr'><strong>qui</strong></span> <span class='ocrx_word' id='word_1_948' title='bbox 2911 5842 3071 5899; x_wconf 90' lang='lat' dir='ltr'><strong>modo</strong></span> <span class='ocrx_word' id='word_1_949' title='bbox 3100 5842 3349 5899; x_wconf 86' lang='lat' dir='ltr'><strong>Albinum</strong></span> <span class='ocrx_word' id='word_1_950' title='bbox 3379 5857 3486 5904; x_wconf 93' lang='lat' dir='ltr'><strong>non</strong></span> 
     </span>
    </p>
   </div>
  </div>
