3974 6356
577 344 678 403 551

1450 344 2000 403 SUPPLEMENTUM
2040 349 2133 403 Al)
2172 346 2397 405 OPERA
2439 352 2498 405 S.
2542 344 2925 406 AUGUS'I'INI.

3678 358 3754 415 552

575 472 756 522 avum,
784 457 876 512 sed
899 458 1204 511 avunculum
1229 459 1433 512 Piniani
1463 461 1759 517 existimas.
1787 462 1996 517 Videris
2014 464 2154 518 velle
2181 475 2231 533 Α
2260 466 2505 519 Albinum
2555 468 2727 520 virum
2783 479 2995 519 SOCI'tlm
3058 464 3193 533 apud
3248 464 3469 518 Africam
3528 472 3754 534 posuisses.

580 552 881 605 universam
927 551 1127 603 l’iniani
1164 553 1535 619 cognationem
1570 563 1623 607 et
1651 554 1965 609 afﬁnitatem
2009 571 2156 608 com-

578 644 931 713 prehendere,
959 642 1085 696 dum
1114 644 1308 698 scribis
1330 645 1581 699 Albinum
1612 647 1773 702 fuisse
1796 648 2035 716 ejusdem
2064 658 2154 701 aut

574 749 787 804 patrem,
837 744 925 788 aut
963 752 1215 798 socerum,
1263 748 1351 790 aut
1401 749 1657 807 patruum,
1703 750 1789 793 aut
1826 742 2154 796 avunculum.

572 830 763 894 Qumso
801 838 868 893 te,
917 845 1010 881 cur
1049 844 1205 881 avum
1247 828 1495 895 omisisti,
1534 830 1601 885 de
1644 846 1750 899 quo
1790 842 1964 886 tamen
1998 832 2157 887 modo

575 924 905 987 cogitaveras
928 922 948 971 ?
975 920 1081 973 (Zur
1111 932 1214 973 tam
1245 921 1353 975 cito
1381 936 1514 975 avus
1540 924 1591 976 in
1632 924 1948 977 avunculum
1982 934 2155 977 trans-

580 1016 872 1085 migravit?
925 1015 1095 1069 Pudet
1127 1032 1210 1070 me
1241 1017 1411 1071 bonas
1441 1017 1601 1072 lioras
1629 1020 1732 1072 tuis
1756 1018 1901 1073 hisce
1930 1018 2158 1086 phanta-

572 1108 668 1160 siis
694 1105 1001 1162 relellendis
1023 1108 1313 1163 insumere.

645 1198 843 1252 Horum
896 1211 1077 1255 autem
1124 1202 1358 1254 omnium
1408 1201 1669 1255 rationem
1720 1202 1921 1257 reddis.
1977 1203 2044 1257 Ut
2092 1205 2158 1257 sit

572 1295 737 1363 major
778 1303 923 1359 natu,
958 1304 1005 1345 et
1033 1304 1239 1363 propter
1276 1304 1492 1347 wtatem'
1506 1296 1695 1364 primas
1737 1296 1974 1349 vindicet.
2020 1298 2157 1352 Rem

572 1400 679 1436 non
708 1384 977 1453 intelligis.
998 1384 1123 1438 Ideo
1144 1384 1471 1452 Augustinus
1494 1387 1545 1439 in
1573 1388 1779 1442 laudata
1809 1391 2156 1457 inscriptione

570 1475 819 1528 Albinum
865 1476 1028 1544 priori
1074 1476 1192 1530 loco
1238 1478 1561 1544 nominavit,
1616 1494 1721 1532 non
1764 1480 1904 1548 quod
1949 1482 2025 1533 vir
2067 1481 2158 1536 ille

571 1577 713 1622 esset
743 1567 915 1636 major
946 1577 1069 1620 natu
1098 1568 1222 1621 aliis
1248 1568 1479 1633 duobus,
1514 1570 1606 1623 sed
1636 1571 1757 1638 quia
1788 1586 1908 1624 cum
1942 1572 2017 1625 illi
2047 1582 2159 1627 tres

572 1660 776 1713 litteras
807 1673 1118 1713 communes
1151 1674 1246 1727 pro
1277 1660 1509 1728 Pelagio,
1543 1676 1771 1729 quocum
1802 1672 1953 1715 erant
1978 1663 2031 1715 in
2060 1663 2159 1717 Pa-

569 1750 804 1816 laestina,
833 1752 896 1804 ad
920 1751 1274 1819 Augustinum
1303 1750 1355 1804 in
1378 1752 1611 1805 Africam
1634 1764 1965 1819 exarassent,
1984 1753 2161 1807 Pinia-

2260 558 2503 628 Cumque,
2549 559 2738 628 inquit,
2775 558 3015 611 Melania:
3055 559 3125 609 ita
3168 560 3328 610 visum
3364 568 3501 621 esset,
3532 576 3650 613 mare
3678 582 3758 617 eain

2257 653 2500 719 suscepit,
2531 668 2645 704 cum
2681 652 2834 705 simul
2860 654 3055 705 adesset
3088 662 3266 715 mater,
3313 668 3495 720 nempe
3531 656 3703 719 Albula,
3730 672 3760 709 rt

2262 740 2534 795 Pinianus.
2570 743 2724 796 Anna
2752 744 2878 806 410,
2908 743 3100 796 Albina
3126 757 3313 797 socrus
3339 758 3456 796 cum
3502 743 3597 797 ﬁlia
3636 756 3677 797 rt
3697 764 3759 815 ge-

2260 849 2391 888 nero
2420 843 2575 888 erant
2600 836 2649 887 in
2677 834 2879 897 Sicilia,
2914 849 3019 904 quo
3052 844 3289 901 tempore
3318 834 3548 887 Alaricus
3572 835 3764 891 Calabros

2260 927 2521 979 vastabat.
2548 926 2771 980 Ruﬁnus
2804 927 2857 980 in
2889 926 3203 995 praefatione
3229 927 3292 979 ad
3322 926 3563 979 Homilias
3580 928 3765 995 Origenis

2261 1034 2423 1086 super
2450 1018 2732 1084 Numeros,
2766 1036 2922 1087 quem
2951 1034 3048 1073 suo
3088 1018 3289 1072 auctori
3323 1020 3546 1071 restituit
3570 1019 3640 1071 vir
3663 1028 3765 1075 omni

2262 1110 2531 1179 prm'conio
2560 1110 2730 1179 major
2760 1112 3036 1164 Emericus
3068 1110 3307 1177 Bigotins
3331 1151 3345 1172 ,
3377 1124 3437 1163 ac
3468 1110 3670 1163 Henrico
3698 1112 3767 1164 \‘a-

2262 1204 2395 1257 lesio
2421 1204 2484 1257 ν.
2529 1204 2590 1258 C.
2619 1205 3055 1268 communicavit,
3108 1204 3222 1257 haec
3251 1204 3324 1255 ait
3350 1220 3361 1252 :
3396 1202 3618 1266 Quamvis
3642 1220 3770 1254 aman-

2263 1297 2487 1348 tissimus
2510 1292 2652 1363 [ilius
2674 1309 2846 1348 noster
2877 1295 3314 1360 Pinianus,cujus
3340 1294 3615 1362 religiosum
3640 1308 3769 1346 CtPlttut

2263 1403 2357 1455 pro
2380 1404 2553 1440 amore
2580 1389 2839 1457 pudicitia:
2870 1393 3140 1459 profugum
3177 1387 3495 1447 comitantur,
3525 1388 3723 1456 injungat
3744 1402 3771 1438 cl

2262 1480 2385 1530 alia.
2416 1478 2613 1532 Ibidem
2644 1494 2770 1533 vero
2799 1480 3021 1548 injectas
3052 1478 3256 1547 Hhegio
3285 1477 3480 1545 oppido
3508 1476 3636 1530 faces
3656 1494 3769 1547 angar.

2262 1571 2485 1624 stissimo
2512 1572 2641 1642 freto
2678 1587 2708 1625 e
2737 1571 2933 1626 Siciliae
2964 1572 3140 1625 littore
3179 1586 3237 1624 se
3282 1579 3634 1639 prospectasse
3657 1580 3771 1622 lesta-

2264 1673 2376 1717 tur.
2406 1665 2475 1716 At
2504 1673 2713 1716 mortuo
2746 1664 2902 1732 paulo
2932 1674 3051 1732 post
3078 1662 3290 1726 Ruﬁna,
3322 1660 3529 1725 Albina,
3562 1659 3769 1719 Pinianus.

2263 1762 2321 1807 et
2349 1753 2594 1819 Melania,
2621 1770 2681 1809 se
2709 1755 2773 1807 ad
2804 1755 3051 1823 Alypium
3077 1753 3356 1822 Tagastam
3384 1751 3670 1815 contulere;
3688 1766 3770 1819 qua

568 1857 669 1895 nus
696 1843 877 1897 socrui
911 1843 1121 1895 Albina:
1148 1842 1217 1894 ob
1244 1843 1417 1896 aetatis
1449 1844 1855 1911 praerogativam
1879 1885 1897 1910 ,
1930 1856 1985 1898 et
2012 1847 2156 1915 quod
2188 1857 2237 1917 Β
2263 1862 2382 1901 rum
2411 1848 2639 1901 adventu
2671 1848 2966 1911 intellecto,
2997 1847 3212 1915 scripsit
3240 1846 3305 1898 ad
3338 1845 3550 1898 eosdem
3588 1846 3771 1906 Augusti-

571 1937 664 1989 lilii
694 1936 811 1990 loco
840 1935 907 1988 ab
938 1935 1123 1987 eadem
1154 1935 1454 2001 amabatur,
1491 1934 1629 1987 unde
1669 1934 1726 1987 8.
1766 1934 1956 1989 doctor
1992 1936 2151 2003 epist.

567 2028 675 2082 285
701 2026 949 2081 eumdem
975 2026 1183 2080 Albium
1210 2027 1377 2093 ﬁlium
1398 2026 1549 2091 dicit,
1582 2027 1812 2093 priorem
1846 2028 1901 2080 in
1923 2028 2162 2083 subscri-

569 2122 753 2190 ptione
777 2120 1074 2175 litterarum
1098 2122 1273 2174 locum
1304 2121 1528 2175 honoris
1559 2133 1613 2175 et
1642 2122 1956 2177 reverentia:
1987 2124 2155 2193 gratia

563 2214 775 2269 detulit.
798 2214 931 2268 Hinc
961 2213 1068 2267 illis
1094 2215 1427 2282 respondens
1451 2214 1507 2269 S.
1536 2218 1885 2285 Augustinus,
1906 2218 2155 2272 eumdem

570 2307 621 2359 in
654 2300 1003 2375 inscriptione
1032 2307 1275 2359 ordinem
1305 2319 1573 2361 servatum
1602 2309 1775 2361 voluit
1803 2326 1957 2377 quem
1992 2312 2044 2364 in
2074 2312 2154 2364 in-

571 2401 861 2469 scriptione
890 2401 1199 2454 earumdem
1243 2412 1540 2456 notaverat.
1573 2403 1668 2467 lta,
1711 2411 1849 2456 teste
1885 2403 1940 2457 8.
1977 2404 2157 2457 Possi-

569 2494 680 2558 dio,
728 2495 780 2547 in
830 2494 1063 2549 indiculo
1103 2495 1449 2561 epistolarum
1491 2495 1548 2549 8.
1594 2494 1784 2559 Patris,
1834 2495 1969 2548 hanc
2017 2496 2157 2550 inter

573 2598 799 2643 caeteras
879 2589 1280 2657 inscriptionem
1340 2580 1487 2657 ponit
1518 2606 1530 2641 :
1565 2588 1780 2657 Albinae,
1841 2590 2060 2644 Piniano
2107 2600 2155 2645 et

568 2678 843 2743 Melaniw;
872 2680 960 2734 ubi
991 2695 1180 2735 socrus
1211 2690 1335 2734 ante
1361 2695 1616 2748 generum
1657 2683 1980 2736 nominatur.
2017 2683 2153 2736 Hinc

565 2772 817 2826 observes
839 2771 1191 2839 Augustinum
1214 2771 1436 2841 ejusque
1459 2783 1762 2828 coaetaueos
1784 2772 1993 2839 Patres,
2022 2774 2154 2828 Pos-

565 2866 760 2919 sidium
793 2880 855 2919 ac
887 2866 1228 2935 Prosperum,
1262 2866 1471 2934 quoties
1502 2876 1829 2921 memoratos
1860 2868 2027 2921 libros
2056 2883 2153 2937 ap-

564 2958 767 3024 pellare
797 2972 931 3026 opus
971 2956 1097 3023 luit,
1129 2957 1214 3010 vel
1249 2958 1461 3010 nomina
1504 2958 1818 3013 feminarum
1853 2960 2059 3013 Albinae
2098 2969 2153 3013 et

567 3048 809 3101 Melaniae
829 3047 1096 3111 omisisse,
1114 3048 1196 3101 vel
1221 3048 1502 3103 Pinianum
1530 3049 1745 3104 feminis
1768 3052 2147 3119 prteposuisse.

564 3138 704 3191 Audi
736 3147 977 3191 nostrum
1009 3139 1072 3194 S.
1106 3139 1406 3202 doctorem,
1431 3140 1482 3191 in
1512 3156 1614 3208 quo
1642 3140 1885 3208 gloriaris
1908 3140 2149 3211 pag.287

2269 1954 2369 1993 nus
2398 1954 2502 1991 non
2529 1954 2682 2003 posse
2712 1954 2769 1992 se
2800 1940 3042 2008 Hippone
3063 1937 3363 2001 discedere,
3396 1937 3578 1989 hiemis
3602 1934 3773 2003 rigorem

2265 2041 2534 2085 causatus.
2555 2032 2686 2085 Cum
2711 2047 2839 2086 vero
2861 2044 3063 2100 septem
3090 2032 3141 2086 in
3162 2032 3342 2085 Africa
3365 2045 3527 2083 annos
3544 2030 3771 2097 degissent,

2267 2127 2319 2179 in
2352 2126 2688 2181 Palaestinam
2721 2128 3154 2188 transmiserunt,
3200 2135 3254 2178 ut
3280 2133 3491 2178 constat
3526 2139 3584 2177 ex
3611 2125 3717 2176 actis
3738 2124 3773 2175 δ.

2265 2216 2503 2271 Melania:
2529 2234 2542 2281 ;
2578 2218 2699 2271 inde
2737 2217 2942 2270 litteras
2974 2231 3069 2285 pro
3099 2216 3311 2285 Pelagio
3338 2228 3479 2266 anno
3507 2212 3603 2266 418
3628 2212 3683 2264 ad
3707 2217 3775 2264 Au-

2265 2312 2533 2378 gustinum
2558 2311 2909 2379 scripserunt,
2934 2308 3128 2377 quibus
3156 2308 3292 2361 duos
3317 2304 3640 2359 doctissimas
3660 2302 3777 2356 libras

2266 2404 2636 2456 sanctissimus
2667 2402 2825 2456 Pater
2856 2402 3115 2469 reposuit.

2339 2494 2702 2548 Laudaveram
2745 2494 2801 2547 S.
2852 2492 3058 2545 l’aulini
3090 2491 3375 2560 epistolam
3424 2490 3559 2543 inter
3590 2485 3780 2553 Augusti

2265 2588 2452 2640 nianas
2473 2585 2601 2650 249,
2620 2587 2671 2639 in
2690 2601 2791 2652 qua
2813 2584 3037 2637 Melania
3061 2599 3155 2651 pro
3180 2581 3409 2635 Melania
3431 2580 3673 2633 scribitur.
3691 2578 3778 2645 Ejus

2265 2678 2427 2731 verba
2470 2686 2595 2730 sunt
2626 2694 2637 2729 :
2674 2676 2778 2729 Sed
2810 2692 2948 2729 cesso
2989 2676 3139 2742 plura
3169 2674 3229 2727 de
3257 2673 3503 2726 memoria
3539 2683 3632 2724 tam
3662 2669 3777 2721 dilecti

2261 2768 2391 2821 mihi
2420 2784 2570 2837 quam
2601 2769 2763 2820 devoti
2784 2766 2985 2820 Christo
3010 2766 3231 2819 hominis
3251 2781 3511 2827 enarrare,
3538 2771 3692 2814 cumet
3709 2777 3777 2828 pn-

2262 2860 2411 2912 stinis
2442 2861 2616 2911 litteris
2641 2874 2741 2910 non
2773 2873 2937 2927 pauca
2963 2874 3116 2925 super
3137 2872 3195 2909 eo
3222 2870 3464 2908 narrasse
3492 2869 3565 2905 me
3590 2862 3775 2919 repetant,

2261 2960 2315 3004 et
2343 2951 2473 3003 nihil
2500 2951 2687 3018 possim
2716 2950 2776 3001 de
2799 2950 2943 3001 beata
2972 2951 3126 3019 hujus
3149 2949 3243 3015 ﬁlii
3265 2957 3450 3011 matre,
3482 2957 3527 2998 et
3555 2954 3777 3006 sanctorum

2263 3052 2410 3111 patre
2431 3042 2600 3093 radice
2618 3056 2881 3093 ramorum
2899 3038 3123 3092 Melania
3149 3041 3327 3092 melius
3360 3048 3447 3089 aut
3468 3039 3672 3089 sanctius
3694 3048 3779 3099 pre-

2262 3136 2459 3201 dicare,
2493 3151 2645 3203 quam
2673 3134 2915 3186 sanctitas
2949 3142 3037 3186 tua
3066 3134 3119 3185 in
3152 3150 3259 3185 eam
3289 3133 3488 3200 profari
3519 3142 3563 3184 et
3587 3130 3779 3199 disputari

568 3229 812 3292 habitare,
846 3229 939 3283 lib.
992 3244 1042 3281 tv
1083 3237 1269 3282 contra
1310 3229 1420 3285 Jul.
1468 3245 1587 3297 cap.
1638 3232 1671 3285 8
1704 3248 1717 3289 ;
1750 3229 1816 3285 In
1866 3233 2152 3286 novissimis
2181 3234 2231 3297 α
2266 3228 2479 3299 dignata
2503 3236 2593 3279 est.
2629 3224 2752 3279 [late
2784 3226 2945 3277 verba
2970 3223 3147 3276 minus
3175 3223 3301 3275 milii
3341 3223 3601 3277 intellecta
3627 3219 3777 3271 scribis.

563 3322 696 3371 enim
718 3321 949 3389 partibus
972 3320 1123 3389 primi
1146 3320 1263 3373 libri
1289 3323 1384 3373 mei
1406 3324 1473 3373 ad
1498 3321 1559 3377 S.
1588 3322 1881 3390 Pinianum,
1914 3329 2058 3395 cujus
2080 3336 2151 3379 est

567 3413 743 3465 titulus
776 3412 839 3464 de
877 3411 1057 3465 Gratia
1102 3410 1198 3466 Dei
1233 3424 1409 3467 contra
1444 3413 1735 3484 Pelagium.
1782 3415 1839 3471 S.
1878 3416 2151 3472 Possidius

566 3506 848 3573 cpiscOpus
872 3504 1227 3570 Calameusis,
1260 3506 1314 3559 in
1338 3506 1583 3575 catalogo
1615 3508 1870 3562 librorum
1898 3511 2149 3577 Augusti-

567 3596 810 3650 nensiutn
836 3596 911 3648 ait
942 3613 954 3647 :
980 3594 1170 3649 Contra
1198 3594 1468 3665 Pelagium
1491 3608 1537 3650 et
1559 3596 1849 3652 Caelestium
1878 3600 1941 3653 de
1969 3600 2153 3655 Gratia

568 3685 756 3739 Christi
779 3696 824 3738 et
848 3684 1068 3739 Peccuto
1090 3687 1330 3757 originali
1351 3685 1464 3739 libri
1487 3687 1588 3740 duo
1610 3690 1678 3740 ad
1705 3688 2003 3755 Pinianum,
2020 3692 2153 3743 Albi—

567 3797 687 3833 num
751 3791 797 3832 et
841 3778 1138 3832 Melanium.
1184 3779 1413 3833 Videsne
1460 3780 1544 3833 hic
1592 3782 1867 3835 l’iuianum
1938 3784 2151 3835 femina:

568 3874 773 3925 Albinze
803 3872 1076 3939 anteponi,
1105 3886 1210 3924 non
1249 3873 1318 3923 ob
1357 3873 1529 3924 aetatis
1562 3874 1919 3941 privilegium,
1958 3873 2050 3926 sed
2082 3873 2152 3926 ob

567 3962 877 4031 dignitatem
895 3963 1091 4015 sexus?
1116 3960 1285 4015 Vacat
1309 3961 1453 4014 illam
1472 3961 1733 4023 Albinum,
1760 3980 1865 4017 non
1893 3965 2149 4025 Albinam,

568 4064 626 4106 ut
651 4055 759 4121 jam
800 4053 929 4107 satis
974 4068 1240 4122 superque
1284 4052 1546 4121 intelligas
1589 4054 1737 4107 nullo
1772 4055 1895 4122 jure
1947 4065 2151 4107 tantum

568 4150 1032 4218 grammaticorum
1076 4149 1354 4210 pulverem
1388 4148 1482 4200 abs
1510 4155 1561 4200 lc
1594 4148 1644 4199 in
1686 4149 1860 4200 virum
1891 4148 2153 4201 amicissi-

571 4256 711 4292 tnutn
745 4240 1055 4292 excitatum.
1090 4238 1147 4291 8.
1169 4238 1399 4303 ProSper
1426 4238 1476 4290 in
1500 4240 1602 4291 line
1623 4238 1801 4306 operis
1827 4247 2011 4291 contra
2036 4239 2153 4292 Col-

570 4335 791 4387 latoreut
824 4347 1113 4385 recensens
1154 4332 1437 4397 plerosque
1466 4330 1632 4383 libras
1684 4330 1981 4397 Augustini,
2017 4332 2154 4384 inter

569 4429 787 4481 eosdem
818 4427 1056 4479 nominat
1085 4424 1152 4476 ad
1175 4424 1235 4477 S.
1269 4422 1547 4476 Pinianum
1570 4424 1721 4477 duos.
1756 4423 1946 4478 Fatere
1980 4426 2030 4476 in
2061 4424 2151 4477 illa

570 4520 920 4587 inscriptione
966 4533 1071 4570 non
1118 4517 1289 4569 virum
1338 4516 1609 4575 Albinum,
1653 4532 1810 4584 quem
1854 4516 2025 4585 ﬁngis,
2055 4516 2149 4570 sed

2265 3318 2499 3384 Fe/ellit,
2517 3320 2707 3388 inquis,
2721 3318 3011 3386 illuntquod
3027 3317 3216 3384 putavit
3226 3316 3361 3370 illud
3374 3315 3592 3370 Melania
3605 3312 3781 3366 Melania

2265 3426 2374 3463 esse
2389 3411 2787 3474 attribuendum,
2806 3418 2851 3460 et
2872 3424 3022 3460 unant
3044 3410 3124 3459 hic
3138 3418 3336 3460 tantum
3361 3423 3615 3477 personam
3634 3403 3782 3474 signiﬁ-

2264 3502 2396 3553 cari.
2412 3501 2598 3554 Postea
2619 3498 2841 3555 :il'erum
2854 3500 2969 3553 dum
2985 3499 3067 3551 hic
3082 3517 3311 3570 persona:
3329 3504 3659 3560 nominantur,
3673 3503 3784 3547 mata

2265 3601 2316 3645 et
2346 3593 2486 3659 [ilius
2513 3608 2531 3645 :
2562 3591 2793 3645 Melania
2821 3602 2867 3646 et
2899 3592 3176 3647 Melanius.
3212 3593 3283 3646 De
3314 3592 3495 3657 beata,
3529 3592 3687 3658 inquit,
3710 3604 3777 3641 nn

2267 3692 2353 3735 tre
2384 3698 2398 3735 :
2429 3697 2541 3734 ecce
2566 3697 2703 3747 una;
2732 3691 2785 3735 et
2814 3693 3117 3735 sanctorum
3148 3692 3295 3750 patre
3326 3682 3507 3734 radice
3534 3692 3782 3733 ramorum:

2267 3790 2385 3827 ecce
2417 3774 2598 3837 altera,
2623 3775 2675 3827 id
2700 3784 2770 3826 est
2800 3774 3074 3827 Melanius.
3102 3774 3157 3827 Si
3208 3758 3491 3843 llosweydi
3523 3770 3783 3826 eruditissimi

2262 3878 2311 3918 sit
2334 3869 2697 3937 elegantissimi
2729 3877 2881 3920 notas
2912 3868 2963 3919 iu
2997 3868 3262 3919 laudatam
3297 3868 3574 3933 epistolam
3601 3866 3783 3931 legissem

2262 3968 2446 4013 textus
2474 3962 2748 4023 mendum,
2780 3961 2920 4028 quod
2954 3970 3004 4014 te
3035 3961 3243 4017 lefellit.
3272 3961 3602 4013 adnotasses.
3643 3954 3784 4009 Scribit

2270 4051 2352 4103 vir
2383 4052 2604 4118 insignis
2652 4066 2770 4119 pag.
2840 4052 2941 4103 887
2974 4068 2985 4101 :
3019 4052 3377 4103 Antecedcntia
3419 4061 3465 4103 et
3500 4048 3784 4116 consequentia

2264 4144 2447 4195 docent
2475 4143 2767 4213 legendum,
2803 4153 3089 4195 sanctorth
3124 4159 3348 4196 ['AlllTl-th
3377 4146 3546 4196 radice
3585 4152 3781 4194 ramorum

2263 4235 2525 4297 Melania;
2546 4251 2799 4304 nusquam
2829 4237 2962 4287 cnim
2984 4235 3105 4287 alibi
3131 4238 3319 4288 utentia
3347 4236 3557 4289 Melanii
3580 4236 3727 4303 patris.
3749 4232 3785 4280 At

2262 4326 2330 4377 de
2367 4325 2618 4389 Melania,
2662 4336 2707 4378 et
2745 4340 2862 4378 ante
2901 4328 3099 4379 loculus
3129 4338 3257 4390 crat,
3287 4339 3333 4379 ct
3367 4332 3599 4381 continuo
3618 4326 3786 4392 sultjtcit.

2278 4416 2565 4471 Videndum
2586 4436 2665 4481 an,
2678 4422 2809 4488 fo‘rte
2831 4420 3021 4471 dictum
3045 4422 3105 4472 sit
3135 4419 3439 4487 Melanium,
3462 4433 3513 4473 nl
3538 4420 3787 4489 Ijlgcirium.

2262 4512 2333 4567 Et
2358 4523 2522 4565 recte.
2548 4512 2684 4565 Nam
2709 4514 2753 4566 si
2789 4524 3011 4566 matrem
3043 4514 3350 4580 Melanium,
3376 4525 3425 4567 ιιι
3454 4526 3645 4585 patrem
3674 4510 3787 4564 lli-la.

568 4611 814 4664 Albinam
844 4624 1059 4663 socrum
1089 4606 1159 4660 ob
1181 4607 1353 4659 aetatis
1379 4606 1711 4675 privilegium
1745 4607 1948 4674 priores
1975 4616 2152 4675 partes
2186 4591 2235 4649 Ι)
2263 4605 2415 4658 nium
2446 4604 2756 4659 immediate
2801 4608 3089 4671 posuisset,
3121 4608 3348 4661 dixisset
3378 4625 3482 4661 non
3514 4612 3561 4659 in
3591 4621 3700 4659 eam,
3724 4600 3786 4653 sol

568 4702 778 4763 tulisse,
801 4715 921 4753 cum
965 4699 1096 4752 alias
1134 4696 1202 4750 ob
1231 4711 1391 4750 sexus
1419 4695 1725 4764 dignitatem
1759 4698 1841 4750 vel
1874 4712 2032 4761 unus,
2066 4699 2149 4753 vel

570 4795 731 4860 priori
760 4793 945 4845 saltem
975 4792 1095 4844 loco
1127 4790 1376 4842 I’inianus
1413 4804 1578 4857 gener
1603 4789 1979 4843 collocaretur.

566 4882 579 4897 '
641 4885 811 4947 Addo,
849 4884 1023 4951 inquis
1076 4884 1218 4953 (pag.
1261 4880 1374 4949 54),
1419 4880 1760 4951 Augustinum
1789 4882 2001 4949 epistola
2042 4884 2145 4936 227

570 4978 783 5034 scribere
829 4976 1031 5041 Albino,
1068 4975 1313 5038 Piniano,
1356 4974 1602 5037 Meliano,
1648 4977 1737 5035 qui
1776 4977 2005 5028 ridentur
2042 4993 2150 5029 esse

570 5072 721 5122 iidem
748 5085 871 5136 quos
901 5066 1293 5127 nominavimus,
1316 5065 1415 5117 nisi
1441 5066 1494 5117 in
1532 5064 1760 5118 Melania
1790 5068 2023 5119 ntendunt
2055 5070 2143 5134 sit,

570 5178 630 5214 ac
652 5160 918 5231 legendum
948 5159 1011 5211 sit
1041 5158 1299 5211 Melaniae.
1335 5156 1515 5225 Itaque
1544 5158 1668 5209 mihi
1698 5172 1822 5228 pene
1846 5174 2144 5226 persuasum

570 5265 642 5308 est
681 5254 917 5306 Albinum
957 5268 1063 5305 esse
1104 5252 1444 5315 retinendum,
1500 5260 1552 5302 ut
1590 5253 1751 5303 virum
1785 5252 2054 5321 signiﬁcet.
2088 5252 2142 5307 Si

574 5344 798 5397 Possidii
844 5343 1134 5398 indiculum
1164 5341 1383 5412 legisses
1405 5384 1419 5404 ,
1461 5343 1597 5395 lianc
1627 5352 1769 5395 tuam
1803 5343 1868 5395 de
1906 5344 2145 5397 masculo

570 5438 767 5492 Albino
798 5437 1103 5503 opinionem
1137 5435 1499 5505 deposuisses.
1534 5435 1605 5487 Ita
1647 5435 1785 5487 illius
1815 5434 2052 5501 epistola:
2081 5436 2147 5488 ti-

571 5528 740 5582 tulum
771 5527 962 5581 ibidem
992 5528 1181 5581 recitat
1220 5544 1231 5577 :
1266 5526 1485 5591 Albinaz,
1518 5524 1741 5577 Piniano
1778 5536 1823 5577 et
1878 5525 2139 5579 Melaniw.

572 5621 828 5677 Eamdem
852 5620 1127 5673 mulierem
1157 5620 1399 5673 Albinum
1430 5628 1585 5671 vocat
1611 5619 1957 5686 Augustinus,
1989 5618 2141 5670 Albi-

570 5729 690 5768 nam
713 5711 950 5780 cjusdem
974 5712 1175 5779 collega
1202 5710 1471 5763 Possidius
1501 5718 1791 5776 nuncupat.
1824 5707 1878 5761 Si
1911 5707 2143 5760 audivis-

566 5824 654 5860 aes
690 5804 1014 5872 Scriptorcni
1056 5803 1173 5857 vitat
1225 5804 1279 5856 8.
1335 5801 1595 5863 Μοιίιιιίιυ,
1644 5815 1911 5868 nunquam
1962 5800 2139 5853 cidem

2264 4699 2322 4750 s'n
2346 4713 2431 4749 eos
2453 4697 2651 4765 profari
2671 4697 2884 4765 dignata
2914 4709 3003 4750 est.
3038 4697 3191 4751 Adde
3224 4700 3389 4752 ﬁliutn
3419 4700 3642 4753 Melanite
3661 4694 3786 4761 appcl‘

2272 4793 2439 4844 latum
2474 4806 2577 4844 non
2609 4791 2917 4853 Melanium,
2956 4791 3049 4845 sed
3082 4792 3433 4855 Publicolam,
3462 4803 3515 4845 ut
3538 4794 3587 4845 in
3615 4786 3786 4843 notisad

2268 4883 2490 4936 easdem
2523 4883 2780 4951 epistolas
2809 4882 3015 4936 Paulini
3052 4899 3157 4937 non
3192 4901 3297 4939 uno
3335 4886 3451 4937 loco
3487 4886 3570 4937 tibi
3608 4882 3786 4935 indicare

2278 4984 2461 5043 potest
2492 4974 2809 5029 Chifﬁetius.
2851 4975 3045 5029 Verum
3078 4976 3287 5029 duabus
3317 4980 3461 5030 hisce
3485 4966 3787 5029 celeberrimis

2270 5082 2305 5119 e
2334 5067 2593 5121 societate
2618 5067 2746 5121 Jesu
2774 5067 3125 5134 scriptoribus
3148 5083 3306 5121 aures
3337 5067 3629 5136 denegasti;
3659 5076 3733 5115 cur
3754 5068 3788 5108 te

2272 5158 2450 5224 ipsum
2482 5158 2669 5210 saltem
2701 5172 2806 5209 non
2848 5157 3078 5209 audisti?
3118 5157 3306 5212 Nonne
3350 5159 3558 5211 dixeras
3592 5164 3786 5208 socerum

2261 5246 2473 5301 Piniani
2499 5248 2751 5301 Albinum
2772 5249 3137 5302 nominatum?
3160 5265 3265 5317 quo
3284 5253 3401 5316 jure
3425 5252 3633 5303 alterum
3654 5245 3784 5297 cidem

2262 5339 2490 5393 fratrem
2534 5340 2815 5393 Melanium
2857 5340 3048 5393 addis?
3074 5340 3154 5394 An
3185 5343 3320 5394 lorte
3356 5345 3587 5397 dicturus
3610 5354 3661 5392 es
3685 5335 3785 5388 duos

2263 5430 2437 5485 fuisse
2478 5431 2713 5484 Melaniae
2748 5431 2904 5491 lilios,
2952 5448 3176 5499 quorum
3213 5450 3351 5487 unus
3384 5434 3643 5494 Melanius,
3670 5428 3784 5493 cujus

2266 5524 2434 5576 morti
2469 5523 2721 5577 Paulinus
2753 5525 3005 5586 indoluit;
3031 5526 3169 5578 alter
3199 5542 3328 5579 vero
3361 5526 3577 5579 Albinus
3596 5519 3783 5577 Melaniﬂl

2266 5616 2496 5680 junioris
2537 5626 2685 5681 pater
2714 5625 2767 5668 ct
2804 5630 2959 5669 soccr
2997 5617 3235 5670 Piniani?
3265 5621 3309 5672 Ο
3340 5622 3417 5672 te!
3450 5619 3525 5673 Ab
3554 5630 3677 5670 anno
3708 5606 3781 5659 373

2274 5709 2415 5761 unici
2448 5708 2543 5762 ﬁlii
2586 5722 2753 5763 mater
2788 5720 3121 5764 remanserat
3159 5712 3314 5765 vidua
3358 5713 3592 5767 Melania.
3631 5698 3780 5760 Scribil

2259 5798 2541 5858 {Palladius
2566 5818 2685 5857 cau.
2719 5804 2851 5857 “8;
2880 5804 2995 5857 Non
3012 5813 3083 5857 est
3113 5804 3675 5860 abstructaacuoiditalc
3689 5794 3777 5863 ﬁlii.

2231 5902 2293 5978 ὲ
