3974 6356
239 358 348 413 535

860 434 863 437 ν
923 358 1283 419 VARIORUM
1326 357 1929 417 EXERCITATIONES
1968 358 2033 415 IN
2071 358 2131 415 S.
2172 359 2543 420 AUGUSTINI
2580 360 2837 420 OPERA.‘

3408 363 3518 422 554

232 488 343 525 non
366 486 482 551 eam
506 462 681 529 divisit
703 474 734 523 α
759 470 973 525 caritate
1000 472 1187 526 Christi
1220 473 1465 546 unigeniti
1496 473 1593 542 ﬁlii
1623 472 1825 527 deside—
1855 479 1906 536 Α
1932 471 2151 540 ingenio,
2184 488 2217 524 a
2240 472 2391 526 dorso
2419 472 2655 541 multum,
2687 488 2800 525 cum
2824 470 2927 525 alio
2954 479 3270 543 comportant
3297 488 3411 544 qua:
3435 479 3518 530 in-

229 565 393 618 rium.
420 563 619 620 Scribit
638 563 996 635 Hieronymus
1010 565 1169 635 epist.
1194 564 1265 619 24
1286 583 1299 620 :
1322 566 1564 631 Quinimo
1584 582 1686 636 qua
1706 565 1825 621 illos

230 664 405 709 mente
432 656 787 727 contempserit
825 654 1042 729 (nempe
1069 665 1338 711 mortuum
1377 658 1627 713 maritum
1655 672 1718 712 ac
1745 658 1827 712 hi-

231 761 338 801 nos
365 746 524 817 ﬁlios)
554 747 609 800 in
631 749 780 801 unico
800 758 975 816 postea
994 747 1106 817 [ilio
1127 749 1325 815 probat.
1350 747 1549 805 Scribit
1569 750 1825 805 Paulinus

228 836 396 906 epist.
428 837 517 901 44,
550 835 833 892 Melanium
855 839 1050 907 ﬂevisse
1072 840 1330 895 carnalem
1355 841 1545 895 obitum
1566 842 1705 896 unici
1725 841 1824 909 ﬁlii

226 928 335 984 sui.
366 928 448 982 Tu
484 942 614 985 vero
652 938 841 984 contra
883 930 1219 986 oculatorum
1252 934 1468 988 testium
1507 934 1649 989 dicta
1688 933 1824 989 duos

225 1020 479 1078 Melania
514 1021 654 1078 ﬁlios
682 1022 953 1089 obtrudis,
980 1023 1231 1079 Albinum
1262 1034 1319 1081 et
1348 1026 1656 1091 Melanium,
1699 1041 1820 1081 cum

227 1115 428 1171 unicus
458 1115 529 1171 illi
560 1117 700 1173 ﬁlius
722 1117 994 1172 Publicola
1023 1117 1201 1172 fuerit.
1229 1118 1282 1173 Si
1306 1119 1538 1175 vidisses
1562 1120 1677 1175 hac
1698 1119 1822 1175 Hie-

227 1208 444 1278 ronymi
465 1208 629 1263 verba
650 1208 703 1263 in
727 1211 887 1277 epist.
921 1210 986 1263 ll
1022 1209 1089 1264 ad
1104 1209 1384 1265 Ruﬁnum:
1411 1210 1539 1265 Erat
1559 1212 1822 1266 nobiscum

226 1309 279 1352 et
310 1298 462 1354 Hilas
488 1301 651 1353 sancti
684 1299 901 1355 Melanii
931 1301 1179 1371 famulus,
1210 1301 1451 1371 profecto
1484 1304 1694 1359 tibimet
1724 1318 1821 1375 pro

227 1392 466 1448 Melanio
490 1392 609 1447 viro
639 1392 965 1463 triumphum
993 1392 1312 1450 cecinisses.
1336 1394 1440 1449 Sed
1472 1403 1648 1449 textus
1672 1410 1822 1450 men-

227 1483 362 1538 dum
385 1483 760 1552 corrigendum
782 1492 867 1539 est
896 1500 961 1539 ex
993 1485 1200 1554 optimo
1227 1500 1328 1539 ms.
1364 1485 1709 1541 bibliotheca
1729 1501 1818 1541 se-

226 1575 500 1632 renissimi
530 1575 704 1645 Magni
740 1575 902 1630 Ducis
936 1576 988 1631 in
1021 1577 1205 1645 pluteo
1235 1577 1323 1642 l9,
1357 1577 1446 1633 ubi
1476 1587 1668 1632 sanctae
1708 1577 1820 1631 Ille-

226 1668 386 1723 lanite
425 1668 635 1739 legitur.
667 1668 829 1724 Forte
852 1678 1045 1724 sancta
1079 1668 1297 1724 Melanii
1333 1672 1592 1739 scriptum
1620 1669 1722 1724 fuit
1752 1670 1820 1725 ah

226 1758 579 1832 Hieronymo,
610 1774 728 1831 qua
750 1762 1113 1829 exscriptores
1146 1762 1286 1816 haud
1318 1762 1702 1833 percipientes,
1733 1762 1817 1816 vel

1929 570 2192 617 venerunt.
2236 562 2311 618 lta
2337 572 2443 628 est,
2471 564 2544 618 mi
2574 563 2814 632 Macedo,
2845 564 3152 620 dossuarius
3181 564 3345 621 homo
3372 582 3516 635 sum,

1928 662 1981 708 et
2028 652 2266 723 bajulum
2311 668 2411 724 ago
2434 694 2448 719 ,
2481 662 2534 709 et
2566 654 2879 725 plerumque
2906 654 3009 711 sub
3043 655 3303 713 librorum
3350 674 3518 715 onere

1927 743 2138 800 delicio.
2187 745 2265 799 Tu
2293 759 2425 801 vero
2448 786 2463 810 ,
2496 746 2585 815 qui
2614 746 2920 815 dedignaris
2945 747 3097 803 hisce
3122 747 3347 819 baiulis,
3379 765 3443 806 ac
3470 753 3517 808 si

1926 846 2108 893 essent
2137 836 2319 893 ultima
2350 838 2418 894 de
2441 836 2573 892 face
2601 838 2840 894 saburra
2860 882 2876 907 ,
2907 842 3213 910 accenseri,
3250 843 3425 898 omnia
3453 847 3517 897 ab

1926 930 2132 1001 ingenio
2156 929 2316 986 aﬁ'ers
2338 972 2353 996 ,
2384 946 2417 982 a
2453 930 2603 985 dorso
2634 930 2797 996 nihil,
2830 943 3119 1002 auctorem,
3149 950 3256 991 non
3284 937 3515 1009 bajulum

1924 1023 2062 1092 agis.
2093 1022 2238 1077 Vah!
2269 1036 2425 1091 quam
2454 1021 2709 1077 feliciter!
2750 1022 2961 1079 Etenim
2992 1026 3053 1079 ab
3084 1027 3285 1097 ingenio
3314 1036 3404 1082 tuo
3434 1037 3519 1084 est

1924 1115 2065 1169 ﬁlius
2103 1114 2315 1169 Piniani
2342 1122 2395 1169 et
2430 1112 2670 1169 Melania
2709 1130 2851 1170 anno
2884 1116 2988 1171 418
3028 1127 3318 1187 superstes.
3365 1118 3515 1174 Hunc

1924 1205 2187 1263 dossuarii
2216 1223 2281 1262 ex
2315 1205 2546 1263 lectione
2578 1206 2697 1263 libri
2720 1208 2788 1263 de
2814 1208 2927 1263 Vita
2957 1208 3015 1263 S.
3039 1207 3282 1266 Melaniae
3306 1210 3357 1265 id
3383 1218 3516 1266 tem-

1924 1300 2072 1367 poris
2100 1301 2298 1354 vixisse
2318 1314 2385 1354 ne
2409 1300 2709 1371 cogitarunt
2729 1300 2965 1370 quidem.
2993 1300 3069 1356 Ab
3089 1302 3293 1374 ingenio
3313 1312 3406 1359 tuo
3427 1311 3511 1359 est

1922 1407 2055 1447 avus
2082 1393 2326 1448 Melania
2352 1393 2605 1463 junioris,
2635 1408 2777 1447 anno
2803 1394 2992 1449 eodem
3026 1396 3079 1448 in
3110 1394 3392 1451 Palaestina
3418 1396 3512 1451 de-

1924 1498 2080 1554 gens.
2130 1484 2403 1539 Dossuarii
2434 1500 2500 1538 ex
2538 1484 2803 1540 Chronico
2841 1484 2903 1538 D.
2933 1484 3239 1555 Hieronymi
3266 1486 3512 1542 eumdem

1921 1592 2064 1633 anno
2083 1579 2189 1633 575
2210 1578 2517 1635 defunctum
2539 1587 2746 1649 putant.
2772 1579 2849 1633 Ab
2864 1581 3065 1649 ingenio
3090 1589 3180 1634 tuo
3201 1589 3285 1635 est
3307 1579 3515 1635 Piniani

1921 1677 2074 1738 pater
2118 1669 2357 1725 Albinus.
2417 1669 2569 1725 Hunc
2612 1671 2876 1726 dossuarii
2924 1686 2990 1726 ex
3036 1671 3260 1726 Palladii
3305 1671 3517 1727 Piniani

1922 1759 2163 1828 ejusdem
2193 1760 2416 1830 hospitis
2445 1760 2704 1816 Lausiaca
2732 1762 2992 1817 Severum
3020 1773 3233 1817 vocant.
3262 1761 3338 1815 Ab
3368 1763 3514 1831 inge-

226 1859 438 1906 textum
469 1862 844 1921 corruperunt,
885 1853 1053 1906 sancti
1084 1852 1395 1919 reddentes,
1430 1854 1516 1909 vel
1556 1854 1674 1908 sine
1716 1868 1817 1909 ne-
1848 1865 1896 1926 Β
1922 1850 2006 1904 nio
2036 1859 2126 1905 tuo
2155 1860 2238 1907 est
2268 1851 2479 1906 Piniani
2509 1866 2664 1907 socer
2692 1851 2917 1906 Albinus
2946 1866 3087 1907 anno
3117 1852 3223 1907 418
3251 1852 3392 1907 inter
3419 1852 3517 1908 ho-

223 1945 481 2000 cessitate
517 1944 892 2011 emendarunt,
937 1944 1179 2001 Melania
1208 1946 1593 2016 exprimentes.
1626 1946 1811 2001 Corri-

222 2036 436 2106 gendus
461 2037 679 2106 insuper
693 2046 776 2092 est
794 2036 1109 2092 scholiastes
1124 2036 1362 2103 Baronii,
1380 2040 1469 2107 qui
1491 2037 1558 2091 ad
1579 2051 1665 2091 an.
1681 2036 1810 2104 409,

225 2128 322 2184 ubi
354 2130 747 2185 eruditissimus
777 2130 1069 2185 cardinalis
1090 2132 1279 2186 recitat
1298 2131 1581 2201 epistolam
1606 2130 1809 2185 Paulini

223 2222 295 2276 ad
341 2222 716 2294 Augustinum,
762 2223 910 2293 ponit
945 2223 999 2278 in
1044 2226 1327 2294 margine:
1373 2224 1633 2279 Melanius
1671 2234 1815 2291 pater

224 2314 511 2383 Melania;
541 2320 737 2372 etenim
780 2318 851 2371 de
894 2317 1119 2373 Melania
1150 2318 1337 2373 scribit
1381 2317 1652 2371 Palladius
1690 2332 1811 2387 cap.

225 2408 358 2477 117,
404 2409 531 2463 Fuit
568 2411 771 2480 quidem
814 2412 927 2479 filia
973 2411 1213 2465 Marcelli
1252 2410 1559 2465 consularis.
1598 2410 1722 2465 Scio
1760 2412 1813 2465 in

225 2502 499 2557 Chronico
526 2503 591 2558 D.
626 2503 936 2573 Hieronymi
965 2503 1032 2558 ad
1060 2518 1259 2559 annum
1285 2502 1553 2559 decimum
1574 2501 1815 2557 Valentis

223 2594 339 2650 dici
370 2595 645 2651 Melaniam
675 2597 969 2651 Marcellini
997 2598 1223 2652 consulis
1254 2597 1437 2665 ﬁliam.
1461 2595 1564 2651 Sed
1590 2594 1815 2650 Ruﬁnus

226 2688 333 2743 lib.
362 2705 396 2743 ιι
425 2690 627 2746 Invect.
655 2690 709 2745 in
738 2691 1119 2762 Hieronymum
1147 2693 1389 2748 referens
1441 2690 1605 2747 verba
1648 2689 1819 2746 Chro-

227 2782 339 2837 nici
364 2783 765 2855 Hieronymiani
790 2785 1004 2841 scribit:
1033 2785 1327 2840 Marcellini
1349 2784 1577 2840 consulis
1593 2794 1814 2855 neptem.

194 2872 416 2943 _Gessit
457 2887 642 2931 autem
695 2875 910 2930 Flavius
956 2877 1296 2933 Marcellinus
1322 2875 1661 2932 consulatum
1692 2890 1814 2931 cum

226 2962 469 3021 Prohino
490 2966 697 3035 collega
717 2980 860 3021 anno
888 2966 984 3021 5M
999 3006 1012 3019 .

302 3066 573 3133 Putabas,
601 3067 803 3131 amice,
833 3067 1011 3123 Albini
1052 3068 1129 3123 tui
1168 3068 1531 3138 genealogiam
1574 3068 1819 3138 repetitis

226 3158 341 3215 illis
370 3168 457 3214 aut
481 3200 497 3225 ,
535 3168 622 3214 aut
644 3202 659 3225 ,
705 3169 956 3231 tanquam
996 3159 1200 3215 lacibus
1237 3160 1502 3216 illustrare
1526 3203 1541 3227 ,
1584 3160 1679 3217 sed
1708 3174 1815 3215 non

1916 1943 2092 1997 mines
2136 1943 2434 1998 ambulans.
2495 1943 2648 1997 Hunc
2701 1944 2966 1998 dossuarii
3015 1958 3079 1999 ex
3130 1945 3414 2014 Augustini
3460 1953 3518 1999 et

1916 2035 2127 2091 Paulini
2160 2037 2356 2091 litteris
2386 2047 2510 2092 ante
2541 2051 2739 2091 annum
2772 2037 2877 2093 400
2904 2036 3048 2092 diem
3080 2036 3279 2093 ohiisse
3310 2046 3518 2093 testan-

1919 2137 2027 2182 tur.
2056 2128 2130 2181 Ab
2155 2128 2365 2200 ingenio
2389 2138 2478 2183 tuo
2501 2138 2623 2183 sunt
2643 2138 2863 2200 patruus
2888 2137 2941 2183 et
2964 2130 3260 2185 avunculus
3281 2129 3513 2185 Piniani.

1916 2221 2027 2277 Hos
2054 2220 2238 2275 miseri
2266 2221 2535 2277 dossuarii
2578 2222 2632 2276 in
2676 2221 2838 2278 nullis
2867 2229 3113 2278 veterum
3152 2223 3517 2278 monumentis

1920 2302 2239 2367 inveniunt.
2266 2312 2341 2366 Ab
2390 2314 2595 2385 ingenio
2640 2322 2734 2369 tuo
2760 2354 2777 2380 ,
2824 2314 2875 2367 in
2916 2313 3129 2369 laudata
3171 2314 3518 2382 inscriptione

1918 2400 2038 2455 libri
2068 2401 2135 2457 de
2159 2400 2337 2484 Gratia
2368 2403 2569 2458 Christi
2595 2445 2610 2470 ,
2643 2404 2846 2473 primas
2873 2403 2974 2459 sibi
3007 2404 3243 2459 vindicat
3268 2405 3515 2458 Albinus.

1918 2491 2195 2547 Dossuarii
2241 2507 2306 2548 ex
2352 2494 2649 2563 Augustino
2673 2533 2690 2561 ,
2731 2503 2787 2551 et
2828 2494 3112 2564 Possidio,
3155 2503 3211 2549 et
3249 2494 3517 2563 Prospero

1917 2585 2153 2654 priorem
2181 2585 2408 2640 Piniano
2438 2596 2688 2658 tanquam
2728 2588 2845 2641 viro
2874 2587 3050 2643 locum
3079 2585 3402 2641 concedunt.
3440 2585 3518 2637 Ab

1918 2677 2121 2746 ingenio
2155 2686 2244 2731 tuo
2272 2677 2502 2734 Albinus
2532 2679 2617 2732 vir
2658 2676 2867 2732 Piniani
2896 2686 2952 2733 et
2983 2676 3229 2732 Melania:
3253 2676 3431 2731 socius
3460 2676 3517 2730 in

1919 2768 2098 2825 Africa
2129 2770 2452 2840 publicator.
2485 2771 2753 2826 Dossuarii
2778 2785 2844 2830 ex
2868 2769 3005 2825 libro
3027 2768 3095 2823 de
3123 2768 3518 2824 Vita'Melania

1920 2860 2112 2916 horum
2145 2863 2344 2917 sociam
2376 2860 2625 2917 Albinam
2659 2861 2917 2917 feminam
2947 2860 3164 2915 iaciunt.
3211 2861 3286 2913 Ab
3316 2860 3518 2929 ingenio

1921 2962 2017 3009 tuo
2045 2964 2170 3009 sunt
2196 2954 2303 3009 duo
2330 2955 2561 3010 senioris
2591 2953 2835 3009 Melania
2871 2952 2989 3018 ﬁlii,
3017 2953 3242 3007 Albinus
3266 2959 3320 3007 et
3350 2952 3515 3008 Mela-

1920 3048 2061 3103 nius.
2104 3047 2376 3102 Dossuarii
2406 3062 2477 3102 ex
2509 3046 2837 3117 Hieronymo
2860 3087 2877 3113 ,
2920 3044 3148 3099 Paulino
3186 3053 3241 3100 et
3280 3045 3518 3099 Palladio

1924 3142 2139 3195 unicum
2174 3141 2349 3195 eidem
2383 3140 2553 3195 ﬁlium
2597 3140 2762 3195 fuisse
2807 3130 3176 3209 pronuntiant.
3215 3138 3290 3191 Ab
3315 3140 3519 3208 ingenio

227 3254 397 3309 modo
426 3253 570 3308 illam
603 3254 939 3309 densissimis
987 3253 1224 3309 tenebris
1276 3253 1585 3320 involvisti,
1631 3268 1817 3309 verum

1924 3233 2157 3304 denique
2202 3240 2295 3288 tuo
2325 3241 2410 3288 est
2437 3232 2693 3303 quidquid
2722 3232 2963 3303 cogitas,
2993 3231 3130 3287 dicis
3153 3274 3167 3299 ,
3208 3232 3421 3287 scribis.
3476 3232 3520 3286 A

227 3348 397 3403 etiam
420 3348 592 3418 palam
622 3347 795 3404 fecisti
824 3357 1076 3418 quantam
1099 3347 1233 3402 lucis
1262 3346 1316 3401 in
1346 3347 1707 3403 ecclesiastica
1741 3347 1820 3401 hi-

226 3442 402 3497 storia
436 3434 698 3511 iacturam
748 3442 983 3511 patiaris.
1035 3442 1228 3510 Onaso
1257 3450 1311 3498 te
1335 3483 1349 3508 ,
1399 3457 1466 3498 ne
1506 3442 1732 3499 moleste
1766 3451 1822 3499 et

227 3534 428 3589 acerbe
471 3533 612 3589 feras
649 3534 932 3603 Augustini
971 3535 1154 3591 verbis
1188 3535 1256 3592 ab
1289 3536 1464 3590 amico
1490 3535 1767 3591 admoneri
1802 3554 1814 3589 :

229 3625 297 3679 Si
315 3641 437 3696 ergo
457 3626 656 3695 penitus
682 3626 955 3681 instructus
977 3642 1079 3681 non
1104 3643 1177 3693 es,
1202 3644 1292 3681 cur
1318 3644 1419 3681 non
1442 3630 1642 3697 penitus
1662 3637 1814 3697 taces,

227 3726 322 3773 aut
351 3721 424 3772 ita
450 3718 671 3789 loqueris
695 3762 712 3787 ,
744 3728 799 3773 ut
828 3720 1023 3775 institui
1044 3728 1091 3775 te
1116 3721 1409 3775 desideres?
1440 3722 1557 3777 Lib.
1593 3738 1609 3776 ι
1633 3730 1819 3779 contra

229 3810 609 3879 Cresconium,
630 3827 750 3883 cap.
775 3814 826 3867 5.
851 3812 982 3869 Cum
1006 3824 1149 3869 tuam
1172 3815 1605 3883 provocationem
1630 3794 1681 3868 in
1705 3814 1821 3869 hac

232 3906 397 3972 plane
430 3906 591 3961 verba
620 3907 959 3975 concepisses
991 3924 1003 3960 :
1038 3905 1405 3961 Examinemus
1436 3925 1682 3978 personas
1707 3909 1821 3978 qui-

234 3999 331 4054 bus
362 4016 487 4066 apus
522 3999 652 4053 illud
683 4016 831 4053 suum
855 4000 1170 4071 Augustinus
1197 4001 1468 4065 dedicavit,
1510 4013 1554 4055 et
1580 4011 1691 4055 uter
1723 4018 1816 4055 no-

230 4102 398 4147 strum
421 4092 601 4147 melius
628 4096 814 4148 sentiat
840 4094 1191 4162 experiamur,
1231 4093 1515 4148 consulere
1557 4094 1820 4149 debueras

231 4194 479 4240 veterum
524 4186 844 4254 scriptorum
881 4185 1148 4239 volumina
1173 4225 1190 4251 ,
1229 4193 1286 4240 ut
1315 4185 1440 4240 inde
1468 4200 1817 4259 personarum

232 4276 304 4331 de
344 4277 536 4346 quibus
581 4276 711 4331 mihi
751 4277 897 4331 litem
930 4275 1241 4331 intendehas
1268 4276 1511 4332 notitiam
1552 4276 1815 4331 haurires.

231 4366 547 4423 Laudantur
589 4376 698 4422 tres
744 4366 850 4422 illa
897 4382 1144 4437 persona
1189 4382 1481 4437 earumque
1530 4369 1708 4439 agnati
1753 4370 1821 4425 ab

232 4458 537 4527 Augustino
558 4496 574 4523 ,
607 4456 933 4528 Hieronymo
956 4498 971 4523 ,
1012 4457 1263 4525 Paulino,
1297 4458 1570 4526 Palladio,
1602 4459 1815 4527 Ruﬁno,

234 4549 501 4617 Possidio,
534 4552 625 4621 qui
654 4566 757 4606 non
786 4552 944 4606 modo
967 4552 1169 4608 eisdem
1199 4553 1507 4618 convisere,
1533 4553 1631 4609 sed
1660 4555 1818 4609 etiam

1924 3331 2080 3383 dorso
2110 3344 2232 3385 meo
2262 3336 2379 3396 est,
2410 3327 2668 3397 quidquid
2698 3328 2766 3382 ad
2809 3335 2860 3381 te
2900 3326 3283 3381 confutandum
3314 3326 3519 3380 inveni.

1923 3419 2208 3475 Poetarum
2239 3428 2354 3487 est,
2385 3418 2459 3474 mi
2488 3417 2733 3486 Macedo,
2764 3418 2942 3473 omnia
2971 3418 3166 3473 ail‘erre
3192 3418 3259 3471 ah
3283 3418 3518 3487 ingenio.

1923 3511 2176 3567 Poemata
2198 3552 2213 3577 ,
2245 3512 2470 3582 elegia,
2498 3519 2552 3566 et
2591 3510 2930 3581 argutissima
2976 3510 3066 3564 illa
3112 3510 3514 3579 epigrammata,

1922 3604 2113 3673 quibus
2144 3603 2351 3659 ethicas
2390 3603 2650 3658 lectiones
2704 3602 2759 3657 in
2816 3599 3070 3655 Patavina
3108 3601 3363 3656 cathedra
3408 3611 3515 3655 tam

1921 3696 2098 3765 lepide
2136 3711 2223 3753 me
2252 3698 2408 3753 toties
2448 3696 2701 3751 audiente
2738 3694 3062 3749 concludere
3106 3694 3412 3761 consuesti,
3454 3696 3519 3747 ab

1921 3787 2127 3856 ingenio
2158 3797 2249 3843 tuo
2278 3788 2532 3858 eleganti,
2558 3794 2738 3854 acuto,
2768 3785 2979 3841 erudito
3008 3785 3274 3853 derivare,
3304 3800 3372 3839 ne
3396 3784 3519 3839 Zoi-

1921 3876 2005 3933 lus
2051 3878 2268 3948 quidem
2317 3878 2525 3933 inﬁcias
2552 3876 2670 3932 ibit.
2720 3876 2792 3931 At
2836 3890 2959 3931 cum
3005 3874 3261 3930 historias
3305 3888 3520 3944 quoque

1922 3981 2119 4040 prater
2160 3971 2399 4026 omnium
2430 3978 2674 4026 veterum
2713 3970 3033 4038 scriptorum
3075 3967 3233 4022 ﬁdem
3256 4006 3273 4033 ,
3313 3968 3518 4038 ingenio

1922 4074 2016 4120 tuo
2042 4066 2447 4131 obstetricante,
2486 4065 2539 4118 in
2566 4064 2772 4119 litteras
2798 4064 2987 4129 mittis,
3014 4079 3194 4119 nonne
3221 4063 3353 4118 illud
3379 4066 3517 4120 Mar-

1924 4157 2063 4214 tialis
2092 4159 2233 4229 (Lib.
2261 4174 2320 4227 n,
2350 4159 2408 4229 7)
2438 4166 2689 4228 repetere
2714 4172 3021 4227 possumus,

2106 4273 2352 4325 Historias
2365 4274 2545 4336 bellas,
2566 4272 2782 4323 carmina
2809 4271 2943 4322 bella
2964 4271 3081 4323 facis
3092 4273 3118 4325 ‘l

1994 4378 2185 4450 Perge,
2214 4380 2407 4447 amice,
2438 4378 2646 4448 ingenio
2676 4376 2866 4442 ﬁdere,
2896 4384 2951 4432 et
2979 4376 3165 4445 bajulis
3201 4378 3342 4433 dorsi
3368 4359 3517 4434 labu-

1922 4485 2037 4527 rem
2064 4512 2079 4537 ,
2124 4485 2189 4526 ac
2233 4484 2423 4541 graves
2473 4469 2804 4539 crebrosque
2848 4469 2948 4524 sub
2991 4478 3145 4551 vasto
3182 4470 3512 4527 voluminum

1926 4564 2165 4633 pondere
2212 4564 2482 4621 anhelitus
2521 4563 2822 4632 exprobra,
2852 4571 2911 4618 ut
2948 4563 3208 4632 historia,
3242 4580 3376 4636 quas
3408 4575 3515 4622 tam

235 4642 455 4698 easdem
482 4642 550 4698 de
580 4642 715 4697 facie
736 4652 1021 4709 noverunt,
1048 4644 1363 4716 illarumque
1388 4645 1537 4701 luere
1559 4645 1817 4715 hospites,
1845 4630 1900 4692 Ῑ)
1923 4630 2063 4708 belle
2102 4652 2398 4723 compingis
2422 4693 2439 4719 ,
2481 4652 2550 4707 ab
2579 4630 2793 4722 ingenio
2814 4692 2829 4717 ,
2870 4666 2977 4725 non
3016 4630 3515 4711 modoiverborum

236 4742 289 4789 et
314 4736 566 4799 clientes,
603 4735 685 4791 vel
725 4738 1085 4792 encomiastae.
1133 4736 1276 4792 Dicis
1304 4752 1422 4807 cap.
1451 4738 1518 4804 5,
1551 4752 1671 4808 pag.
1701 4737 1771 4793 25
1802 4754 1815 4790 :

237 4827 395 4882 Novit
426 4828 587 4883 Naris
614 4846 753 4884 meus
791 4830 1060 4898 familiaris
1100 4846 1211 4884 eum
1248 4846 1329 4884 me
1362 4846 1468 4885 esse
1495 4832 1584 4899 qui
1622 4848 1821 4885 summa

235 4939 361 4977 cura
400 4932 449 4977 et
472 4925 748 4978 intentione
782 4935 1011 4979 auctores
1039 4924 1181 4995 lego,
1215 4940 1276 4978 ac
1303 4924 1365 4978 iis
1399 4941 1477 4979 me
1510 4924 1730 4994 inferre,
1762 4940 1822 4979 ac

235 5016 438 5084 penitus
473 5014 752 5080 introdare,
792 5031 851 5069 ac
884 5031 1062 5069 eorum
1096 5030 1299 5070 sensum
1325 5014 1591 5087 diligenter
1617 5016 1823 5071 investi-

235 5121 379 5179 gare.
420 5106 560 5160 Sane
584 5105 628 5161 si
658 5106 724 5161 ad
755 5106 985 5161 tribunal
1011 5121 1172 5161 vocer
1194 5149 1210 5173 ,
1257 5121 1364 5161 non
1389 5106 1560 5160 ausim
1591 5106 1698 5160 tale
1727 5121 1822 5173 pro

234 5204 290 5252 te
318 5195 687 5252 testimonium
712 5196 893 5253 dicere
920 5213 937 5263 ;
982 5196 1248 5266 siquidem
1277 5198 1540 5265 suspicor,
1579 5211 1697 5252 cum
1731 5196 1823 5252 illa

234 5287 547 5355 scribebas,
585 5297 637 5345 te
663 5303 731 5344 ne
762 5289 927 5345 semel
953 5289 1168 5358 quidem
1207 5296 1534 5343 memoratos
1575 5295 1824 5345 auctores

232 5380 470 5447 vidisse,
508 5380 702 5437 nedum
745 5390 912 5437 totum
944 5390 992 5435 te
1019 5380 1201 5435 iisdem
1233 5379 1489 5445 intulisse,
1527 5395 1586 5432 ac
1624 5382 1822 5448 penitus

234 5471 596 5527 introdedisse.
622 5473 680 5527 ln
711 5472 1026 5542 praefatione
1054 5472 1127 5525 tui
1158 5470 1335 5540 operis
1364 5471 1617 5526 adversus
1644 5470 1822 5526 eccle-

236 5561 471 5618 siastica
497 5561 733 5619 historia
761 5565 1123 5632 professores,
1153 5564 1341 5618 laxatis
1371 5563 1687 5633 eloquentia
1720 5572 1824 5620 tua

238 5654 486 5722 habenis,
514 5655 699 5726 grandi
727 5658 1011 5712 verborum
1038 5656 1264 5723 strepitu
1291 5655 1621 5724 declamans,
1658 5655 1825 5729 Baju—

238 5746 342 5814 los,
367 5748 565 5817 inquis,
588 5758 767 5819 agunt,
790 5765 892 5802 non
914 5758 1173 5815 auctores;
1205 5749 1255 5801 in
1280 5747 1429 5802 dorso
1451 5748 1696 5815 studium,
1724 5765 1826 5803 non

238 5838 297 5893 in
331 5839 553 5896 cerebro.
607 5840 674 5894 Et
710 5854 893 5895 rursus
921 5858 935 5893 :
968 5840 1034 5895 Et
1061 5842 1267 5911 quidem
1295 5842 1333 5895 ii
1361 5840 1491 5895 nihil
1513 5839 1735 5907 afferunt
1760 5841 1824 5896 ab

524 5955 793 6013 PATROL.
827 5953 1081 6016 XLVII.

1926 4745 2276 4815 elegantiam,
2305 4760 2489 4801 verum
2516 4744 2679 4800 etiam
2707 4752 2998 4800 eventuum
3033 4746 3191 4800 ﬁdem
3223 4747 3512 4816 accipiant.

1926 4837 2129 4893 Seribis
2158 4854 2277 4907 pag.
2319 4838 2389 4892 55
2431 4855 2443 4891 :
2483 4836 2607 4890 Non
2633 4852 2691 4890 eo
2715 4835 2825 4890 hac
2861 4838 2977 4889 dico
3003 4838 3140 4904 quod
3174 4838 3317 4891 velim
3347 4839 3517 4892 convi-

1926 4931 2059 4984 cium
2097 4931 2265 4999 facere
2295 4928 2586 4983 doctissimo
2616 4929 2724 4982 viro
2759 4926 2980 4996 mihique
2999 4928 3327 4993 amicissimo,
3353 4930 3441 4981 sed
3461 4938 3516 4981 ut

1926 5022 2124 5092 aliquid
2150 5022 2265 5076 dem
2288 5021 2449 5091 lepori
2478 5030 2525 5075 et
2558 5020 2783 5088 salibus,
2815 5020 2998 5089 quibus
3028 5019 3284 5074 interdum
3323 5022 3517 5091 scripta

1927 5113 2141 5167 molesta
2160 5121 2207 5167 et
2229 5112 2457 5183 insipida
2482 5120 2600 5166 sunt
2628 5110 2934 5165 condienda.
2960 5110 3089 5178 Qua
3110 5111 3271 5166 verba
3292 5111 3348 5166 in
3368 5114 3519 5171 calce

1926 5206 2115 5276 capitis
2142 5206 2354 5276 septimi
2380 5205 2643 5274 loqueris,
2676 5204 2732 5258 in
2759 5218 2865 5273 quo
2889 5203 2957 5258 de
2982 5203 3179 5259 Albino
3207 5208 3518 5274 grammati-

1927 5312 2048 5353 cam
2092 5306 2147 5353 et
2186 5297 2498 5352 historicum
2543 5295 2674 5351 mihi
2706 5295 3059 5365 quastionem
3106 5297 3351 5353 intulisti.
3396 5298 3517 5355 Non

1927 5403 2147 5453 recuso,
2180 5398 2239 5444 ut
2264 5403 2385 5444 cum
2414 5390 2646 5458 satyrico
2670 5387 2888 5455 loquar,
2920 5386 3063 5458 Euge
3098 5396 3269 5457 tuum,
3304 5399 3352 5445 et
3389 5391 3519 5447 belle

1932 5479 2188 5551 (Persius,
2211 5489 2311 5534 sat.
2337 5481 2389 5546 l,
2414 5477 2530 5548 49).
2562 5476 2810 5533 Proiecto
2837 5478 2958 5548 quis
2978 5486 3052 5545 te,
3081 5492 3116 5532 ο
3142 5480 3382 5545 Macedo,
3409 5498 3515 5537 non

1926 5572 2243 5644 lepidissimi
2263 5570 2455 5642 judicii
2485 5570 2757 5627 hominem
2796 5570 3056 5637 fateatur,
3088 5571 3179 5640 qui
3212 5587 3295 5627 me
3328 5574 3519 5629 doctis-

1929 5666 2113 5718 simum
2142 5677 2321 5729 vocas,
2350 5661 2618 5732 simulque
2647 5662 2709 5716 ab
2742 5660 2940 5717 Orbilio
2964 5662 3317 5733 castigandum
3342 5665 3519 5719 dicis?

1926 5757 2098 5825 Quem
2136 5754 2376 5826 appellas
2414 5756 2785 5809 amicissimum
2812 5762 2928 5811 toto
2969 5763 3061 5811 tuo
3089 5756 3203 5812 sale
3232 5756 3514 5825 perfricas.

1927 5846 2070 5917 quod
2119 5845 2300 5902 hostili
2349 5846 2501 5901 rabie
2548 5858 2710 5915 super
2747 5846 3042 5902 dirutorum
3082 5847 3294 5904 urbium
3338 5847 3512 5922 solum

3080 5956 3155 6016 18
