3974 6356
481 422 587 480 555

1406 416 1963 478 SUPPLEMENTUM
2003 419 2095 477 AD
2134 418 2361 479 OPEHA
2398 420 2454 478 S.
2495 417 2887 478 AUGUSTINI.

3671 420 3771 476 5"le

478 543 682 613 saepius
702 552 946 611 sparsum
965 535 1289 607 accepimus.
1318 534 1521 595 Credas
1546 554 1655 596 non
1678 540 1853 597 dicam
1877 540 2079 598 doctis-
2106 542 2161 605 Α
2184 548 2334 597 recte
2356 540 2705 595 Volnsianum
2728 540 2785 596 Β.
2818 536 3059 595 Melaniae
3086 538 3390 592 avunculum
3411 536 3568 594 dixit.
3600 538 3775 610 Itaque

479 636 642 703 bimo,
670 635 789 706 quia
808 675 825 702 ,
857 640 915 687 ut
939 630 1173 687 Petronii
1202 629 1382 687 verbis
1411 640 1558 702 utar,
1592 650 1696 689 non
1726 650 1839 689 sum
1876 634 1941 688 de
1964 634 2076 706 glo-

484 728 671 794 riosis,
702 726 892 783 saltem
918 722 1259 790 amicissimo,
1298 730 1351 781 te
1378 725 1604 782 multum
1633 726 1741 783 olei
1774 736 1831 783 et
1872 741 2074 798 operae,

484 822 773 893 plurimum
797 834 926 877 vero
949 820 1111 876 etiam
1134 819 1263 875 salis
1285 818 1605 891 perdidisse,
1626 821 1753 878 dum
1775 822 1965 879 eodem
1990 832 2079 877 tua

459 916 685 988 *‘scripta
721 913 1019 972 condienda
1056 914 1398 984 existimasti,
1428 916 1631 973 veritus
1656 931 1724 973 ne
1752 916 1844 971 illa
1868 916 2081 971 molesta

483 1019 532 1069 st
560 1011 789 1083 insipida
824 1008 1116 1065 lectoribus
1145 1008 1474 1065 viderentur.
1525 1009 1743 1068 Etenim
1774 1011 1822 1067 si
1848 1009 1948 1065 sali
1990 1023 2081 1079 pe~

482 1106 752 1177 percisses
776 1145 790 1172 ,
820 1112 901 1161 tot
943 1102 1135 1174 lepidis
1171 1102 1241 1159 de
1274 1100 1522 1175 Glyceria
1548 1144 1563 1171 ,
1605 1110 1661 1160 et
1693 1102 1978 1174 Glycerio,
2015 1101 2084 1157 de

485 1196 761 1264 Melania,
808 1203 864 1253 et
904 1194 1133 1251 Melanio
1170 1194 1392 1252 scholiis
1429 1208 1717 1266 conspersa
1762 1205 1928 1263 sunt,
1977 1204 2084 1248 tam

484 1290 643 1351 belli!
680 1290 979 1347 historiolis
1019 1290 1086 1346 de
1130 1288 1356 1358 Albino,
1388 1298 1479 1345 aut
1508 1298 1684 1361 patre,
1717 1296 1808 1344 aut
1848 1304 1961 1354 aro,
1998 1296 2089 1341 aut

488 1385 776 1453 avunculo,
813 1394 903 1440 aut
931 1400 1105 1439 socero
1125 1426 1140 1453 ,
1174 1394 1263 1439 aut
1287 1392 1475 1456 patruo
1500 1382 1749 1449 condita,
1779 1392 1839 1438 ut
1868 1381 2088 1438 minime

488 1476 733 1535 dubitem
763 1478 891 1549 quin
922 1477 1116 1533 eruditi
1145 1492 1251 1533 non
1280 1477 1442 1534 modo
1468 1477 1625 1532 hilari
1655 1478 1866 1543 animo,
1901 1490 2085 1532 verum

489 1569 655 1626 etiam
686 1583 781 1626 ore
806 1569 1003 1626 ridenti
1042 1569 1233 1626 eadem
1272 1570 1466 1627 lecturi
1491 1571 1620 1627 sint.
1661 1569 1823 1626 Certe
1853 1579 2087 1640 egomet,

488 1664 585 1737 qui
603 1672 785 1721 tamen
814 1664 923 1721 illis
946 1665 1195 1736 impetor,
1221 1680 1327 1722 non
1359 1667 1535 1737 potui,
1569 1682 1693 1724 cum
1716 1666 1805 1723 iIIa
1828 1666 2087 1737 legerem,

490 1770 525 1815 a
553 1757 665 1815 risu
698 1765 1029 1829 temperare.

560 1868 825 1935 Quoniam
857 1876 963 1924 tute
997 1867 1410 1939 elegantissimae
1437 1870 1706 1943 simulque
1727 1871 2095 1929 vehementis-

2183 633 2506 689 Volusianus
2548 633 2648 689 fuit
2692 633 2861 689 frater
2908 631 3118 689 Albinte
3166 640 3221 687 et
3266 633 3551 716 avuncule
3597 644 3777 687 sancit:

2182 725 2443 783 Melania.
2474 726 2551 782 Es
2576 726 2661 783 his
2688 735 2861 798 pater,
2890 727 3055 783 frater
3072 740 3137 781 ac
3160 724 3361 781 familia
3383 724 3598 782 Albinae
3619 725 3778 782 nullis

2182 820 2287 876 huc
2325 836 2497 890 usque
2520 820 2876 891 scriptoribus
2907 820 3175 892 indagata,
3204 819 3542 891 intelligitur.
3576 820 3778 875 Etenim

2184 915 2272 970 illa
2305 914 2404 970 fuit
2430 915 2538 971 lilia
2568 915 2706 971 Rulli
2736 914 2944 972 Ceionii
2969 915 3149 972 Albini
3188 929 3252 972 ac
3279 929 3439 972 soror
3463 914 3609 971 Βοίὶί
3630 915 3781 971 Ceio-

2186 1009 2260 1064 nii
2292 1009 2586 1076 Volusiani,
2619 1018 2679 1065 ut
2706 1019 2891 1081 postea
2923 1011 3228 1067 ostendam.
3256 1009 3483 1067 Albinos
3508 1026 3539 1065 e
3568 1009 3783 1065 Ceionia

2185 1110 2348 1173 gente
2375 1102 2541 1159 fuisse
2569 1111 2718 1172 patet
2743 1117 2813 1159 ex
2838 1103 3067 1171 epistola
3094 1103 3300 1161 Ceionli
3329 1103 3399 1159 ad
3425 1102 3633 1159 rEIlum
3668 1106 3785 1157 Bas-

2186 1196 2419 1263 sianum,
2445 1195 2585 1266 apud
2605 1194 2966 1267 Capitolinum
2996 1199 3051 1252 in
3079 1198 3295 1263 Albino,
3322 1211 3445 1269 cap.
3477 1197 3535 1254 4.
3564 1197 3638 1252 Ibi
3664 1214 3785 1253 vero

2188 1288 2408 1343 Clodius
2440 1288 2663 1344 Albinus
2688 1290 2896 1346 Ceionii
2922 1291 3063 1346 filius
3082 1332 3097 1359 ,
3127 1291 3222 1362 qui
3245 1304 3349 1346 una
3380 1306 3503 1347 cum
3530 1290 3786 1361 Septimio

2190 1380 2393 1438 Severo
2417 1382 2598 1437 thsar
2623 1383 2742 1448 fuit,
2777 1383 3021 1439 laudatur
3046 1399 3078 1439 ι
3097 1385 3403 1456 Capitolino
3432 1385 3511 1440 uti
3539 1386 3785 1456 originem

2189 1492 2225 1529 a
2257 1476 2503 1531 Romanis
2541 1476 2749 1542 familiis
2778 1477 3018 1545 trahens,
3055 1478 3477 1534 Pcstlmmiorum
3503 1479 3720 1542 scilicet,
3747 1490 3787 1532 et

2194 1568 2495 1623 Albinon
2541 1568 2885 1625 Ceioniorum.
2933 1572 3061 1637 Qua:
3102 1572 3341 1643 farrdlia,
3386 1572 3600 1641 inquit,
3644 1571 3788 1624 hodie

2193 1676 2388 1732 quoque
2408 1703 2421 1729 ,
2452 1662 2778 1718 Constantine
2802 1664 3023 1719 maxime
3040 1705 3054 1732 ,
3078 1665 3397 1720 nobilissima
3416 1675 3518 1733 est,
3547 1676 3597 1719 et
3632 1682 3725 1735 per
3750 1676 3788 1718 ιέ

2197 1764 2348 1808 aucta
2368 1764 2413 1807 et
2435 1756 2691 1828 augenda,
2714 1772 2830 1827 quae
2858 1773 2949 1826 per
2972 1755 3263 1811 Gordianos
3290 1767 3338 1812 et
3358 1754 3656 1812 Gallienum
3684 1757 3788 1826 plu-

2198 1846 2387 1900 rimum
2414 1848 2589 1902 crevit.
2640 1848 2742 1913 Qui
2771 1861 2901 1903 vero
2924 1862 2989 1903 ex
3022 1848 3121 1903 hac
3151 1848 3349 1903 familia
3372 1888 3388 1913 ,
3440 1847 3788 1903 Constantino

489 1961 643 2020 simae
668 1960 997 2031 prmfationis
1025 1961 1228 2017 mentio
1258 1962 1481 2032 incidit,
1512 1964 1663 2033 juvat
1692 1980 1853 2020 unam
1884 1974 1941 2022 et
1965 1965 2094 2022 alte-

2201 1942 2519 2012 imperante,
2543 1955 2785 1998 summos
2805 1943 3039 2000 honores
3058 1951 3382 2000 consecutus
3403 1944 3587 2010 fuerit,
3613 1959 3681 1999 es
3706 1946 3789 1998 ttae

488 2066 608 2110 ram
638 2051 778 2108 illius
807 2052 1087 2121 periodum
1113 2054 1199 2109 hic
1222 2053 1472 2113 recitare.
1504 2055 1631 2112 Haec
1658 2056 1881 2112 fulmina
1905 2066 2089 2113 contra

490 2147 877 2207 ecclesiasticae
903 2148 1143 2203 historiae
1168 2150 1433 2217 cultores,
1464 2166 1559 2207 seu
1587 2160 1643 2206 ut
1672 2165 1857 2221 vocas,
1893 2152 2092 2224 bajulos

490 2240 883 2307 valentissimos,
912 2255 1006 2296 ore
1035 2250 1188 2298 tonas
1217 2258 1231 2297 :
1259 2241 1326 2295 In
1353 2246 1483 2298 rutis
1512 2244 1756 2310 cresisque
1781 2254 2046 2299 versantur
2074 2263 2090 2298 :

490 2333 774 2390 dummodo
814 2334 1134 2404 antiquarios
1174 2351 1227 2389 se
1265 2336 1557 2399 ostendant,
1602 2336 1695 2390 sibi
1725 2337 2092 2406 satisfaciunt;

493 2427 769 2485 lilterarios
814 2436 861 2483 et
916 2430 1217 2483 ruderarios
1260 2438 1526 2500 praestant.
1570 2429 1904 2485 Latomcrum
1932 2433 2095 2487 instar

490 2526 694 2580 cwdunt
726 2523 1032 2596 lapicidinas
1064 2525 1352 2595 priscorum
1396 2536 1857 2593 monumentorum,
1894 2535 1941 2580 et
1970 2524 2094 2593 e/fe-

490 2627 613 2675 runt
639 2618 833 2691 lapides
857 2660 873 2687 ,
905 2627 954 2673 et
1002 2635 1205 2674 acervos
1251 2629 1473 2675 struunt.
1510 2621 1662 2676 Scias
1698 2621 1856 2676 velim
1885 2619 2094 2690 bajulos

488 2713 612 2770 illos
640 2712 1041 2768 valentissimos
1070 2721 1320 2768 strenuos
1346 2714 1505 2769 etiam
1533 2715 1825 2785 lapidarios
1853 2715 2092 2786 quando-

494 2820 600 2878 que
628 2819 808 2877 agere.
844 2804 982 2860 Saxa
1012 2803 1200 2861 eadem
1244 2821 1347 2875 qua
1378 2805 1651 2862 volumina
1674 2823 1843 2877 ,manu
1873 2806 2097 2863 volvunt

490 2914 555 2955 ac
591 2898 916 2965 revolvunt;
969 2896 1235 2967 siquidem
1276 2896 1519 2969 inscripti
1562 2898 1765 2968 lapides
1805 2897 2093 2953 certissimi

484 2991 594 3049 illis
622 2999 748 3048 sunt
777 2999 941 3048 testes
967 2990 1321 3060 antiquitatis.
1351 2991 1583 3047 Attende
1611 2991 1737 3062 quid
1761 3007 1790 3046 a
1813 2991 2092 3062 Iapidariis

487 3084 668 3141 afferri
700 3085 891 3154 possit,
917 3091 973 3137 ιιι
1001 3081 1232 3147 Albinae,
1257 3082 1324 3138 de
1352 3098 1455 3153 qua
1486 3092 1691 3138 tantum
1726 3085 2001 3154 pulverem
2025 3085 2094 3141 ab

485 3177 707 3250 ingenio
740 3187 832 3233 tuo
862 3176 1152 3232 excitatum
1180 3175 1367 3241 video,
1410 3184 1465 3231 et
1497 3186 1647 3245 pater
1668 3218 1683 3243 ,
1716 3186 1772 3231 et
1812 3176 2006 3244 frater,
2039 3186 2096 3232 et

486 3271 686 3328 familia
716 3271 876 3327 etiam
904 3266 1290 3339 intelligantur.
1340 3269 1397 3324 In
1428 3269 1612 3324 libello
1643 3270 1710 3325 de
1734 3270 1854 3325 Vita
1894 3270 1951 3327 8.
1983 3268 2094 3325 Me-

2196 2034 2546 2105 inscriptione
2590 2037 2779 2093 mutila
2824 2037 3093 2109 colligitur
3145 2039 3288 2109 apud
3333 2038 3625 2095 Gruterum
3671 2051 3788 2108 pag.

2197 2143 2494 2197 (περαίνει,
2529 2130 2563 2185 5
2594 2148 2606 2183 :

2643 2240 3347 2313 RELIGIOSISSIMOQUE.

2368 2335 2427 2393 C.
2460 2334 2752 2392 CEIONIO.
2784 2334 2989 2393 RVFO.
3024 2334 3432 2393 VOLVSIANO.
3466 2334 3529 2392 ν.
3563 2334 3625 2393 C.

2403 2426 2606 2484 COBR.
2636 2426 2937 2485 ITALIAE.
2968 2429 3105 2486 PER
3133 2429 3360 2487 ANNOS
3387 2428 3586 2487 OCTO.

2602 2520 3035 2580 PROCONSVLI
3062 2520 3378 2588 AFRICAE.

2574 2613 2827 2671 COMITI.
2862 2614 3118 2671 DOMINl.
3153 2614 3422 2674 NOSTRI.

2605 2703 3080 2764 CONSTANTINI.
3108 2705 3378 2765 INVIC'I‘I.

2433 2787 2522 2844 ET
2566 2788 2945 2845 PERPETVI.
2988 2792 3263 2847 SEMPER
3304 2792 3623 2850 AVGVTIS.

2360 2879 2797 2937 PRAEFECTO.
2839 2882 3068 2939 VERBI.
3131 2884 3359 2939 IVDICI.
3402 2882 3795 2943 SACRARVI.

2603 2974 3091 3034 COGNITIONVM.
3132 2978 3445 3036 CONSVLI.

2286 3067 2591 3125 AtCeionia
2624 3070 2822 3127 familia
2851 3080 2975 3128 ante
3007 3073 3258 3130 Albinum
3309 3074 3493 3131 Severi
3538 3074 3794 3145 collegam

2210 3156 2510 3217 Romanum
2532 3162 2720 3220 orbem
2748 3164 3023 3221 moderata
3055 3175 3176 3233 est;
3221 3167 3418 3222 etenim
3460 3166 3520 3232 L,
3546 3163 3794 3221 Ceionios

2212 3250 2267 3306 in
2293 3252 2485 3309 [Ellam
2516 3263 2571 3311 et
2611 3244 2896 3314 Antoniam
2951 3258 3207 3315 familiam
3258 3261 3634 3330 transcriptns,
3682 3274 3791 3315 cum

486 3364 655 3423 lanim-
684 3366 823 3437 apud
850 3365 1066 3420 Surium
1101 3365 1187 3420 die
1219 3364 1282 3420 51
1321 3364 1665 3433 Decembris,
1705 3365 2093 3437 Lippomanum

2214 3347 2444 3405 Antonio
2499 3348 2821 3423 philosopho
2868 3352 3139 3426 Augustus
3190 3357 3327 3425 fuit,
3378 3371 3441 3411 ac
3496 3356 3793 3426 appellatos

487 3474 621 3516 vero
647 3459 735 3515 die
765 3459 829 3514 51
864 3457 1137 3524 Januarii,
1169 3456 1285 3513 haec
1312 3457 1381 3513 de
1408 3458 1595 3513 eadem
1626 3459 1948 3526 recitantur,
1978 3474 2099 3516 cum

486 3552 806 3626 Byzantium
833 3550 1127 3623 appulisset
1155 3570 1167 3604 :
1195 3550 1397 3607 Invenit
1432 3559 1599 3606 autem
1626 3568 1771 3605 suum
1791 3568 1987 3623 quoque
2007 3569 2103 3624 pa-

489 3654 661 3701 truum
704 3644 1042 3699 Volusianum
1073 3644 1217 3714 gravi
1258 3644 1435 3699 morbo
1462 3654 1789 3716 oppressum.
1830 3645 2021 3701 Exstat
2048 3646 2103 3703 in

488 3740 815 3799 bibliotheca
862 3738 1193 3796 serenissimi
1246 3739 1421 3809 Magni
1484 3739 1643 3795 Ducis
1696 3740 1839 3795 idem
1892 3740 2102 3797 libellus

489 3832 679 3891 Graece
702 3833 958 3904 scriptus,
983 3830 1124 3888 inter
1142 3831 1401 3901 opuscula
1424 3830 1478 3887 S.
1506 3830 1751 3903 Gregorii
1774 3830 2105 3889 Nazianzeni

494 3925 554 3981 in
584 3925 765 3996 pluteo
792 3926 849 3992 7,
877 3938 1027 3981 num.
1059 3924 1113 3990 6,
1148 3923 1236 3979 ubi
1267 3922 1478 3978 laudata
1509 3923 1672 3979 verba
1703 3923 1775 3979 ita
1809 3925 2059 3995 leguntur
2086 3917 2101 3956 ³

490 4018 718 4096 ιῦρίσκιι
743 4015 798 4073 δὲ
828 4020 913 4074 καὶ
940 4018 1025 4074 τὸν
1058 4019 1183 4071 θεῖον
1207 4019 1366 4078 αὐτῆς
1386 4018 1710 4073 Βολουσιανὸν
1735 4018 1942 4093 χαλεπῇ
1972 4019 2101 4090 νόσῳ

491 4113 872 4187 κεκρατημένον.
936 4110 1005 4165 At
1045 4109 1235 4165 falsum
1277 4119 1360 4166 est
1407 4107 1754 4166 Volnsianum
1802 4110 1966 4167 fuisse
2007 4126 2101 4182 pa-

498 4210 681 4259 truum
722 4202 782 4259 8.
814 4202 1094 4267 Melaniae;
1146 4203 1344 4257 etenim
1394 4212 1550 4272 pater
1599 4204 1844 4260 Melaniae
1893 4205 2098 4261 nullum

490 4292 717 4349 fratrem
746 4292 953 4360 habuit,
976 4308 1098 4349 cum
1129 4294 1308 4348 unicus
1329 4294 1465 4363 filius
1488 4294 1733 4352 Melaniae
1758 4298 1957 4354 seniori
1984 4298 2099 4355 fue‘

496 4384 614 4456 rit,
647 4384 1096 4456 quemadmodum
1126 4384 1481 4459 Hieronymus
1509 4430 1524 4455 ,
1552 4387 1811 4445 Paulinus
1838 4402 1902 4446 ac
1929 4389 2104 4445 Palla-

494 4477 620 4535 dius
645 4520 662 4547 ,
710 4493 939 4549 quorum
979 4480 1142 4535 verba
1169 4481 1415 4550 superius
1461 4480 1673 4536 laudavi
1701 4527 1714 4551 ,
1745 4482 2103 4540 disertissime

489 4578 882 4628 contestantur.
915 4570 1093 4638 Quare
1114 4585 1235 4627 cum
1257 4570 1580 4629 Volusianus
1606 4588 1711 4629 non
1741 4573 1905 4630 fuerit
1930 4575 2096 4632 frater

488 4662 660 4735 patris
686 4660 927 4719 Melania:
951 4663 1204 4733 junioris,
1240 4678 1340 4721 nec
1370 4664 1524 4720 istius
1555 4674 1777 4735 patruus
1804 4667 1967 4723 scribi
2000 4682 2097 4738 po-

2208 3439 2274 3493 L.
2304 3438 2543 3497 Ceiouius
2569 3443 2752 3500 'Ai‘lius
2782 3446 3090 3505 Commodus
3114 3467 3262 3505 rerus
3290 3451 3541 3506 Antonius
3555 3466 3627 3506 ex
3649 3450 3791 3519 Capi.

2206 3533 2376 3589 tolino
2406 3535 2461 3591 in
2492 3538 2601 3594 vita
2627 3540 2868 3610 ejusdem
2900 3542 3072 3599 initio.
3106 3544 3255 3601 Illius
3283 3560 3413 3603 vero
3454 3556 3611 3616 pater
3645 3547 3792 3603 Ceio‘

2205 3626 2324 3682 nius
2350 3626 2675 3687 Commodus
2693 3632 2765 3687 ab
2793 3632 3061 3690 Hadriano
3075 3636 3257 3692 Caesar
3274 3637 3610 3708 designatus,
3640 3637 3788 3708 paulo

2204 3752 2326 3811 post
2355 3742 2644 3814 improvisa
2667 3756 2839 3803 morte
2866 3748 3193 3806 decesserat.
3230 3751 3397 3807 Porro
3428 3749 3683 3808 Ceionios
3704 3752 3786 3807 AI-

2202 3829 2358 3891 binos
2387 3849 2682 3909 cognomen
2731 3840 3003 3899 Volusiani
3034 3841 3286 3900 habuisse
3335 3855 3548 3901 constat
3586 3862 3653 3902 ex
3694 3846 3785 3901 hac

2201 3929 2551 4004 inscriptione
2608 3935 2744 4007 apud
2802 3952 2979 4005 meum
3038 3938 3351 3996 Panvinium
3411 3956 3554 3996 anno
3611 3941 3675 3997 γ.
3720 3939 3777 3996 ο.

2208 4008 2495 4065 MXXCVII
2523 4027 2537 4064 :

2833 4082 2891 4139 S.
2923 4082 2985 4137 P.
3012 4081 3079 4149 ρ.

2276 4186 2546 4230 CEIONIVI.
2563 4188 2760 4229 ιινιννι.
2780 4190 3027 4231 Αωιιινιι.
3041 4190 3094 4229 ν.
3112 4189 3163 4230 C.
3182 4189 3567 4233 PHILOSOPHVI.
3582 4190 3720 4231 nvrt.

2277 4280 2575 4323 VOLVSMNI.
2602 4283 2710 4324 IVD.
2736 4282 2860 4324 OBD.
2884 4282 3031 4325 CONS.
3047 4284 3246 4325 "LIVI.
3263 4284 3452 4326 SENAT.
3466 4285 3725 4327 CONSVLTO

2278 4374 2614 4423 SVOQ..-EIVS.
2632 4377 2860 4419 LIBEBIS.
2873 4376 3021 4420 1³08⁸1⁸.
3035 4376 3384 4419 CAESARIANA.
3401 4379 3663 4421 TEIPORL.
3682 4379 3717 4419 1.

2275 4466 2866 4515 POST.l‘.NNOS.CCCLXXX
2876 4474 3035 4515 .ETJ.
3045 4474 3437 4516 AVCTORITATE.
3447 4476 3717 4517 DECREVH’.

2350 4565 2433 4606 1⁵1..
2458 4566 2683 4609 MAGNVS.
2719 4569 3017 4613 IANVABIVS.
3046 4570 3097 4611 ν.
3123 4572 3176 4612 C.
3199 4572 3293 4611 VII.
3317 4571 3652 4613 ιτΑτνΑιιιί.

2205 4642 2340 4700 Cum
2385 4644 2529 4701 inter
2574 4648 2806 4718 majores
2850 4663 2977 4706 suos
3007 4650 3275 4706 referrent
3304 4649 3559 4707 Volusum
3599 4652 3787 4706 ducem

490 4764 624 4811 test.
672 4753 752 4810 Ex
790 4756 1145 4826 interpretum
1184 4755 1316 4811 vitio
1360 4769 1514 4811 error
1538 4756 1773 4827 vulgaris
1814 4737 2099 4816 derivavit.
2128 4765 2185 4827 1)
2208 4737 2567 4808 “ulmorum,
2618 4742 2743 4798 inde
2772 4742 3003 4800 Albinos
3038 4742 3320 4801 Volusiaui
3371 4752 3657 4818 cognomen
3699 4760 3785 4801 as-

501 4848 729 4904 Photius
772 4848 957 4905 Codice
981 4848 1069 4905 ιιι
1096 4848 1372 4904 Volusiani
1400 4850 1727 4907 mentionem
1755 4852 1901 4921 facit,
1930 4853 2100 4911 idem-

490 4955 597 5013 que
639 4941 838 4999 ibidem
868 4953 1205 5013 nuncupatur
1249 4945 1378 5003 οεῑος
1407 4943 1679 5017 τῆςζὰγίας
1711 4946 2005 5009 Μελίανιας.
2033 4948 2103 5003 At

489 5050 690 5093 nomen
742 5037 870 5093 illud
914 5040 1041 5101 θεῖος
1068 5038 1209 5108 apud
1237 5038 1455 5093 Griecos
1491 5040 1798 5108 promiscue
1835 5043 2100 5113 signiﬁcat

490 5128 712 5184 fratrem
744 5130 909 5199 patris
935 5139 989 5187 et
1015 5130 1225 5195 matris,
1253 5144 1449 5201 nempe
1478 5139 1725 5199 patruum
1753 5132 1836 5189 vel
1860 5148 2095 5191 avuncu-

491 5221 645 5287 lum;
694 5222 1146 5291 quemadmodnm
1180 5222 1321 5294 apud
1366 5225 1523 5279 Italos
1568 5240 1673 5280 vox
1718 5230 1821 5296 zio,
1855 5236 1912 5285 et
1952 5231 2094 5301 apud

496 5314 767 5385 Hispanos
790 5318 887 5383 tio,
919 5333 1039 5388 qua:
1066 5318 1229 5374 verba
1257 5332 1286 5372 a
1318 5318 1521 5374 Graecis
1544 5328 1781 5375 mutuata
1812 5336 1933 5379 esse
1962 5324 2097 5381 mihi

495 5415 706 5463 certum
734 5416 837 5474 est,
864 5408 1025 5483 idque
1052 5408 1189 5467 forte
1217 5410 1385 5467 etiam
1412 5412 1661 5468 ostendet
1688 5411 1941 5471 Octavius
1966 5415 2099 5473 Fer-

495 5502 672 5555 rarius
713 5494 781 5556 V.
812 5498 874 5555 C.
909 5511 962 5559 et
995 5518 1245 5574 magnum
1298 5503 1557 5560 bonarum
1602 5506 1797 5561 artium
1847 5507 1901 5562 in
1943 5506 2093 5566 Italia

497 5594 750 5652 columen
790 5604 843 5650 et
874 5596 1203 5665 praesidium,
1249 5598 1304 5653 in
1347 5614 1512 5670 opere
1551 5598 1619 5655 de
1660 5600 1878 5672 Origine
1904 5603 2100 5675 linguas

498 5686 721 5757 Italicae,
752 5687 897 5760 quod
927 5690 1168 5759 proxime
1194 5690 1333 5761 typis
1362 5692 1587 5747 daturus
1616 5703 1717 5749 est.
1750 5692 2095 5767 Interpretes,

500 5796 636 5853 quos
667 5783 805 5839 inter
835 5780 1112 5851 Schottus,
1142 5784 1473 5856 genealogiae
1500 5785 1741 5843 Melaniae
1770 5786 1971 5859 ignari,
2006 5805 2101 5847 vo-

500 5887 618 5929 cem
638 5878 767 5933 Θιῖον
787 5888 1023 5947 patruum
1044 5875 1232 5934 Latine
1255 5877 1625 5945 reddiderunt,
1650 5894 1770 5935 cum
1791 5883 2099 5938 avunculum

507 5967 719 6027 cribere
746 5969 1089 6042 debuissent,
1131 5978 1183 6027 et
1214 5968 1430 6041 quidem
1462 5970 1727 6031 Baronius
1762 5972 1828 6029 ad
1857 5988 1945 6029 an.
1988 5973 2096 6033 £30

2210 4833 2509 4903 sumpsisse
2539 4835 2726 4892 scribit
2754 4836 2988 4894 Rutilius
3016 4837 3370 4897 Numatianus
3401 4840 3499 4898 Iib.
3530 4858 3547 4896 1
3576 4842 3785 4897 Itinera-

2206 4926 2277 4983 ι·ὶί
2305 4940 2450 4984 vers.
2472 4928 2572 4983 167
2594 4946 2607 4981 :

2330 5030 2539 5098 Jamque
2562 5028 2890 5098 aliisgllomam
2917 5033 3262 5098 redeuntibus,
3292 5036 3453 5088 haeret
3476 5038 3610 5090 eunti

2397 5090 2585 5162 Mullus,
2610 5091 2775 5162 Albini
2794 5094 2953 5162 gloria
2980 5099 3085 5146 viva
3112 5090 3290 5162 patris;

2332 5154 2621 5226 Qtti‘AVolusi
2647 5154 2843 5226 antiquo
2864 5158 3067 5226 derivat.
3077 5154 3345 5226 siemmate
3361 5176 3577 5226 nomen,

2390 5215 2453 5267 Et
2477 5230 2627 5279 reges
2650 5215 2872 5281 Rutulos,
2894 5229 3024 5272 teste
3050 5223 3275 5291 Marone,
3292 5223 3470 5281 refert.

2206 5296 2605 5380 Hunc'Rulium
2638 5326 2989 5386 Volusianum
3017 5331 3227 5389 Ceionii
3256 5334 3439 5392 Albini
3477 5336 3657 5403 filium,
3682 5333 3775 5389 fra-

2207 5427 2345 5475 trem
2392 5428 2594 5476 nostrte
2622 5419 2830 5478 Albinae
2858 5432 2913 5479 et
2936 5424 2993 5480 S.
3023 5425 3267 5484 Melania:
3296 5429 3614 5486 avunculum
3642 5426 3772 5483 illum

2207 5512 2376 5570 fuisse
2418 5515 2507 5585 qui
2556 5523 2743 5585 postea
2788 5527 2975 5574 contra
3025 5519 3342 5593 Pelagianos
3373 5563 3390 5589 ,
3438 5539 3557 5581 cum
3600 5522 3767 5578 iterum

2210 5605 2343 5663 Urbi
2376 5606 2661 5676 praefectus
2691 5620 2868 5680 esset,
2908 5612 3144 5669 edictum
3191 5615 3516 5687 publicavit,
3556 5613 3771 5671 scribunt

2213 5696 2491 5755 eruditiss.
2533 5700 2637 5756 viri
2677 5703 2884 5759 cardiu.
2928 5704 3191 5762 Baronius
3228 5706 3294 5763 ad
3333 5722 3529 5764 annum
3567 5706 3685 5771 412,
3717 5709 3767 5757 ει

2209 5790 2443 5851 Jacobns
2471 5793 2792 5854 Sirmondus
2820 5795 2876 5853 in
2904 5800 3048 5855 notis
3078 5800 3146 5857 ad
3175 5802 3459 5873 epistolam
3487 5801 3571 5868 16,
3592 5800 3673 5857 lib.
3696 5810 3762 5859 IX.

2209 5885 2439 5955 Sidonii,
2465 5888 2660 5959 quibus
2700 5890 2991 5950 subscribit
3021 5892 3209 5951 Rutilii
3249 5895 3561 5952 scholiastes
3596 5893 3764 5959 Caspa-

2207 5993 2302 6037 rus
2332 5979 2581 6039 Barthius
2607 5996 2755 6039 num.
2791 5982 2916 6041 I69.
2943 5983 3128 6059 Itaque
3154 5986 3375 6046 Ceionia
3405 5987 3586 6045 Albina
3611 5988 3761 6041 mater
