3974 6356
548 396 657 479 5'59
1435 408 1995 469 SUPPLEMENTUM
2038 406 2128 464 an
2164 404 2398 463 GPEHA
2436 406 2493 464 s.
2537 404 2926 464 AUGUSTINI.
3669 408 3747 466 560

544 534 738 599 virum,
759 537 989 587 sanctum
1014 527 1275 583 Hilarium
1296 526 1644 588 Arelatensem
1671 527 1983 595 episcopum,
2002 522 2129 577 sciat
2156 521 2208 581 Α
2232 522 2355 587 quia
2388 519 2619 574 Hilarius
2649 516 2947 593 inepistola
2992 516 3061 568 ad
3107 516 3439 585 Augustinum
3472 516 3691 587 signiﬁcat
3712 540 3750 578 se

548 624 810 679 beatitudo
834 634 921 677 tua
941 621 1303 675 admiratorem
1323 628 1717 689 sectatoremque
1737 620 1789 671 in
1819 617 1934 670 aliis
1961 614 2127 668 omni-
2231 615 2388 683 fuisse
2413 613 2621 668 laicum.
2650 611 2876 681 Prosper
2903 627 3017 665 vero
3039 610 3217 664 eodem
3245 620 3463 677 tempore
3490 619 3532 663 et
3558 613 3627 666 die
3653 617 3751 670 scri-

548 716 641 769 bus
672 724 772 769 tua:
799 730 906 769 esse
958 713 1235 777 doctrinae,
1282 719 1329 764 et
1376 710 1437 764 de
1465 725 1564 764 noc
1593 709 1727 779 quod
1770 724 1819 763 IN
1848 722 2126 771 occanunt
2231 705 2350 759 bens
2377 704 2444 758 ad
2474 704 2840 773 Augustinum,
2869 703 2992 756 dicit
3029 700 3297 755 Hilarium
3320 700 3638 755 Arelatensem
3667 715 3754 758 tunc

548 821 783 871 τιιΑιιιτ,
826 807 941 877 jam
975 804 1171 871 pridem
1220 803 1361 871 apud
1407 802 1723 855 sanctitatem
1752 811 1892 854 tuam
1924 812 2129 853 sensum
2234 799 2389 870 fuisse
2427 800 2754 866 episcopum,
2782 805 2830 849 et
2864 797 3027 863 ipsius
3059 794 3305 848 doctrina:
3349 794 3669 862 contrarium,
3700 798 3754 852 liis

546 916 698 954 suum
734 910 825 969 per
848 898 1046 952 litteras
1085 897 1211 951 velle
1251 898 1501 966 conferre.
1544 894 1677 950 Hinc
1718 894 2045 964 Augustinus
2074 890 2127 945 in
2234 896 2430 950 verbis:
2469 914 2486 945 ι
2524 894 2805 949 Credimus
2849 893 2996 963 ipsos
3033 906 3168 962 quos
3199 891 3408 947 meritis
3434 900 3485 945 et
3520 890 3756 947 honoribus

546 988 643 1043 lib.
674 988 744 1044 de
774 988 925 1043 Dono
958 1002 1257 1057 persever.,
1306 1002 1424 1056 cap.
1447 986 1558 1049 i2l,
1610 1001 1713 1039 non
1763 985 1967 1039 dubitat
2004 998 2132 1052 supe
2236 988 2411 1042 claros
2442 987 2615 1056 caligo
2661 986 2815 1041 istius
2847 986 3118 1055 opinionis
3155 984 3430 1049 obscurat,
3461 984 3759 1054 semipetagia-

546 1094 739 1150 presso
767 1080 984 1135 nomine
1014 1079 1275 1134 Hilarium
1319 1078 1384 1132 iis
1420 1091 1707 1132 accenserc
1737 1077 1825 1147 qui
1868 1076 2133 1145 negabant
2235 1081 2389 1133 nismi
2421 1079 2689 1150 (inserunt
2717 1079 2819 1133 hoc
2850 1078 3078 1133 verbum
3105 1076 3523 1140 Sammarthani,
3557 1091 3649 1129 nou
3670 1080 3759 1146 ego)

546 1174 753 1228 initium
799 1175 919 1241 ﬁdei
962 1189 1071 1229 esse
1099 1174 1293 1227 donum
1331 1172 1445 1226 Dei.
1492 1172 1660 1238 Quam
1694 1185 1820 1225 vero
1868 1170 2132 1224 violen‘ter
2235 1168 3112 1239 delicatissimamlumengratirc
3140 1179 3472 1237 recepturos.
3495 1166 3615 1221 Nam
3638 1184 3761 1223 unum

548 1267 714 1322 verba
744 1266 835 1321 illa
858 1266 1213 1337 detorquens,
1247 1266 1397 1319 brevi
1426 1264 1712 1333 intelliges.
1744 1263 1887 1317 Petis
1912 1263 2134 1333 scripto-
2238 1278 2427 1319 eorum
2464 1264 2750 1333 praecipua:
2794 1263 3148 1328 auctoritatis,
3182 1270 3237 1317 et
3264 1260 3579 1331 spiritalium
3607 1260 3761 1316 studio-

548 1373 659 1411 rem
677 1359 896 1428 aliquem
919 1358 1126 1425 bonum,
1152 1359 1374 1411 malum?
1400 1356 1533 1410 Audi
1564 1355 1839 1409 Usserium
1872 1354 1921 1408 in
1948 1354 2039 1407 lib.
2066 1353 2134 1408 de
2236 1374 2354 1411 rum
2386 1356 2557 1411 virum
2600 1366 2844 1412 sanctum
2893 1357 3151 1410 Hilarium
3193 1356 3586 1421 Arelatensem,
3623 1362 3709 1409 etc.
3745 1374 3758 1407 ι

548 1449 883 1519 Antiquitate
904 1451 1110 1506 Eccles.
1145 1450 1347 1503 Britan.
1381 1462 1499 1517 cap.
1536 1448 1619 1511 ll,
1654 1462 1772 1516 pag.
1807 1445 1931 1511 546,
1978 1444 2135 1499 Deni-
2242 1449 2413 1503 Verba
2444 1448 2696 1515 Prosperi
2729 1450 2979 1503 recitant.
3008 1446 3154 1502 Petis
3184 1446 3346 1500 alium
3373 1453 3575 1511 testem,
3602 1444 3679 1514 qui
3704 1460 3764 1500 se-

548 1556 665 1610 que,
690 1539 883 1610 inquit,
905 1540 1168 1593 Hilarium
1188 1542 1529 1593 Arelatensem
1553 1540 1695 1591 illum
1721 1553 1869 1589 suum
1897 1539 2028 1589 inter
2052 1552 2135 1590 eos
2240 1540 2438 1608 primus
2472 1547 2790 1594 exnteror-um
2813 1552 3002 1609 agmen
3033 1536 3291 1593 claudat?
3322 1535 3489 1592 Adest
3522 1549 3584 1590 ex
3619 1535 3762 1591 eadem

549 1633 639 1701 qui
660 1634 714 1685 in
740 1633 975 1686 doctrina
997 1632 1059 1684 de
1081 1631 1524 1702 prardestinatione
1550 1630 1612 1681 ab
1640 1629 1920 1698 Augustino
1941 1629 2135 1682 dissen-
2240 1633 2411 1687 Gallia
2444 1631 2717 1686 Gilbertus
2744 1632 3061 1701 Mauguinus
3110 1630 3195 1685 vir
3217 1628 3577 1693 doctissimus,
3607 1641 3661 1682 ac
3683 1628 3765 1697 regi

561 1724 720 1789 tiunt,
764 1732 1064 1777 annumerat
1103 1722 1347 1785 Prosper.
1382 1722 1545 1776 Forte
1588 1735 1814 1789 repones
1862 1720 2130 1774 Usseriurn

2240 1723 2701 1779 Christianissimo
2728 1738 2757 1777 a
2789 1723 3048 1789 consiliis,
3080 1722 3170 1792 qui
3198 1720 3387 1792 paucis
3412 1718 3599 1775 abhinc
3621 1718 3764 1775 diebus

550 1828 674 1870 esse
696 1816 1055 1871 calvinistam.
1085 1817 1154 1868 At
1177 1816 1401 1883 ipsemet
1428 1816 1743 1884 scriptorem
1767 1815 1998 1881 aliquem
2024 1828 2137 1867 ma-
2241 1818 2381 1871 diem
2414 1817 2567 1871 obiit.
2600 1818 2723 1871 Haec
2755 1816 2943 1872 scribit
2969 1824 3111 1885 part.
3139 1831 3177 1871 ιι
3209 1813 3426 1869 Confut.
3458 1812 3640 1868 fabula:
3662 1827 3765 1882 prie-

549 1905 661 1960 lum
694 1908 973 1976 poscebas.
996 1908 1225 1961 Vocatur
1254 1917 1431 1961 tamen
1456 1905 1701 1960 Usserius
1731 1922 1756 1957 a
1789 1906 1849 1959 P.
1877 1905 2131 1961 Hicciolio
2161 1906 2210 1966 B
2236 1909 2375 1964 dest.
2398 1925 2517 1980 cap.
2538 1912 2561 1964 1
2580 1911 2597 1963 l
2614 1909 2883 1980 ,pag.650
2909 1907 3090 1963 :Teste
3113 1907 3395 1979 Prospero,
3409 1905 3615 1975 epistola
3631 1904 3766 1957 adAli-

550 1998 649 2054 lib.
680 2015 698 2053 ι
736 1999 991 2056 Cbronol.
1027 2000 1350 2063 relnrmatm,
1382 2015 1499 2067 cap.
1530 1999 1621 2066 “20,
1655 2001 1730 2051 uir
1758 2000 2133 2052 ecclesiastica:
2242 2004 2522 2073 gustinum,
2554 2001 2789 2055 Hilarius
2832 2001 3146 2055 Arelatensis
3176 2000 3479 2070 episcopus,
3505 2007 3552 2053 et
3576 1999 3655 2053 alii
3678 1997 3764 2068 plu-

549 2093 869 2162 antiquitatis
918 2094 1305 2147 scientissimus.
1349 2094 1460 2146 Hoc
1510 2107 1696 2160 parum
1742 2106 1957 2146 Causam
1986 2092 2139 2160 juvat
2243 2095 2359 2149 rimi
2387 2112 2488 2149 non
2534 2096 2703 2148 minus
2745 2095 3048 2149 auctoritate
3086 2110 3235 2164 quam
3283 2094 3467 2162 pietate
3517 2092 3766 2145 celeberrimi

553 2182 814 2237 adversus
844 2192 917 2249 te,
946 2184 1034 2253 qui
1068 2184 1257 2237 bonum
1276 2224 1290 2245 ,
1335 2184 1522 2237 malum
1542 2225 1557 2248 ,
1604 2184 1871 2252 ﬂagitasti.
1904 2184 2136 2239 Attende
2241 2191 2358 2251 viri,
2392 2188 2452 2243 S.
2478 2188 2753 2257 Augustini
2783 2188 2845 2241 de
2874 2188 3100 2258 gratuita
3125 2186 3220 2239 Dei
3252 2185 3679 2256 praedestinalione
3698 2184 3765 2237 do-

552 2276 845 2346 scriptores
878 2278 1067 2339 bonos,
1102 2278 1353 2332 meliores
1372 2319 1387 2342 ,
1416 2280 1647 2347 Optimos
1665 2324 1677 2345 ,
1708 2278 1898 2347 quibus
1926 2280 2011 2333 vix
2044 2296 2139 2335 au-
2242 2283 2457 2333 clrinam
2479 2297 2580 2333 non
2601 2282 2767 2333 minus
2791 2295 2943 2347 quam
2966 2278 3199 2331 heresim
3223 2276 3442 2330 aversati
3458 2285 3587 2329 sunt.
3610 2275 3665 2328 Et
3681 2288 3766 2342 pag.

549 2366 683 2421 deas
712 2368 1006 2423 adversari.
1045 2369 1104 2423 P.
1136 2368 1465 2437 Theophilus
1490 2372 1812 2440 Haynaudus
1844 2373 1896 2426 in
1940 2374 2137 2442 Apolo-
2241 2370 2346 2425 475
2367 2386 2436 2426 ex
2466 2370 2653 2425 eodem
2680 2370 2948 2439 Prospero
2975 2376 3203 2423 testatur
3232 2367 3498 2422 Hilarium
3528 2365 3766 2435 Pelagiana:

549 2460 636 2529 gia
692 2476 789 2528 pro
834 2460 1119 2516 Valeriano
1161 2462 1502 2526 Cemelicnsi,
1537 2479 1655 2532 cap.
1700 2465 1752 2527 4,
1798 2466 1869 2519 ita
1914 2467 2137 2520 scribit:
2242 2464 2506 2531 pravitatis
2535 2462 2761 2531 reliquiis
2788 2463 3053 2531 infectum.
3076 2460 3207 2514 Cum
3226 2458 3457 2513 dixeris:
3484 2456 3588 2527 Ego
3614 2456 3767 2509 nullum

552 2549 790 2604 Hilarius
811 2552 1077 2623 episc0pus
1099 2552 1411 2607 Arelatensis
1444 2570 1575 2607 unus
1602 2556 1699 2625 [uit
1727 2571 1902 2608 eorum
1930 2556 2017 2625 qui
2038 2557 2137 2609 ad-
2241 2554 2481 2607 hactenus
2498 2552 2639 2623 potui
2668 2553 2893 2605 inuenire
2910 2552 3001 2621 qui
3024 2550 3306 2620 scripserit
3329 2550 3388 2605 S.
3412 2548 3651 2602 Hilarium
3669 2548 3766 2601 Are-

548 2657 722 2696 uersus
763 2643 832 2697 Β.
864 2644 1204 2714 Augustinum
1230 2647 1463 2715 querelas
1491 2659 1773 2701 moverunt.
1804 2649 1943 2701 Audi
1977 2649 2137 2704 Pros~
2243 2645 2505 2699 latensem
2538 2644 2879 2698 adversatum
2928 2645 3096 2698 fuisse
3136 2642 3399 2697 doctrina:
3420 2641 3479 2696 S.
3511 2639 3764 2709 Augustini,

549 2750 732 2803 perum
758 2736 811 2789 in
839 2736 980 2791 calce
1024 2735 1250 2805 ερῑειοιω
1294 2738 1362 2790 ad
1406 2740 1765 2809 Augustinum,
1804 2739 1871 2794 Et
1910 2742 2138 2795 laudatis
2240 2737 2380 2790 absit
2402 2744 2459 2790 ut
2485 2744 2536 2789 te
2567 2736 2842 2790 mentitum
2874 2744 3092 2804 putem;
3120 2735 3243 2788 novi
3274 2733 3441 2788 animi
3475 2734 3546 2787 tui
3575 2732 3765 2802 ingenui-

549 2826 729 2881 verbis
755 2830 997 2896 proxime
1024 2846 1055 2883 a
1084 2846 1169 2885 me
1198 2831 1455 2897 recitatis,
1508 2834 1759 2902 expianda,
1793 2832 1984 2902 inquit,
2013 2850 2139 2902 par-
2239 2838 2437 2895 tatem,
2481 2827 2796 2893 candorem,
2848 2826 3270 2895 simplicitatem.
3322 2824 3506 2894 Itaque
3551 2823 3764 2879 neminem

548 2915 737 2970 ticulas
759 2917 879 2973 illas
902 2935 1065 2974 unum
1088 2936 1297 2985 eorum,
1323 2920 1496 2989 utique
1517 2920 1762 2976 adversus
1792 2921 2136 2992 Augustinum
2241 2921 2574 2975 laudatorum
2603 2921 2922 2989 scriptorum
2966 2918 3161 2987 legisti.
3190 2917 3456 2985 Tantum,
3484 2915 3554 2971 mi
3578 2913 3762 2979 Macedo,

547 3012 830 3081 agentium,
860 3013 922 3065 de
944 3006 1129 3082 quibus
1158 3030 1360 3078 sermo;
1389 3024 1441 3068 et
1482 3014 1536 3068 in
1563 3014 1681 3068 aliis
1707 3016 1959 3070 omnibus
1977 3059 1992 3082 ,
2019 3033 2137 3070 nam
2240 3016 2553 3084 plerumque
2583 3023 2741 3069 nocet
2763 3012 2940 3067 omnia
2963 3012 3026 3065 ab
3050 3013 3253 3081 ingenio
3280 3011 3494 3066 atlerre.
3520 2996 3660 3065 Disce
3678 3017 3763 3063 tan-

548 3102 721 3171 quoad
748 3106 1002 3173 negatium
1023 3146 1039 3169 ,
1079 3106 1141 3159 de
1180 3122 1278 3173 quo
1310 3104 1535 3177 Prosper
1581 3116 1686 3160 tota
1713 3108 1950 3173 epistola,
1983 3118 2136 3181 atque
2240 3108 2385 3175 dem,
2412 3107 2535 3177 quid
2568 3107 2719 3175 juvet
2746 3106 2946 3173 baiulos
2974 3120 3145 3175 agere,
3173 3121 3273 3158 non
3298 3115 3559 3168 auctores;
3579 3102 3627 3158 in
3651 3103 3764 3157 dorso

548 3192 678 3245 adeo
705 3196 877 3261 quoad
903 3210 1127 3248 errorem
1172 3196 1663 3267 Semipelagianum,
1689 3190 1937 3254 non’erat
1958 3201 2135 3273 Augu-
2196 3272 2203 3273 ί
2240 3200 2467 3253 studium
2498 3216 2639 3265 esse,
2672 3216 2771 3253 non
2814 3200 2864 3251 in
2896 3196 3117 3251 cerebro.
3160 3197 3294 3251 Nam
3340 3196 3424 3250 his
3452 3196 3598 3265 plane
3630 3194 3763 3248 verbis

547 3286 788 3340 stiniana:
808 3289 1055 3341 doctrina:
1079 3290 1381 3355 admirator,
1402 3292 1504 3344 imo
1526 3308 1635 3345 eam
1660 3293 1710 3345 in
1736 3294 2007 3362 querelam
2028 3272 2133 3351 tra-
2163 3272 2210 3337 (ἶ
2240 3291 2621 3346 ecclesiaSIicu:
2650 3291 2887 3345 historiae
2911 3289 3305 3358 professoribus
3336 3290 3388 3343 in
3409 3286 3765 3359 praefationem-

548 3375 734 3431 hebat.
768 3376 834 3430 Et
862 3376 1087 3445 Prosper
1110 3380 1298 3449 liquide
1325 3390 1537 3435 testatur
1561 3399 1615 3437 se
1636 3399 1748 3437 eum
1785 3383 2024 3441 habuisse
2045 3405 2135 3440 su-
2239 3383 2472 3437 sultasti.
2501 3381 2611 3435 Tua
2638 3382 2725 3435 illa
2756 3380 3099 3450 compellatio
3143 3379 3596 3434 conﬁdentissima
3623 3396 3633 3431 :
3668 3376 3766 3432 Cedo

548 3476 800 3535 spectum,
829 3484 946 3521 cum
968 3468 1183 3535 dubitet,
1203 3488 1302 3541 quo
1322 3472 1423 3541 fine
1443 3482 1568 3527 esset
1596 3490 1711 3528 cum
1742 3476 2026 3546 Augustino
2044 3496 2134 3548 per
2240 3474 2388 3538 mihi,
2418 3472 2483 3527 P.
2511 3472 2691 3541 Noris,
2720 3473 3022 3541 scriptorem
3061 3471 3285 3540 aliquem
3327 3474 3511 3526 bonum
3534 3511 3549 3537 ,
3586 3470 3766 3533 malum,

551 3555 750 3611 litteras
776 3568 1005 3615 acturus.
1036 3560 1273 3615 Accedat
1300 3572 1520 3631 quartus
1552 3573 1673 3632 post
1703 3565 2022 3636 PrOSperum
2057 3580 2135 3625 te-
2239 3575 2328 3621 tuo
2355 3568 2416 3618 ab
2447 3564 2652 3634 ingenio
2679 3573 2784 3619 est.
2816 3566 2885 3617 At
2924 3564 3080 3617 amici
3106 3561 3185 3617 tui
3213 3562 3374 3617 Naris
3400 3563 3575 3634 gravis
3600 3574 3765 3630 acqua-

549 3651 649 3705 stis
676 3649 751 3707 P.’
772 3651 988 3707 Gabriel
1034 3653 1100 3708 de
1139 3653 1320 3708 Henao
1373 3658 1424 3710 in
1471 3657 1739 3714 volumine
1788 3674 1885 3728 pro
1910 3662 2131 3716 scientia
2238 3658 2389 3712 drata
2413 3657 2692 3725 responsio
2730 3672 2763 3708 a
2804 3656 2979 3715 dorso.
3015 3657 3088 3710 De
3120 3655 3405 3711 Vincentio
3444 3655 3697 3712 Lerinensi
3714 3652 3765 3708 nil

549 3741 728 3796 media
768 3750 904 3797 sect.
941 3744 1033 3810 28,
1063 3760 1210 3799 num.
1248 3746 1371 3810 184,
1406 3748 1490 3802 ubi
1528 3749 1638 3803 ait:
1670 3749 1850 3819 Liquet
1880 3755 2031 3806 etiam
2070 3756 2135 3808 de
2237 3749 2541 3804 addendum
2574 3758 2731 3818 puto;
2763 3749 2954 3803 scribis
2985 3749 3129 3803 enim
3172 3764 3259 3804 me
3298 3749 3445 3805 alios
3471 3749 3652 3805 habere
3670 3746 3765 3803 dicti

549 3832 845 3887 discrimine
870 3834 933 3887 ab
977 3834 1213 3902 Hilario,
1238 3839 1327 3907 qui
1356 3855 1459 3892 una
1501 3856 1618 3892 cum
1657 3852 1833 3895 sancto
1876 3841 2134 3914 Prospero
2237 3844 2343 3897 mei
2367 3854 2698 3897 assi-rtores:
2731 3855 2898 3910 nuper
2919 3842 3147 3897 accessit
3169 3841 3406 3897 eximius
3430 3841 3613 3897 doctor
3637 3840 3765 3896 Lora-

550 3924 687 3978 rnisit
709 3926 905 3980 litteras
931 3926 1001 3979 ad
1033 3925 1092 3981 S.
1124 3927 1486 3999 Augustinum.
1518 3930 1657 3985 Nam
1680 3933 1725 3987 is
1758 3933 1995 3989 Hilarius
2033 3954 2133 3991 non
2239 3935 2445 3989 niensis
2488 3933 2827 3989 Christianus
2857 3933 3056 4001 Lupus,
3085 3941 3224 4003 part.
3246 3932 3281 3986 4
3323 3943 3438 3989 not.
3476 3936 3528 3989 in
3557 3932 3763 4005 synodos.

554 4018 915 4071 obscurabatur
941 4020 1159 4089 caligine
1189 4023 1443 4091 opinionis
1465 4024 1692 4079 adversi:
1716 4027 1778 4082 S.
1811 4030 2097 4099 Augustino
2115 4075 2130 4100 ,
2239 4041 2359 4096 pag.
2388 4026 2512 4081 757.
2550 4025 2693 4089 llatc,
2725 4024 2796 4079 mi
2819 4023 3129 4079 dulcissime
3150 4023 3395 4094 Macedo,
3421 4025 3553 4096 atqui
3580 4023 3765 4093 bonique

551 4125 715 4180 neque
731 4111 889 4182 hujus
915 4112 1199 4167 doctrinam
1226 4114 1281 4167 in
1303 4116 1556 4184 querelam
1572 4119 1801 4173 trahebat
1815 4123 1950 4177 circa
1977 4139 2134 4191 nego-
2240 4120 2489 4173 consulas
2516 4132 2730 4188 precor,
2757 4133 2890 4172 neve
2914 4118 3006 4174 tibi
3030 4126 3155 4173 ante
3183 4120 3465 4175 victoriam
3492 4116 3765 4188 triumphum

553 4209 679 4261 tium
712 4211 912 4278 gratias,
940 4210 1030 4265 sed
1051 4212 1138 4267 ille
1156 4213 1285 4267 alter
1309 4214 1547 4272 Hilarius
1567 4220 1774 4274 antistes
1802 4222 2122 4278 Arelatensis.

2242 4226 2337 4279 per
2369 4210 2573 4264 italiam
2601 4209 2825 4263 Romam
2855 4222 3024 4278 usque
3050 4219 3257 4265 cantes.
3293 4210 3365 4266 Et
3407 4210 3611 4282 quando
3635 4218 3764 4263 annos

551 4296 691 4354 Sunt
720 4298 774 4353 hi
804 4299 909 4354 duo
929 4301 1163 4372 insignes
1189 4318 1220 4359 e
1251 4304 1509 4361 societate
1540 4308 1669 4364 Jesu
1689 4312 2005 4379 scriptores,
2038 4314 2134 4369 sed
2240 4310 2395 4357 "alus
2422 4300 2755 4369 εθριυεείηιίι
2774 4311 3003 4370 “Diem,
3037 4309 3115 4357 ῑοι
3143 4302 3343 4372 vigiliis
3358 4317 3492 4373 quas
3512 4304 3561 4358 ίη
3588 4297 3765 4356 edem“

554 4390 771 4444 tertium
809 4403 873 4445 ex
905 4390 1093 4447 eadem
1123 4392 1432 4450 doctissima
1474 4396 1677 4452 familia
1711 4408 1901 4455 testem
1932 4402 2134 4471 habeo,
2240 4392 2589 4461 quadrasinla
2626 4398 2680 4445 θί
2706 4391 2935 4461 “miluus
2986 4392 3351 4449 VO'“mi"ib“5
3389 4393 3612 4459 ευδίίδῑίο
3648 4387 3765 4446 senm

553 4496 805 4552 maguum
833 4497 1001 4542 sacrae
1030 4500 1093 4541 ac
1122 4485 1362 4557 profana:
1388 4489 1706 4545 eruditionis
1746 4502 2130 4562 promotorem,
2239 4499 2467 4556 corpore
2497 4493 2787 4549 macerato,
2817 4484 3126 4541 vastissimo
3145 4487 3527 4543 ecclesiasticas
3550 4481 3764 4541 eruditio-

552 4574 812 4630 Jacobum
836 4576 1204 4644 Sirmondum,
1227 4578 1280 4633 in
1304 4580 1447 4634 notis
1468 4580 1532 4634 ad
1551 4582 1831 4650 epistolam
1853 4581 2132 4641 leestini
2242 4579 2324 4631 nis
2373 4576 2562 4647 pelago
2599 4584 2653 4631 te
2688 4578 3026 4632 committere
3054 4580 3390 4648 expavescis.
3422 4579 3613 4635 νοτίῐῦε
3649 4589 3706 4630 De
3727 4574 3764 4627 ίη

550 4680 701 4736 papae
724 4668 790 4722 ad
808 4670 1089 4739 episcopos
1105 4670 1314 4737 Galliae,
1343 4671 1436 4727 ubi
1462 4672 1648 4728 scribit
1671 4677 1941 4745 epistolam
1959 4678 2125 4747 illam,
2155 4656 2210 4715 Ι)
2238 4670 2415 4726 inedio
2442 4683 2603 4724 cursu
2632 4678 2684 4724 te
2712 4669 2820 4723 vita
2850 4668 3096 4735 deﬁciat;
3127 4671 3246 4726 sine
3272 4685 3396 4740 me,
3431 4686 3584 4742 quem
3608 4668 3763 4724 imber-

551 4777 664 4831 qute
684 4770 791 4815 tota
836 4771 910 4815 est
949 4779 1041 4832 pro
1086 4764 1380 4832 defensione
1421 4764 1484 4819 S.
1515 4765 1817 4838 Augustini,
1852 4785 2130 4841 congruere
2238 4762 2359 4816 belli
2383 4761 2636 4829 juvenem
2673 4758 2800 4814 olim
2827 4759 3012 4815 Romae
3037 4760 3241 4828 vidisti,
3273 4770 3328 4817 et
3352 4765 3577 4818 amicum
3603 4760 3666 4815 tui
3688 4771 3763 4812 no-

551 4853 762 4909 Hilario
791 4856 1076 4909 Arelatensi
1102 4872 1202 4909 non
1226 4859 1495 4928 posse,qui
1524 4859 1799 4930 Augustini
1820 4862 2120 4934 doctrinam,

2237 4853 2397 4908 minis
2446 4865 2608 4922 supra
2658 4858 2883 4907 caeteros
2943 4851 3398 4910 studiosissimum
3446 4854 3612 4918 nosti;
3643 4850 3760 4911 Sine.

548 4956 603 5000 ut
628 4947 854 5015 Prosper
882 4950 935 5002 in
963 4949 1175 5018 epistola
1203 4964 1299 5001 sua
1334 4959 1564 5019 testatur,
1602 4969 1714 5007 cunt
1742 4954 1796 5008 in
1823 4958 2018 5012 catteris
2040 4974 2129 5012 sss--
2234 4946 2481 5017 inquam.
2510 4960 2597 5000 me
2621 4946 2737 5000 νθίε
2761 4945 3024 5014 Pandere,
3062 4960 3127 5002 ac
3150 4946 3220 5004 de
3244 4958 3406 5019 Ροΐιυ
3432 4960 3641 5005 εθουΐιιε
3664 4954 3760 5013 Ρΐο·

546 5039 759 5109 spiceret
778 5081 795 5106 ,
818 5042 915 5093 hac
934 5042 988 5094 in
1019 5047 1165 5108 parte
1212 5055 1312 5094 non
1344 5056 1631 5098 paoasu'r.
1668 5047 1824 5115 Apud
1854 5047 2126 5105 Labbeum
2234 5052 2447 5109 speram
2477 5036 2608 5093 mihi
2638 5037 3037 5107 navigationem
3066 5036 3364 5099 Horatiano
3392 5041 3617 5098 carmine
3650 5037 3760 5094 omi-

546 5141 602 5188 et
622 5133 950 5190 Cossariium
973 5145 1119 5191 tomo
1140 5134 1183 5189 ll
1198 5133 1427 5205 Conci|.,
1460 5154 1580 5211 pag.
1605 5142 1767 5201 1818.
1791 5145 1844 5199 ln
1868 5146 1969 5202 hoc
1997 5150 2129 5205 tanti
2236 5144 2389 5187 mre-

544 5223 648 5279 viri
694 5225 1003 5281 testimonio
1047 5235 1101 5282 et
1134 5226 1354 5296 glorior,
1386 5240 1442 5284 et
1474 5231 1765 5302 triumpho.
1803 5235 1966 5293 Visne
1989 5239 2127 5295 alios
2415 5241 2590 5306 Navis,
2614 5242 3103 5306 qnqtibicreditum

545 5325 745 5384 testes,
776 5320 868 5389 qui
894 5320 1116 5390 aliquem
1163 5322 1384 5387 malum,
1415 5324 1602 5379 bonum
1655 5327 1883 5396 rogabas
1908 5330 1931 5383 ?
1960 5332 2114 5388 Adest

2416 5303 3217 5419 “asummarm
3235 5305 3435 5371 ἀπενεο

731 5382 738 5384 τ
776 5382 809 5423 _—
979 5382 989 5390 -
1372 5382 1379 5387 τ
1719 5382 1747 5396 υ
1916 5382 1919 5383 ν
1960 5382 2126 5388 --ητν
2416 5382 2880 5417 neauaslvortstum
2903 5382 3079 5430 precor

545 5424 644 5480 par
668 5418 906 5478 testium,
932 5424 983 5468 et
1005 5429 1111 5469 uno
1133 5428 1228 5471 ore
1248 5416 1557 5486 loquuntur.
1589 5419 1728 5475 Sunt
1756 5421 2126 5481 Sammartha-
2475 5428 2538 5478 Et
2554 5440 2729 5478 serves
2749 5432 2922 5478 animae
2939 5402 3193 5480 dimidium
3214 5443 3359 5482 mea).

544 5500 601 5556 ni
628 5501 731 5556 viri
760 5503 1109 5559 eruditissimi
1151 5515 1295 5562 tomo
1332 5509 1350 5562 l
1378 5508 1566 5564 Gallia:
1614 5510 1965 5581 Christianae,
1997 5531 2121 5587 pag.
3215 5493 3318 5544 La"
3343 5510 3377 5555 "
3399 5493 3553 5545 ⁰ά⁸³⁶

542 5591 634 5646 36.
669 5590 875 5646 Constat
894 5604 1083 5659 autem,
1110 5597 1376 5665 inquiunt,
1406 5597 1690 5668 Hilarium,
1712 5604 1798 5673 qui
1824 5608 2027 5677 scripsit
2056 5626 2111 5662 ao

2307 5592 2457 5663 Vale,
2488 5594 2832 5662 amicissime,
2880 5600 2936 5650 et
2959 5595 3389 5666 ingeniosisstme
3417 5606 3577 5669 pater,
3598 5602 3747 5662 meque

543 5683 609 5741 S.
634 5685 997 5758 Augustinum,
1021 5694 1069 5740 et
1097 5690 1244 5758 cujus
1270 5692 1532 5747 occasione
1552 5695 1689 5748 misit
1718 5695 1873 5750 libros
1894 5698 1957 5752 de
1984 5698 2112 5754 Prw-

2231 5684 2392 5741 istblc
2418 5685 2606 5740 amicis
2634 5686 3067 5743 commendatum
3103 5687 3299 5756 facias;
3333 5700 3447 5746 tuos
3473 5702 3590 5745 vero
3608 5694 3747 5755 patro-

545 5791 881 5844 destinatione
908 5798 1224 5857 sanctorum,
1256 5801 1303 5845 et
1328 5794 1391 5846 de
1410 5794 1559 5849 Dono
1582 5800 1987 5865 perseverantire,
2018 5817 2125 5855 esse
2231 5792 2330 5833 “05
2360 5776 2494 5833 mihi
2522 5777 2833 5844 δεηθνοιοδο
2865 5779 2950 5833 vel
2969 5779 3160 5836 “nam
3189 5782 3364 5840 minus
3388 5783 3544 5838 ίτθίοί
3567 5774 3742 5835 "Ma"

548 5882 839 5936 distinctum
878 5882 940 5935 ab
992 5877 1199 5937 Hilario
1254 5883 1537 5940 Arelatensi
1582 5888 1855 5954 episcopo:
1902 5892 2119 5956 primum
