3974 6356
238 365 343 425 561

715 477 1359 536 ANIMADVERSIONES

456 594 507 633 IN
550 591 745 631 LIBRUM
788 589 854 628 DE
884 588 1249 628 CORBEPTIONE
1288 587 1358 627 ET
1396 586 1589 627 GRATIA

310 671 444 741 Cap.
469 671 518 736 1,
549 669 653 741 §2.
685 667 922 722 Liberum
950 669 1124 737 itaque
1147 667 1437 730 arbitrium,
1465 674 1513 720 et
1539 664 1608 718 ad
1635 663 1829 717 malum

235 774 284 820 et
324 765 392 818 ad
423 769 611 817 bonum
637 761 924 831 faciendum
968 759 1315 827 conﬁtendum
1363 768 1433 813 est
1478 772 1572 811 nos
1598 756 1828 821 habere;

234 854 331 909 sed
354 855 408 908 in
433 854 571 907 malo
599 852 833 924 faciendo
861 851 986 905 liber
1004 858 1078 904 est
1093 852 1303 920 quisque
1316 849 1534 922 justitire
1557 862 1830 917 servusque

233 949 474 1019 peccati;
506 949 560 1002 in
588 947 719 1001 bono
758 955 927 999 autent
973 942 1102 998 liber
1137 960 1245 998 esse
1285 943 1461 997 nullus
1507 949 1697 1011 potest,
1730 937 1828 994 nisi

236 1044 400 1114 fuerit
430 1042 687 1106 liberatus,
721 1036 851 1109 etc.]
876 1037 1109 1093 Vocibus
1132 1036 1277 1090 liberi
1297 1035 1494 1089 arbitrii
1524 1033 1612 1089 hic
1638 1033 1830 1088 volun-

237 1142 407 1189 tatem
429 1131 678 1201 intelligit
708 1128 1057 1198 Augustinus,
1091 1143 1198 1182 non
1228 1126 1280 1181 id
1313 1124 1454 1196 quod
1478 1124 1546 1181 ab
1572 1123 1828 1180 omnibus

234 1224 468 1293 intelligi
509 1221 753 1277 solebat:
778 1219 1033 1273 nimirum
1053 1257 1071 1283 ,
1101 1217 1411 1273 facultatem
1458 1215 1606 1270 illam
1634 1213 1829 1270 mentis

234 1330 345 1385 qua
378 1322 559 1385 potest
583 1310 786 1382 aliquid
816 1310 1013 1377 facere,
1047 1318 1155 1364 tam
1191 1310 1389 1365 bonum
1416 1322 1575 1378 quam
1603 1306 1828 1372 malum,

235 1417 334 1464 aut
380 1407 648 1461 omittere.
691 1402 970 1470 Homines,
1016 1401 1310 1459 secundum
1338 1415 1484 1467 eum,
1534 1407 1829 1455 nascuntur

236 1508 474 1571 suntque
499 1510 715 1567 semper
737 1502 862 1549 ante
884 1493 1345 1564 regenerationem
1368 1491 1520 1547 liberi
1550 1506 1581 1545 a
1600 1490 1828 1560 justitia,

237 1606 298 1650 et
326 1595 471 1651 servi
497 1592 697 1664 peccati
725 1610 740 1648 :
773 1591 875 1646 hoc
901 1598 1005 1655 est,
1039 1586 1170 1643 nihil
1200 1586 1303 1640 nisi
1332 1584 1475 1639 mala
1504 1583 1679 1639 facere
1709 1598 1833 1653 pos-

238 1697 389 1753 sunt,
423 1686 561 1741 bona
593 1684 737 1739 nulla
762 1689 1023 1753 possunt;
1055 1678 1151 1735 sed
1174 1678 1374 1733 faciunt
1398 1675 1536 1731 maia
1564 1676 1828 1746 volentes,

238 1780 385 1835 bona
429 1778 682 1833 omittunt
720 1774 988 1837 nolentes,
1039 1770 1284 1842 quamvis
1314 1769 1431 1824 sine
1465 1766 1727 1823 miraculo
1749 1765 1831 1820 di-

919 360 1277 418 vsruonuu
1315 356 1921 418 EXERCITATIONES
1960 357 2024 416 IN
2061 360 2119 417 s.
2156 360 2529 420 AUGUSTINI
2554 336 2823 419 creas.

3402 358 3512 419 562

1852 478 1909 540 Α
1929 477 2081 546 culpa
2111 480 2230 546 ejus
2259 480 2346 548 qui
2380 494 2485 532 non
2517 478 2641 532 facit
2678 477 2820 547 quod
2850 490 2963 532 nec
2997 490 3138 531 nunc
3177 484 3381 544 potest,
3409 493 3512 535 nec

1930 585 2162 639 unquam
2192 579 2351 626 antea
2373 572 2559 639 potuit.
2585 571 2736 639 Quod
2769 571 2813 624 si
2846 584 3003 625 nemo
3028 570 3198 639 potuit
3226 570 3510 640 impedire,

1931 677 2051 731 quae
2078 662 2343 718 sententia
2373 673 2457 719 est
2488 661 2793 731 Augustini,
2818 662 3101 732 quominus
3120 662 3252 717 vitio
3274 663 3514 731 inquina-

1930 763 2097 820 relur,
2125 764 2402 823 propterea
2441 770 2547 809 non
2582 754 2742 809 debet
2783 754 2977 822 corripi
3008 754 3123 808 :uti
3160 769 3261 809 nec
3293 754 3341 808 si
3366 754 3514 811 nulla

1932 846 2155 925 ratione,
2188 861 2254 901 eo
2282 847 2448 901 semel
2478 846 2807 915 inquinatus,
2830 846 3047 901 vincere
3076 845 3130 900 id
3162 847 3354 916 potuit,
3387 845 3513 916 quia

1931 938 1981 994 ei
2026 938 2196 995 defuit
2225 938 2480 994 auxilium
2509 939 2626 992 sine
2652 954 2759 1008 quo
2790 938 2927 992 vinci
2958 936 3144 991 vitium
3183 953 3289 993 non
3316 938 3512 1008 potuit.

1931 1030 2096 1100 Igitur
2115 1048 2184 1087 ex
2216 1032 2379 1087 animi
2411 1030 2677 1086 sententia
2703 1045 2807 1083 non
2840 1031 3008 1099 potuit
3036 1029 3216 1084 dicere
3255 1029 3514 1099 Augusti-

1932 1138 2063 1178 nus:
2095 1132 2182 1177 tuo
2203 1124 2324 1176 uitio
2354 1139 2457 1176 non
2481 1121 2635 1176 habes
2657 1119 2799 1190 quod
2827 1121 3188 1175 necessarium
3219 1132 3300 1175 est
3328 1121 3395 1175 ad
3416 1121 3515 1176 ob-

1932 1216 2292 1272 servationem
2324 1216 2622 1271 divinorum
2655 1223 3084 1283 praeceptorum;
3115 1226 3215 1268 nec
3244 1212 3468 1280 proinde
3491 1253 3509 1279 ,

1932 1309 2104 1380 posita
2154 1308 2272 1377 ejus
2315 1307 2592 1374 doctrina,
2630 1322 2695 1360 ex
2722 1305 3055 1376 prwceptione
3096 1306 3342 1374 cognosci
3383 1302 3514 1373 quid

1934 1400 2096 1456 homo
2111 1400 2288 1454 debeat
2320 1398 2531 1463 habere;
2572 1413 2694 1452 nam
2725 1412 2832 1451 non
2860 1397 3003 1450 debet
3025 1395 3208 1449 habere
3235 1395 3378 1465 quod
3402 1409 3513 1449 non

1932 1493 2101 1563 magis
2132 1492 2307 1561 potuit
2338 1491 2557 1557 habere,
2588 1489 2807 1545 nolente
2838 1488 2969 1554 Deo,
2987 1501 3144 1556 quam
3172 1485 3361 1540 sistere
3389 1479 3514 1540 chr-

1934 1597 2053 1639 sum
2100 1582 2357 1637 siderum.
2408 1580 2677 1650 Perpetuo
2709 1577 3064 1648 Hipponensis
3103 1576 3387 1645 episcopus
3416 1572 3515 1629 ob-

1930 1677 2193 1748 iectiones
2235 1666 2525 1730 retundere
2569 1681 2793 1727 conatur
2837 1670 3019 1726 verbis
3060 1684 3181 1740 quae
3222 1683 3346 1723 cum
3396 1668 3516 1736 ejus

1934 1769 2198 1823 sententia
2237 1766 2500 1821 acerrime
2525 1771 2795 1835 pugnant;
2823 1764 2946 1832 quia
2980 1763 3023 1816 si
3053 1760 3438 1816 convenienter
3463 1758 3519 1813 ei

237 1873 372 1927 vino
400 1868 543 1940 quod
586 1868 642 1923 in
683 1863 1090 1936 regeneratione
1125 1862 1186 1917 ht
1223 1861 1474 1916 voluntas
1505 1860 1701 1915 mutari
1737 1873 1834 1915 ne-
1859 1854 1910 1917 Β
1936 1857 2219 1914 sententia:
2249 1872 2346 1926 per
2372 1856 2551 1910 omnia
2581 1853 2903 1923 loquendum
2932 1851 3140 1919 fuisset,
3164 1864 3346 1905 sermo
3371 1848 3518 1905 Scri-

240 1974 428 2036 queat.
457 1962 600 2019 Satis
630 1961 797 2031 liquet
823 1958 956 2013 alios
983 1968 1173 2011 omnes
1196 1954 1450 2010 mortales
1472 1994 1487 2019 ,
1535 1953 1579 2007 si
1605 1953 1676 2007 ita
1704 1966 1831 2007 sen-

238 2063 473 2125 sissent,
507 2065 796 2129 negaturos
837 2050 1146 2108 bominibus
1204 2050 1381 2105 inesse
1435 2046 1649 2100 liberum
1697 2045 1835 2100 arbi-

243 2158 443 2221 trium;
468 2162 524 2210 et
552 2166 682 2207 sane
709 2149 942 2220 negabat
968 2147 1085 2217 ipse
1126 2142 1489 2214 Augustinus.
1519 2154 1640 2196 cum
1681 2147 1836 2195 extra

241 2245 632 2303 controversiae
672 2252 862 2298 aestum
891 2237 1231 2309 loquebatur,
1261 2242 1319 2289 ut
1347 2233 1516 2301 liquet
1543 2246 1609 2287 ex
1636 2229 1837 2285 Enchi-

243 2338 391 2394 ridio
418 2337 486 2393 ad
513 2333 861 2392 Laurentium
905 2345 1024 2400 cap.
1053 2327 1144 2385 ‘50.
1173 2325 1308 2382 Vide
1337 2332 1449 2379 not.
1483 2322 1551 2378 ad
1580 2329 1714 2377 tom.
1741 2319 1833 2376 Vl.

319 2428 454 2500 Cap.
486 2429 544 2497 2,
580 2427 609 2499 ς
643 2426 698 2481 5.
727 2423 1098 2494 Objectionem
1128 2426 1319 2476 contra
1345 2413 1646 2471 doctrinam
1681 2427 1836 2469 suam

244 2526 318 2580 de
333 2524 526 2594 gratia,
545 2535 647 2592 qua
669 2535 772 2574 non
796 2516 987 2583 solum,
1006 2519 1328 2568 monstrante
1343 2509 1481 2585 ipso,
1500 2507 1627 2578 quid
1640 2505 1834 2577 facien-

246 2618 377 2671 dum
393 2616 459 2669 sit
475 2614 640 2668 sciunt
662 2608 929 2674 homines,
946 2620 1120 2661 verum
1142 2604 1295 2657 etiam
1312 2616 1415 2671 qua
1427 2613 1539 2653 seu
1563 2602 1838 2668 prtestante

247 2708 448 2779 faciunt
474 2722 587 2759 cum
616 2702 888 2757 dilectione
916 2698 1053 2770 quod
1081 2695 1271 2759 sciunt,
1300 2691 1379 2746 sic
1424 2688 1675 2758 proponit
1698 2704 1713 2740 :
1734 2686 1838 2740 Ζτ-

246 2815 337 2869 go,
361 2797 627 2867 inquiunt,
651 2792 953 2865 praecipiant
972 2784 1326 2843 tantummodo
1356 2780 1500 2835 nobis
1519 2779 1645 2851 quid
1670 2779 1839 2849 facere

248 2890 528 2944 debeamus
552 2886 639 2957 qui
670 2885 814 2939 nobis
844 2890 1104 2953 prtesunt,
1135 2888 1181 2933 et
1206 2887 1260 2931 ut
1291 2875 1543 2946 faciamus
1569 2879 1714 2925 orent
1743 2886 1838 2940 pro

250 2981 422 3050 nobis,
446 2996 549 3034 non
574 2986 743 3032 autem
765 2991 857 3029 nos
885 2972 1164 3043 corripiant
1190 2977 1239 3022 et
1268 2974 1510 3035 arguant,
1539 2962 1586 3017 si
1623 2976 1727 3016 non
1758 2960 1838 3031 fe-

251 3075 496 3130 cerimus.
525 3071 693 3140 Quia,
723 3068 1013 3132 nimirum,
1045 3063 1091 3118 si
1139 3060 1260 3132 quis
1308 3055 1596 3129 praeceptis
1645 3052 1840 3109 divinis

251 3181 368 3223 non
394 3164 650 3235 paruerit,
680 3161 753 3230 id,
782 3175 850 3216 ex
887 3156 1153 3214 sententia
1194 3150 1499 3223 Augustini,
1529 3157 1733 3204 certum
1756 3155 1839 3202 est

1934 1962 2129 2022 pturas,
2151 1951 2261 2006 imo
2288 1958 2344 2004 et
2372 1949 2535 2004 tctius
2562 1946 2779 2001 humani
2807 1944 3023 2015 generis
3050 1943 3238 1997 fuisset
3256 1942 3518 1997 damnan-

1935 2042 2035 2097 dus
2055 2050 2109 2097 et
2130 2040 2514 2105 immutandus,
2542 2036 2840 2107 eademque
2864 2048 3028 2105 opera
3046 2032 3405 2090 convellenda
3425 2046 3519 2089 so-

1935 2133 2147 2190 cietatis
2186 2133 2433 2187 humanae
2459 2130 2762 2185 ﬁrmissima
2795 2127 3161 2182 fundamenta.

2007 2225 2138 2294 Cap.
2165 2223 2220 2291 6,
2252 2222 2281 2295 ᾗ
2312 2222 2366 2279 9.
2400 2222 2553 2277 Ηαηε
2599 2220 2847 2290 (gratiam
2870 2262 2886 2287 ,
2921 2217 3169 2287 inquiunt
3210 2216 3518 2286 Pelagiani,

1935 2317 2039 2373 sub
2082 2329 2314 2387 persona
2342 2322 2682 2384 peccatorum
2724 2310 3026 2379 loquentes)
3058 2326 3164 2364 non
3190 2308 3519 2378 accepimus;

1935 2407 2061 2480 quid
2080 2409 2253 2478 itaque
2272 2405 2601 2475 corripimur,
2624 2404 2772 2473 quasi
2793 2418 2887 2457 nos
2909 2416 3025 2456 eam
3046 2400 3191 2455 nobis
3205 2399 3331 2453 dare
3358 2397 3521 2466 possi-

1938 2514 2073 2565 mus,
2104 2506 2154 2552 et
2170 2506 2345 2551 nostra
2366 2496 2574 2549 arbitrio
2601 2495 2727 2548 dare
2754 2492 2976 2548 nolimus
2990 2494 3015 2546 ?
3030 2490 3173 2546 Nihil
3194 2489 3521 2563 evidentius,

1939 2602 2041 2645 nec
2068 2587 2308 2657 intelligo
2331 2584 2602 2657 quomodo
2631 2582 2960 2653 Augustinus
2987 2597 3055 2637 ex
3080 2581 3231 2636 hisee
3269 2592 3523 2635 necessa-

1939 2682 2035 2737 riis
2063 2694 2128 2736 ac
2156 2679 2451 2751 perspicuis
2492 2677 2845 2733 consectariis
2867 2688 2980 2730 'non
3021 2670 3460 2739 animadverterit
3486 2684 3522 2726 a

1939 2788 2002 2830 se
2028 2787 2133 2828 non
2163 2773 2293 2827 satis
2312 2779 2464 2826 recte
2484 2768 2756 2824 intellecta
2777 2781 2896 2837 qua:
2917 2765 3066 2821 hisce
3080 2764 3148 2819 de
3172 2763 3332 2819 rebus
3360 2761 3525 2816 habet

1940 2866 2241 2937 Scriptura.
2284 2863 2347 2918 Ei
2375 2861 2591 2934 quidem
2619 2860 2785 2915 verba
2828 2873 2936 2913 non
2963 2857 3176 2921 desunt,
3204 2867 3326 2924 quae
3364 2851 3525 2923 paulo

1941 2954 2407 3018 exercitatioribus
2464 2951 2775 3009 rhetoribus
2830 2962 3106 3019 nunquam
3151 2945 3342 3001 deesse
3398 2958 3525 3014 pos-

1943 3061 2106 3116 sunt;
2136 3048 2232 3104 sed
2254 3062 2320 3102 ex
2350 3044 2543 3115 quibus
2573 3043 2731 3099 facile
2761 3040 3028 3110 intelligas,
3058 3037 3333 3093 hominem
3351 3035 3419 3090 ad
3446 3033 3527 3088 si-

1941 3145 2164 3201 lentium
2189 3138 2537 3209 redigendum
2561 3137 2746 3202 fuisse,
2769 3134 2877 3190 nisi
2891 3129 3217 3190 existimatio
3244 3142 3361 3193 sua,
3393 3124 3529 3182 editi

250 3259 516 3315 indicium
542 3262 738 3327 praesto
764 3254 815 3307 ei
856 3264 965 3305 non
994 3245 1230 3303 adfuisse
1265 3242 1492 3314 gratiam
1517 3238 1793 3295 efﬁcacem
1818 3252 1835 3303 ;
1867 3243 1914 3308 C
1944 3240 2090 3307 libri,
2120 3238 2468 3294 conciliorum
2498 3232 2791 3289 auctoritas
2833 3237 2887 3283 et
2921 3225 3100 3283 omnia
3142 3229 3329 3278 contra
3372 3218 3528 3274 Pela-

252 3366 363 3420 qua
391 3320 687 3419 opitulante
740 3343 857 3399 fieri
883 3339 1084 3409 ,nequit
1123 3336 1251 3408 quin
1299 3342 1514 3404 pareat,
1555 3320 1871 3386 deﬁciente-

251 3418 389 3498 vero
416 3418 575 3496 nemo
604 3451 797 3509 parere
827 3442 1023 3505 potest.
1057 3428 1200 3496 Quid
1229 3425 1298 3481 ad
1337 3425 1450 3480 haec
1480 3418 1843 3492 Augustinus?

253 3532 401 3600 Ima,
433 3531 626 3603 inquit,
658 3528 830 3584 omnia
861 3526 1027 3595 ﬁant;
1064 3520 1305 3591 quoniam
1330 3518 1560 3572 doctores
1587 3512 1845 3568 Ecclesia-

253 3640 375 3679 rum
398 3602 615 3693 apostoli
644 3619 813 3674 omnia
842 3615 1118 3687 faciebant,
1143 3620 1190 3665 et
1218 3606 1583 3680 praecipiebant
1609 3618 1726 3674 qum
1753 3602 1846 3673 [ie-

252 3727 392 3784 rent,
414 3726 461 3772 et
480 3713 819 3785 corripiebant
847 3709 892 3763 si
910 3723 1013 3762 non
1037 3706 1233 3775 ﬁerent,
1256 3710 1303 3756 et
1320 3699 1536 3755 orabant
1554 3706 1609 3751 ut
1628 3696 1847 3765 ﬁerent;

236 3811 403 3884 'quod
424 3807 684 3878 exemplis
710 3805 1065 3860 demonstrat.
1101 3795 1296 3852 Verum
1324 3789 1600 3861 apostolos
1629 3789 1685 3842 in
1714 3800 1844 3842 sen-

257 3879 429 3965 tentia
478 3900 761 3973 Augustini
813 3897 980 3952 fuisse
1034 3905 1142 3947 non
1195 3884 1567 3943 concedebant
1614 3879 1709 3951 qui
1753 3892 1846 3934 eas

256 4001 595 4068 obiectiones
622 3993 1007 4068 proferebant;
1037 4000 1238 4057 eosque
1263 3983 1423 4038 aliter
1465 3979 1702 4035 sensisse
1724 3974 1847 4030 hinc

258 4065 381 4164 ipse
418 4065 676 4159 colligere
720 4090 962 4156 poterat,
1008 4076 1153 4150 quod
1184 4073 1431 4145 homines
1473 4068 1733 4125 divinitus
1768 4065 1849 4121 af-

261 4157 379 4241 ilati
429 4157 736 4239 non‘erant
778 4172 973 4231 facturi
1010 4168 1153 4241 quod
1200 4181 1322 4223 cum
1354 4175 1542 4219 eorum
1581 4157 1849 4215 sententia

260 4288 411 4337 stare
435 4290 543 4331 non
574 4278 805 4344 poterat.
846 4267 1061 4328 Postea,
1092 4278 1123 4317 ο
1143 4260 1319 4323 homo,
1344 4253 1537 4325 inquit,
1566 4252 1622 4305 in
1663 4265 1853 4319 prlece-

262 4374 438 4444 ptione
459 4380 705 4439 cognosce
740 4360 863 4433 quid
892 4359 1075 4413 debeas
1100 4352 1324 4417 habere;
1345 4348 1402 4402 in
1429 4343 1748 4415 correptione
1764 4356 1854 4395 co-

264 4433 559 4537 quoscetub
586 4470 632 4513 te
659 4455 780 4511 uitio
822 4447 1117 4515 habere;in
1162 4442 1394 4499 oratione
1434 4450 1678 4508 cognosce
1716 4433 1855 4488 unde

264 4525 490 4626 Impias
511 4549 647 4623 quod
664 4548 738 4603 vis
762 4545 969 4599 habere.
987 4539 1130 4596 Satis
1150 4542 1362 4592 constat
1378 4545 1413 4586 a
1436 4529 1546 4584 Deo
1568 4525 1853 4597 petendum

1945 3334 2132 3406 gianos
2163 3342 2313 3388 tanto
2344 3329 2461 3385 zelo
2506 3333 2656 3397 gesta
2686 3322 2912 3378 fuissent
2957 3314 3316 3374 defendenda.
3348 3312 3528 3383 Ipsum

1945 3401 2072 3481 audi
2106 3441 2120 3476 :
2150 3422 2261 3478 Nec
2303 3419 2606 3484 attendunt,
2658 3414 2863 3485 inquit,
2901 3412 2947 3465 si
2975 3409 3205 3464 nondum
3249 3401 3531 3476 regenerati

1946 3524 2089 3586 sunt,
2116 3516 2332 3585 primam
2359 3526 2464 3566 esse
2486 3523 2694 3563 causam
2736 3521 2828 3559 cur
2856 3501 3113 3575 objurgati
3142 3498 3279 3570 quod
3319 3497 3421 3551 sint
3445 3496 3531 3549 in-

1949 3609 2234 3664 obedientes
2274 3606 2381 3659 Deo
2425 3602 2523 3658 sibi
2551 3601 2764 3655 debeant
2794 3596 3082 3667 displicere.
3112 3592 3217 3650 Sed
3244 3592 3361 3645 haec
3382 3600 3533 3644 mera

1950 3713 2034 3759 est
2060 3702 2232 3772 petitio
2259 3698 2532 3769 principii,
2575 3704 2633 3749 ut
2657 3695 2946 3760 loquuntur
2975 3686 3129 3757 logici
3155 3702 3177 3755 ;,
3200 3696 3322 3738 nam
3351 3681 3407 3735 hi
3431 3679 3528 3733 ho-

1950 3771 2127 3852 mines
2174 3792 2443 3863 negabant
2486 3803 2545 3843 se
2580 3786 2779 3850 debere,
2814 3783 2917 3836 hoc
2947 3789 3049 3845 est,
3073 3778 3179 3832 ulla
3209 3775 3325 3845 lege
3354 3771 3529 3826 teneri

1952 3900 2011 3945 ut
2034 3862 2267 3943 facerent
2292 3882 2435 3954 quod
2465 3880 2641 3935 facere
2678 3892 2786 3932 non
2819 3878 3099 3945 poterant,
3136 3868 3292 3938 quale
3317 3873 3401 3920 est
3425 3862 3533 3918 sibi

1952 3988 2174 4054 propter
2204 3984 2423 4049 peccata
2446 3972 2752 4041 displicere,
2784 3968 2929 4022 nulla
2952 3971 3170 4031 accepta
3199 3958 3368 4030 gratia
3395 3954 3535 4054 divi:

1912 4092 1915 4093 ν
1953 4090 2053 4140 na,
2076 4058 2196 4128 eam
2215 4070 2269 4125 in
2295 4083 2409 4124 rem
2439 4061 2764 4121 necessaria.
2784 4057 2983 4113 Verum
3001 4048 3351 4122 Augustinus,
3377 4043 3532 4129 quasi

2132 4160 2499 4219 difﬁcultatem
2549 4155 2841 4217 soluturus,
2870 4137 3045 4203 addit:
3079 4142 3200 4214 quia
3244 4139 3361 4211 fecit
3393 4126 3533 4189 Deus

1958 4259 2214 4316 hominem
2232 4263 2426 4308 rectum
2450 4249 2512 4304 ab
2541 4247 2687 4301 initio
2716 4244 2955 4297 humana:
2978 4243 3248 4301 creaturas,
3267 4238 3315 4285 et
3338 4243 3441 4283 non
3462 4234 3538 4279 est

1955 4354 2200 4423 iniquitas
2225 4345 2365 4417 apud
2396 4342 2584 4398 Deum.
2610 4340 2780 4404 Quem
2827 4331 3098 4389 hominem
3135 4326 3254 4397 fecit
3302 4317 3538 4376 rectum?

1959 4408 2219 4499 Adamum
2249 4437 2455 4501 solum,
2487 4446 2593 4487 non
2640 4442 2734 4484 eos
2780 4424 2870 4495 qui
2911 4421 3149 4477 nondum
3172 4422 3357 4477 erant;
3396 4408 3535 4472 nisi,

1958 4535 2192 4593 absurdo
2208 4535 2533 4590 commento,
2558 4523 2725 4583 dicas,
2745 4516 2887 4588 quod
2902 4508 3189 4583 aliquando
3209 4504 3410 4577 placuit
3424 4502 3537 4556 Au-

266 4596 490 4626 ἠν-νην
512 4596 644 4623 rw"
668 4596 735 4603 νη
870 4596 882 4599 ν
1570 4596 1579 4597 ,

266 4646 526 4702 auxilium
553 4642 608 4697 in
638 4640 897 4701 futurum,
923 4631 1018 4688 sed
1048 4644 1155 4685 non
1174 4628 1230 4682 in
1260 4639 1351 4681 res
1375 4616 1850 4694 praeteritas,‘nam
1876 4620 1932 4683 ι)
1957 4628 2172 4700 susum
2196 4665 2211 4691 ν
2244 4622 2485 4678 omnium
2512 4612 2790 4670 hominum
2833 4607 2924 4677 qui
2972 4612 3115 4665 sum,
3147 4598 3238 4669 qui
3288 4596 3535 4659 [υει-ωκ,

268 4739 466 4794 delicta
489 4730 759 4804 prauerita
786 4727 981 4783 inlecta
1002 4722 1120 4778 fieri
1149 4734 1257 4775 non
1279 4722 1534 4788 possunt;
1564 4712 1632 4767 de
1651 4710 1717 4765 iis
1745 4724 1846 4763 au-

268 4841 379 4887 tem
419 4802 509 4883 hic
550 4823 741 4895 agitur,
774 4834 896 4875 nam
921 4813 1172 4885 correptio
1200 4810 1267 4865 ad
1297 4805 1567 4879 praeterita
1597 4802 1847 4873 pertinet.

272 4924 460 4992 Itaque
478 4915 747 4973 rhetorice
773 4909 942 4966 eludit
968 4904 1325 4977 objectionem
1349 4896 1675 4968 Augustinus
1690 4933 1707 4960 ,
1742 4908 1849 4948 non

271 4986 588 5084 respondet.
616 5003 822 5062 Deinde
859 5016 928 5058 ne
973 4999 1044 5056 de
1093 4995 1284 5052 futuris
1323 4991 1539 5063 quidem
1578 4986 1851 5043 orationes

272 5077 535 5178 possunt,
564 5114 633 5156 ex
656 5098 773 5168 ejus
798 5089 1100 5157 sententia,
1125 5085 1315 5152 fundi;
1342 5098 1467 5139 nam
1504 5079 1599 5135 Dei
1636 5077 1853 5133 decreta

274 5171 403 5269 erga
446 5194 650 5252 electos
690 5184 1028 5246 exsecutioni
1075 5178 1505 5237 mandabantur,
1535 5171 1651 5228 sive
1695 5181 1856 5235 ores,

277 5258 390 5346 sive
409 5295 622 5343 taceas:
645 5294 771 5351 erga
794 5275 1076 5349 reprobos,
1098 5270 1232 5328 nihil
1254 5268 1344 5325 ﬁet
1368 5261 1706 5322 orationibus
1726 5258 1852 5315 tuis.

385 5395 422 5436 0

198 5526 199 5529 η
280 5382 422 5454 Ergo
462 5468 655 5521 Desine
676 5463 772 5515 fata
794 5462 893 5514 Dei
912 5458 1047 5509 ﬂecti
1065 5464 1269 5519 sperare
1286 5450 1549 5514 precando.

202 5614 207 5649 ς
282 5577 358 5635 Ex
401 5568 745 5641 correptione
784 5564 954 5635 liquet
989 5572 1120 5616 sane
1145 5555 1265 5610 vitio
1303 5563 1570 5623 quemque
1611 5562 1703 5602 suo
1731 5558 1857 5615 pec-

201 5646 216 5713 ἶ
282 5682 459 5733 casse,
491 5659 726 5731 alioquin
757 5658 938 5725 iniqua
979 5656 1161 5714 esset;
1192 5646 1287 5702 sed
1313 5644 1500 5700 vitium
1529 5649 1586 5695 ut
1612 5646 1853 5694 nostrum

280 5730 494 5819 dicatur
520 5759 734 5827 oportet
752 5758 811 5807 ut
837 5748 908 5805 sit
927 5744 1084 5815 culpa
1106 5730 1291 5798 nostra
1312 5742 1667 5801 contractum,
1696 5740 1861 5801 utque

284 5855 429 5917 vinci
449 5860 634 5929 queat,
669 5847 716 5908 si
742 5847 798 5907 id
824 5846 1045 5905 vincere
1065 5841 1387 5914 iubeamus;
1419 5833 1563 5893 nulla
1595 5831 1739 5891 enim
1776 5836 1862 5890 est

1957 4689 2153 4794 quique
2194 4689 2317 4788 post
2369 4714 2487 4769 aliis
2524 4715 2684 4765 erunt
2720 4705 2775 4757 in
2816 4699 2971 4755 annis
3012 4703 3223 4751 mentes
3261 4689 3318 4743 in
3355 4691 3539 4741 mente

1959 4779 2151 4871 Ada-mi
2172 4779 2335 4864 fuisse
2352 4847 2367 4871 ,
2394 4818 2457 4858 ac
2487 4797 2711 4871 proinde
2730 4801 2855 4849 ante
2875 4801 3127 4860 peccasse
3152 4794 3310 4853 quam
3340 4779 3393 4831 in
3416 4789 3539 4830 cor-

1960 4922 2090 4977 pora
2121 4917 2216 4958 sua
2243 4865 2504 4953 venirent:
2555 4889 2691 4944 Vide
2728 4892 2841 4941 not.
2883 4881 2950 4936 ad
2986 4888 3118 4934 tom.
3145 4876 3202 4977 Ιζ
3226 4871 3340 4972 lib:
3363 4865 3541 4977 nuntio

1960 4955 2433 5053 l[litigareArbitrio,
2453 4998 2573 5052 cap.
2597 4980 2690 5047 20,
2722 4985 2881 5046 atque
2905 4970 2971 5026 ad
2996 4979 3127 5024 tom.
3157 4962 3225 5028 ll,
3256 4960 3416 5053 epist.
3443 4955 3537 5011 98.

1962 5088 2078 5144 Hoc
2106 5088 2466 5141 commentum
2491 5051 2597 5130 non
2624 5066 2925 5138 exagitabo,
2956 5075 3076 5116 cum
3102 5071 3132 5111 a
3153 5051 3368 5110 nemine
3394 5060 3542 5102 nunc

1962 5142 2283 5239 defendatur
2308 5180 2399 5226 aut
2420 5165 2632 5225 delendi
2657 5161 2844 5233 possit.
2871 5157 3053 5224 Itaque
3072 5148 3177 5204 nisi
3205 5146 3276 5203 sit
3300 5142 3542 5212 iniquitas

1963 5236 2102 5347 apud
2130 5270 2319 5334 Deum,
2343 5275 2504 5334 quam
2526 5258 2597 5313 ab
2614 5270 2679 5311 eo
2707 5250 2959 5307 amolitur
2984 5242 3151 5299 verbo
3174 5248 3332 5294 tenus
3360 5236 3545 5335 Augu-

1964 5324 2158 5428 strinus,
2189 5324 2499 5427 non-potest
2528 5366 2557 5405 a
2584 5344 2813 5418 posteris
2841 5336 3032 5396 Adami
3070 5333 3287 5402 exigere
3332 5335 3389 5381 ut
3430 5324 3543 5427 sint

1965 5457 2129 5522 recti,
2152 5467 2273 5508 cum
2301 5414 2572 5512 nunquam
2596 5437 2730 5495 recti
2759 5432 2952 5488 iuerint
2980 5441 3080 5483 nec
3099 5436 3219 5479 esse
3242 5414 3537 5489 potuerint,

1962 5550 2007 5607 si
2035 5508 2305 5603 credimus
2345 5508 2660 5606 Augustino,
2691 5540 2814 5583 nam
2848 5519 3057 5593 peccati
3097 5508 3370 5583 originalis
3408 5518 3536 5575 pro-

1964 5636 2297 5711 pagationem
2322 5629 2494 5685 vitare
2515 5638 2624 5680 non
2645 5623 2951 5690 potuerunt.
2972 5610 3115 5680 Ergo
3144 5606 3295 5710 fucus
3318 5608 3403 5658 est
3421 5611 3540 5711 1:0-

2266 5721 2416 5779 addit
2445 5735 2459 5773 :
2503 5716 2576 5772 Ac
2605 5687 2694 5786 per
2739 5711 2832 5765 hoc
2855 5707 3022 5780 prima
3049 5698 3272 5798 pravitas
3295 5708 3397 5795 qua
3426 5687 3538 5742 Des

1967 5783 2069 5882 nan
2088 5783 2341 5887 o'beditur,
2361 5813 2425 5871 ab
2442 5783 2648 5869 homine
2666 5813 2775 5871 est;
2796 5801 2917 5875 quia
2938 5812 3001 5855 ea:
3017 5788 3317 5862 rectitudine
3338 5783 3395 5839 in
3432 5792 3541 5852 qua
