3974 6356
397 281 503 338 565

1315 264 1877 325 SUPPLEMENTBM
1900 250 2008 322 AD
2034 265 2265 333 optans
2302 268 2363 327 s.
2404 268 2799 333 AUGUSTINI.

3604 280 3716 336 564

402 410 520 452 sum
563 389 702 447 Deus
730 388 969 461 primitus
1009 383 1129 456 fecit
1174 398 1271 438 sua
1310 380 1451 436 mala
1478 380 1740 436 voluntate
1769 381 2008 437 decidens
2034 383 2086 445 Α
2113 389 2170 438 et
2194 382 2408 439 occidat
2427 384 2727 456 impedire?
2759 386 2861 446 Ubi
2891 388 3196 450 invenietur
3228 397 3539 466 exemplum
3567 397 3733 469 ejus-

403 504 593 560 pravus
617 485 825 555 eiectus
849 489 943 537 est.
968 478 1045 535 De
1073 476 1282 534 Adamo
1308 475 1456 531 dicat
1484 474 1586 531 hoc
1614 475 1771 543 licet,
1814 474 1907 531 sed
1930 474 1998 531 de

405 586 520 657 ejus
545 583 795 655 posteris,
826 578 893 634 de
922 575 1117 648 quibus
1146 573 1281 630 solis
1302 572 1392 627 hic
1421 586 1602 629 sermo
1626 580 1729 639 est,
1758 570 1865 627 dici
1889 586 1998 627 non

2102 476 2250 534 modi
2277 480 2635 550 correptionis
2668 482 2723 537 in
2753 484 3007 542 universa
3038 488 3344 556 scriptura?
3372 489 3501 546 Vult
3528 493 3732 562 Augu-

2103 572 2275 628 stinus
2299 582 2579 646 peccatum
2595 576 2861 648 originale
2879 595 3090 651 poenam
3115 596 3236 638 esse
3260 584 3467 654 peccati
3492 585 3729 649 Miami,

405 687 602 751 potest.
638 678 817 745 Itaque
845 671 977 727 nihil
1006 670 1106 726 hoc
1148 668 1216 723 ad
1246 683 1361 723 rem
1393 666 1553 734 facit,
1588 682 1762 738 neque
1786 668 2001 739 attingit
2095 679 2132 719 -a
2161 666 2272 722 Deo
2297 667 2578 737 inflictam,
2611 679 2669 725 ut
2710 670 2868 727 docet
2893 673 2986 728 lib.
3014 673 3083 730 de
3132 674 3290 731 Civit.
3323 676 3419 734 Dei
3446 693 3565 745 xm,
3591 692 3731 749 cap.

406 774 765 843 objectionem
808 782 997 824 eorum
1041 765 1163 837 qui,
1197 763 1382 820 multis
1423 762 1638 820 steculis
1685 771 1805 832 post
1853 763 1996 819 Ada-

406 881 587 933 mum,
620 866 691 919 ita
720 862 830 918 nati
875 871 930 918 et
972 859 1216 931 concepti
1263 859 1319 915 in
1350 867 1573 930 peccato
1600 857 1848 929 originali
1880 856 2000 914 fue-

405 967 547 1028 rant,
582 966 639 1013 ut
667 973 773 1012 non
806 962 1028 1026 possent
1072 954 1181 1009 vim
1212 952 1330 1024 ejus
1361 951 1580 1023 fugere,
1618 951 1665 1008 si
1692 950 1824 1007 Afro
1850 950 2006 1024 theo-g

406 1054 530 1123 logo
560 1050 855 1107 credimus.
894 1049 1090 1104 Verum
1119 1046 1206 1103 hic
1248 1046 1495 1118 sequitur
1521 1034 1753 1101 alterum
1782 1044 2002 1102 subter-

407 1144 633 1215 fugium,
664 1158 769 1213 quo
797 1158 826 1197 a
854 1142 1153 1215 quaestione
1182 1142 1422 1195 animum
1453 1148 1702 1196 avertere
1732 1148 1959 1197 conatur
1987 1158 1999 1195 :

406 1240 486 1294 Att
512 1252 624 1292 tero
649 1237 764 1291 illeo
780 1236 1001 1306 pravitas
1017 1244 1115 1289 trta
1139 1232 1468 1305 corripienda
1486 1249 1590 1288 non
1606 1242 1679 1288 est
1701 1232 1754 1288 in
1777 1235 2003 1299 nomine,

407 1333 528 1404 quia
560 1349 658 1386 non
691 1336 802 1404 ejus
832 1331 1044 1401 propria
1064 1331 1148 1400 qui
1172 1330 1469 1399 corripitur,
1493 1328 1583 1383 sed
1623 1329 1909 1384 communis
1932 1337 2005 1384 est

409 1426 643 1479 omnibus
669 1425 690 1479 ?
718 1424 829 1479 lmo
852 1440 969 1478 tero
999 1424 1309 1495 corripiatur
1339 1433 1387 1479 et
1410 1425 1463 1477 in
1492 1423 1744 1494 singulis,
1774 1425 1907 1494 quod
1931 1431 2007 1478 est

411 1521 660 1576 omnium.
697 1518 817 1575 Non
839 1520 971 1573 enim
1000 1529 1268 1588 propterea
1293 1520 1601 1591 cujusquam
1627 1534 1729 1573 non
1757 1527 1849 1583 est,
1867 1520 2005 1590 quod

411 1617 475 1669 ab
506 1632 567 1671 ea
611 1616 781 1671 nullus
837 1615 1078 1669 immunis
1112 1624 1204 1670 est.
1248 1613 1519 1685 Pelagiani
1567 1614 2005 1671 communionem

410 1706 810 1779 depravationis
850 1706 1071 1761 minime
1112 1705 1407 1777 urgebant,
1442 1714 1501 1762 ut
1531 1720 1652 1763 eam
1692 1716 2006 1764 excusatum

2106 756 2192 815 12.
2227 758 2327 828 Qui
2348 774 2478 815 vero
2505 771 2753 817 creatura
2778 764 2970 820 vitabit
3003 781 3188 836 poenas
3214 783 3244 823 a
3274 768 3534 826 Creatore
3568 770 3733 826 inllio

2104 853 2254 908 etas?
2281 853 2563 921 Quomodo
2594 855 2775 923 etiam,
2805 859 2950 929 quod
2974 874 3065 915 eas
3088 876 3195 917 non
3219 861 3485 930 vitaverit,
3510 862 3738 937 corripi
3782 864 3815 947 ᾗ

2107 946 2347 1019 poterit?
2376 946 2483 1003 llos
2507 963 2664 1005 nemo
2681 965 2916 1024 unquam
2945 952 3109 1013 solvit
3133 954 3323 1023 nodos,
3350 970 3523 1029 neque
3544 970 3739 1029 porro

2107 1040 2301 1098 solvet.

2179 1135 2305 1193 Haec
2331 1136 2399 1195 de
2422 1137 2773 1210 irregenerati
2804 1141 3153 1212 corruptione
3179 1143 3291 1198 vult
3319 1142 3422 1199 dici
3447 1142 3740 1214 Augusu—

2109 1243 2209 1287 nus
2230 1246 2243 1296 ;
2268 1230 2335 1287 de
2365 1241 2685 1304 regenerato
2712 1249 2840 1291 vero
2875 1236 3220 1308 corripiendo
3249 1238 3329 1294 sic
3365 1237 3740 1309 philosopha-

2109 1332 2234 1381 tur:
2264 1325 2326 1382 Si
2356 1336 2523 1381 autem
2541 1329 2657 1400 jam
2679 1338 3007 1401 regeneratus
3036 1340 3085 1389 et
3103 1332 3424 1401 justi/icatus
3443 1334 3497 1389 in
3513 1333 3745 1388 malam

2109 1417 2260 1475 vitam
2286 1436 2385 1476 sua
2411 1421 2674 1477 voluntate
2702 1420 2974 1491 relabitur,
3004 1437 3137 1479 certe
3162 1426 3257 1479 iste
3286 1442 3388 1481 non
3419 1434 3590 1496 potest
3642 1426 3745 1479 di-

2108 1530 2265 1572 cere:
2300 1532 2406 1571 non
2444 1517 2648 1588 accepi,
2690 1518 2816 1588 quia
2847 1528 3110 1587 acceptant
3148 1520 3368 1589 gratiam
3390 1518 3482 1573 Dei
3526 1536 3652 1574 suo
3678 1519 3744 1573 in

2110 1608 2306 1669 malum
2355 1608 2514 1665 libero
2556 1610 2729 1665 amisit
2776 1612 3012 1667 arbitrio.
3063 1612 3329 1669 Credebat
3379 1614 3745 1684 Augustinus

2111 1704 2371 1775 quosdam
2391 1705 2675 1775 iustificari
2704 1706 2794 1777 qui
2825 1722 2933 1762 non
2969 1716 3096 1762 sunt
3118 1707 3480 1779 prardestinati
3510 1709 3581 1764 ad
3635 1723 3746 1765 sa-

411 1800 583 1863 itent;
615 1801 707 1857 sed
733 1800 998 1871 negabant
1016 1799 1226 1865 Caium,
1252 1799 1487 1870 exempli
1515 1814 1698 1867 causa,
1724 1814 1787 1855 ac
1805 1800 2007 1858 Titium
2039 1785 2088 1855 Β
2113 1798 2303 1867 lutcm,
2324 1813 2387 1854 ac
2414 1799 2641 1869 proinde
2668 1814 2777 1856 non
2812 1812 3136 1870 acceperunt
3161 1816 3192 1856 a
3225 1802 3336 1858 Deo
3361 1802 3558 1858 donum
3586 1816 3744 1873 per—

416 1908 577 1959 posse
607 1894 806 1963 corripi
829 1894 896 1949 ob
924 1894 1145 1959 delicta,
1175 1893 1221 1948 si
1251 1908 1527 1965 nunquam
1549 1894 1605 1953 in
1636 1908 1822 1950 eorum
1856 1904 2009 1965 pote-

415 1997 559 2045 state
584 1987 772 2046 luisset
803 1989 975 2045 vitare
1003 1999 1306 2060 peccatum,
1333 1989 1565 2059 primum
1595 1988 1813 2061 quidem
1845 1990 2010 2062 origi-

414 2082 568 2147 nale,
619 2082 815 2141 deinde
869 2083 1097 2140 actualia
1151 2084 1363 2152 omnia;
1393 2084 1519 2155 quia
1553 2084 1715 2142 Caius
1747 2093 1803 2143 et
1838 2085 2011 2142 Titius

414 2176 547 2249 (non
576 2175 739 2232 homo
771 2178 824 2233 in
853 2192 1075 2249 genere,
1106 2178 1174 2235 de
1200 2193 1307 2251 quo
1323 2194 1433 2237 non
1463 2179 1847 2251 loquebantur)
1876 2196 2013 2236 nun-

415 2283 579 2340 quam
600 2269 905 2327 habuerunt
925 2273 1151 2341 gratiam
1165 2271 1263 2329 Dei
1282 2287 1402 2331 eam
1421 2273 1477 2331 in
1491 2288 1607 2331 rem
1624 2274 2007 2331 necessariam.

404 2356 679 2417 'llabuerit
708 2377 828 2419 eam
851 2363 1111 2431 Adamus,
1143 2366 1188 2421 si
1214 2366 1377 2423 modo
1398 2381 1463 2423 ea
1492 2366 1753 2439 indiguit;
1785 2366 1829 2423 si
1849 2367 2011 2423 Caius

416 2462 471 2509 et
493 2453 667 2511 Titius
694 2470 965 2527 nunquam
998 2456 1326 2530 habuerunt,
1353 2462 1559 2531 corripi
1602 2461 1866 2533 profecto,
1893 2462 2011 2518 sine

416 2546 724 2618 iniquitate,
755 2565 863 2608 non
891 2559 1199 2622 potuerunt.

490 2662 707 2719 Peccata
728 2667 952 2735 quidem,
1000 2668 1175 2739 inquit
1204 2667 1400 2724 deinde
1437 2667 1746 2725 Carneades
1787 2669 2008 2736 Poenus,

413 2758 511 2812 ista
541 2757 817 2829 originalia
838 2760 955 2813 ideo
977 2760 1224 2815 dicuntur
1248 2763 1439 2829 aliena,
1462 2762 1599 2833 quod
1628 2778 1687 2817 ea
1726 2761 1918 2835 singuli
1950 2762 2011 2816 de
2058 2776 2059 2781 ‘

415 2851 713 2922 parentibus
742 2852 991 2919 trahunt;
1022 2855 1227 2909 sednon
1253 2854 1364 2909 sine
1387 2869 1544 2909 causa
1571 2854 1814 2911 dicuntur
1842 2866 1889 2910 et
1919 2871 2012 2910 tto-

414 2952 543 3009 stra,
572 2944 691 3013 quia
717 2945 771 2999 in
798 2944 891 2999 illo
915 2960 1016 3000 uno
1038 2961 1234 3015 omnes,
1262 2946 1395 3000 sicut
1422 2947 1546 3001 dicit
1572 2948 1865 3019 Apostolus,
1894 2964 2011 3018 pec-

415 3046 673 3090 cat-erunt.
748 3036 949 3092 Verum
1004 3038 1059 3093 in
1128 3038 1227 3094 hac
1276 3040 1647 3095 controversia
1700 3048 1887 3096 nostra
1932 3040 2014 3098 di-

417 3139 634 3198 cuntur,
663 3146 770 3186 non
794 3132 1122 3187 translatitio
1150 3147 1337 3199 sensu,
1363 3133 1459 3188 sed
1490 3134 1734 3205 proprio,
1760 3143 2007 3204 peccata;

2113 1890 2459 1960 severantiae,
2486 1906 2691 1962 eosque
2715 1893 2844 1960 labi,
2881 1903 2939 1949 ut
2981 1896 3226 1964 pluribus
3269 1896 3323 1950 in
3362 1895 3742 1966 sequentibus

2114 1984 2291 2042 docet.
2321 1984 2474 2053 Quod
2508 2000 2630 2042 cum
2666 1986 2741 2043 ita
2778 1987 2871 2055 sit,
2904 1988 3020 2045 haec
3069 1989 3184 2059 ejus
3216 1991 3489 2061 responsio
3518 1991 3571 2046 in
3623 2004 3744 2046 ore

2114 2076 2318 2145 Pelagii
2336 2087 2481 2134 recta
2498 2088 2660 2146 esset,
2682 2080 2778 2137 sed
2794 2082 2849 2136 in
2871 2080 3040 2151 ipsius
3062 2097 3158 2139 ore
3178 2092 3329 2139 caret
3357 2084 3509 2152 plane
3520 2097 3741 2141 sensu.

2113 2167 2173 2226 Si
2193 2170 2338 2227 enim
2373 2185 2552 2226 sermo
2575 2172 2650 2227 sit
2686 2172 2758 2229 de
2802 2173 3019 2231 homine
3064 2175 3283 2230 minime
3306 2175 3742 2245 praedesunato,

2115 2280 2225 2327 non
2256 2266 2452 2335 poterit
2491 2268 2733 2337 corripi;
2777 2269 2900 2338 quia
2933 2269 3074 2325 Deus
3130 2286 3239 2325 non
3283 2272 3465 2327 statuit
3503 2271 3553 2325 ei
3576 2270 3743 2327 dare

2114 2362 2593 2433 persevcrantiam,
2637 2365 2754 2421 sine
2785 2382 2890 2436 qua
2938 2366 3005 2422 ad
3034 2367 3197 2423 finem
3228 2382 3397 2437 usque
3442 2378 3583 2423 stare
3624 2381 3740 2422 ne-

2114 2458 2251 2528 quit.
2283 2459 2354 2515 At
2373 2459 2549 2530 forte,
2564 2460 2799 2530 inquies,
2829 2461 2917 2517 hic
2939 2475 3122 2517 sermo
3153 2474 3235 2517 est
3283 2462 3352 2517 de
3386 2462 3573 2518 electo.
3606 2460 3740 2517 Sed

2116 2564 2186 2605 ne
2206 2549 2351 2607 hunc
2378 2528 2594 2622 quidem
2619 2528 2899 2623 corripere
2925 2563 3101 2625 potes,
3137 2570 3202 2610 ex
3234 2554 3513 2625 Augustini
3542 2554 3739 2626 hypo-

2116 2641 2277 2711 thesi,
2302 2659 2405 2715 qua
2423 2646 2609 2701 statuit
2636 2648 2862 2716 gratiam
2887 2648 2953 2703 ad
2975 2648 3214 2719 singulos
3235 2657 3384 2704 actus
3406 2650 3571 2704 bonos
3586 2661 3736 2704 esse

2115 2737 2275 2807 plane
2325 2740 2725 2805 necessariam;
2788 2756 2889 2797 nec
2933 2755 3050 2797 eam
3100 2757 3335 2813 unquam
3363 2742 3552 2797 adesse
3578 2742 3734 2812 quin

2114 2830 2339 2888 effectus
2360 2843 2633 2904 sequatur,
2657 2842 2749 2889 aut
2769 2835 2959 2890 abesse
2982 2836 3099 2892 sine
3128 2835 3359 2891 hominis
3381 2836 3549 2906 lapsu.
3574 2834 3732 2890 Cum

2115 2924 2372 2995 quidquid
2398 2926 2528 2981 boni
2560 2927 2806 2983 homines
2831 2927 2884 2982 in
2907 2929 3013 2983 vita
3042 2928 3269 2996 faciunt,
3298 2928 3349 2982 id
3376 2927 3572 2983 faciant
3594 2928 3733 2983 sola

2115 3016 2166 3071 vi
2192 3016 2427 3087 afflatus,
2452 3018 2498 3072 si
2520 3018 2722 3073 desinit
2744 3018 2976 3087 afﬂatus,
3010 3020 3317 3074 necessario
3339 3029 3590 3089 peccant;
3613 3032 3735 3073 nec

2117 3110 2370 3165 amittunt
2392 3108 2631 3165 afﬂatum
2666 3120 3004 3180 sequentem,
3030 3112 3132 3168 nisi
3163 3114 3286 3182 quia
3311 3112 3449 3166 Deus
3474 3111 3732 3181 priorem

310 3284 315 3289 ι
2120 3202 2484 3259 subtraxerat.
2499 3204 2683 3298 liniue
2713 3214 2840 3260 sunt
2861 3205 3140 3260 hominum
3182 3205 3282 3298 hac
3318 3206 3371 3260 in
3403 3201 3733 3298 reportes;

417 3312 616 3369 latitius
663 3314 761 3369 sed
792 3315 1011 3385 proprie
1040 3315 1212 3373 dictas
1239 3332 1445 3389 poenas,
1474 3333 1543 3374 ex
1568 3319 1769 3388 divina,
1801 3320 1906 3377 hoc
1932 3329 2016 3377 est

417 3407 816 3477 perfectissima
870 3408 1098 3479 justitia,
1156 3409 1286 3466 dare
1334 3412 1632 3481 possimus;
1679 3412 1803 3483 quia
1855 3413 2016 3470 abiis

423 3499 699 3555 abstinere
730 3500 1033 3571 potuimus,
1065 3516 1167 3557 nec
1193 3501 1260 3558 iis
1286 3502 1389 3559 nisi
1414 3503 1570 3574 culpa
1601 3514 1775 3559 nostra
1802 3506 2017 3577 proprie

426 3591 570 3647 dicta
608 3591 1013 3651 succubuimus.
1045 3590 1316 3651 Caeterum
1350 3605 1570 3666 peccata
1606 3606 1889 3667 parentum
1918 3614 2016 3653 no-

421 3694 531 3741 stra
555 3685 659 3741 dici
691 3693 987 3756 nequeunt,
1017 3686 1088 3741 ita
1111 3686 1169 3741 ut
1192 3697 1413 3759 propter
1438 3702 1501 3745 ea
1532 3688 1733 3759 corripi
1773 3698 1829 3745 et
1857 3690 2017 3759 plecti

410 3780 541 3854 jure
571 3796 861 3853 queamus;
896 3797 995 3841 nec
1025 3784 1187 3841 etiam
1208 3786 1499 3857 Apostolus
1527 3786 1657 3843 dicit
1677 3802 1776 3843 nos
1799 3789 1851 3843 in
1880 3788 2019 3841 Ada-

424 3893 508 3931 mo
530 3893 808 3950 peccasse,
838 3881 1292 3952 quemadmodum
1323 3883 1521 3953 passim
1551 3884 1722 3940 Graeci
1753 3887 2018 3942 sermonis

422 3971 700 4038 imperitus
718 3972 924 4029 dictitat
946 3975 1294 4046 Augustinus.
1315 3976 1404 4033 Sic
1414 3978 1557 4034 enim
1574 3977 1772 4036 Paulus
1789 3981 1946 4037 Rom.
1962 3996 2014 4048 v,

422 4063 523 4118 122
545 4062 747 4143 Ὠσπερ
772 4065 836 4123 δι’
860 4068 967 4130 ἐνὸς
1001 4071 1273 4145 ἀνθρώπου
1296 4073 1325 4130 ἡ
1348 4070 1577 4146 ἁμαρτία
1599 4076 1670 4135 εἰς
1698 4076 1782 4130 τὸν
1831 4076 2018 4179 adopto»

430 4157 609 4179 -9,~‘n,
740 4160 750 4177 1
802 4158 826 4179 θ
864 4161 874 4175 ο
951 4168 974 4178 -ο
1042 4158 1055 4176 ⁸
1212 4164 1221 4177 1
1336 4165 1350 4179 ι
1390 4166 1439 4179 Α)
1718 4169 1728 4179 ι
1791 4167 1813 4179 η
1982 4172 1994 4179 -

424 4157 639 4223 εἰσῆλθε,
670 4160 753 4214 uati
798 4158 883 4214 διὰ
911 4168 1004 4222 τῆς
1035 4158 1287 4237 ἁμαρτίας
1323 4165 1350 4217 ὁ
1388 4166 1616 4226 θάνατος’
1648 4169 1731 4221 καὶ
1756 4167 1920 4229 οὕτως
1949 4157 2020 4231 iis

423 4253 619 4313 πάντας
666 4255 962 4326 ἀνθρώπους
1013 4255 1039 4311 ὁ
1083 4258 1295 4321 θάνατος
1346 4258 1566 4327 διῇ).θεν,
1636 4261 1708 4333 ἐφ’
1836 4264 2021 4325 πάντες

423 4346 651 4422 ἥμαρτον
670 4364 683 4400 :
718 4345 1164 4414 Quemadmodum
1183 4368 1271 4420 per
1292 4368 1454 4407 unum
1478 4354 1736 4409 hominem
1757 4366 2022 4426 peccatum

421 4438 478 4493 in
517 4440 765 4496 mundum
816 4442 1045 4512 intrauit,
1079 4456 1124 4502 et
1152 4463 1241 4516 per
1268 4457 1531 4519 peccatum
1564 4464 1701 4501 mors
1743 4465 1761 4502 :
1790 4450 1864 4504 sic
1894 4457 1941 4503 et
1966 4451 2020 4504 in

424 4549 598 4588 omnes
627 4536 859 4591 homines
888 4554 1024 4594 mors
1080 4542 1303 4613 transiit,
1334 4543 1454 4612 quia
1493 4558 1666 4596 omnes
1717 4553 2015 4613 peccarunt.

420 4626 695 4685 Vertimus
719 4644 843 4686 cum
876 4632 1003 4690 Des.
1036 4633 1282 4703 Erasmo,
1318 4636 1388 4709 ἐφ’
1417 4634 1456 4711 ᾦ
1478 4637 1622 4708 quia,
1657 4651 1764 4692 non
1802 4638 1856 4692 in
1893 4657 2015 4713 quo,

422 4718 547 4789 quia
565 4719 801 4793 alioquin
819 4722 997 4781 hiulca
1020 4734 1105 4780 est
1120 4728 1294 4781 oratio
1313 4736 1366 4781 et
1384 4727 1541 4782 dura.
1558 4728 1664 4785 Sed
1683 4728 1766 4786 fac
1786 4730 1889 4788 hoc
1909 4748 2019 4790 non

419 4827 541 4870 esse
568 4815 931 4885 perspicuum,
966 4817 1206 4888 proiecto
1236 4819 1414 4876 versio
1442 4834 1603 4890 quam
1634 4824 1877 4894 sequitur
1909 4828 2019 4881 Au-

417 4906 661 4977 gustinus
691 4923 801 4963 non
832 4910 907 4965 ita
949 4919 1095 4966 certa
1124 4919 1229 4980 est,
1272 4920 1333 4967 ut
1362 4914 1530 4982 possit
1562 4915 1610 4970 is
1651 4915 1821 4985 locus,
1863 4919 2018 4991 quasi

417 5001 619 5068 clarus,
648 5003 861 5072 urgeri;
890 5017 1013 5057 cum
1040 5005 1340 5071 praesertim
1363 5019 1429 5061 ex
1460 5021 1525 5063 eo
1550 5008 1723 5066 ferme
1770 5010 1884 5067 solo
1922 5020 2015 5068 aut

418 5092 703 5164 potissimo
743 5095 1030 5167 colligatur
1059 5097 1278 5167 dogma,
1304 5098 1448 5169 quod
1489 5108 1565 5156 tot
1610 5100 2016 5162 difﬁcultatibus

417 5184 709 5256 premitur,
735 5195 793 5241 ut
816 5188 903 5244 vix
938 5188 1074 5245 ullas
1102 5190 1239 5247 alias
1254 5190 1488 5262 majores
1517 5192 1569 5247 in
1593 5192 1842 5264 dogmate
1864 5196 2017 5253 theo-

416 5279 594 5351 logico
630 5280 862 5338 inveniri
904 5296 1065 5351 posse
1106 5293 1310 5355 putem.
1360 5284 1559 5341 Earum
1611 5287 1905 5358 specimina
1960 5290 2014 5347 in

418 5374 794 5443 superioribus
832 5374 1087 5446 vidimus,
1124 5379 1315 5449 quibus
1346 5378 1677 5451 Augustinus
1704 5382 2015 5441 satisfacere

418 5466 568 5521 nullo
600 5466 761 5522 modo
807 5470 1003 5538 potuit.
1057 5471 1285 5543 Subjicit
1316 5490 1327 5525 :
1359 5472 1676 5545 Corripiatur
1704 5489 1824 5547 ergo
1871 5475 2015 5546 origo

419 5559 754 5627 damnabilis,
783 5570 838 5616 ut
878 5581 941 5619 ea;
967 5565 1146 5620 dolore
1182 5567 1518 5638 correptionis
1548 5567 1781 5623 voluntas
1809 5584 2015 5641 regene-

418 5652 631 5705 rationis
680 5654 899 5711 oriatur.
933 5658 1005 5713 At
1046 5673 1151 5728 quo
1196 5660 1321 5729 jure
1366 5660 1685 5731 corripietur
1733 5662 2009 5734 quisquam

419 5745 565 5812 quod
596 5755 752 5802 natus
777 5749 848 5803 sit
875 5760 1100 5821 peccato
1125 5754 1373 5826 originali
1398 5754 1728 5826 inquinatus,
1757 5770 1879 5813 cum
1902 5771 2010 5814 non

394 5832 405 5861 ⁸
421 5838 590 5911 magis
617 5838 719 5899 hoc
746 5842 917 5901 vitare
947 5846 1179 5918 potuerit
1204 5862 1364 5923 quam
1388 5856 1657 5925 potestne
1682 5848 1768 5909 sol
1803 5850 2009 5913 oriatur

2119 3306 2244 3351 sunt
2288 3296 2457 3352 instar
2487 3297 2717 3363 follium,
2768 3299 2857 3368 qui
2907 3310 3126 3353 ventum
3167 3297 3374 3352 dilatati
3425 3297 3733 3366 accipiunt,

2118 3390 2396 3446 constricti
2419 3391 2672 3445 emittunt
2694 3432 2709 3458 ,
2739 3405 2837 3446 nec
2868 3392 3126 3460 majorem
3151 3390 3350 3447 habere
3378 3398 3598 3460 possunt
3625 3397 3738 3446 aut

2120 3485 2369 3539 emittere
2397 3498 2555 3555 quam
2603 3483 2762 3539 datur
2799 3498 2962 3540 manu
2993 3484 3276 3539 dilatantis
3327 3492 3419 3538 aut
3448 3482 3737 3539 constrin-

2119 3576 2313 3647 gentis.

2194 3670 2352 3725 Plura
2385 3669 2440 3724 in
2469 3668 2614 3725 hunc
2644 3670 2882 3726 libellum
2904 3685 3012 3726 non
3058 3670 3351 3739 adnotabo,
3374 3684 3544 3742 pauca
3571 3671 3737 3729 enim

2123 3778 2243 3834 qua:
2262 3764 2415 3819 attuli
2447 3764 2579 3819 satis
2608 3778 2877 3835 superque
2898 3765 3191 3820 ostendunt
3216 3779 3348 3836 quas
3371 3766 3423 3819 in
3444 3767 3736 3835 angustias

2123 3860 2402 3930 coniectus
2430 3869 2575 3916 esset
2601 3861 2951 3930 Augustinus,
2981 3875 3102 3915 cum
3152 3860 3498 3917 consectariis
3536 3874 3735 3916 neces-

2121 3951 2279 4009 sariis
2310 3952 2393 4008 sui
2428 3952 2695 4023 dogmatis
2725 3955 3087 4023 premebatur.
3109 3954 3316 4010 Addam
3344 3954 3605 4009 duntaxat
3632 3968 3735 4011 me

2125 4047 2241 4103 haec
2272 4056 2327 4103 et
2371 4048 2474 4103 alia
2502 4049 2793 4105 adnotasse
2825 4050 2943 4104 solo
2976 4065 3161 4106 amore
3189 4051 3430 4107 veritatis
3474 4052 3729 4120 ductum,

2124 4150 2290 4213 utque
2317 4144 2657 4199 sanctitatem
2683 4143 2960 4215 Evangelii
2982 4145 3357 4218 justitiamque
3382 4146 3477 4203 Del
3514 4146 3732 4218 majore

2125 4237 2180 4293 in
2216 4237 2335 4293 luce
2364 4238 2688 4294 collocarem
2714 4281 2728 4307 ,
2760 4256 2865 4311 quo
2913 4241 2948 4296 ii
2990 4244 3083 4313 qui
3118 4242 3238 4297 haec
3268 4243 3469 4313 legent,
3512 4242 3581 4297 ad
3627 4258 3729 4314 pa-

2126 4328 2352 4386 rendum
2382 4329 2510 4387 Jesu
2541 4330 2742 4387 Christi
2765 4333 3049 4404 praeceptis
3080 4334 3352 4391 efficacius
3365 4334 3727 4391 adducantur.

2126 4424 2277 4480 Hunc
2308 4440 2427 4482 esse
2442 4427 2677 4482 animum
2709 4442 2893 4484 meum
2924 4429 3061 4485 Deus
3084 4430 3218 4485 mihi
3245 4430 3397 4487 testis
3427 4440 3527 4497 est,
3557 4444 3726 4502 quem

2127 4533 2229 4575 oro
2256 4528 2315 4575 ut
2341 4520 2720 4576 acerbissimas
2775 4524 3173 4580 controversias
3215 4539 3282 4580 ex
3318 4514 3726 4582 definitionibus

2042 4582 2099 4645 Β
2123 4613 2499 4671 Africanorum
2528 4616 2879 4672 conciliorum
2917 4628 3063 4674 ortas
3092 4620 3307 4687 sedare,
3338 4630 3429 4676 aut
3455 4628 3604 4677 certe
3626 4622 3726 4678 ad-

2123 4715 2287 4763 ventu
2315 4708 2436 4763 Filii
2466 4708 2548 4764 sui
2573 4709 2699 4765 Jesu
2740 4708 2940 4766 Christi
2986 4713 3218 4783 peccatis
3249 4713 3499 4771 omnibus
3520 4714 3724 4772 nostris

2123 4798 2337 4855 tandem
2370 4798 2530 4855 linem
2559 4801 2833 4871 imponere
2870 4801 3017 4859 velit.

2398 4913 2674 4971 CLAUDII
2716 4915 3025 4976 MENABDI
3074 4917 3445 4981 PREFATIO

2332 5020 2384 5061 IN
2421 5021 2459 5062 11
2505 5023 2727 5065 Ριιιοιιεε
2758 5025 2941 5067 LIBROS
2978 5025 3163 5070 OPKRIS
3196 5029 3538 5074 ιιρειιεεοτι.

2120 5094 2396 5157 lllustriss.
2442 5108 2497 5155 et
2542 5115 2659 5157 rev.
2700 5102 2765 5160 D.
2807 5103 2871 5161 D.
2918 5103 3175 5178 Dionysio
3205 5106 3274 5169 de
3306 5107 3715 5179 Marquemont,

2368 5191 2615 5264 archiep.
2660 5204 2715 5251 et
2753 5196 2937 5254 comiti
2967 5196 3335 5272 Lugdunensi,
3365 5210 3470 5258 etc.

2191 5286 2347 5353 Quod
2381 5287 2465 5344 his
2491 5290 2705 5356 accidit,
2731 5291 3001 5347 illustriss.
3042 5294 3268 5366 primas,
3297 5297 3389 5367 qui
3444 5300 3713 5371 peregrini

2120 5376 2318 5434 littoris
2376 5381 2603 5439 uniones
2639 5396 2902 5440 summam
2956 5385 3183 5445 luxurias
3220 5389 3453 5459 gloriam
3506 5392 3707 5463 legunt,

2121 5481 2178 5529 ut
2208 5476 2495 5535 maceratis
2524 5476 2700 5534 inedia
2730 5479 3047 5547 corporibus
3090 5482 3200 5541 alto
3240 5499 3361 5541 sese
3390 5486 3710 5557 immergant

2118 5568 2278 5634 mari,
2303 5569 2637 5642 lustratoque
2657 5570 2751 5628 diu
2781 5572 2967 5640 fundo,
2990 5576 3288 5646 veStigatis,
3314 5587 3365 5635 et
3385 5593 3481 5649 per
3506 5589 3706 5637 mortes

2117 5662 2267 5719 mille
2317 5666 2623 5737 pauperatis
2675 5666 2926 5736 scopulis,
2974 5667 3149 5724 tenaci
3199 5684 3263 5727 ac
3307 5670 3466 5741 longo
3518 5673 3705 5744 spiritu

2116 5766 2314 5819 terram
2368 5768 2651 5832 repetant,
2682 5770 2886 5819 natura:
2924 5762 3177 5821 miracula
3211 5764 3537 5839 deliciasque
3582 5782 3705 5838 pro-

2116 5853 2286 5921 Iusuri
2312 5874 2324 5912 :
2350 5856 2403 5915 id
2423 5857 2477 5913 in
2500 5857 2598 5914 hac
2624 5846 2836 5915 assidua
2860 5859 3239 5935 communique
3265 5869 3505 5931 veterum
3536 5864 3703 5931 unde.-
