  <div class='ocr_page' id='page_1' title='image "/cluster/home/n/w/nwhite01/storage/ocr_20150623/47/hvd.32044015471527/288.png"; bbox 0 0 3974 6356; ppageno 0'>
   <div class='ocr_carea' id='block_1_1' title="bbox 195 286 306 343">
    <p class='ocr_par' dir='ltr' id='par_1_1' title="bbox 195 286 306 343">
     <span class='ocr_line' id='line_1_1' title="bbox 195 286 306 343; baseline 0.018 -2"><span class='ocrx_word' id='word_1_1' title='bbox 195 286 306 343; x_wconf 76' lang='lat'><strong>565</strong></span> 
     </span>
    </p>
   </div>
   <div class='ocr_carea' id='block_1_2' title="bbox 896 260 2797 333">
    <p class='ocr_par' dir='ltr' id='par_1_2' title="bbox 896 260 2797 333">
     <span class='ocr_line' id='line_1_2' title="bbox 896 260 2797 333; baseline -0.007 0"><span class='ocrx_word' id='word_1_2' title='bbox 896 272 1245 333; x_wconf 60' lang='grc' dir='ltr'><strong>τ’ιῖἣίοῆοΜ</strong></span> <span class='ocrx_word' id='word_1_3' title='bbox 1283 264 1883 329; x_wconf 80' lang='lat' dir='ltr'><strong>EXERCITATIONES</strong></span> <span class='ocrx_word' id='word_1_4' title='bbox 1922 264 1989 322; x_wconf 87' lang='lat' dir='ltr'><strong>IN</strong></span> <span class='ocrx_word' id='word_1_5' title='bbox 2028 265 2095 323; x_wconf 29' lang='lat' dir='ltr'><strong>S.‘</strong></span> <span class='ocrx_word' id='word_1_6' title='bbox 2129 261 2505 322; x_wconf 81' lang='lat' dir='ltr'><strong>AUGUSTINI</strong></span> <span class='ocrx_word' id='word_1_7' title='bbox 2545 260 2797 321; x_wconf 80' lang='lat' dir='ltr'><strong>OPERA.‘</strong></span> 
     </span>
    </p>
   </div>
   <div class='ocr_carea' id='block_1_3' title="bbox 3510 186 3563 201">
    <p class='ocr_par' dir='ltr' id='par_1_3' title="bbox 3510 186 3563 201">
     <span class='ocr_line' id='line_1_3' title="bbox 3510 186 3563 201; baseline 0 -6"><span class='ocrx_word' id='word_1_8' title='bbox 3510 186 3563 201; x_wconf 60' lang='grc' dir='ltr'><strong>ο...</strong></span> 
     </span>
    </p>
   </div>
   <div class='ocr_carea' id='block_1_4' title="bbox 3386 270 3493 327">
    <p class='ocr_par' dir='ltr' id='par_1_4' title="bbox 3386 270 3493 327">
     <span class='ocr_line' id='line_1_4' title="bbox 3386 270 3493 327; baseline 0.019 -2"><span class='ocrx_word' id='word_1_9' title='bbox 3386 270 3493 327; x_wconf 81' lang='grc'><strong>566</strong></span> 
     </span>
    </p>
   </div>
   <div class='ocr_carea' id='block_1_5' title="bbox 194 381 3495 494">
    <p class='ocr_par' dir='ltr' id='par_1_5' title="bbox 194 381 3495 494">
     <span class='ocr_line' id='line_1_5' title="bbox 194 381 3495 494; baseline -0.008 -14"><span class='ocrx_word' id='word_1_10' title='bbox 194 436 417 494; x_wconf 85' lang='lat' dir='ltr'><strong>cunque</strong></span> <span class='ocrx_word' id='word_1_11' title='bbox 467 417 901 483; x_wconf 79' lang='lat' dir='ltr'><strong>membranarum</strong></span> <span class='ocrx_word' id='word_1_12' title='bbox 957 409 1257 471; x_wconf 89' lang='lat' dir='ltr'><strong>urinatione</strong></span> <span class='ocrx_word' id='word_1_13' title='bbox 1312 408 1503 480; x_wconf 75' lang='lat' dir='ltr'><strong>fatali,</strong></span> <span class='ocrx_word' id='word_1_14' title='bbox 1542 414 1598 464; x_wconf 89' lang='lat' dir='ltr'><strong>at</strong></span> <span class='ocrx_word' id='word_1_15' title='bbox 1649 404 1795 467; x_wconf 84' lang='lat' dir='ltr'><strong>felici</strong></span> <span class='ocrx_word' id='word_1_16' title='bbox 1824 385 1877 449; x_wconf 81' lang='grc' dir='ltr'>Α</span> <span class='ocrx_word' id='word_1_17' title='bbox 1902 381 2018 454; x_wconf 68' lang='lat' dir='ltr'><strong>eius</strong></span> <span class='ocrx_word' id='word_1_18' title='bbox 2053 384 2144 455; x_wconf 72' lang='lat' dir='ltr'><strong>qui</strong></span> <span class='ocrx_word' id='word_1_19' title='bbox 2172 392 2294 490; x_wconf 49' lang='grc' dir='ltr'><strong>ἤθει</strong></span> <span class='ocrx_word' id='word_1_20' title='bbox 2323 383 2605 494; x_wconf 59' lang='grc' dir='ltr'><strong>νςξὶῑίξξηξὶξ</strong></span> <span class='ocrx_word' id='word_1_21' title='bbox 2635 382 2854 453; x_wconf 73' lang='grc' dir='ltr'><strong>ιοηειιω</strong></span> <span class='ocrx_word' id='word_1_22' title='bbox 2881 384 2935 440; x_wconf 73' lang='lat' dir='ltr'><strong>in</strong></span> <span class='ocrx_word' id='word_1_23' title='bbox 2978 387 3094 458; x_wconf 71' lang='lat' dir='ltr'><strong>ipsa</strong></span> <span class='ocrx_word' id='word_1_24' title='bbox 3132 390 3290 451; x_wconf 77' lang='lat' dir='ltr'><strong>Urbis</strong></span> <span class='ocrx_word' id='word_1_25' title='bbox 3315 397 3495 459; x_wconf 75' lang='lat' dir='ltr'><strong>orbis.</strong></span> 
     </span>
    </p>
   </div>
   <div class='ocr_carea' id='block_1_6' title="bbox 197 502 1823 587">
    <p class='ocr_par' dir='ltr' id='par_1_6' title="bbox 197 502 1823 587">
     <span class='ocr_line' id='line_1_6' title="bbox 197 502 1823 587; baseline -0.009 -14"><span class='ocrx_word' id='word_1_26' title='bbox 197 524 371 573; x_wconf 83' lang='lat' dir='ltr'><strong>oestro</strong></span> <span class='ocrx_word' id='word_1_27' title='bbox 401 512 642 587; x_wconf 73' lang='lat' dir='ltr'><strong>percitis,</strong></span> <span class='ocrx_word' id='word_1_28' title='bbox 673 508 890 573; x_wconf 83' lang='lat' dir='ltr'><strong>evenire</strong></span> <span class='ocrx_word' id='word_1_29' title='bbox 920 506 1115 574; x_wconf 91' lang='lat' dir='ltr'><strong>sentio,</strong></span> <span class='ocrx_word' id='word_1_30' title='bbox 1148 512 1207 561; x_wconf 90' lang='lat' dir='ltr'><strong>ut</strong></span> <span class='ocrx_word' id='word_1_31' title='bbox 1229 510 1350 580; x_wconf 87' lang='lat' dir='ltr'><strong>post</strong></span> <span class='ocrx_word' id='word_1_32' title='bbox 1369 502 1582 560; x_wconf 89' lang='lat' dir='ltr'><strong>attritas</strong></span> <span class='ocrx_word' id='word_1_33' title='bbox 1606 502 1823 559; x_wconf 85' lang='lat' dir='ltr'><strong>insano</strong></span> 
     </span>
    </p>
   </div>
   <div class='ocr_carea' id='block_1_7' title="bbox 198 599 1795 680">
    <p class='ocr_par' dir='ltr' id='par_1_7' title="bbox 198 599 1795 680">
     <span class='ocr_line' id='line_1_7' title="bbox 198 599 1795 680; baseline -0.008 -14"><span class='ocrx_word' id='word_1_34' title='bbox 198 610 391 673; x_wconf 87' lang='lat' dir='ltr'><strong>labore</strong></span> <span class='ocrx_word' id='word_1_35' title='bbox 421 608 586 675; x_wconf 85' lang='lat' dir='ltr'><strong>vires,</strong></span> <span class='ocrx_word' id='word_1_36' title='bbox 621 602 901 680; x_wconf 82' lang='lat' dir='ltr'><strong>profundis</strong></span> <span class='ocrx_word' id='word_1_37' title='bbox 930 602 1382 665; x_wconf 77' lang='lat' dir='ltr'><strong>bibliothecarum</strong></span> <span class='ocrx_word' id='word_1_38' title='bbox 1436 599 1643 657; x_wconf 87' lang='lat' dir='ltr'><strong>sinibus</strong></span> <span class='ocrx_word' id='word_1_39' title='bbox 1690 599 1795 655; x_wconf 83' lang='lat' dir='ltr'><strong>im-</strong></span> 
     </span>
    </p>
   </div>
   <div class='ocr_carea' id='block_1_8' title="bbox 200 692 1796 779">
    <p class='ocr_par' dir='ltr' id='par_1_8' title="bbox 200 692 1796 779">
     <span class='ocr_line' id='line_1_8' title="bbox 200 692 1796 779; baseline -0.006 -18"><span class='ocrx_word' id='word_1_40' title='bbox 200 704 394 772; x_wconf 89' lang='lat' dir='ltr'><strong>mersi,</strong></span> <span class='ocrx_word' id='word_1_41' title='bbox 433 709 645 779; x_wconf 86' lang='lat' dir='ltr'><strong>reptcnt</strong></span> <span class='ocrx_word' id='word_1_42' title='bbox 686 700 807 763; x_wconf 87' lang='lat' dir='ltr'><strong>hinc</strong></span> <span class='ocrx_word' id='word_1_43' title='bbox 865 699 1014 769; x_wconf 89' lang='lat' dir='ltr'><strong>inde,</strong></span> <span class='ocrx_word' id='word_1_44' title='bbox 1046 708 1101 756; x_wconf 92' lang='lat' dir='ltr'><strong>et</strong></span> <span class='ocrx_word' id='word_1_45' title='bbox 1130 712 1227 771; x_wconf 89' lang='lat' dir='ltr'><strong>per</strong></span> <span class='ocrx_word' id='word_1_46' title='bbox 1251 696 1428 755; x_wconf 89' lang='lat' dir='ltr'><strong>varias</strong></span> <span class='ocrx_word' id='word_1_47' title='bbox 1465 692 1796 767; x_wconf 89' lang='lat' dir='ltr'><strong>disquisitio-</strong></span> 
     </span>
    </p>
   </div>
   <div class='ocr_carea' id='block_1_9' title="bbox 201 795 1795 867">
    <p class='ocr_par' dir='ltr' id='par_1_9' title="bbox 201 795 1795 867">
     <span class='ocr_line' id='line_1_9' title="bbox 201 795 1795 867; baseline -0.009 -6"><span class='ocrx_word' id='word_1_48' title='bbox 201 816 338 861; x_wconf 88' lang='lat' dir='ltr'><strong>num</strong></span> <span class='ocrx_word' id='word_1_49' title='bbox 366 806 561 867; x_wconf 85' lang='lat' dir='ltr'><strong>sortes,</strong></span> <span class='ocrx_word' id='word_1_50' title='bbox 594 795 1003 857; x_wconf 87' lang='lat' dir='ltr'><strong>frustrationum</strong></span> <span class='ocrx_word' id='word_1_51' title='bbox 1034 800 1239 855; x_wconf 80' lang='lat' dir='ltr'><strong>mortes</strong></span> <span class='ocrx_word' id='word_1_52' title='bbox 1265 832 1283 861; x_wconf 84' lang='lat'><strong>.</strong></span> <span class='ocrx_word' id='word_1_53' title='bbox 1331 795 1552 846; x_wconf 88' lang='lat' dir='ltr'><strong>enatent</strong></span> <span class='ocrx_word' id='word_1_54' title='bbox 1591 796 1795 854; x_wconf 86' lang='lat' dir='ltr'><strong>tamen,</strong></span> 
     </span>
    </p>
   </div>
   <div class='ocr_carea' id='block_1_10' title="bbox 202 881 1798 969">
    <p class='ocr_par' dir='ltr' id='par_1_10' title="bbox 202 881 1798 969">
     <span class='ocr_line' id='line_1_10' title="bbox 202 881 1798 969; baseline -0.01 -15"><span class='ocrx_word' id='word_1_55' title='bbox 202 895 533 969; x_wconf 87' lang='lat' dir='ltr'><strong>publicoque</strong></span> <span class='ocrx_word' id='word_1_56' title='bbox 560 891 884 953; x_wconf 72' lang='lat' dir='ltr'><strong>radiantium</strong></span> <span class='ocrx_word' id='word_1_57' title='bbox 912 889 1045 949; x_wconf 90' lang='lat' dir='ltr'><strong>orbe</strong></span> <span class='ocrx_word' id='word_1_58' title='bbox 1097 894 1214 945; x_wconf 91' lang='lat' dir='ltr'><strong>toto</strong></span> <span class='ocrx_word' id='word_1_59' title='bbox 1244 884 1545 945; x_wconf 89' lang='lat' dir='ltr'><strong>litterarum</strong></span> <span class='ocrx_word' id='word_1_60' title='bbox 1576 881 1676 939; x_wconf 88' lang='lat' dir='ltr'><strong>soli</strong></span> <span class='ocrx_word' id='word_1_61' title='bbox 1712 896 1798 938; x_wconf 90' lang='lat' dir='ltr'><strong>re-</strong></span> 
     </span>
    </p>
   </div>
   <div class='ocr_carea' id='block_1_11' title="bbox 107 978 1795 1055">
    <p class='ocr_par' dir='ltr' id='par_1_11' title="bbox 107 978 1795 1055">
     <span class='ocr_line' id='line_1_11' title="bbox 107 978 1795 1055; baseline -0.007 -10"><span class='ocrx_word' id='word_1_62' title='bbox 107 987 111 990; x_wconf 76' lang='grc'><em>’</em></span> <span class='ocrx_word' id='word_1_63' title='bbox 203 988 454 1045; x_wconf 84' lang='lat' dir='ltr'><strong>conditas</strong></span> <span class='ocrx_word' id='word_1_64' title='bbox 481 984 812 1055; x_wconf 83' lang='lat' dir='ltr'><strong>ingeniorum</strong></span> <span class='ocrx_word' id='word_1_65' title='bbox 852 981 1279 1052; x_wconf 80' lang='lat' dir='ltr'><strong>saeculorumque</strong></span> <span class='ocrx_word' id='word_1_66' title='bbox 1316 978 1471 1037; x_wconf 87' lang='lat' dir='ltr'><strong>dotes</strong></span> <span class='ocrx_word' id='word_1_67' title='bbox 1496 984 1795 1050; x_wconf 79' lang='lat' dir='ltr'><strong>exponant.</strong></span> 
     </span>
    </p>
   </div>
   <div class='ocr_carea' id='block_1_12' title="bbox 204 1069 1800 1149">
    <p class='ocr_par' dir='ltr' id='par_1_12' title="bbox 204 1069 1800 1149">
     <span class='ocr_line' id='line_1_12' title="bbox 204 1069 1800 1149; baseline -0.008 -13"><span class='ocrx_word' id='word_1_68' title='bbox 204 1080 263 1136; x_wconf 92' lang='lat' dir='ltr'><strong>In</strong></span> <span class='ocrx_word' id='word_1_69' title='bbox 299 1079 383 1149; x_wconf 82' lang='lat' dir='ltr'><strong>his</strong></span> <span class='ocrx_word' id='word_1_70' title='bbox 411 1094 531 1139; x_wconf 86' lang='lat' dir='ltr'><strong>esse</strong></span> <span class='ocrx_word' id='word_1_71' title='bbox 560 1092 646 1134; x_wconf 91' lang='lat' dir='ltr'><strong>me</strong></span> <span class='ocrx_word' id='word_1_72' title='bbox 691 1076 749 1139; x_wconf 85' lang='lat' dir='ltr'><strong>ni</strong></span> <span class='ocrx_word' id='word_1_73' title='bbox 788 1074 1063 1147; x_wconf 86' lang='lat' dir='ltr'><strong>profitear,</strong></span> <span class='ocrx_word' id='word_1_74' title='bbox 1094 1086 1269 1129; x_wconf 90' lang='lat' dir='ltr'><strong>vanus</strong></span> <span class='ocrx_word' id='word_1_75' title='bbox 1317 1069 1441 1140; x_wconf 86' lang='lat' dir='ltr'><strong>sim,</strong></span> <span class='ocrx_word' id='word_1_76' title='bbox 1471 1071 1560 1139; x_wconf 88' lang='lat' dir='ltr'><strong>qui</strong></span> <span class='ocrx_word' id='word_1_77' title='bbox 1596 1069 1800 1139; x_wconf 83' lang='lat' dir='ltr'><strong>aliquot</strong></span> 
     </span>
    </p>
   </div>
   <div class='ocr_carea' id='block_1_13' title="bbox 201 1164 1796 1244">
    <p class='ocr_par' dir='ltr' id='par_1_13' title="bbox 201 1164 1796 1244">
     <span class='ocr_line' id='line_1_13' title="bbox 201 1164 1796 1244; baseline -0.01 -9"><span class='ocrx_word' id='word_1_78' title='bbox 201 1174 363 1235; x_wconf 83' lang='lat' dir='ltr'><strong>annis</strong></span> <span class='ocrx_word' id='word_1_79' title='bbox 388 1171 719 1244; x_wconf 83' lang='lat' dir='ltr'><strong>propellente</strong></span> <span class='ocrx_word' id='word_1_80' title='bbox 747 1170 929 1243; x_wconf 88' lang='lat' dir='ltr'><strong>genio,</strong></span> <span class='ocrx_word' id='word_1_81' title='bbox 958 1169 1089 1229; x_wconf 87' lang='lat' dir='ltr'><strong>nihil</strong></span> <span class='ocrx_word' id='word_1_82' title='bbox 1120 1168 1175 1225; x_wconf 92' lang='lat' dir='ltr'><strong>in</strong></span> <span class='ocrx_word' id='word_1_83' title='bbox 1207 1167 1347 1225; x_wconf 89' lang='lat' dir='ltr'><strong>votis</strong></span> <span class='ocrx_word' id='word_1_84' title='bbox 1370 1164 1532 1223; x_wconf 85' lang='lat' dir='ltr'><strong>habui</strong></span> <span class='ocrx_word' id='word_1_85' title='bbox 1557 1164 1796 1223; x_wconf 89' lang='lat' dir='ltr'><strong>sanctius</strong></span> 
     </span>
    </p>
   </div>
   <div class='ocr_carea' id='block_1_14' title="bbox 203 1260 1801 1340">
    <p class='ocr_par' dir='ltr' id='par_1_14' title="bbox 203 1260 1801 1340">
     <span class='ocr_line' id='line_1_14' title="bbox 203 1260 1801 1340; baseline -0.005 -17"><span class='ocrx_word' id='word_1_86' title='bbox 203 1283 369 1340; x_wconf 89' lang='lat' dir='ltr'><strong>quam</strong></span> <span class='ocrx_word' id='word_1_87' title='bbox 396 1275 454 1327; x_wconf 90' lang='lat' dir='ltr'><strong>ut</strong></span> <span class='ocrx_word' id='word_1_88' title='bbox 482 1266 663 1325; x_wconf 83' lang='lat' dir='ltr'><strong>ovanti</strong></span> <span class='ocrx_word' id='word_1_89' title='bbox 691 1265 990 1323; x_wconf 90' lang='lat' dir='ltr'><strong>litterarum</strong></span> <span class='ocrx_word' id='word_1_90' title='bbox 1031 1262 1218 1335; x_wconf 70' lang='lat' dir='ltr'><strong>gloria:</strong></span> <span class='ocrx_word' id='word_1_91' title='bbox 1247 1275 1443 1335; x_wconf 89' lang='lat' dir='ltr'><strong>parens</strong></span> <span class='ocrx_word' id='word_1_92' title='bbox 1472 1260 1665 1335; x_wconf 88' lang='lat' dir='ltr'><strong>patria,</strong></span> <span class='ocrx_word' id='word_1_93' title='bbox 1700 1274 1801 1315; x_wconf 91' lang='lat' dir='ltr'><strong>nu-</strong></span> 
     </span>
    </p>
   </div>
   <div class='ocr_carea' id='block_1_15' title="bbox 206 1354 1802 1435">
    <p class='ocr_par' dir='ltr' id='par_1_15' title="bbox 206 1354 1802 1435">
     <span class='ocr_line' id='line_1_15' title="bbox 206 1354 1802 1435; baseline -0.006 -16"><span class='ocrx_word' id='word_1_94' title='bbox 206 1363 312 1421; x_wconf 79' lang='lat' dir='ltr'><strong>trix</strong></span> <span class='ocrx_word' id='word_1_95' title='bbox 341 1374 571 1435; x_wconf 84' lang='lat' dir='ltr'><strong>caraque</strong></span> <span class='ocrx_word' id='word_1_96' title='bbox 596 1359 785 1417; x_wconf 85' lang='lat' dir='ltr'><strong>civitas</strong></span> <span class='ocrx_word' id='word_1_97' title='bbox 814 1365 1145 1433; x_wconf 75' lang='lat' dir='ltr'><strong>assurgeret,</strong></span> <span class='ocrx_word' id='word_1_98' title='bbox 1176 1354 1463 1427; x_wconf 85' lang='lat' dir='ltr'><strong>pampinos</strong></span> <span class='ocrx_word' id='word_1_99' title='bbox 1492 1368 1622 1411; x_wconf 90' lang='lat' dir='ltr'><strong>suos</strong></span> <span class='ocrx_word' id='word_1_100' title='bbox 1666 1360 1802 1410; x_wconf 88' lang='lat' dir='ltr'><strong>atte-</strong></span> 
     </span>
    </p>
   </div>
   <div class='ocr_carea' id='block_1_16' title="bbox 204 1448 1802 1529">
    <p class='ocr_par' dir='ltr' id='par_1_16' title="bbox 204 1448 1802 1529">
     <span class='ocr_line' id='line_1_16' title="bbox 204 1448 1802 1529; baseline -0.006 -14"><span class='ocrx_word' id='word_1_101' title='bbox 204 1466 383 1529; x_wconf 77' lang='lat' dir='ltr'><strong>xeret,</strong></span> <span class='ocrx_word' id='word_1_102' title='bbox 417 1456 674 1519; x_wconf 88' lang='lat' dir='ltr'><strong>litteratas</strong></span> <span class='ocrx_word' id='word_1_103' title='bbox 710 1454 891 1515; x_wconf 85' lang='lat' dir='ltr'><strong>laurus</strong></span> <span class='ocrx_word' id='word_1_104' title='bbox 933 1452 1175 1513; x_wconf 71' lang='lat' dir='ltr'><strong>offerret.</strong></span> <span class='ocrx_word' id='word_1_105' title='bbox 1217 1450 1286 1507; x_wconf 86' lang='lat' dir='ltr'><strong>Et</strong></span> <span class='ocrx_word' id='word_1_106' title='bbox 1330 1451 1547 1509; x_wconf 89' lang='lat' dir='ltr'><strong>volente</strong></span> <span class='ocrx_word' id='word_1_107' title='bbox 1577 1448 1688 1513; x_wconf 87' lang='lat' dir='ltr'><strong>Deo</strong></span> <span class='ocrx_word' id='word_1_108' title='bbox 1732 1448 1802 1506; x_wconf 86' lang='lat' dir='ltr'><strong>fa-</strong></span> 
     </span>
    </p>
   </div>
   <div class='ocr_carea' id='block_1_17' title="bbox 204 1544 1792 1620">
    <p class='ocr_par' dir='ltr' id='par_1_17' title="bbox 204 1544 1792 1620">
     <span class='ocr_line' id='line_1_17' title="bbox 204 1544 1792 1620; baseline -0.006 -12"><span class='ocrx_word' id='word_1_109' title='bbox 204 1561 352 1609; x_wconf 89' lang='lat' dir='ltr'><strong>ctum</strong></span> <span class='ocrx_word' id='word_1_110' title='bbox 386 1562 443 1606; x_wconf 84' lang='lat' dir='ltr'><strong>UI.</strong></span> <span class='ocrx_word' id='word_1_111' title='bbox 482 1563 619 1620; x_wconf 91' lang='lat' dir='ltr'><strong>pene</strong></span> <span class='ocrx_word' id='word_1_112' title='bbox 657 1547 992 1617; x_wconf 83' lang='lat' dir='ltr'><strong>consumptis</strong></span> <span class='ocrx_word' id='word_1_113' title='bbox 1044 1546 1099 1602; x_wconf 92' lang='lat' dir='ltr'><strong>in</strong></span> <span class='ocrx_word' id='word_1_114' title='bbox 1154 1560 1218 1601; x_wconf 90' lang='lat' dir='ltr'><strong>ea</strong></span> <span class='ocrx_word' id='word_1_115' title='bbox 1244 1544 1573 1615; x_wconf 79' lang='lat' dir='ltr'><strong>cogitatione</strong></span> <span class='ocrx_word' id='word_1_116' title='bbox 1624 1544 1792 1613; x_wconf 88' lang='lat' dir='ltr'><strong>curis,</strong></span> 
     </span>
    </p>
   </div>
   <div class='ocr_carea' id='block_1_18' title="bbox 200 1637 1796 1721">
    <p class='ocr_par' dir='ltr' id='par_1_18' title="bbox 200 1637 1796 1721">
     <span class='ocr_line' id='line_1_18' title="bbox 200 1637 1796 1721; baseline -0.006 -16"><span class='ocrx_word' id='word_1_117' title='bbox 200 1647 481 1721; x_wconf 85' lang='lat' dir='ltr'><strong>insperato</strong></span> <span class='ocrx_word' id='word_1_118' title='bbox 504 1643 765 1705; x_wconf 80' lang='lat' dir='ltr'><strong>beneficio</strong></span> <span class='ocrx_word' id='word_1_119' title='bbox 794 1641 1068 1714; x_wconf 86' lang='lat' dir='ltr'><strong>perolidas</strong></span> <span class='ocrx_word' id='word_1_120' title='bbox 1095 1640 1362 1697; x_wconf 86' lang='lat' dir='ltr'><strong>tinearum</strong></span> <span class='ocrx_word' id='word_1_121' title='bbox 1403 1637 1796 1710; x_wconf 90' lang='lat' dir='ltr'><strong>pulverumque</strong></span> 
     </span>
    </p>
   </div>
   <div class='ocr_carea' id='block_1_19' title="bbox 203 1730 1801 1806">
    <p class='ocr_par' dir='ltr' id='par_1_19' title="bbox 203 1730 1801 1806">
     <span class='ocr_line' id='line_1_19' title="bbox 203 1730 1801 1806; baseline -0.011 -4"><span class='ocrx_word' id='word_1_122' title='bbox 203 1741 399 1801; x_wconf 79' lang='lat' dir='ltr'><strong>sordes</strong></span> <span class='ocrx_word' id='word_1_123' title='bbox 430 1740 543 1801; x_wconf 81' lang='lat' dir='ltr'><strong>haec</strong></span> <span class='ocrx_word' id='word_1_124' title='bbox 573 1737 693 1797; x_wconf 71' lang='lat' dir='ltr'><strong>cmli</strong></span> <span class='ocrx_word' id='word_1_125' title='bbox 724 1734 934 1806; x_wconf 90' lang='lat' dir='ltr'><strong>solique</strong></span> <span class='ocrx_word' id='word_1_126' title='bbox 995 1733 1283 1806; x_wconf 76' lang='lat' dir='ltr'><strong>margarita</strong></span> <span class='ocrx_word' id='word_1_127' title='bbox 1313 1732 1601 1799; x_wconf 89' lang='lat' dir='ltr'><strong>canderet,</strong></span> <span class='ocrx_word' id='word_1_128' title='bbox 1648 1730 1801 1801; x_wconf 91' lang='lat' dir='ltr'><strong>cujus</strong></span> 
     </span>
    </p>
   </div>
   <div class='ocr_carea' id='block_1_20' title="bbox 1904 476 3639 553">
    <p class='ocr_par' dir='ltr' id='par_1_20' title="bbox 1904 476 3639 553">
     <span class='ocr_line' id='line_1_20' title="bbox 1904 476 3639 553; baseline 0.007 -17"><span class='ocrx_word' id='word_1_129' title='bbox 1904 493 2009 551; x_wconf 90' lang='lat' dir='ltr'><strong>que</strong></span> <span class='ocrx_word' id='word_1_130' title='bbox 2045 492 2169 534; x_wconf 89' lang='lat' dir='ltr'><strong>arce</strong></span> <span class='ocrx_word' id='word_1_131' title='bbox 2197 476 2399 548; x_wconf 75' lang='lat' dir='ltr'><strong>ingenii</strong></span> <span class='ocrx_word' id='word_1_132' title='bbox 2449 477 2631 534; x_wconf 85' lang='lat' dir='ltr'><strong>divitis</strong></span> <span class='ocrx_word' id='word_1_133' title='bbox 2665 492 2799 549; x_wconf 90' lang='lat' dir='ltr'><strong>opes</strong></span> <span class='ocrx_word' id='word_1_134' title='bbox 2834 488 3079 552; x_wconf 84' lang='lat' dir='ltr'><strong>perpetua</strong></span> <span class='ocrx_word' id='word_1_135' title='bbox 3108 484 3399 547; x_wconf 79' lang='lat' dir='ltr'><strong>Galliarum</strong></span> <span class='ocrx_word' id='word_1_136' title='bbox 3421 494 3495 553; x_wconf 86' lang='lat' dir='ltr'><strong>le-</strong></span> <span class='ocrx_word' id='word_1_137' title='bbox 3634 484 3639 487; x_wconf 9' lang='grc' dir='ltr'>μ</span> 
     </span>
    </p>
   </div>
   <div class='ocr_carea' id='block_1_21' title="bbox 1900 566 3535 650">
    <p class='ocr_par' dir='ltr' id='par_1_21' title="bbox 1900 566 3535 650">
     <span class='ocr_line' id='line_1_21' title="bbox 1900 566 3535 650; baseline 0.013 -21"><span class='ocrx_word' id='word_1_138' title='bbox 1900 576 2103 648; x_wconf 82' lang='lat' dir='ltr'><strong>gatione</strong></span> <span class='ocrx_word' id='word_1_139' title='bbox 2131 573 2435 632; x_wconf 84' lang='lat' dir='ltr'><strong>blatteatur:</strong></span> <span class='ocrx_word' id='word_1_140' title='bbox 2457 590 2618 648; x_wconf 90' lang='lat' dir='ltr'><strong>quem</strong></span> <span class='ocrx_word' id='word_1_141' title='bbox 2646 591 2753 632; x_wconf 92' lang='lat' dir='ltr'><strong>non</strong></span> <span class='ocrx_word' id='word_1_142' title='bbox 2779 577 2920 635; x_wconf 90' lang='lat' dir='ltr'><strong>inter</strong></span> <span class='ocrx_word' id='word_1_143' title='bbox 2941 578 3175 640; x_wconf 86' lang='lat' dir='ltr'><strong>famosos</strong></span> <span class='ocrx_word' id='word_1_144' title='bbox 3200 583 3497 650; x_wconf 85' lang='lat' dir='ltr'><strong>latrociniis</strong></span> <span class='ocrx_word' id='word_1_145' title='bbox 3530 566 3535 575; x_wconf 51' lang='grc'><em>’</em></span> 
     </span>
    </p>
   </div>
   <div class='ocr_carea' id='block_1_22' title="bbox 1901 670 3500 754">
    <p class='ocr_par' dir='ltr' id='par_1_22' title="bbox 1901 670 3500 754">
     <span class='ocr_line' id='line_1_22' title="bbox 1901 670 3500 754; baseline 0.01 -26"><span class='ocrx_word' id='word_1_146' title='bbox 1901 670 2176 743; x_wconf 84' lang='lat' dir='ltr'><strong>Numidas,</strong></span> <span class='ocrx_word' id='word_1_147' title='bbox 2207 671 2439 728; x_wconf 86' lang='lat' dir='ltr'><strong>incultos</strong></span> <span class='ocrx_word' id='word_1_148' title='bbox 2460 673 2654 730; x_wconf 90' lang='lat' dir='ltr'><strong>animis</strong></span> <span class='ocrx_word' id='word_1_149' title='bbox 2678 672 2912 745; x_wconf 80' lang='lat' dir='ltr'><strong>Mauros,</strong></span> <span class='ocrx_word' id='word_1_150' title='bbox 2943 676 3324 739; x_wconf 84' lang='lat' dir='ltr'><strong>dissertantem</strong></span> <span class='ocrx_word' id='word_1_151' title='bbox 3344 724 3362 754; x_wconf 89' lang='lat'><strong>,</strong></span> <span class='ocrx_word' id='word_1_152' title='bbox 3396 685 3500 745; x_wconf 79' lang='lat' dir='ltr'><strong>sed</strong></span> 
     </span>
    </p>
   </div>
   <div class='ocr_carea' id='block_1_23' title="bbox 1901 767 3489 844">
    <p class='ocr_par' dir='ltr' id='par_1_23' title="bbox 1901 767 3489 844">
     <span class='ocr_line' id='line_1_23' title="bbox 1901 767 3489 844; baseline 0.008 -19"><span class='ocrx_word' id='word_1_153' title='bbox 1901 769 1956 826; x_wconf 89' lang='lat' dir='ltr'><strong>in</strong></span> <span class='ocrx_word' id='word_1_154' title='bbox 1977 768 2313 840; x_wconf 91' lang='lat' dir='ltr'><strong>amplissimo</strong></span> <span class='ocrx_word' id='word_1_155' title='bbox 2345 767 2552 837; x_wconf 74' lang='lat' dir='ltr'><strong>Galliae,</strong></span> <span class='ocrx_word' id='word_1_156' title='bbox 2574 769 2627 824; x_wconf 86' lang='lat' dir='ltr'><strong>id</strong></span> <span class='ocrx_word' id='word_1_157' title='bbox 2654 779 2736 826; x_wconf 88' lang='lat' dir='ltr'><strong>est</strong></span> <span class='ocrx_word' id='word_1_158' title='bbox 2762 772 3043 844; x_wconf 81' lang='lat' dir='ltr'><strong>elegantiae</strong></span> <span class='ocrx_word' id='word_1_159' title='bbox 3072 775 3247 833; x_wconf 93' lang='lat' dir='ltr'><strong>omnis</strong></span> <span class='ocrx_word' id='word_1_160' title='bbox 3269 777 3489 838; x_wconf 88' lang='lat' dir='ltr'><strong>theatro</strong></span> 
     </span>
    </p>
   </div>
   <div class='ocr_carea' id='block_1_24' title="bbox 1902 861 3493 944">
    <p class='ocr_par' dir='ltr' id='par_1_24' title="bbox 1902 861 3493 944">
     <span class='ocr_line' id='line_1_24' title="bbox 1902 861 3493 944; baseline 0.008 -27"><span class='ocrx_word' id='word_1_161' title='bbox 1902 869 1995 917; x_wconf 91' lang='lat' dir='ltr'><strong>aut</strong></span> <span class='ocrx_word' id='word_1_162' title='bbox 2015 876 2111 933; x_wconf 90' lang='lat' dir='ltr'><strong>pro</strong></span> <span class='ocrx_word' id='word_1_163' title='bbox 2155 861 2404 918; x_wconf 86' lang='lat' dir='ltr'><strong>catholici</strong></span> <span class='ocrx_word' id='word_1_164' title='bbox 2436 862 2670 918; x_wconf 90' lang='lat' dir='ltr'><strong>nominis</strong></span> <span class='ocrx_word' id='word_1_165' title='bbox 2728 864 3072 925; x_wconf 87' lang='lat' dir='ltr'><strong>restitutione</strong></span> <span class='ocrx_word' id='word_1_166' title='bbox 3121 868 3493 944; x_wconf 86' lang='lat' dir='ltr'><strong>detonantem,</strong></span> 
     </span>
    </p>
   </div>
   <div class='ocr_carea' id='block_1_25' title="bbox 1902 954 3499 1039">
    <p class='ocr_par' dir='ltr' id='par_1_25' title="bbox 1902 954 3499 1039">
     <span class='ocr_line' id='line_1_25' title="bbox 1902 954 3499 1039; baseline 0.008 -28"><span class='ocrx_word' id='word_1_167' title='bbox 1902 963 1992 1011; x_wconf 90' lang='lat' dir='ltr'><strong>aut</strong></span> <span class='ocrx_word' id='word_1_168' title='bbox 2012 954 2080 1011; x_wconf 89' lang='lat' dir='ltr'><strong>de</strong></span> <span class='ocrx_word' id='word_1_169' title='bbox 2110 956 2399 1012; x_wconf 89' lang='lat' dir='ltr'><strong>severioris</strong></span> <span class='ocrx_word' id='word_1_170' title='bbox 2416 955 2716 1025; x_wconf 78' lang='lat' dir='ltr'><strong>disciplinae</strong></span> <span class='ocrx_word' id='word_1_171' title='bbox 2744 959 2889 1014; x_wconf 86' lang='lat' dir='ltr'><strong>cultu</strong></span> <span class='ocrx_word' id='word_1_172' title='bbox 2916 962 3135 1018; x_wconf 84' lang='lat' dir='ltr'><strong>anxium</strong></span> <span class='ocrx_word' id='word_1_173' title='bbox 3166 972 3221 1021; x_wconf 91' lang='lat' dir='ltr'><strong>et</strong></span> <span class='ocrx_word' id='word_1_174' title='bbox 3246 980 3499 1039; x_wconf 87' lang='lat' dir='ltr'><strong>peroran-</strong></span> 
     </span>
    </p>
   </div>
   <div class='ocr_carea' id='block_1_26' title="bbox 1904 1051 3498 1130">
    <p class='ocr_par' dir='ltr' id='par_1_26' title="bbox 1904 1051 3498 1130">
     <span class='ocr_line' id='line_1_26' title="bbox 1904 1051 3498 1130; baseline 0.007 -23"><span class='ocrx_word' id='word_1_175' title='bbox 1904 1059 2011 1107; x_wconf 91' lang='lat' dir='ltr'><strong>tem</strong></span> <span class='ocrx_word' id='word_1_176' title='bbox 2040 1058 2183 1107; x_wconf 83' lang='lat' dir='ltr'><strong>tsnta</strong></span> <span class='ocrx_word' id='word_1_177' title='bbox 2216 1051 2500 1122; x_wconf 88' lang='lat' dir='ltr'><strong>pendentis</strong></span> <span class='ocrx_word' id='word_1_178' title='bbox 2545 1054 2920 1125; x_wconf 86' lang='lat' dir='ltr'><strong>stupentisque</strong></span> <span class='ocrx_word' id='word_1_179' title='bbox 2949 1069 3164 1113; x_wconf 69' lang='lat' dir='ltr'><strong>coronae</strong></span> <span class='ocrx_word' id='word_1_180' title='bbox 3206 1061 3498 1130; x_wconf 91' lang='lat' dir='ltr'><strong>gratulatio</strong></span> 
     </span>
    </p>
   </div>
   <div class='ocr_carea' id='block_1_27' title="bbox 1903 1146 3500 1227">
    <p class='ocr_par' dir='ltr' id='par_1_27' title="bbox 1903 1146 3500 1227">
     <span class='ocr_line' id='line_1_27' title="bbox 1903 1146 3500 1227; baseline 0.007 -25"><span class='ocrx_word' id='word_1_181' title='bbox 1903 1156 2086 1204; x_wconf 87' lang='lat' dir='ltr'><strong>secuta</strong></span> <span class='ocrx_word' id='word_1_182' title='bbox 2113 1158 2215 1216; x_wconf 85' lang='lat' dir='ltr'><strong>est,</strong></span> <span class='ocrx_word' id='word_1_183' title='bbox 2248 1155 2305 1202; x_wconf 92' lang='lat' dir='ltr'><strong>ut</strong></span> <span class='ocrx_word' id='word_1_184' title='bbox 2328 1150 2383 1201; x_wconf 89' lang='lat' dir='ltr'><strong>in</strong></span> <span class='ocrx_word' id='word_1_185' title='bbox 2408 1146 2741 1217; x_wconf 88' lang='lat' dir='ltr'><strong>amplissimo</strong></span> <span class='ocrx_word' id='word_1_186' title='bbox 2768 1147 2991 1205; x_wconf 85' lang='lat' dir='ltr'><strong>honoris</strong></span> <span class='ocrx_word' id='word_1_187' title='bbox 3020 1151 3215 1208; x_wconf 89' lang='lat' dir='ltr'><strong>throno</strong></span> <span class='ocrx_word' id='word_1_188' title='bbox 3240 1169 3348 1211; x_wconf 93' lang='lat' dir='ltr'><strong>non</strong></span> <span class='ocrx_word' id='word_1_189' title='bbox 3375 1154 3500 1227; x_wconf 85' lang='lat' dir='ltr'><strong>pie-</strong></span> 
     </span>
    </p>
   </div>
   <div class='ocr_carea' id='block_1_28' title="bbox 1904 1241 3499 1319">
    <p class='ocr_par' dir='ltr' id='par_1_28' title="bbox 1904 1241 3499 1319">
     <span class='ocr_line' id='line_1_28' title="bbox 1904 1241 3499 1319; baseline 0.006 -22"><span class='ocrx_word' id='word_1_190' title='bbox 1904 1254 1985 1298; x_wconf 87' lang='lat' dir='ltr'><strong>tas</strong></span> <span class='ocrx_word' id='word_1_191' title='bbox 2013 1242 2279 1315; x_wconf 89' lang='lat' dir='ltr'><strong>posuisse,</strong></span> <span class='ocrx_word' id='word_1_192' title='bbox 2305 1242 2400 1298; x_wconf 90' lang='lat' dir='ltr'><strong>sed</strong></span> <span class='ocrx_word' id='word_1_193' title='bbox 2430 1241 2497 1297; x_wconf 89' lang='lat' dir='ltr'><strong>ad</strong></span> <span class='ocrx_word' id='word_1_194' title='bbox 2529 1256 2819 1314; x_wconf 87' lang='lat' dir='ltr'><strong>purpuras,</strong></span> <span class='ocrx_word' id='word_1_195' title='bbox 2846 1252 2941 1299; x_wconf 88' lang='lat' dir='ltr'><strong>aut.</strong></span> <span class='ocrx_word' id='word_1_196' title='bbox 2968 1244 3015 1299; x_wconf 90' lang='lat' dir='ltr'><strong>si</strong></span> <span class='ocrx_word' id='word_1_197' title='bbox 3036 1246 3169 1317; x_wconf 90' lang='lat' dir='ltr'><strong>quid</strong></span> <span class='ocrx_word' id='word_1_198' title='bbox 3196 1247 3373 1319; x_wconf 85' lang='lat' dir='ltr'><strong>majus</strong></span> <span class='ocrx_word' id='word_1_199' title='bbox 3400 1248 3499 1307; x_wconf 84' lang='lat' dir='ltr'><strong>ha-</strong></span> 
     </span>
    </p>
   </div>
   <div class='ocr_carea' id='block_1_29' title="bbox 1903 1336 3500 1404">
    <p class='ocr_par' dir='ltr' id='par_1_29' title="bbox 1903 1336 3500 1404">
     <span class='ocr_line' id='line_1_29' title="bbox 1903 1336 3500 1404; baseline 0.005 -10"><span class='ocrx_word' id='word_1_200' title='bbox 1903 1337 2056 1394; x_wconf 89' lang='lat' dir='ltr'><strong>beret</strong></span> <span class='ocrx_word' id='word_1_201' title='bbox 2097 1336 2369 1392; x_wconf 83' lang='lat' dir='ltr'><strong>Gallicana</strong></span> <span class='ocrx_word' id='word_1_202' title='bbox 2418 1336 2655 1404; x_wconf 84' lang='lat' dir='ltr'><strong>fortuna,</strong></span> <span class='ocrx_word' id='word_1_203' title='bbox 2703 1351 2959 1394; x_wconf 84' lang='lat' dir='ltr'><strong>exercere</strong></span> <span class='ocrx_word' id='word_1_204' title='bbox 3011 1339 3277 1398; x_wconf 80' lang='lat' dir='ltr'><strong>videatur.</strong></span> <span class='ocrx_word' id='word_1_205' title='bbox 3323 1343 3500 1403; x_wconf 80' lang='lat' dir='ltr'><strong>Macte</strong></span> 
     </span>
    </p>
   </div>
   <div class='ocr_carea' id='block_1_30' title="bbox 1905 1430 3501 1501">
    <p class='ocr_par' dir='ltr' id='par_1_30' title="bbox 1905 1430 3501 1501">
     <span class='ocr_line' id='line_1_30' title="bbox 1905 1430 3501 1501; baseline 0.004 -15"><span class='ocrx_word' id='word_1_206' title='bbox 1905 1430 2213 1497; x_wconf 89' lang='lat' dir='ltr'><strong>virtutibus,</strong></span> <span class='ocrx_word' id='word_1_207' title='bbox 2246 1430 2607 1486; x_wconf 88' lang='lat' dir='ltr'><strong>illustrissime</strong></span> <span class='ocrx_word' id='word_1_208' title='bbox 2637 1443 2841 1501; x_wconf 91' lang='lat' dir='ltr'><strong>comes,</strong></span> <span class='ocrx_word' id='word_1_209' title='bbox 2885 1444 3004 1501; x_wconf 82' lang='lat' dir='ltr'><strong>quae</strong></span> <span class='ocrx_word' id='word_1_210' title='bbox 3040 1438 3093 1488; x_wconf 91' lang='lat' dir='ltr'><strong>te</strong></span> <span class='ocrx_word' id='word_1_211' title='bbox 3124 1433 3193 1489; x_wconf 88' lang='lat' dir='ltr'><strong>ad</strong></span> <span class='ocrx_word' id='word_1_212' title='bbox 3225 1434 3359 1491; x_wconf 89' lang='lat' dir='ltr'><strong>tanti</strong></span> <span class='ocrx_word' id='word_1_213' title='bbox 3379 1449 3501 1493; x_wconf 85' lang='lat' dir='ltr'><strong>mu-</strong></span> 
     </span>
    </p>
   </div>
   <div class='ocr_carea' id='block_1_31' title="bbox 1906 1525 3502 1605">
    <p class='ocr_par' dir='ltr' id='par_1_31' title="bbox 1906 1525 3502 1605">
     <span class='ocr_line' id='line_1_31' title="bbox 1906 1525 3502 1605; baseline 0.004 -21"><span class='ocrx_word' id='word_1_214' title='bbox 1906 1528 2050 1585; x_wconf 89' lang='lat' dir='ltr'><strong>neris</strong></span> <span class='ocrx_word' id='word_1_215' title='bbox 2103 1528 2303 1599; x_wconf 89' lang='lat' dir='ltr'><strong>apices,</strong></span> <span class='ocrx_word' id='word_1_216' title='bbox 2354 1526 2479 1583; x_wconf 91' lang='lat' dir='ltr'><strong>licet</strong></span> <span class='ocrx_word' id='word_1_217' title='bbox 2532 1534 2760 1582; x_wconf 86' lang='lat' dir='ltr'><strong>onerent</strong></span> <span class='ocrx_word' id='word_1_218' title='bbox 2785 1525 2968 1582; x_wconf 89' lang='lat' dir='ltr'><strong>verius</strong></span> <span class='ocrx_word' id='word_1_219' title='bbox 3019 1540 3179 1597; x_wconf 88' lang='lat' dir='ltr'><strong>quam</strong></span> <span class='ocrx_word' id='word_1_220' title='bbox 3209 1526 3502 1605; x_wconf 75' lang='lat' dir='ltr'><strong>honorent,</strong></span> 
     </span>
    </p>
   </div>
   <div class='ocr_carea' id='block_1_32' title="bbox 1906 1622 3506 1701">
    <p class='ocr_par' dir='ltr' id='par_1_32' title="bbox 1906 1622 3506 1701">
     <span class='ocr_line' id='line_1_32' title="bbox 1906 1622 3506 1701; baseline 0.004 -19"><span class='ocrx_word' id='word_1_221' title='bbox 1906 1624 2172 1683; x_wconf 89' lang='lat' dir='ltr'><strong>debebant</strong></span> <span class='ocrx_word' id='word_1_222' title='bbox 2219 1634 2399 1680; x_wconf 86' lang='lat' dir='ltr'><strong>tamen</strong></span> <span class='ocrx_word' id='word_1_223' title='bbox 2449 1623 2612 1679; x_wconf 90' lang='lat' dir='ltr'><strong>feraci</strong></span> <span class='ocrx_word' id='word_1_224' title='bbox 2640 1622 2784 1680; x_wconf 89' lang='lat' dir='ltr'><strong>vitiis</strong></span> <span class='ocrx_word' id='word_1_225' title='bbox 2834 1622 2994 1687; x_wconf 69' lang='lat' dir='ltr'><strong>cmlo,</strong></span> <span class='ocrx_word' id='word_1_226' title='bbox 3023 1625 3299 1696; x_wconf 87' lang='lat' dir='ltr'><strong>specimen</strong></span> <span class='ocrx_word' id='word_1_227' title='bbox 3321 1629 3506 1701; x_wconf 81' lang='lat' dir='ltr'><strong>potius</strong></span> 
     </span>
    </p>
   </div>
   <div class='ocr_carea' id='block_1_33' title="bbox 1905 1718 3507 1797">
    <p class='ocr_par' dir='ltr' id='par_1_33' title="bbox 1905 1718 3507 1797">
     <span class='ocr_line' id='line_1_33' title="bbox 1905 1718 3507 1797; baseline 0.002 -22"><span class='ocrx_word' id='word_1_228' title='bbox 1905 1735 2064 1792; x_wconf 86' lang='lat' dir='ltr'><strong>quam</strong></span> <span class='ocrx_word' id='word_1_229' title='bbox 2093 1719 2323 1790; x_wconf 55' lang='lat' dir='ltr'><strong>praemii,</strong></span> <span class='ocrx_word' id='word_1_230' title='bbox 2370 1718 2573 1787; x_wconf 84' lang='lat' dir='ltr'><strong>religio,</strong></span> <span class='ocrx_word' id='word_1_231' title='bbox 2606 1718 2755 1787; x_wconf 83' lang='lat' dir='ltr'><strong>ﬁdes,</strong></span> <span class='ocrx_word' id='word_1_232' title='bbox 2806 1719 3115 1789; x_wconf 83' lang='lat' dir='ltr'><strong>constantia,</strong></span> <span class='ocrx_word' id='word_1_233' title='bbox 3149 1721 3338 1793; x_wconf 88' lang='lat' dir='ltr'><strong>pietas,</strong></span> <span class='ocrx_word' id='word_1_234' title='bbox 3367 1736 3507 1797; x_wconf 68' lang='lat' dir='ltr'><strong>quas</strong></span> 
     </span>
    </p>
   </div>
   <div class='ocr_carea' id='block_1_34' title="bbox 204 1802 3497 1907">
    <p class='ocr_par' dir='ltr' id='par_1_34' title="bbox 204 1802 3497 1907">
     <span class='ocr_line' id='line_1_34' title="bbox 204 1802 3497 1907; baseline -0.006 -14"><span class='ocrx_word' id='word_1_235' title='bbox 204 1834 451 1905; x_wconf 78' lang='lat' dir='ltr'><strong>ignorata</strong></span> <span class='ocrx_word' id='word_1_236' title='bbox 496 1829 859 1907; x_wconf 84' lang='lat' dir='ltr'><strong>possessione,</strong></span> <span class='ocrx_word' id='word_1_237' title='bbox 890 1802 1139 1884; x_wconf 31' lang='lat' dir='ltr'><strong>delusus-</strong></span> <span class='ocrx_word' id='word_1_238' title='bbox 1158 1838 1329 1883; x_wconf 88' lang='lat' dir='ltr'><strong>annos</strong></span> <span class='ocrx_word' id='word_1_239' title='bbox 1377 1824 1602 1896; x_wconf 86' lang='lat' dir='ltr'><strong>aliquot,</strong></span> <span class='ocrx_word' id='word_1_240' title='bbox 1654 1821 1802 1879; x_wconf 88' lang='lat' dir='ltr'><strong>aliud</strong></span> <span class='ocrx_word' id='word_1_241' title='bbox 1833 1802 1881 1873; x_wconf 82' lang='grc' dir='ltr'>Β</span> <span class='ocrx_word' id='word_1_242' title='bbox 1911 1815 2147 1885; x_wconf 84' lang='lat' dir='ltr'><strong>palantes</strong></span> <span class='ocrx_word' id='word_1_243' title='bbox 2177 1828 2345 1885; x_wconf 88' lang='lat' dir='ltr'><strong>usque</strong></span> <span class='ocrx_word' id='word_1_244' title='bbox 2375 1827 2749 1883; x_wconf 86' lang='lat' dir='ltr'><strong>pannosasque</strong></span> <span class='ocrx_word' id='word_1_245' title='bbox 2788 1812 2869 1868; x_wconf 92' lang='lat' dir='ltr'><strong>sic</strong></span> <span class='ocrx_word' id='word_1_246' title='bbox 2894 1826 3119 1870; x_wconf 88' lang='lat' dir='ltr'><strong>revocas</strong></span> <span class='ocrx_word' id='word_1_247' title='bbox 3150 1819 3206 1871; x_wconf 90' lang='lat' dir='ltr'><strong>et</strong></span> <span class='ocrx_word' id='word_1_248' title='bbox 3228 1815 3497 1889; x_wconf 88' lang='lat' dir='ltr'><strong>devincis,</strong></span> 
     </span>
    </p>
   </div>
   <div class='ocr_carea' id='block_1_35' title="bbox 203 1906 3505 2001">
    <p class='ocr_par' dir='ltr' id='par_1_35' title="bbox 203 1906 3505 2001">
     <span class='ocr_line' id='line_1_35' title="bbox 203 1906 3505 2001; baseline -0.005 -18"><span class='ocrx_word' id='word_1_249' title='bbox 203 1942 374 2001; x_wconf 76' lang='lat' dir='ltr'><strong>agens</strong></span> <span class='ocrx_word' id='word_1_250' title='bbox 402 1906 643 1995; x_wconf 79' lang='lat' dir='ltr'><strong>omnino,</strong></span> <span class='ocrx_word' id='word_1_251' title='bbox 696 1922 841 1985; x_wconf 86' lang='lat' dir='ltr'><strong>sensi</strong></span> <span class='ocrx_word' id='word_1_252' title='bbox 873 1919 1093 1983; x_wconf 86' lang='lat' dir='ltr'><strong>tandem</strong></span> <span class='ocrx_word' id='word_1_253' title='bbox 1146 1919 1235 1981; x_wconf 76' lang='lat' dir='ltr'><strong>vix</strong></span> <span class='ocrx_word' id='word_1_254' title='bbox 1274 1917 1505 1991; x_wconf 87' lang='lat' dir='ltr'><strong>parabili</strong></span> <span class='ocrx_word' id='word_1_255' title='bbox 1551 1916 1806 1979; x_wconf 84' lang='lat' dir='ltr'><strong>thesauro</strong></span> <span class='ocrx_word' id='word_1_256' title='bbox 1910 1916 1966 1966; x_wconf 92' lang='lat' dir='ltr'><strong>ut</strong></span> <span class='ocrx_word' id='word_1_257' title='bbox 1996 1907 2212 1977; x_wconf 87' lang='lat' dir='ltr'><strong>exhinc,</strong></span> <span class='ocrx_word' id='word_1_258' title='bbox 2243 1923 2351 1963; x_wconf 90' lang='lat' dir='ltr'><strong>non</strong></span> <span class='ocrx_word' id='word_1_259' title='bbox 2381 1907 2449 1962; x_wconf 87' lang='lat' dir='ltr'><strong>ab</strong></span> <span class='ocrx_word' id='word_1_260' title='bbox 2482 1906 2564 1963; x_wconf 88' lang='lat' dir='ltr'><strong>his</strong></span> <span class='ocrx_word' id='word_1_261' title='bbox 2586 1906 2832 1964; x_wconf 74' lang='lat' dir='ltr'><strong>effectum</strong></span> <span class='ocrx_word' id='word_1_262' title='bbox 2860 1916 2937 1978; x_wconf 88' lang='lat' dir='ltr'><strong>te,</strong></span> <span class='ocrx_word' id='word_1_263' title='bbox 2969 1908 3067 1965; x_wconf 85' lang='lat' dir='ltr'><strong>sed</strong></span> <span class='ocrx_word' id='word_1_264' title='bbox 3091 1922 3160 1965; x_wconf 81' lang='lat' dir='ltr'><strong>ex</strong></span> <span class='ocrx_word' id='word_1_265' title='bbox 3186 1917 3241 1968; x_wconf 89' lang='lat' dir='ltr'><strong>te</strong></span> <span class='ocrx_word' id='word_1_266' title='bbox 3260 1918 3441 1985; x_wconf 86' lang='lat' dir='ltr'><strong>natas,</strong></span> <span class='ocrx_word' id='word_1_267' title='bbox 3468 1927 3505 1971; x_wconf 83' lang='lat' dir='ltr'><strong>a</strong></span> 
     </span>
    </p>
   </div>
   <div class='ocr_carea' id='block_1_36' title="bbox 205 2001 3505 2087">
    <p class='ocr_par' dir='ltr' id='par_1_36' title="bbox 205 2001 3505 2087">
     <span class='ocr_line' id='line_1_36' title="bbox 205 2001 3505 2087; baseline -0.007 -6"><span class='ocrx_word' id='word_1_268' title='bbox 205 2037 297 2081; x_wconf 85' lang='lat' dir='ltr'><strong>me</strong></span> <span class='ocrx_word' id='word_1_269' title='bbox 323 2021 553 2083; x_wconf 77' lang='lat' dir='ltr'><strong>felicem.</strong></span> <span class='ocrx_word' id='word_1_270' title='bbox 581 2019 849 2087; x_wconf 86' lang='lat' dir='ltr'><strong>Quantum</strong></span> <span class='ocrx_word' id='word_1_271' title='bbox 877 2016 979 2074; x_wconf 90' lang='lat' dir='ltr'><strong>hac</strong></span> <span class='ocrx_word' id='word_1_272' title='bbox 999 2015 1254 2077; x_wconf 87' lang='lat' dir='ltr'><strong>beatitate</strong></span> <span class='ocrx_word' id='word_1_273' title='bbox 1271 2011 1449 2084; x_wconf 86' lang='lat' dir='ltr'><strong>gaudii</strong></span> <span class='ocrx_word' id='word_1_274' title='bbox 1474 2009 1807 2069; x_wconf 88' lang='lat' dir='ltr'><strong>succreverit</strong></span> <span class='ocrx_word' id='word_1_275' title='bbox 1911 2013 1963 2061; x_wconf 90' lang='lat' dir='ltr'><strong>te</strong></span> <span class='ocrx_word' id='word_1_276' title='bbox 1983 2003 2188 2074; x_wconf 88' lang='lat' dir='ltr'><strong>doctas,</strong></span> <span class='ocrx_word' id='word_1_277' title='bbox 2221 2004 2334 2073; x_wconf 91' lang='lat' dir='ltr'><strong>ipsa</strong></span> <span class='ocrx_word' id='word_1_278' title='bbox 2368 2011 2635 2059; x_wconf 87' lang='lat' dir='ltr'><strong>tantarum</strong></span> <span class='ocrx_word' id='word_1_279' title='bbox 2678 2003 2935 2059; x_wconf 89' lang='lat' dir='ltr'><strong>virtutum</strong></span> <span class='ocrx_word' id='word_1_280' title='bbox 2979 2001 3268 2065; x_wconf 81' lang='lat' dir='ltr'><strong>admiratio</strong></span> <span class='ocrx_word' id='word_1_281' title='bbox 3302 2005 3505 2078; x_wconf 77' lang='lat' dir='ltr'><strong>glorio-</strong></span> 
     </span>
    </p>
   </div>
   <div class='ocr_carea' id='block_1_37' title="bbox 205 2096 3505 2189">
    <p class='ocr_par' dir='ltr' id='par_1_37' title="bbox 205 2096 3505 2189">
     <span class='ocr_line' id='line_1_37' title="bbox 205 2096 3505 2189; baseline -0.004 -18"><span class='ocrx_word' id='word_1_282' title='bbox 205 2115 387 2185; x_wconf 87' lang='lat' dir='ltr'><strong>nobis,</strong></span> <span class='ocrx_word' id='word_1_283' title='bbox 410 2115 654 2189; x_wconf 78' lang='lat' dir='ltr'><strong>loquatur</strong></span> <span class='ocrx_word' id='word_1_284' title='bbox 683 2113 795 2183; x_wconf 88' lang='lat' dir='ltr'><strong>ipsa</strong></span> <span class='ocrx_word' id='word_1_285' title='bbox 828 2125 937 2176; x_wconf 87' lang='lat' dir='ltr'><strong>res,</strong></span> <span class='ocrx_word' id='word_1_286' title='bbox 970 2119 1024 2173; x_wconf 87' lang='lat' dir='ltr'><strong>et</strong></span> <span class='ocrx_word' id='word_1_287' title='bbox 1044 2109 1091 2167; x_wconf 88' lang='lat' dir='ltr'><strong>si</strong></span> <span class='ocrx_word' id='word_1_288' title='bbox 1114 2110 1200 2165; x_wconf 91' lang='lat' dir='ltr'><strong>cui</strong></span> <span class='ocrx_word' id='word_1_289' title='bbox 1226 2108 1410 2169; x_wconf 90' lang='lat' dir='ltr'><strong>talium</strong></span> <span class='ocrx_word' id='word_1_290' title='bbox 1450 2106 1692 2189; x_wconf 81' lang='lat' dir='ltr'><strong>cupienti</strong></span> <span class='ocrx_word' id='word_1_291' title='bbox 1720 2120 1806 2163; x_wconf 87' lang='lat' dir='ltr'><strong>re-</strong></span> <span class='ocrx_word' id='word_1_292' title='bbox 1909 2105 2015 2154; x_wconf 88' lang='lat' dir='ltr'><strong>tur.</strong></span> <span class='ocrx_word' id='word_1_293' title='bbox 2048 2098 2118 2154; x_wconf 87' lang='lat' dir='ltr'><strong>At</strong></span> <span class='ocrx_word' id='word_1_294' title='bbox 2133 2105 2217 2153; x_wconf 90' lang='lat' dir='ltr'><strong>est</strong></span> <span class='ocrx_word' id='word_1_295' title='bbox 2236 2104 2291 2154; x_wconf 92' lang='lat' dir='ltr'><strong>et</strong></span> <span class='ocrx_word' id='word_1_296' title='bbox 2318 2096 2528 2168; x_wconf 88' lang='lat' dir='ltr'><strong>privata</strong></span> <span class='ocrx_word' id='word_1_297' title='bbox 2557 2097 2717 2165; x_wconf 89' lang='lat' dir='ltr'><strong>ratio,</strong></span> <span class='ocrx_word' id='word_1_298' title='bbox 2745 2112 2869 2168; x_wconf 80' lang='lat' dir='ltr'><strong>quae</strong></span> <span class='ocrx_word' id='word_1_299' title='bbox 2894 2110 2987 2155; x_wconf 90' lang='lat' dir='ltr'><strong>me</strong></span> <span class='ocrx_word' id='word_1_300' title='bbox 3016 2098 3150 2155; x_wconf 86' lang='lat' dir='ltr'><strong>tanti</strong></span> <span class='ocrx_word' id='word_1_301' title='bbox 3172 2098 3353 2170; x_wconf 88' lang='lat' dir='ltr'><strong>operis</strong></span> <span class='ocrx_word' id='word_1_302' title='bbox 3380 2101 3505 2160; x_wconf 89' lang='lat' dir='ltr'><strong>red-</strong></span> 
     </span>
    </p>
   </div>
   <div class='ocr_carea' id='block_1_38' title="bbox 205 2184 3504 2277">
    <p class='ocr_par' dir='ltr' id='par_1_38' title="bbox 205 2184 3504 2277">
     <span class='ocr_line' id='line_1_38' title="bbox 205 2184 3504 2277; baseline -0.005 -15"><span class='ocrx_word' id='word_1_303' title='bbox 205 2224 327 2269; x_wconf 87' lang='lat' dir='ltr'><strong>rum</strong></span> <span class='ocrx_word' id='word_1_304' title='bbox 349 2184 445 2277; x_wconf 82' lang='lat' dir='ltr'><strong>par</strong></span> <span class='ocrx_word' id='word_1_305' title='bbox 470 2184 558 2265; x_wconf 79' lang='lat' dir='ltr'><strong>lux</strong></span> <span class='ocrx_word' id='word_1_306' title='bbox 587 2203 808 2273; x_wconf 76' lang='lat' dir='ltr'><strong>affulsit,</strong></span> <span class='ocrx_word' id='word_1_307' title='bbox 831 2217 896 2261; x_wconf 88' lang='lat' dir='ltr'><strong>eo</strong></span> <span class='ocrx_word' id='word_1_308' title='bbox 914 2216 1056 2258; x_wconf 91' lang='lat' dir='ltr'><strong>nunc</strong></span> <span class='ocrx_word' id='word_1_309' title='bbox 1072 2201 1302 2272; x_wconf 81' lang='lat' dir='ltr'><strong>plenior,</strong></span> <span class='ocrx_word' id='word_1_310' title='bbox 1325 2214 1433 2272; x_wconf 86' lang='lat' dir='ltr'><strong>quo</strong></span> <span class='ocrx_word' id='word_1_311' title='bbox 1456 2200 1595 2255; x_wconf 89' lang='lat' dir='ltr'><strong>inter</strong></span> <span class='ocrx_word' id='word_1_312' title='bbox 1618 2184 1859 2255; x_wconf 72' lang='lat' dir='ltr'><strong>omnes-o</strong></span> <span class='ocrx_word' id='word_1_313' title='bbox 1914 2200 2007 2257; x_wconf 89' lang='lat' dir='ltr'><strong>dat</strong></span> <span class='ocrx_word' id='word_1_314' title='bbox 2035 2200 2325 2257; x_wconf 86' lang='lat' dir='ltr'><strong>obnoxium</strong></span> <span class='ocrx_word' id='word_1_315' title='bbox 2347 2215 2362 2265; x_wconf 92' lang='lat'><strong>;</strong></span> <span class='ocrx_word' id='word_1_316' title='bbox 2391 2212 2550 2267; x_wconf 91' lang='lat' dir='ltr'><strong>quam</strong></span> <span class='ocrx_word' id='word_1_317' title='bbox 2566 2211 2610 2253; x_wconf 85' lang='lat' dir='ltr'>SI</span> <span class='ocrx_word' id='word_1_318' title='bbox 2636 2199 2811 2253; x_wconf 90' lang='lat' dir='ltr'><strong>tacitis</strong></span> <span class='ocrx_word' id='word_1_319' title='bbox 2828 2193 3310 2265; x_wconf 89' lang='lat' dir='ltr'><strong>adniventibusque</strong></span> <span class='ocrx_word' id='word_1_320' title='bbox 3329 2190 3504 2249; x_wconf 89' lang='lat' dir='ltr'><strong>oculis</strong></span> 
     </span>
    </p>
   </div>
   <div class='ocr_carea' id='block_1_39' title="bbox 204 2288 1809 2362">
    <p class='ocr_par' dir='ltr' id='par_1_39' title="bbox 204 2288 1809 2362">
     <span class='ocr_line' id='line_1_39' title="bbox 204 2288 1809 2362; baseline -0.005 -8"><span class='ocrx_word' id='word_1_321' title='bbox 204 2299 490 2361; x_wconf 81' lang='lat' dir='ltr'><strong>militantis</strong></span> <span class='ocrx_word' id='word_1_322' title='bbox 544 2296 804 2357; x_wconf 66' lang='lat' dir='ltr'><strong>Ecclesia:</strong></span> <span class='ocrx_word' id='word_1_323' title='bbox 855 2294 1043 2357; x_wconf 80' lang='lat' dir='ltr'><strong>Patres</strong></span> <span class='ocrx_word' id='word_1_324' title='bbox 1092 2292 1253 2357; x_wconf 79' lang='lat' dir='ltr'><strong>altior</strong></span> <span class='ocrx_word' id='word_1_325' title='bbox 1304 2291 1419 2353; x_wconf 80' lang='lat' dir='ltr'><strong>haec</strong></span> <span class='ocrx_word' id='word_1_326' title='bbox 1470 2288 1809 2362; x_wconf 89' lang='lat' dir='ltr'><strong>diviniorque</strong></span> 
     </span>
    </p>
   </div>
   <div class='ocr_carea' id='block_1_40' title="bbox 206 2386 1806 2467">
    <p class='ocr_par' dir='ltr' id='par_1_40' title="bbox 206 2386 1806 2467">
     <span class='ocr_line' id='line_1_40' title="bbox 206 2386 1806 2467; baseline -0.006 -17"><span class='ocrx_word' id='word_1_327' title='bbox 206 2395 388 2465; x_wconf 88' lang='lat' dir='ltr'><strong>aquila</strong></span> <span class='ocrx_word' id='word_1_328' title='bbox 416 2390 680 2467; x_wconf 82' lang='lat' dir='ltr'><strong>pervadit,</strong></span> <span class='ocrx_word' id='word_1_329' title='bbox 715 2404 781 2447; x_wconf 93' lang='lat' dir='ltr'><strong>eo</strong></span> <span class='ocrx_word' id='word_1_330' title='bbox 807 2390 1014 2465; x_wconf 83' lang='lat' dir='ltr'><strong>purior,</strong></span> <span class='ocrx_word' id='word_1_331' title='bbox 1045 2404 1153 2449; x_wconf 92' lang='lat' dir='ltr'><strong>non</strong></span> <span class='ocrx_word' id='word_1_332' title='bbox 1210 2387 1383 2444; x_wconf 64' lang='lat' dir='ltr'><strong>artatis</strong></span> <span class='ocrx_word' id='word_1_333' title='bbox 1407 2386 1806 2457; x_wconf 70' lang='lat' dir='ltr'><strong>loquentiaaque</strong></span> 
     </span>
    </p>
   </div>
   <div class='ocr_carea' id='block_1_41' title="bbox 204 2478 1810 2563">
    <p class='ocr_par' dir='ltr' id='par_1_41' title="bbox 204 2478 1810 2563">
     <span class='ocr_line' id='line_1_41' title="bbox 204 2478 1810 2563; baseline -0.006 -20"><span class='ocrx_word' id='word_1_334' title='bbox 204 2485 567 2563; x_wconf 78' lang='lat' dir='ltr'><strong>praerogativa</strong></span> <span class='ocrx_word' id='word_1_335' title='bbox 610 2489 829 2555; x_wconf 85' lang='lat' dir='ltr'><strong>turgens</strong></span> <span class='ocrx_word' id='word_1_336' title='bbox 879 2482 967 2543; x_wconf 88' lang='lat' dir='ltr'><strong>hic</strong></span> <span class='ocrx_word' id='word_1_337' title='bbox 1014 2481 1172 2551; x_wconf 85' lang='lat' dir='ltr'><strong>liber,</strong></span> <span class='ocrx_word' id='word_1_338' title='bbox 1223 2480 1319 2543; x_wconf 82' lang='lat' dir='ltr'><strong>sed</strong></span> <span class='ocrx_word' id='word_1_339' title='bbox 1358 2478 1532 2539; x_wconf 88' lang='lat' dir='ltr'><strong>ultimi</strong></span> <span class='ocrx_word' id='word_1_340' title='bbox 1586 2478 1810 2550; x_wconf 81' lang='lat' dir='ltr'><strong>spiritus</strong></span> 
     </span>
    </p>
   </div>
   <div class='ocr_carea' id='block_1_42' title="bbox 204 2572 1810 2650">
    <p class='ocr_par' dir='ltr' id='par_1_42' title="bbox 204 2572 1810 2650">
     <span class='ocr_line' id='line_1_42' title="bbox 204 2572 1810 2650; baseline -0.004 -14"><span class='ocrx_word' id='word_1_341' title='bbox 204 2579 611 2641; x_wconf 83' lang='lat' dir='ltr'><strong>contestatione</strong></span> <span class='ocrx_word' id='word_1_342' title='bbox 638 2576 879 2650; x_wconf 84' lang='lat' dir='ltr'><strong>vegetior</strong></span> <span class='ocrx_word' id='word_1_343' title='bbox 896 2584 950 2637; x_wconf 89' lang='lat' dir='ltr'><strong>et</strong></span> <span class='ocrx_word' id='word_1_344' title='bbox 971 2574 1353 2647; x_wconf 87' lang='lat' dir='ltr'><strong>defungentem</strong></span> <span class='ocrx_word' id='word_1_345' title='bbox 1380 2572 1601 2631; x_wconf 80' lang='lat' dir='ltr'><strong>exhibet</strong></span> <span class='ocrx_word' id='word_1_346' title='bbox 1629 2578 1685 2629; x_wconf 91' lang='lat' dir='ltr'><strong>et</strong></span> <span class='ocrx_word' id='word_1_347' title='bbox 1712 2586 1810 2642; x_wconf 87' lang='lat' dir='ltr'><strong>pu-</strong></span> 
     </span>
    </p>
   </div>
   <div class='ocr_carea' id='block_1_43' title="bbox 207 2667 1811 2745">
    <p class='ocr_par' dir='ltr' id='par_1_43' title="bbox 207 2667 1811 2745">
     <span class='ocr_line' id='line_1_43' title="bbox 207 2667 1811 2745; baseline -0.006 -15"><span class='ocrx_word' id='word_1_348' title='bbox 207 2683 487 2745; x_wconf 86' lang='lat' dir='ltr'><strong>gnantem.</strong></span> <span class='ocrx_word' id='word_1_349' title='bbox 513 2671 841 2742; x_wconf 84' lang='lat' dir='ltr'><strong>Pugnantem</strong></span> <span class='ocrx_word' id='word_1_350' title='bbox 861 2677 1026 2740; x_wconf 88' lang='lat' dir='ltr'><strong>recte,</strong></span> <span class='ocrx_word' id='word_1_351' title='bbox 1058 2667 1212 2739; x_wconf 89' lang='lat' dir='ltr'><strong>cujus</strong></span> <span class='ocrx_word' id='word_1_352' title='bbox 1234 2668 1355 2731; x_wconf 81' lang='lat' dir='ltr'><strong>vitae</strong></span> <span class='ocrx_word' id='word_1_353' title='bbox 1377 2675 1506 2738; x_wconf 90' lang='lat' dir='ltr'><strong>quot</strong></span> <span class='ocrx_word' id='word_1_354' title='bbox 1535 2673 1811 2727; x_wconf 87' lang='lat' dir='ltr'><strong>momenta</strong></span> 
     </span>
    </p>
   </div>
   <div class='ocr_carea' id='block_1_44' title="bbox 212 2757 1806 2836">
    <p class='ocr_par' dir='ltr' id='par_1_44' title="bbox 212 2757 1806 2836">
     <span class='ocr_line' id='line_1_44' title="bbox 212 2757 1806 2836; baseline -0.006 -14"><span class='ocrx_word' id='word_1_355' title='bbox 212 2774 292 2823; x_wconf 89' lang='lat' dir='ltr'><strong>tot</strong></span> <span class='ocrx_word' id='word_1_356' title='bbox 328 2765 493 2834; x_wconf 89' lang='lat' dir='ltr'><strong>acies,</strong></span> <span class='ocrx_word' id='word_1_357' title='bbox 526 2772 654 2836; x_wconf 91' lang='lat' dir='ltr'><strong>quot</strong></span> <span class='ocrx_word' id='word_1_358' title='bbox 681 2762 847 2821; x_wconf 86' lang='lat' dir='ltr'><strong>verba</strong></span> <span class='ocrx_word' id='word_1_359' title='bbox 876 2772 957 2823; x_wconf 84' lang='lat' dir='ltr'><strong>tot</strong></span> <span class='ocrx_word' id='word_1_360' title='bbox 998 2761 1217 2817; x_wconf 82' lang='lat' dir='ltr'><strong>laureae.</strong></span> <span class='ocrx_word' id='word_1_361' title='bbox 1254 2757 1457 2829; x_wconf 88' lang='lat' dir='ltr'><strong>impius</strong></span> <span class='ocrx_word' id='word_1_362' title='bbox 1499 2771 1629 2829; x_wconf 89' lang='lat' dir='ltr'><strong>ergo</strong></span> <span class='ocrx_word' id='word_1_363' title='bbox 1670 2758 1806 2826; x_wconf 89' lang='lat' dir='ltr'><strong>sim,</strong></span> 
     </span>
    </p>
   </div>
   <div class='ocr_carea' id='block_1_45' title="bbox 208 2851 1810 2931">
    <p class='ocr_par' dir='ltr' id='par_1_45' title="bbox 208 2851 1810 2931">
     <span class='ocr_line' id='line_1_45' title="bbox 208 2851 1810 2931; baseline -0.007 -12"><span class='ocrx_word' id='word_1_364' title='bbox 208 2862 463 2931; x_wconf 82' lang='lat' dir='ltr'><strong>beatique</strong></span> <span class='ocrx_word' id='word_1_365' title='bbox 491 2858 726 2923; x_wconf 86' lang='lat' dir='ltr'><strong>nominis</strong></span> <span class='ocrx_word' id='word_1_366' title='bbox 753 2872 859 2930; x_wconf 92' lang='lat' dir='ltr'><strong>quo</strong></span> <span class='ocrx_word' id='word_1_367' title='bbox 891 2856 1052 2917; x_wconf 78' lang='lat' dir='ltr'><strong>tinxit</strong></span> <span class='ocrx_word' id='word_1_368' title='bbox 1072 2862 1243 2915; x_wconf 85' lang='lat' dir='ltr'><strong>mater</strong></span> <span class='ocrx_word' id='word_1_369' title='bbox 1268 2853 1536 2921; x_wconf 87' lang='lat' dir='ltr'><strong>Ecclesia,</strong></span> <span class='ocrx_word' id='word_1_370' title='bbox 1553 2851 1810 2923; x_wconf 85' lang='lat' dir='ltr'><strong>profanus</strong></span> 
     </span>
    </p>
   </div>
   <div class='ocr_carea' id='block_1_46' title="bbox 209 2946 1813 3023">
    <p class='ocr_par' dir='ltr' id='par_1_46' title="bbox 209 2946 1813 3023">
     <span class='ocr_line' id='line_1_46' title="bbox 209 2946 1813 3023; baseline -0.007 -8"><span class='ocrx_word' id='word_1_371' title='bbox 209 2957 506 3023; x_wconf 82' lang='lat' dir='ltr'><strong>andabata,</strong></span> <span class='ocrx_word' id='word_1_372' title='bbox 543 2955 589 3010; x_wconf 89' lang='lat' dir='ltr'><strong>si</strong></span> <span class='ocrx_word' id='word_1_373' title='bbox 626 2953 935 3011; x_wconf 87' lang='lat' dir='ltr'><strong>demersum</strong></span> <span class='ocrx_word' id='word_1_374' title='bbox 985 2950 1093 3009; x_wconf 82' lang='lat' dir='ltr'><strong>alte</strong></span> <span class='ocrx_word' id='word_1_375' title='bbox 1141 2956 1223 3007; x_wconf 92' lang='lat' dir='ltr'><strong>tot</strong></span> <span class='ocrx_word' id='word_1_376' title='bbox 1260 2962 1529 3005; x_wconf 90' lang='lat' dir='ltr'><strong>annorum</strong></span> <span class='ocrx_word' id='word_1_377' title='bbox 1560 2946 1813 3007; x_wconf 82' lang='lat' dir='ltr'><strong>ﬂuctibus</strong></span> 
     </span>
    </p>
   </div>
   <div class='ocr_carea' id='block_1_47' title="bbox 210 3040 1814 3119">
    <p class='ocr_par' dir='ltr' id='par_1_47' title="bbox 210 3040 1814 3119">
     <span class='ocr_line' id='line_1_47' title="bbox 210 3040 1814 3119; baseline -0.007 -10"><span class='ocrx_word' id='word_1_378' title='bbox 210 3053 563 3119; x_wconf 80' lang='lat' dir='ltr'><strong>oblatumque</strong></span> <span class='ocrx_word' id='word_1_379' title='bbox 592 3045 878 3113; x_wconf 82' lang='lat' dir='ltr'><strong>desideriis</strong></span> <span class='ocrx_word' id='word_1_380' title='bbox 912 3043 1197 3101; x_wconf 90' lang='lat' dir='ltr'><strong>elenchum</strong></span> <span class='ocrx_word' id='word_1_381' title='bbox 1228 3056 1401 3103; x_wconf 86' lang='lat' dir='ltr'><strong>novus</strong></span> <span class='ocrx_word' id='word_1_382' title='bbox 1422 3042 1665 3098; x_wconf 88' lang='lat' dir='ltr'><strong>urinator</strong></span> <span class='ocrx_word' id='word_1_383' title='bbox 1690 3040 1814 3099; x_wconf 88' lang='lat' dir='ltr'><strong>atti-</strong></span> 
     </span>
    </p>
   </div>
   <div class='ocr_carea' id='block_1_48' title="bbox 136 3137 1817 3217">
    <p class='ocr_par' dir='ltr' id='par_1_48' title="bbox 136 3137 1817 3217">
     <span class='ocr_line' id='line_1_48' title="bbox 136 3137 1817 3217; baseline -0.008 -10"><span class='ocrx_word' id='word_1_384' title='bbox 136 3152 139 3155; x_wconf 65' lang='grc'><em>“</em></span> <span class='ocrx_word' id='word_1_385' title='bbox 213 3164 345 3207; x_wconf 81' lang='lat' dir='ltr'><strong>nec.</strong></span> <span class='ocrx_word' id='word_1_386' title='bbox 374 3147 544 3217; x_wconf 85' lang='lat' dir='ltr'><strong>Cujus</strong></span> <span class='ocrx_word' id='word_1_387' title='bbox 590 3152 850 3201; x_wconf 87' lang='lat' dir='ltr'><strong>renovato</strong></span> <span class='ocrx_word' id='word_1_388' title='bbox 891 3154 1032 3197; x_wconf 87' lang='lat' dir='ltr'><strong>nunc</strong></span> <span class='ocrx_word' id='word_1_389' title='bbox 1062 3140 1297 3211; x_wconf 89' lang='lat' dir='ltr'><strong>primum</strong></span> <span class='ocrx_word' id='word_1_390' title='bbox 1346 3138 1557 3208; x_wconf 87' lang='lat' dir='ltr'><strong>lumini,</strong></span> <span class='ocrx_word' id='word_1_391' title='bbox 1588 3137 1730 3209; x_wconf 85' lang='lat' dir='ltr'><strong>quod</strong></span> <span class='ocrx_word' id='word_1_392' title='bbox 1763 3143 1817 3195; x_wconf 90' lang='lat' dir='ltr'><strong>te</strong></span> 
     </span>
    </p>
   </div>
   <div class='ocr_carea' id='block_1_49' title="bbox 216 3232 1816 3317">
    <p class='ocr_par' dir='ltr' id='par_1_49' title="bbox 216 3232 1816 3317">
     <span class='ocr_line' id='line_1_49' title="bbox 216 3232 1816 3317; baseline -0.009 -16"><span class='ocrx_word' id='word_1_393' title='bbox 216 3245 401 3317; x_wconf 89' lang='lat' dir='ltr'><strong>potius</strong></span> <span class='ocrx_word' id='word_1_394' title='bbox 436 3240 663 3299; x_wconf 76' lang='lat' dir='ltr'><strong>dixerim</strong></span> <span class='ocrx_word' id='word_1_395' title='bbox 709 3237 1040 3295; x_wconf 84' lang='lat' dir='ltr'><strong>laudatorem</strong></span> <span class='ocrx_word' id='word_1_396' title='bbox 1083 3234 1296 3305; x_wconf 89' lang='lat' dir='ltr'><strong>publica</strong></span> <span class='ocrx_word' id='word_1_397' title='bbox 1323 3247 1485 3290; x_wconf 88' lang='lat' dir='ltr'><strong>causa</strong></span> <span class='ocrx_word' id='word_1_398' title='bbox 1536 3239 1639 3290; x_wconf 86' lang='lat' dir='ltr'><strong>est.</strong></span> <span class='ocrx_word' id='word_1_399' title='bbox 1682 3232 1816 3303; x_wconf 86' lang='lat' dir='ltr'><strong>Ejus</strong></span> 
     </span>
    </p>
   </div>
   <div class='ocr_carea' id='block_1_50' title="bbox 215 3326 1820 3398">
    <p class='ocr_par' dir='ltr' id='par_1_50' title="bbox 215 3326 1820 3398">
     <span class='ocr_line' id='line_1_50' title="bbox 215 3326 1820 3398; baseline -0.009 -1"><span class='ocrx_word' id='word_1_400' title='bbox 215 3340 365 3397; x_wconf 89' lang='lat' dir='ltr'><strong>enim</strong></span> <span class='ocrx_word' id='word_1_401' title='bbox 418 3334 877 3393; x_wconf 81' lang='lat' dir='ltr'><strong>contesseratione</strong></span> <span class='ocrx_word' id='word_1_402' title='bbox 918 3330 1107 3391; x_wconf 88' lang='lat' dir='ltr'><strong>debuit</strong></span> <span class='ocrx_word' id='word_1_403' title='bbox 1150 3328 1435 3387; x_wconf 81' lang='lat' dir='ltr'><strong>Africanus</strong></span> <span class='ocrx_word' id='word_1_404' title='bbox 1477 3326 1709 3398; x_wconf 67' lang='lat' dir='ltr'><strong>praeui,</strong></span> <span class='ocrx_word' id='word_1_405' title='bbox 1740 3334 1820 3383; x_wconf 92' lang='lat' dir='ltr'><strong>tot</strong></span> 
     </span>
    </p>
   </div>
   <div class='ocr_carea' id='block_1_51' title="bbox 214 3419 1816 3500">
    <p class='ocr_par' dir='ltr' id='par_1_51' title="bbox 214 3419 1816 3500">
     <span class='ocr_line' id='line_1_51' title="bbox 214 3419 1816 3500; baseline -0.008 -11"><span class='ocrx_word' id='word_1_406' title='bbox 214 3433 351 3489; x_wconf 89' lang='lat' dir='ltr'><strong>olim</strong></span> <span class='ocrx_word' id='word_1_407' title='bbox 390 3427 720 3500; x_wconf 77' lang='lat' dir='ltr'><strong>synodorum</strong></span> <span class='ocrx_word' id='word_1_408' title='bbox 753 3425 967 3497; x_wconf 85' lang='lat' dir='ltr'><strong>genius,</strong></span> <span class='ocrx_word' id='word_1_409' title='bbox 1022 3423 1399 3493; x_wconf 82' lang='lat' dir='ltr'><strong>episcoporum</strong></span> <span class='ocrx_word' id='word_1_410' title='bbox 1448 3421 1633 3492; x_wconf 87' lang='lat' dir='ltr'><strong>lingua</strong></span> <span class='ocrx_word' id='word_1_411' title='bbox 1670 3419 1816 3477; x_wconf 84' lang='lat' dir='ltr'><strong>cala-</strong></span> 
     </span>
    </p>
   </div>
   <div class='ocr_carea' id='block_1_52' title="bbox 218 3512 1823 3595">
    <p class='ocr_par' dir='ltr' id='par_1_52' title="bbox 218 3512 1823 3595">
     <span class='ocr_line' id='line_1_52' title="bbox 218 3512 1823 3595; baseline -0.008 -13"><span class='ocrx_word' id='word_1_412' title='bbox 218 3538 450 3595; x_wconf 80' lang='lat' dir='ltr'><strong>mosque</strong></span> <span class='ocrx_word' id='word_1_413' title='bbox 480 3521 668 3589; x_wconf 86' lang='lat' dir='ltr'><strong>foveri.</strong></span> <span class='ocrx_word' id='word_1_414' title='bbox 693 3520 785 3591; x_wconf 91' lang='lat' dir='ltr'><strong>qui</strong></span> <span class='ocrx_word' id='word_1_415' title='bbox 819 3517 962 3581; x_wconf 88' lang='lat' dir='ltr'><strong>veris</strong></span> <span class='ocrx_word' id='word_1_416' title='bbox 994 3515 1143 3587; x_wconf 85' lang='lat' dir='ltr'><strong>pallii</strong></span> <span class='ocrx_word' id='word_1_417' title='bbox 1166 3514 1436 3586; x_wconf 84' lang='lat' dir='ltr'><strong>justisque</strong></span> <span class='ocrx_word' id='word_1_418' title='bbox 1466 3512 1739 3586; x_wconf 82' lang='lat' dir='ltr'><strong>mysteriis</strong></span> <span class='ocrx_word' id='word_1_419' title='bbox 1765 3520 1823 3570; x_wconf 90' lang='lat' dir='ltr'><strong>et</strong></span> 
     </span>
    </p>
   </div>
   <div class='ocr_carea' id='block_1_53' title="bbox 219 3606 1436 3678">
    <p class='ocr_par' dir='ltr' id='par_1_53' title="bbox 219 3606 1436 3678">
     <span class='ocr_line' id='line_1_53' title="bbox 219 3606 1436 3678; baseline -0.014 -3"><span class='ocrx_word' id='word_1_420' title='bbox 219 3624 429 3675; x_wconf 84' lang='lat' dir='ltr'><strong>tractus</strong></span> <span class='ocrx_word' id='word_1_421' title='bbox 456 3612 625 3675; x_wconf 80' lang='lat' dir='ltr'><strong>nostri</strong></span> <span class='ocrx_word' id='word_1_422' title='bbox 656 3621 705 3666; x_wconf 90' lang='lat' dir='ltr'><strong>et</strong></span> <span class='ocrx_word' id='word_1_423' title='bbox 742 3607 1016 3667; x_wconf 77' lang='lat' dir='ltr'><strong>Gallorum</strong></span> <span class='ocrx_word' id='word_1_424' title='bbox 1044 3606 1241 3678; x_wconf 76' lang='lat' dir='ltr'><strong>legatus</strong></span> <span class='ocrx_word' id='word_1_425' title='bbox 1266 3606 1436 3663; x_wconf 86' lang='lat' dir='ltr'><strong>audit.</strong></span> 
     </span>
    </p>
   </div>
   <div class='ocr_carea' id='block_1_54' title="bbox 295 3719 1821 3793">
    <p class='ocr_par' dir='ltr' id='par_1_54' title="bbox 295 3719 1821 3793">
     <span class='ocr_line' id='line_1_54' title="bbox 295 3719 1821 3793; baseline -0.007 -8"><span class='ocrx_word' id='word_1_426' title='bbox 295 3727 529 3785; x_wconf 78' lang='lat' dir='ltr'><strong>Narrant</strong></span> <span class='ocrx_word' id='word_1_427' title='bbox 571 3725 808 3783; x_wconf 83' lang='lat' dir='ltr'><strong>Annales</strong></span> <span class='ocrx_word' id='word_1_428' title='bbox 846 3723 1202 3793; x_wconf 80' lang='lat' dir='ltr'><strong>Hispanarum</strong></span> <span class='ocrx_word' id='word_1_429' title='bbox 1246 3735 1456 3788; x_wconf 88' lang='lat' dir='ltr'><strong>rerum,</strong></span> <span class='ocrx_word' id='word_1_430' title='bbox 1503 3719 1605 3777; x_wconf 88' lang='lat' dir='ltr'><strong>sub</strong></span> <span class='ocrx_word' id='word_1_431' title='bbox 1647 3734 1821 3775; x_wconf 77' lang='lat' dir='ltr'><strong>tevum</strong></span> 
     </span>
    </p>
   </div>
   <div class='ocr_carea' id='block_1_55' title="bbox 223 3811 1825 3891">
    <p class='ocr_par' dir='ltr' id='par_1_55' title="bbox 223 3811 1825 3891">
     <span class='ocr_line' id='line_1_55' title="bbox 223 3811 1825 3891; baseline -0.008 -12"><span class='ocrx_word' id='word_1_432' title='bbox 223 3823 356 3889; x_wconf 84' lang='lat'><strong>685,</strong></span> <span class='ocrx_word' id='word_1_433' title='bbox 374 3821 712 3891; x_wconf 85' lang='lat' dir='ltr'><strong>principante</strong></span> <span class='ocrx_word' id='word_1_434' title='bbox 730 3816 907 3873; x_wconf 89' lang='lat' dir='ltr'><strong>Gotho</strong></span> <span class='ocrx_word' id='word_1_435' title='bbox 927 3814 1291 3872; x_wconf 83' lang='lat' dir='ltr'><strong>Cindasuinda</strong></span> <span class='ocrx_word' id='word_1_436' title='bbox 1310 3855 1324 3881; x_wconf 94' lang='lat'><strong>,</strong></span> <span class='ocrx_word' id='word_1_437' title='bbox 1355 3812 1615 3870; x_wconf 87' lang='lat' dir='ltr'><strong>collectos</strong></span> <span class='ocrx_word' id='word_1_438' title='bbox 1645 3811 1825 3868; x_wconf 86' lang='lat' dir='ltr'><strong>Toleti</strong></span> 
     </span>
    </p>
   </div>
   <div class='ocr_carea' id='block_1_56' title="bbox 225 3904 1821 3988">
    <p class='ocr_par' dir='ltr' id='par_1_56' title="bbox 225 3904 1821 3988">
     <span class='ocr_line' id='line_1_56' title="bbox 225 3904 1821 3988; baseline -0.009 -15"><span class='ocrx_word' id='word_1_439' title='bbox 225 3916 489 3988; x_wconf 77' lang='lat' dir='ltr'><strong>praesules</strong></span> <span class='ocrx_word' id='word_1_440' title='bbox 516 3914 587 3971; x_wconf 76' lang='lat'><strong>50</strong></span> <span class='ocrx_word' id='word_1_441' title='bbox 613 3911 837 3984; x_wconf 86' lang='lat' dir='ltr'><strong>(Concil.</strong></span> <span class='ocrx_word' id='word_1_442' title='bbox 861 3908 981 3964; x_wconf 87' lang='lat' dir='ltr'><strong>Tol.</strong></span> <span class='ocrx_word' id='word_1_443' title='bbox 1002 3919 1048 3964; x_wconf 85' lang='lat' dir='ltr'><strong>et</strong></span> <span class='ocrx_word' id='word_1_444' title='bbox 1075 3909 1157 3979; x_wconf 88' lang='lat'><strong>7),</strong></span> <span class='ocrx_word' id='word_1_445' title='bbox 1187 3922 1311 3964; x_wconf 91' lang='lat' dir='ltr'><strong>cum</strong></span> <span class='ocrx_word' id='word_1_446' title='bbox 1345 3906 1631 3962; x_wconf 86' lang='lat' dir='ltr'><strong>Moralium</strong></span> <span class='ocrx_word' id='word_1_447' title='bbox 1660 3904 1821 3972; x_wconf 86' lang='lat' dir='ltr'><strong>liber,</strong></span> 
     </span>
    </p>
   </div>
   <div class='ocr_carea' id='block_1_57' title="bbox 226 3998 1828 4085">
    <p class='ocr_par' dir='ltr' id='par_1_57' title="bbox 226 3998 1828 4085">
     <span class='ocr_line' id='line_1_57' title="bbox 226 3998 1828 4085; baseline -0.01 -18"><span class='ocrx_word' id='word_1_448' title='bbox 226 4026 386 4085; x_wconf 87' lang='lat' dir='ltr'><strong>quem</strong></span> <span class='ocrx_word' id='word_1_449' title='bbox 420 4009 546 4064; x_wconf 91' lang='lat' dir='ltr'><strong>olim</strong></span> <span class='ocrx_word' id='word_1_450' title='bbox 574 4005 822 4063; x_wconf 86' lang='lat' dir='ltr'><strong>Leandro</strong></span> <span class='ocrx_word' id='word_1_451' title='bbox 852 4002 1156 4073; x_wconf 87' lang='lat' dir='ltr'><strong>Hispalensi</strong></span> <span class='ocrx_word' id='word_1_452' title='bbox 1182 4000 1508 4057; x_wconf 82' lang='lat' dir='ltr'><strong>sollicitante</strong></span> <span class='ocrx_word' id='word_1_453' title='bbox 1528 3998 1828 4056; x_wconf 88' lang='lat' dir='ltr'><strong>dictaverat</strong></span> 
     </span>
    </p>
   </div>
   <div class='ocr_carea' id='block_1_58' title="bbox 226 4094 1829 4177">
    <p class='ocr_par' dir='ltr' id='par_1_58' title="bbox 226 4094 1829 4177">
     <span class='ocr_line' id='line_1_58' title="bbox 226 4094 1829 4177; baseline -0.009 -14"><span class='ocrx_word' id='word_1_454' title='bbox 226 4119 456 4177; x_wconf 82' lang='lat' dir='ltr'><strong>magnus</strong></span> <span class='ocrx_word' id='word_1_455' title='bbox 484 4100 958 4170; x_wconf 88' lang='lat' dir='ltr'><strong>sanctissimusque</strong></span> <span class='ocrx_word' id='word_1_456' title='bbox 988 4096 1304 4169; x_wconf 85' lang='lat' dir='ltr'><strong>Gregorius,</strong></span> <span class='ocrx_word' id='word_1_457' title='bbox 1335 4094 1475 4150; x_wconf 89' lang='lat' dir='ltr'><strong>haud</strong></span> <span class='ocrx_word' id='word_1_458' title='bbox 1521 4101 1829 4165; x_wconf 90' lang='lat' dir='ltr'><strong>superesset</strong></span> 
     </span>
    </p>
   </div>
   <div class='ocr_carea' id='block_1_59' title="bbox 229 4187 1823 4273">
    <p class='ocr_par' dir='ltr' id='par_1_59' title="bbox 229 4187 1823 4273">
     <span class='ocr_line' id='line_1_59' title="bbox 229 4187 1823 4273; baseline -0.01 -16"><span class='ocrx_word' id='word_1_459' title='bbox 229 4201 481 4273; x_wconf 84' lang='lat' dir='ltr'><strong>amplius,</strong></span> <span class='ocrx_word' id='word_1_460' title='bbox 514 4197 782 4253; x_wconf 85' lang='lat' dir='ltr'><strong>delectum</strong></span> <span class='ocrx_word' id='word_1_461' title='bbox 807 4189 1224 4263; x_wconf 71' lang='lat' dir='ltr'><strong>suﬂ’ragantibus</strong></span> <span class='ocrx_word' id='word_1_462' title='bbox 1252 4189 1521 4261; x_wconf 90' lang='lat' dir='ltr'><strong>episcopis</strong></span> <span class='ocrx_word' id='word_1_463' title='bbox 1556 4187 1823 4259; x_wconf 87' lang='lat' dir='ltr'><strong>Tajonem</strong></span> 
     </span>
    </p>
   </div>
   <div class='ocr_carea' id='block_1_60' title="bbox 226 4284 1823 4367">
    <p class='ocr_par' dir='ltr' id='par_1_60' title="bbox 226 4284 1823 4367">
     <span class='ocr_line' id='line_1_60' title="bbox 226 4284 1823 4367; baseline -0.012 -13"><span class='ocrx_word' id='word_1_464' title='bbox 226 4295 791 4367; x_wconf 70' lang='lat' dir='ltr'><strong>Caesaraugustanum,</strong></span> <span class='ocrx_word' id='word_1_465' title='bbox 821 4285 1080 4356; x_wconf 83' lang='lat' dir='ltr'><strong>religione</strong></span> <span class='ocrx_word' id='word_1_466' title='bbox 1102 4284 1516 4353; x_wconf 90' lang='lat' dir='ltr'><strong>litteraturaque</strong></span> <span class='ocrx_word' id='word_1_467' title='bbox 1544 4289 1823 4352; x_wconf 69' lang='lat' dir='ltr'><strong>praestan-</strong></span> 
     </span>
    </p>
   </div>
   <div class='ocr_carea' id='block_1_61' title="bbox 229 4378 1827 4460">
    <p class='ocr_par' dir='ltr' id='par_1_61' title="bbox 229 4378 1827 4460">
     <span class='ocr_line' id='line_1_61' title="bbox 229 4378 1827 4460; baseline -0.012 -11"><span class='ocrx_word' id='word_1_468' title='bbox 229 4401 365 4460; x_wconf 90' lang='lat' dir='ltr'><strong>tem,</strong></span> <span class='ocrx_word' id='word_1_469' title='bbox 390 4388 480 4460; x_wconf 91' lang='lat' dir='ltr'><strong>qui</strong></span> <span class='ocrx_word' id='word_1_470' title='bbox 503 4386 745 4442; x_wconf 82' lang='lat' dir='ltr'><strong>Romana</strong></span> <span class='ocrx_word' id='word_1_471' title='bbox 774 4381 971 4439; x_wconf 88' lang='lat' dir='ltr'><strong>scrinia</strong></span> <span class='ocrx_word' id='word_1_472' title='bbox 1012 4379 1321 4445; x_wconf 89' lang='lat' dir='ltr'><strong>consulens,</strong></span> <span class='ocrx_word' id='word_1_473' title='bbox 1378 4378 1607 4434; x_wconf 88' lang='lat' dir='ltr'><strong>amissos</strong></span> <span class='ocrx_word' id='word_1_474' title='bbox 1647 4385 1827 4431; x_wconf 89' lang='lat' dir='ltr'><strong>custo-</strong></span> 
     </span>
    </p>
   </div>
   <div class='ocr_carea' id='block_1_62' title="bbox 231 4468 1829 4552">
    <p class='ocr_par' dir='ltr' id='par_1_62' title="bbox 231 4468 1829 4552">
     <span class='ocr_line' id='line_1_62' title="bbox 231 4468 1829 4552; baseline -0.011 -11"><span class='ocrx_word' id='word_1_475' title='bbox 231 4487 361 4541; x_wconf 91' lang='lat' dir='ltr'><strong>dum</strong></span> <span class='ocrx_word' id='word_1_476' title='bbox 382 4479 708 4552; x_wconf 83' lang='lat' dir='ltr'><strong>negligentla</strong></span> <span class='ocrx_word' id='word_1_477' title='bbox 737 4476 905 4533; x_wconf 88' lang='lat' dir='ltr'><strong>libros</strong></span> <span class='ocrx_word' id='word_1_478' title='bbox 936 4473 1186 4544; x_wconf 84' lang='lat' dir='ltr'><strong>Hispanis</strong></span> <span class='ocrx_word' id='word_1_479' title='bbox 1222 4470 1476 4528; x_wconf 88' lang='lat' dir='ltr'><strong>redderet</strong></span> <span class='ocrx_word' id='word_1_480' title='bbox 1503 4470 1636 4526; x_wconf 90' lang='lat' dir='ltr'><strong>suis.</strong></span> <span class='ocrx_word' id='word_1_481' title='bbox 1669 4468 1829 4538; x_wconf 85' lang='lat' dir='ltr'><strong>Quod</strong></span> 
     </span>
    </p>
   </div>
   <div class='ocr_carea' id='block_1_63' title="bbox 1917 2288 3509 2368">
    <p class='ocr_par' dir='ltr' id='par_1_63' title="bbox 1917 2288 3509 2368">
     <span class='ocr_line' id='line_1_63' title="bbox 1917 2288 3509 2368; baseline -0.008 -14"><span class='ocrx_word' id='word_1_482' title='bbox 1917 2296 2223 2368; x_wconf 81' lang='lat' dir='ltr'><strong>neglexisse</strong></span> <span class='ocrx_word' id='word_1_483' title='bbox 2264 2294 2565 2363; x_wconf 87' lang='lat' dir='ltr'><strong>potuerim,</strong></span> <span class='ocrx_word' id='word_1_484' title='bbox 2597 2292 2777 2364; x_wconf 83' lang='lat' dir='ltr'><strong>magni</strong></span> <span class='ocrx_word' id='word_1_485' title='bbox 2826 2304 2912 2351; x_wconf 88' lang='lat' dir='ltr'><strong>me</strong></span> <span class='ocrx_word' id='word_1_486' title='bbox 2952 2289 3173 2348; x_wconf 87' lang='lat' dir='ltr'><strong>sceleris</strong></span> <span class='ocrx_word' id='word_1_487' title='bbox 3222 2288 3509 2357; x_wconf 84' lang='lat' dir='ltr'><strong>impiatum</strong></span> 
     </span>
    </p>
   </div>
   <div class='ocr_carea' id='block_1_64' title="bbox 1912 2379 3512 2457">
    <p class='ocr_par' dir='ltr' id='par_1_64' title="bbox 1912 2379 3512 2457">
     <span class='ocr_line' id='line_1_64' title="bbox 1912 2379 3512 2457; baseline -0.008 -10"><span class='ocrx_word' id='word_1_488' title='bbox 1912 2404 2003 2447; x_wconf 90' lang='lat' dir='ltr'><strong>rea</strong></span> <span class='ocrx_word' id='word_1_489' title='bbox 2040 2390 2366 2446; x_wconf 88' lang='lat' dir='ltr'><strong>conscientia</strong></span> <span class='ocrx_word' id='word_1_490' title='bbox 2420 2386 2729 2457; x_wconf 85' lang='lat' dir='ltr'><strong>postulabit.</strong></span> <span class='ocrx_word' id='word_1_491' title='bbox 2764 2384 2847 2440; x_wconf 83' lang='lat' dir='ltr'><strong>Tu</strong></span> <span class='ocrx_word' id='word_1_492' title='bbox 2876 2384 3095 2440; x_wconf 83' lang='lat' dir='ltr'><strong>fratrem</strong></span> <span class='ocrx_word' id='word_1_493' title='bbox 3125 2379 3461 2438; x_wconf 89' lang='lat' dir='ltr'><strong>carissimum</strong></span> <span class='ocrx_word' id='word_1_494' title='bbox 3485 2390 3512 2444; x_wconf 84' lang='lat'><strong><em>;</em></strong></span> 
     </span>
    </p>
   </div>
   <div class='ocr_carea' id='block_1_65' title="bbox 1913 2470 3504 2555">
    <p class='ocr_par' dir='ltr' id='par_1_65' title="bbox 1913 2470 3504 2555">
     <span class='ocr_line' id='line_1_65' title="bbox 1913 2470 3504 2555; baseline -0.008 -15"><span class='ocrx_word' id='word_1_495' title='bbox 1913 2484 2110 2555; x_wconf 91' lang='lat' dir='ltr'><strong>quietis</strong></span> <span class='ocrx_word' id='word_1_496' title='bbox 2140 2484 2351 2553; x_wconf 89' lang='lat' dir='ltr'><strong>privata</strong></span> <span class='ocrx_word' id='word_1_497' title='bbox 2378 2480 2584 2538; x_wconf 86' lang='lat' dir='ltr'><strong>deliciis</strong></span> <span class='ocrx_word' id='word_1_498' title='bbox 2611 2478 3012 2548; x_wconf 89' lang='lat' dir='ltr'><strong>severiorisque</strong></span> <span class='ocrx_word' id='word_1_499' title='bbox 3057 2470 3318 2546; x_wconf 90' lang='lat' dir='ltr'><strong>propositi</strong></span> <span class='ocrx_word' id='word_1_500' title='bbox 3353 2470 3504 2542; x_wconf 84' lang='lat' dir='ltr'><strong>cogi-</strong></span> 
     </span>
    </p>
   </div>
   <div class='ocr_carea' id='block_1_66' title="bbox 1917 2570 3506 2642">
    <p class='ocr_par' dir='ltr' id='par_1_66' title="bbox 1917 2570 3506 2642">
     <span class='ocr_line' id='line_1_66' title="bbox 1917 2570 3506 2642; baseline -0.008 -10"><span class='ocrx_word' id='word_1_501' title='bbox 1917 2578 2204 2634; x_wconf 88' lang='lat' dir='ltr'><strong>tationibus</strong></span> <span class='ocrx_word' id='word_1_502' title='bbox 2234 2577 2567 2642; x_wconf 88' lang='lat' dir='ltr'><strong>immersum,</strong></span> <span class='ocrx_word' id='word_1_503' title='bbox 2607 2573 2693 2631; x_wconf 83' lang='lat' dir='ltr'><strong>vix</strong></span> <span class='ocrx_word' id='word_1_504' title='bbox 2724 2581 2779 2630; x_wconf 88' lang='lat' dir='ltr'><strong>et</strong></span> <span class='ocrx_word' id='word_1_505' title='bbox 2805 2570 3097 2641; x_wconf 83' lang='lat' dir='ltr'><strong>cognitum,</strong></span> <span class='ocrx_word' id='word_1_506' title='bbox 3152 2580 3254 2625; x_wconf 91' lang='lat' dir='ltr'><strong>nec</strong></span> <span class='ocrx_word' id='word_1_507' title='bbox 3282 2579 3506 2636; x_wconf 88' lang='lat' dir='ltr'><strong>speran-</strong></span> 
     </span>
    </p>
   </div>
   <div class='ocr_carea' id='block_1_67' title="bbox 1916 2656 3508 2739">
    <p class='ocr_par' dir='ltr' id='par_1_67' title="bbox 1916 2656 3508 2739">
     <span class='ocr_line' id='line_1_67' title="bbox 1916 2656 3508 2739; baseline -0.009 -11"><span class='ocrx_word' id='word_1_508' title='bbox 1916 2680 2045 2736; x_wconf 90' lang='lat' dir='ltr'><strong>tem,</strong></span> <span class='ocrx_word' id='word_1_509' title='bbox 2096 2670 2324 2728; x_wconf 88' lang='lat' dir='ltr'><strong>solemni</strong></span> <span class='ocrx_word' id='word_1_510' title='bbox 2373 2668 2698 2739; x_wconf 89' lang='lat' dir='ltr'><strong>benigniatis</strong></span> <span class='ocrx_word' id='word_1_511' title='bbox 2741 2668 2862 2723; x_wconf 90' lang='lat' dir='ltr'><strong>luce</strong></span> <span class='ocrx_word' id='word_1_512' title='bbox 2904 2660 3199 2734; x_wconf 86' lang='lat' dir='ltr'><strong>perfundis,</strong></span> <span class='ocrx_word' id='word_1_513' title='bbox 3252 2666 3309 2715; x_wconf 92' lang='lat' dir='ltr'><strong>et</strong></span> <span class='ocrx_word' id='word_1_514' title='bbox 3350 2656 3508 2713; x_wconf 87' lang='lat' dir='ltr'><strong>resti-</strong></span> 
     </span>
    </p>
   </div>
   <div class='ocr_carea' id='block_1_68' title="bbox 1918 2750 3510 2834">
    <p class='ocr_par' dir='ltr' id='par_1_68' title="bbox 1918 2750 3510 2834">
     <span class='ocr_line' id='line_1_68' title="bbox 1918 2750 3510 2834; baseline -0.013 -12"><span class='ocrx_word' id='word_1_515' title='bbox 1918 2774 2116 2823; x_wconf 88' lang='lat' dir='ltr'><strong>tantem</strong></span> <span class='ocrx_word' id='word_1_516' title='bbox 2149 2780 2287 2834; x_wconf 89' lang='lat' dir='ltr'><strong>pene</strong></span> <span class='ocrx_word' id='word_1_517' title='bbox 2316 2766 2394 2820; x_wconf 92' lang='lat' dir='ltr'><strong>sic</strong></span> <span class='ocrx_word' id='word_1_518' title='bbox 2424 2776 2674 2832; x_wconf 89' lang='lat' dir='ltr'><strong>occupas,</strong></span> <span class='ocrx_word' id='word_1_519' title='bbox 2706 2768 2766 2817; x_wconf 90' lang='lat' dir='ltr'><strong>ut</strong></span> <span class='ocrx_word' id='word_1_520' title='bbox 2794 2758 2859 2815; x_wconf 87' lang='lat' dir='ltr'><strong>ad</strong></span> <span class='ocrx_word' id='word_1_521' title='bbox 2891 2755 3022 2813; x_wconf 86' lang='lat' dir='ltr'><strong>tanti</strong></span> <span class='ocrx_word' id='word_1_522' title='bbox 3050 2754 3180 2815; x_wconf 89' lang='lat' dir='ltr'><strong>solis</strong></span> <span class='ocrx_word' id='word_1_523' title='bbox 3206 2750 3419 2816; x_wconf 86' lang='lat' dir='ltr'><strong>radios,</strong></span> <span class='ocrx_word' id='word_1_524' title='bbox 3451 2752 3510 2804; x_wconf 82' lang='lat' dir='ltr'><strong>et</strong></span> 
     </span>
    </p>
   </div>
   <div class='ocr_carea' id='block_1_69' title="bbox 1916 2840 3508 2925">
    <p class='ocr_par' dir='ltr' id='par_1_69' title="bbox 1916 2840 3508 2925">
     <span class='ocr_line' id='line_1_69' title="bbox 1916 2840 3508 2925; baseline -0.011 -10"><span class='ocrx_word' id='word_1_525' title='bbox 1916 2859 2027 2915; x_wconf 88' lang='lat' dir='ltr'><strong>vita</strong></span> <span class='ocrx_word' id='word_1_526' title='bbox 2050 2874 2109 2915; x_wconf 91' lang='lat' dir='ltr'><strong>se</strong></span> <span class='ocrx_word' id='word_1_527' title='bbox 2138 2858 2335 2924; x_wconf 87' lang='lat' dir='ltr'><strong>omnis,</strong></span> <span class='ocrx_word' id='word_1_528' title='bbox 2368 2866 2423 2913; x_wconf 91' lang='lat' dir='ltr'><strong>et</strong></span> <span class='ocrx_word' id='word_1_529' title='bbox 2450 2855 2654 2925; x_wconf 84' lang='lat' dir='ltr'><strong>reliqua</strong></span> <span class='ocrx_word' id='word_1_530' title='bbox 2686 2852 2875 2922; x_wconf 81' lang='lat' dir='ltr'><strong>siquae</strong></span> <span class='ocrx_word' id='word_1_531' title='bbox 2906 2858 2987 2907; x_wconf 83' lang='lat' dir='ltr'><strong>est</strong></span> <span class='ocrx_word' id='word_1_532' title='bbox 3014 2847 3225 2905; x_wconf 84' lang='lat' dir='ltr'><strong>fortuna</strong></span> <span class='ocrx_word' id='word_1_533' title='bbox 3251 2840 3508 2902; x_wconf 90' lang='lat' dir='ltr'><strong>commit-</strong></span> 
     </span>
    </p>
   </div>
   <div class='ocr_carea' id='block_1_70' title="bbox 1918 2938 3511 3019">
    <p class='ocr_par' dir='ltr' id='par_1_70' title="bbox 1918 2938 3511 3019">
     <span class='ocr_line' id='line_1_70' title="bbox 1918 2938 3511 3019; baseline -0.011 -12"><span class='ocrx_word' id='word_1_534' title='bbox 1918 2958 2012 3007; x_wconf 87' lang='lat' dir='ltr'><strong>tat.</strong></span> <span class='ocrx_word' id='word_1_535' title='bbox 2046 2949 2163 3007; x_wconf 85' lang='lat' dir='ltr'><strong>Stet</strong></span> <span class='ocrx_word' id='word_1_536' title='bbox 2184 2949 2343 3019; x_wconf 88' lang='lat' dir='ltr'><strong>igitur</strong></span> <span class='ocrx_word' id='word_1_537' title='bbox 2373 2947 2424 3003; x_wconf 91' lang='lat' dir='ltr'><strong>in</strong></span> <span class='ocrx_word' id='word_1_538' title='bbox 2457 2945 2663 3002; x_wconf 85' lang='lat' dir='ltr'><strong>foribus</strong></span> <span class='ocrx_word' id='word_1_539' title='bbox 2694 2940 3055 3014; x_wconf 86' lang='lat' dir='ltr'><strong>augustissimi</strong></span> <span class='ocrx_word' id='word_1_540' title='bbox 3081 2938 3263 3010; x_wconf 90' lang='lat' dir='ltr'><strong>operis</strong></span> <span class='ocrx_word' id='word_1_541' title='bbox 3292 2947 3511 2994; x_wconf 88' lang='lat' dir='ltr'><strong>sacrum</strong></span> 
     </span>
    </p>
   </div>
   <div class='ocr_carea' id='block_1_71' title="bbox 1920 3025 3510 3112">
    <p class='ocr_par' dir='ltr' id='par_1_71' title="bbox 1920 3025 3510 3112">
     <span class='ocr_line' id='line_1_71' title="bbox 1920 3025 3510 3112; baseline -0.011 -12"><span class='ocrx_word' id='word_1_542' title='bbox 1920 3043 2269 3112; x_wconf 87' lang='lat' dir='ltr'><strong>solemneque</strong></span> <span class='ocrx_word' id='word_1_543' title='bbox 2296 3040 2402 3097; x_wconf 88' lang='lat' dir='ltr'><strong>hoc</strong></span> <span class='ocrx_word' id='word_1_544' title='bbox 2428 3038 2734 3104; x_wconf 85' lang='lat' dir='ltr'><strong>anathema,</strong></span> <span class='ocrx_word' id='word_1_545' title='bbox 2782 3036 2921 3107; x_wconf 92' lang='lat' dir='ltr'><strong>quod</strong></span> <span class='ocrx_word' id='word_1_546' title='bbox 2953 3031 3125 3090; x_wconf 85' lang='lat' dir='ltr'><strong>amori</strong></span> <span class='ocrx_word' id='word_1_547' title='bbox 3174 3041 3267 3087; x_wconf 85' lang='lat' dir='ltr'><strong>tuo</strong></span> <span class='ocrx_word' id='word_1_548' title='bbox 3313 3025 3510 3086; x_wconf 51' lang='lat' dir='ltr'><strong>benifl:</strong></span> 
     </span>
    </p>
   </div>
   <div class='ocr_carea' id='block_1_72' title="bbox 1918 3121 3509 3207">
    <p class='ocr_par' dir='ltr' id='par_1_72' title="bbox 1918 3121 3509 3207">
     <span class='ocr_line' id='line_1_72' title="bbox 1918 3121 3509 3207; baseline -0.01 -14"><span class='ocrx_word' id='word_1_549' title='bbox 1918 3137 2127 3207; x_wconf 90' lang='lat' dir='ltr'><strong>ciisque</strong></span> <span class='ocrx_word' id='word_1_550' title='bbox 2155 3136 2343 3192; x_wconf 88' lang='lat' dir='ltr'><strong>lubens</strong></span> <span class='ocrx_word' id='word_1_551' title='bbox 2365 3135 2557 3191; x_wconf 89' lang='lat' dir='ltr'><strong>merito</strong></span> <span class='ocrx_word' id='word_1_552' title='bbox 2578 3130 2776 3189; x_wconf 87' lang='lat' dir='ltr'><strong>familia</strong></span> <span class='ocrx_word' id='word_1_553' title='bbox 2797 3130 2979 3187; x_wconf 90' lang='lat' dir='ltr'><strong>omnis</strong></span> <span class='ocrx_word' id='word_1_554' title='bbox 3004 3126 3225 3199; x_wconf 85' lang='lat' dir='ltr'><strong>privatis</strong></span> <span class='ocrx_word' id='word_1_555' title='bbox 3256 3121 3509 3181; x_wconf 86' lang='lat' dir='ltr'><strong>sensibus</strong></span> 
     </span>
    </p>
   </div>
   <div class='ocr_carea' id='block_1_73' title="bbox 1921 3224 3517 3300">
    <p class='ocr_par' dir='ltr' id='par_1_73' title="bbox 1921 3224 3517 3300">
     <span class='ocr_line' id='line_1_73' title="bbox 1921 3224 3517 3300; baseline -0.011 -13"><span class='ocrx_word' id='word_1_556' title='bbox 1921 3230 2132 3300; x_wconf 90' lang='lat' dir='ltr'><strong>publica</strong></span> <span class='ocrx_word' id='word_1_557' title='bbox 2167 3230 2452 3285; x_wconf 90' lang='lat' dir='ltr'><strong>devotione</strong></span> <span class='ocrx_word' id='word_1_558' title='bbox 2489 3224 2790 3296; x_wconf 88' lang='lat' dir='ltr'><strong>suspendit.</strong></span> <span class='ocrx_word' id='word_1_559' title='bbox 2821 3224 2990 3290; x_wconf 85' lang='lat' dir='ltr'><strong>Quam</strong></span> <span class='ocrx_word' id='word_1_560' title='bbox 3021 3230 3281 3276; x_wconf 60' lang='lat' dir='ltr'><strong>internum</strong></span> <span class='ocrx_word' id='word_1_561' title='bbox 3314 3224 3461 3271; x_wconf 86' lang='lat' dir='ltr'><strong>tuam</strong></span> <span class='ocrx_word' id='word_1_562' title='bbox 3494 3234 3517 3283; x_wconf 46' lang='grc' dir='ltr'><strong>,η</strong></span> 
     </span>
    </p>
   </div>
   <div class='ocr_carea' id='block_1_74' title="bbox 1922 3306 3515 3389">
    <p class='ocr_par' dir='ltr' id='par_1_74' title="bbox 1922 3306 3515 3389">
     <span class='ocr_line' id='line_1_74' title="bbox 1922 3306 3515 3389; baseline -0.013 -6"><span class='ocrx_word' id='word_1_563' title='bbox 1922 3339 2072 3382; x_wconf 80' lang='lat' dir='ltr'><strong>saera</strong></span> <span class='ocrx_word' id='word_1_564' title='bbox 2102 3326 2219 3381; x_wconf 74' lang='lat' dir='ltr'><strong>haec</strong></span> <span class='ocrx_word' id='word_1_565' title='bbox 2259 3339 2361 3380; x_wconf 88' lang='lat' dir='ltr'><strong>nec</strong></span> <span class='ocrx_word' id='word_1_566' title='bbox 2389 3322 2655 3379; x_wconf 90' lang='lat' dir='ltr'><strong>moritura</strong></span> <span class='ocrx_word' id='word_1_567' title='bbox 2690 3331 2923 3389; x_wconf 89' lang='lat' dir='ltr'><strong>unquam</strong></span> <span class='ocrx_word' id='word_1_568' title='bbox 2969 3312 3163 3370; x_wconf 84' lang='lat' dir='ltr'><strong>tabella</strong></span> <span class='ocrx_word' id='word_1_569' title='bbox 3207 3306 3515 3369; x_wconf 46' lang='lat' dir='ltr'><strong>damnabit;</strong></span> 
     </span>
    </p>
   </div>
   <div class='ocr_carea' id='block_1_75' title="bbox 1920 3402 3227 3488">
    <p class='ocr_par' dir='ltr' id='par_1_75' title="bbox 1920 3402 3227 3488">
     <span class='ocr_line' id='line_1_75' title="bbox 1920 3402 3227 3488; baseline -0.015 -10"><span class='ocrx_word' id='word_1_570' title='bbox 1920 3419 2207 3488; x_wconf 77' lang='lat' dir='ltr'><strong>Juliomagi</strong></span> <span class='ocrx_word' id='word_1_571' title='bbox 2230 3418 2476 3474; x_wconf 84' lang='lat' dir='ltr'><strong>Andium.</strong></span> <span class='ocrx_word' id='word_1_572' title='bbox 2511 3413 2693 3471; x_wconf 79' lang='lat' dir='ltr'><strong>Pridie</strong></span> <span class='ocrx_word' id='word_1_573' title='bbox 2712 3427 2875 3469; x_wconf 77' lang='lat' dir='ltr'><strong>nonas</strong></span> <span class='ocrx_word' id='word_1_574' title='bbox 2896 3411 3029 3480; x_wconf 77' lang='lat' dir='ltr'><strong>Any.</strong></span> <span class='ocrx_word' id='word_1_575' title='bbox 3065 3402 3227 3463; x_wconf 83' lang='grc'><strong>1616.</strong></span> 
     </span>
    </p>
   </div>
   <div class='ocr_carea' id='block_1_76' title="bbox 2204 3503 2924 3564">
    <p class='ocr_par' dir='ltr' id='par_1_76' title="bbox 2204 3503 2924 3564">
     <span class='ocr_line' id='line_1_76' title="bbox 2204 3503 2924 3564; baseline 0.004 -6"><span class='ocrx_word' id='word_1_576' title='bbox 2204 3503 2482 3560; x_wconf 84' lang='lat' dir='ltr'><strong>lllustriss.</strong></span> <span class='ocrx_word' id='word_1_577' title='bbox 2512 3506 2580 3561; x_wconf 84' lang='lat' dir='ltr'><strong>A.</strong></span> <span class='ocrx_word' id='word_1_578' title='bbox 2614 3507 2675 3562; x_wconf 89' lang='grc' dir='ltr'><strong>Τ.</strong></span> <span class='ocrx_word' id='word_1_579' title='bbox 2711 3507 2924 3564; x_wconf 88' lang='lat' dir='ltr'><strong>deditus</strong></span> 
     </span>
    </p>
   </div>
   <div class='ocr_carea' id='block_1_77' title="bbox 2773 3595 3450 3670">
    <p class='ocr_par' dir='ltr' id='par_1_77' title="bbox 2773 3595 3450 3670">
     <span class='ocr_line' id='line_1_77' title="bbox 2773 3595 3450 3670; baseline -0.003 -13"><span class='ocrx_word' id='word_1_580' title='bbox 2773 3598 3025 3657; x_wconf 88' lang='lat' dir='ltr'><strong>CLAUD.</strong></span> <span class='ocrx_word' id='word_1_581' title='bbox 3048 3595 3450 3670; x_wconf 68' lang='lat' dir='ltr'><strong>numnunc,</strong></span> 
     </span>
    </p>
   </div>
   <div class='ocr_carea' id='block_1_78' title="bbox 2834 3691 3419 3764">
    <p class='ocr_par' dir='ltr' id='par_1_78' title="bbox 2834 3691 3419 3764">
     <span class='ocr_line' id='line_1_78' title="bbox 2834 3691 3419 3764; baseline 0.002 -15"><span class='ocrx_word' id='word_1_582' title='bbox 2834 3695 3095 3763; x_wconf 70' lang='lat' dir='ltr'><strong>Proprtel.</strong></span> <span class='ocrx_word' id='word_1_583' title='bbox 3112 3691 3241 3750; x_wconf 82' lang='lat' dir='ltr'><strong>Urb.</strong></span> <span class='ocrx_word' id='word_1_584' title='bbox 3261 3692 3419 3764; x_wconf 71' lang='lat' dir='ltr'><strong>And.)</strong></span> 
     </span>
    </p>
   </div>
   <div class='ocr_carea' id='block_1_79' title="bbox 2403 3830 3056 3895">
    <p class='ocr_par' dir='ltr' id='par_1_79' title="bbox 2403 3830 3056 3895">
     <span class='ocr_line' id='line_1_79' title="bbox 2403 3830 3056 3895; baseline -0.008 -4"><span class='ocrx_word' id='word_1_585' title='bbox 2403 3830 3056 3895; x_wconf 79' lang='lat' dir='ltr'><strong>ANIMADVERSIONES</strong></span> 
     </span>
    </p>
   </div>
   <div class='ocr_carea' id='block_1_80' title="bbox 2146 3939 3305 3987">
    <p class='ocr_par' dir='ltr' id='par_1_80' title="bbox 2146 3939 3305 3987">
     <span class='ocr_line' id='line_1_80' title="bbox 2146 3939 3305 3987; baseline -0.005 0"><span class='ocrx_word' id='word_1_586' title='bbox 2146 3945 2199 3987; x_wconf 74' lang='lat' dir='ltr'><strong>IN</strong></span> <span class='ocrx_word' id='word_1_587' title='bbox 2228 3942 2355 3985; x_wconf 80' lang='lat' dir='ltr'><strong>OPUS</strong></span> <span class='ocrx_word' id='word_1_588' title='bbox 2386 3942 2759 3984; x_wconf 76' lang='lat' dir='ltr'><strong>IMPERFECTUM</strong></span> <span class='ocrx_word' id='word_1_589' title='bbox 2788 3941 2996 3982; x_wconf 68' lang='lat' dir='ltr'><strong>CONTRA</strong></span> <span class='ocrx_word' id='word_1_590' title='bbox 3025 3939 3305 3985; x_wconf 69' lang='grc' dir='ltr'><strong>ιυιιΑΝωί.</strong></span> 
     </span>
    </p>
   </div>
   <div class='ocr_carea' id='block_1_81' title="bbox 2001 4018 3530 4093">
    <p class='ocr_par' dir='ltr' id='par_1_81' title="bbox 2001 4018 3530 4093">
     <span class='ocr_line' id='line_1_81' title="bbox 2001 4018 3530 4093; baseline -0.003 -12"><span class='ocrx_word' id='word_1_591' title='bbox 2001 4026 2167 4083; x_wconf 80' lang='lat' dir='ltr'><strong>LIBBO</strong></span> <span class='ocrx_word' id='word_1_592' title='bbox 2192 4039 2229 4091; x_wconf 81' lang='grc' dir='ltr'><strong>ι,</strong></span> <span class='ocrx_word' id='word_1_593' title='bbox 2258 4023 2285 4093; x_wconf 87' lang='lat'>§</span> <span class='ocrx_word' id='word_1_594' title='bbox 2321 4024 2375 4079; x_wconf 78' lang='lat'><strong>5.</strong></span> <span class='ocrx_word' id='word_1_595' title='bbox 2398 4021 2645 4078; x_wconf 89' lang='lat' dir='ltr'><strong>Julianus</strong></span> <span class='ocrx_word' id='word_1_596' title='bbox 2671 4019 2739 4075; x_wconf 91' lang='lat' dir='ltr'><strong>de</strong></span> <span class='ocrx_word' id='word_1_597' title='bbox 2762 4019 3092 4089; x_wconf 80' lang='lat' dir='ltr'><strong>AuguStino:</strong></span> <span class='ocrx_word' id='word_1_598' title='bbox 3118 4018 3358 4092; x_wconf 83' lang='lat' dir='ltr'><strong>Hocipso</strong></span> <span class='ocrx_word' id='word_1_599' title='bbox 3377 4035 3530 4092; x_wconf 79' lang='lat' dir='ltr'><strong>quam</strong></span> 
     </span>
    </p>
   </div>
   <div class='ocr_carea' id='block_1_82' title="bbox 1931 4113 3527 4191">
    <p class='ocr_par' dir='ltr' id='par_1_82' title="bbox 1931 4113 3527 4191">
     <span class='ocr_line' id='line_1_82' title="bbox 1931 4113 3527 4191; baseline -0.004 -14"><span class='ocrx_word' id='word_1_600' title='bbox 1931 4124 1996 4187; x_wconf 79' lang='lat' dir='ltr'><strong>sit</strong></span> <span class='ocrx_word' id='word_1_601' title='bbox 2028 4122 2215 4176; x_wconf 76' lang='lat' dir='ltr'><strong>divina:</strong></span> <span class='ocrx_word' id='word_1_602' title='bbox 2238 4118 2363 4191; x_wconf 86' lang='lat' dir='ltr'><strong>legis</strong></span> <span class='ocrx_word' id='word_1_603' title='bbox 2387 4116 2653 4190; x_wconf 85' lang='lat' dir='ltr'><strong>imperitus</strong></span> <span class='ocrx_word' id='word_1_604' title='bbox 2674 4115 2921 4186; x_wconf 84' lang='lat' dir='ltr'><strong>interpres</strong></span> <span class='ocrx_word' id='word_1_605' title='bbox 2950 4124 2995 4169; x_wconf 88' lang='lat' dir='ltr'><strong>et</strong></span> <span class='ocrx_word' id='word_1_606' title='bbox 3019 4113 3272 4187; x_wconf 77' lang='lat' dir='ltr'><strong>profanus</strong></span> <span class='ocrx_word' id='word_1_607' title='bbox 3292 4123 3527 4188; x_wconf 77' lang='lat' dir='ltr'><strong>apparet,</strong></span> 
     </span>
    </p>
   </div>
   <div class='ocr_carea' id='block_1_83' title="bbox 1931 4207 3534 4286">
    <p class='ocr_par' dir='ltr' id='par_1_83' title="bbox 1931 4207 3534 4286">
     <span class='ocr_line' id='line_1_83' title="bbox 1931 4207 3534 4286; baseline -0.001 -17"><span class='ocrx_word' id='word_1_608' title='bbox 1931 4214 2156 4286; x_wconf 81' lang='lat' dir='ltr'><strong>quisquis</strong></span> <span class='ocrx_word' id='word_1_609' title='bbox 2185 4221 2329 4284; x_wconf 84' lang='lat' dir='ltr'><strong>putat</strong></span> <span class='ocrx_word' id='word_1_610' title='bbox 2357 4213 2468 4284; x_wconf 82' lang='lat' dir='ltr'><strong>ejus</strong></span> <span class='ocrx_word' id='word_1_611' title='bbox 2498 4209 2758 4267; x_wconf 83' lang='lat' dir='ltr'><strong>sanctione</strong></span> <span class='ocrx_word' id='word_1_612' title='bbox 2786 4207 3016 4281; x_wconf 78' lang='lat' dir='ltr'><strong>defendi,</strong></span> <span class='ocrx_word' id='word_1_613' title='bbox 3041 4207 3179 4277; x_wconf 86' lang='lat' dir='ltr'><strong>quod</strong></span> <span class='ocrx_word' id='word_1_614' title='bbox 3198 4208 3407 4281; x_wconf 81' lang='lat' dir='ltr'><strong>justilia</strong></span> <span class='ocrx_word' id='word_1_615' title='bbox 3425 4225 3534 4267; x_wconf 77' lang='lat' dir='ltr'><strong>non</strong></span> 
     </span>
    </p>
   </div>
   <div class='ocr_carea' id='block_1_84' title="bbox 1934 4300 3533 4384">
    <p class='ocr_par' dir='ltr' id='par_1_84' title="bbox 1934 4300 3533 4384">
     <span class='ocr_line' id='line_1_84' title="bbox 1934 4300 3533 4384; baseline -0.006 -15"><span class='ocrx_word' id='word_1_616' title='bbox 1934 4320 2094 4384; x_wconf 82' lang='lat' dir='ltr'><strong>potest</strong></span> <span class='ocrx_word' id='word_1_617' title='bbox 2120 4307 2391 4365; x_wconf 77' lang='lat' dir='ltr'><strong>vindicari.</strong></span> <span class='ocrx_word' id='word_1_618' title='bbox 2416 4303 3028 4377; x_wconf 82' lang='lat' dir='ltr'><strong>ReponitAugustinus:</strong></span> <span class='ocrx_word' id='word_1_619' title='bbox 3069 4300 3173 4358; x_wconf 83' lang='lat' dir='ltr'><strong>Vos</strong></span> <span class='ocrx_word' id='word_1_620' title='bbox 3195 4303 3330 4373; x_wconf 84' lang='lat' dir='ltr'><strong>quod</strong></span> <span class='ocrx_word' id='word_1_621' title='bbox 3359 4302 3533 4359; x_wconf 76' lang='lat' dir='ltr'><strong>dicitis</strong></span> 
     </span>
    </p>
   </div>
   <div class='ocr_carea' id='block_1_85' title="bbox 1934 4394 3535 4481">
    <p class='ocr_par' dir='ltr' id='par_1_85' title="bbox 1934 4394 3535 4481">
     <span class='ocr_line' id='line_1_85' title="bbox 1934 4394 3535 4481; baseline -0.013 -20"><span class='ocrx_word' id='word_1_622' title='bbox 1934 4406 2103 4481; x_wconf 83' lang='lat' dir='ltr'><strong>potius</strong></span> <span class='ocrx_word' id='word_1_623' title='bbox 2132 4418 2233 4459; x_wconf 87' lang='lat' dir='ltr'><strong>non</strong></span> <span class='ocrx_word' id='word_1_624' title='bbox 2248 4408 2408 4473; x_wconf 80' lang='lat' dir='ltr'><strong>potest</strong></span> <span class='ocrx_word' id='word_1_625' title='bbox 2432 4397 2541 4452; x_wconf 87' lang='lat' dir='ltr'><strong>ulla</strong></span> <span class='ocrx_word' id='word_1_626' title='bbox 2567 4395 2776 4465; x_wconf 75' lang='lat' dir='ltr'><strong>iustitia:</strong></span> <span class='ocrx_word' id='word_1_627' title='bbox 2800 4396 2995 4451; x_wconf 81' lang='lat' dir='ltr'><strong>ratione</strong></span> <span class='ocrx_word' id='word_1_628' title='bbox 3020 4394 3260 4467; x_wconf 79' lang='lat' dir='ltr'><strong>defendi;</strong></span> <span class='ocrx_word' id='word_1_629' title='bbox 3284 4396 3407 4467; x_wconf 84' lang='lat' dir='ltr'><strong>quia</strong></span> <span class='ocrx_word' id='word_1_630' title='bbox 3430 4396 3535 4451; x_wconf 84' lang='lat' dir='ltr'><strong>mi-</strong></span> 
     </span>
    </p>
   </div>
   <div class='ocr_carea' id='block_1_86' title="bbox 1937 4486 3537 4569">
    <p class='ocr_par' dir='ltr' id='par_1_86' title="bbox 1937 4486 3537 4569">
     <span class='ocr_line' id='line_1_86' title="bbox 1937 4486 3537 4569; baseline -0.006 -16"><span class='ocrx_word' id='word_1_631' title='bbox 1937 4498 2070 4563; x_wconf 76' lang='lat' dir='ltr'><strong>seria</strong></span> <span class='ocrx_word' id='word_1_632' title='bbox 2090 4494 2288 4569; x_wconf 85' lang='lat' dir='ltr'><strong>generis</strong></span> <span class='ocrx_word' id='word_1_633' title='bbox 2309 4491 2542 4556; x_wconf 86' lang='lat' dir='ltr'><strong>humani,</strong></span> <span class='ocrx_word' id='word_1_634' title='bbox 2569 4506 2601 4545; x_wconf 89' lang='lat' dir='ltr'><strong>a</strong></span> <span class='ocrx_word' id='word_1_635' title='bbox 2623 4505 2723 4557; x_wconf 82' lang='lat' dir='ltr'><strong>qua</strong></span> <span class='ocrx_word' id='word_1_636' title='bbox 2745 4488 2944 4547; x_wconf 85' lang='lat' dir='ltr'><strong>nullum</strong></span> <span class='ocrx_word' id='word_1_637' title='bbox 2970 4486 3236 4545; x_wconf 82' lang='lat' dir='ltr'><strong>hominum</strong></span> <span class='ocrx_word' id='word_1_638' title='bbox 3262 4487 3327 4542; x_wconf 88' lang='lat' dir='ltr'><strong>ab</strong></span> <span class='ocrx_word' id='word_1_639' title='bbox 3356 4496 3537 4545; x_wconf 72' lang='lat' dir='ltr'><strong>exortu</strong></span> 
     </span>
    </p>
   </div>
   <div class='ocr_carea' id='block_1_87' title="bbox 231 4562 3539 4664">
    <p class='ocr_par' dir='ltr' id='par_1_87' title="bbox 231 4562 3539 4664">
     <span class='ocr_line' id='line_1_87' title="bbox 231 4562 3539 4664; baseline -0.005 -12"><span class='ocrx_word' id='word_1_640' title='bbox 231 4579 362 4634; x_wconf 72' lang='lat' dir='ltr'><strong>dum</strong></span> <span class='ocrx_word' id='word_1_641' title='bbox 390 4580 663 4646; x_wconf 54' lang='grc' dir='ltr'><strong>ριόοιιτδι,</strong></span> <span class='ocrx_word' id='word_1_642' title='bbox 694 4569 924 4625; x_wconf 63' lang='lat' dir='ltr'><strong>Marum</strong></span> <span class='ocrx_word' id='word_1_643' title='bbox 948 4568 969 4623; x_wconf 80' lang='grc' dir='ltr'><strong>Ῑ</strong></span> <span class='ocrx_word' id='word_1_644' title='bbox 992 4564 1265 4664; x_wconf 54' lang='lat' dir='ltr'><strong>pommcet</strong></span> <span class='ocrx_word' id='word_1_645' title='bbox 1294 4577 1393 4620; x_wconf 64' lang='lat' dir='ltr'><strong>&quot;ec</strong></span> <span class='ocrx_word' id='word_1_646' title='bbox 1424 4564 1475 4664; x_wconf 69' lang='lat' dir='ltr'><strong>i_&quot;</strong></span> <span class='ocrx_word' id='word_1_647' title='bbox 1522 4562 1704 4664; x_wconf 46' lang='lat' dir='ltr'><strong>“(iiii</strong></span> <span class='ocrx_word' id='word_1_648' title='bbox 1738 4576 1831 4664; x_wconf 65' lang='grc' dir='ltr'><strong>³τῖ</strong></span> <span class='ocrx_word' id='word_1_649' title='bbox 1858 4592 1913 4654; x_wconf 86' lang='grc' dir='ltr'><strong>Ι)</strong></span> <span class='ocrx_word' id='word_1_650' title='bbox 1937 4562 2111 4664; x_wconf 66' lang='lat' dir='ltr'><strong>usque</strong></span> <span class='ocrx_word' id='word_1_651' title='bbox 2149 4590 2217 4644; x_wconf 85' lang='lat' dir='ltr'><strong>ad</strong></span> <span class='ocrx_word' id='word_1_652' title='bbox 2263 4587 2455 4642; x_wconf 86' lang='lat' dir='ltr'><strong>obitum</strong></span> <span class='ocrx_word' id='word_1_653' title='bbox 2480 4584 2709 4641; x_wconf 82' lang='lat' dir='ltr'><strong>uidemus</strong></span> <span class='ocrx_word' id='word_1_654' title='bbox 2741 4582 2971 4637; x_wconf 84' lang='lat' dir='ltr'><strong>alienum</strong></span> <span class='ocrx_word' id='word_1_655' title='bbox 2996 4619 3011 4649; x_wconf 86' lang='lat'><strong>,</strong></span> <span class='ocrx_word' id='word_1_656' title='bbox 3058 4596 3163 4641; x_wconf 83' lang='lat' dir='ltr'><strong>non</strong></span> <span class='ocrx_word' id='word_1_657' title='bbox 3207 4581 3428 4652; x_wconf 83' lang='lat' dir='ltr'><strong>pertinet</strong></span> <span class='ocrx_word' id='word_1_658' title='bbox 3466 4580 3539 4637; x_wconf 82' lang='lat' dir='ltr'><strong>ad</strong></span> 
     </span>
    </p>
   </div>
   <div class='ocr_carea' id='block_1_88' title="bbox 233 4657 1830 4743">
    <p class='ocr_par' dir='ltr' id='par_1_88' title="bbox 233 4657 1830 4743">
     <span class='ocr_line' id='line_1_88' title="bbox 233 4657 1830 4743; baseline -0.011 -13"><span class='ocrx_word' id='word_1_659' title='bbox 233 4674 430 4740; x_wconf 85' lang='lat' dir='ltr'><strong>chivis,</strong></span> <span class='ocrx_word' id='word_1_660' title='bbox 459 4686 569 4742; x_wconf 77' lang='lat' dir='ltr'><strong>prae</strong></span> <span class='ocrx_word' id='word_1_661' title='bbox 599 4666 937 4737; x_wconf 83' lang='lat' dir='ltr'><strong>multitudine</strong></span> <span class='ocrx_word' id='word_1_662' title='bbox 980 4661 1251 4731; x_wconf 81' lang='lat' dir='ltr'><strong>codicum,</strong></span> <span class='ocrx_word' id='word_1_663' title='bbox 1276 4659 1447 4743; x_wconf 84' lang='lat' dir='ltr'><strong>quaeri</strong></span> <span class='ocrx_word' id='word_1_664' title='bbox 1475 4666 1568 4715; x_wconf 91' lang='lat' dir='ltr'><strong>aut</strong></span> <span class='ocrx_word' id='word_1_665' title='bbox 1596 4657 1830 4715; x_wconf 85' lang='lat' dir='ltr'><strong>divinari</strong></span> 
     </span>
    </p>
   </div>
   <div class='ocr_carea' id='block_1_89' title="bbox 234 4750 1839 4839">
    <p class='ocr_par' dir='ltr' id='par_1_89' title="bbox 234 4750 1839 4839">
     <span class='ocr_line' id='line_1_89' title="bbox 234 4750 1839 4839; baseline -0.011 -16"><span class='ocrx_word' id='word_1_666' title='bbox 234 4771 484 4839; x_wconf 88' lang='lat' dir='ltr'><strong>possent,</strong></span> <span class='ocrx_word' id='word_1_667' title='bbox 529 4760 803 4818; x_wconf 86' lang='lat' dir='ltr'><strong>indicante</strong></span> <span class='ocrx_word' id='word_1_668' title='bbox 848 4760 1025 4823; x_wconf 83' lang='lat' dir='ltr'><strong>locum</strong></span> <span class='ocrx_word' id='word_1_669' title='bbox 1089 4754 1302 4826; x_wconf 87' lang='lat' dir='ltr'><strong>angelo,</strong></span> <span class='ocrx_word' id='word_1_670' title='bbox 1352 4759 1596 4831; x_wconf 86' lang='lat' dir='ltr'><strong>repertos</strong></span> <span class='ocrx_word' id='word_1_671' title='bbox 1644 4758 1700 4806; x_wconf 91' lang='lat' dir='ltr'><strong>et</strong></span> <span class='ocrx_word' id='word_1_672' title='bbox 1741 4750 1839 4807; x_wconf 82' lang='lat' dir='ltr'><strong>de-</strong></span> 
     </span>
    </p>
   </div>
   <div class='ocr_carea' id='block_1_90' title="bbox 235 4863 497 4933">
    <p class='ocr_par' dir='ltr' id='par_1_90' title="bbox 235 4863 497 4933">
     <span class='ocr_line' id='line_1_90' title="bbox 235 4863 497 4933; baseline -0.023 -11"><span class='ocrx_word' id='word_1_673' title='bbox 235 4863 497 4933; x_wconf 84' lang='lat' dir='ltr'><strong>scriptos.</strong></span> 
     </span>
    </p>
   </div>
   <div class='ocr_carea' id='block_1_91' title="bbox 311 4960 1841 5041">
    <p class='ocr_par' dir='ltr' id='par_1_91' title="bbox 311 4960 1841 5041">
     <span class='ocr_line' id='line_1_91' title="bbox 311 4960 1841 5041; baseline -0.012 -9"><span class='ocrx_word' id='word_1_674' title='bbox 311 4976 624 5040; x_wconf 76' lang='lat' dir='ltr'><strong>Efflaverat,</strong></span> <span class='ocrx_word' id='word_1_675' title='bbox 659 4970 888 5041; x_wconf 80' lang='lat' dir='ltr'><strong>scilicet,</strong></span> <span class='ocrx_word' id='word_1_676' title='bbox 916 4968 972 5033; x_wconf 82' lang='lat' dir='ltr'><strong>in</strong></span> <span class='ocrx_word' id='word_1_677' title='bbox 1013 4965 1209 5031; x_wconf 55' lang='lat' dir='ltr'><strong>Sicilia</strong></span> <span class='ocrx_word' id='word_1_678' title='bbox 1228 4962 1465 5037; x_wconf 64' lang='lat' dir='ltr'><strong>Scopulis</strong></span> <span class='ocrx_word' id='word_1_679' title='bbox 1502 4960 1733 5033; x_wconf 81' lang='lat' dir='ltr'><strong>primum</strong></span> <span class='ocrx_word' id='word_1_680' title='bbox 1764 4960 1841 5019; x_wconf 86' lang='lat' dir='ltr'><strong>fe-</strong></span> 
     </span>
    </p>
   </div>
   <div class='ocr_carea' id='block_1_92' title="bbox 237 5053 1833 5133">
    <p class='ocr_par' dir='ltr' id='par_1_92' title="bbox 237 5053 1833 5133">
     <span class='ocr_line' id='line_1_92' title="bbox 237 5053 1833 5133; baseline -0.014 -4"><span class='ocrx_word' id='word_1_681' title='bbox 237 5073 371 5131; x_wconf 86' lang='lat' dir='ltr'><strong>ralis</strong></span> <span class='ocrx_word' id='word_1_682' title='bbox 404 5067 665 5133; x_wconf 73' lang='lat' dir='ltr'><strong>doctrinae</strong></span> <span class='ocrx_word' id='word_1_683' title='bbox 688 5063 835 5125; x_wconf 85' lang='lat' dir='ltr'><strong>virus</strong></span> <span class='ocrx_word' id='word_1_684' title='bbox 861 5060 1042 5123; x_wconf 80' lang='lat' dir='ltr'><strong>Rufini</strong></span> <span class='ocrx_word' id='word_1_685' title='bbox 1079 5058 1388 5130; x_wconf 80' lang='lat' dir='ltr'><strong>Pelagiique</strong></span> <span class='ocrx_word' id='word_1_686' title='bbox 1415 5053 1679 5125; x_wconf 82' lang='lat' dir='ltr'><strong>vafrities,</strong></span> <span class='ocrx_word' id='word_1_687' title='bbox 1709 5068 1833 5111; x_wconf 91' lang='lat' dir='ltr'><strong>cum</strong></span> 
     </span>
    </p>
   </div>
   <div class='ocr_carea' id='block_1_93' title="bbox 240 5148 1841 5240">
    <p class='ocr_par' dir='ltr' id='par_1_93' title="bbox 240 5148 1841 5240">
     <span class='ocr_line' id='line_1_93' title="bbox 240 5148 1841 5240; baseline -0.015 -16"><span class='ocrx_word' id='word_1_688' title='bbox 240 5166 517 5228; x_wconf 80' lang='lat' dir='ltr'><strong>indicante</strong></span> <span class='ocrx_word' id='word_1_689' title='bbox 568 5159 886 5240; x_wconf 82' lang='lat' dir='ltr'><strong>presbytero</strong></span> <span class='ocrx_word' id='word_1_690' title='bbox 930 5166 1059 5221; x_wconf 81' lang='lat' dir='ltr'><strong>tunc</strong></span> <span class='ocrx_word' id='word_1_691' title='bbox 1105 5153 1338 5223; x_wconf 88' lang='lat' dir='ltr'><strong>llilario,</strong></span> <span class='ocrx_word' id='word_1_692' title='bbox 1372 5157 1498 5221; x_wconf 82' lang='lat' dir='ltr'><strong>post</strong></span> <span class='ocrx_word' id='word_1_693' title='bbox 1532 5148 1841 5209; x_wconf 84' lang='lat' dir='ltr'><strong>Arelatensi</strong></span> 
     </span>
    </p>
   </div>
   <div class='ocr_carea' id='block_1_94' title="bbox 242 5243 1839 5335">
    <p class='ocr_par' dir='ltr' id='par_1_94' title="bbox 242 5243 1839 5335">
     <span class='ocr_line' id='line_1_94' title="bbox 242 5243 1839 5335; baseline -0.014 -17"><span class='ocrx_word' id='word_1_694' title='bbox 242 5260 502 5335; x_wconf 81' lang='lat' dir='ltr'><strong>episcopo</strong></span> <span class='ocrx_word' id='word_1_695' title='bbox 526 5264 573 5322; x_wconf 71' lang='grc'><strong>⁸,</strong></span> <span class='ocrx_word' id='word_1_696' title='bbox 599 5253 811 5317; x_wconf 70' lang='lat' dir='ltr'><strong>divinus</strong></span> <span class='ocrx_word' id='word_1_697' title='bbox 836 5246 1166 5317; x_wconf 70' lang='lat' dir='ltr'><strong>sanctissimi</strong></span> <span class='ocrx_word' id='word_1_698' title='bbox 1193 5246 1338 5302; x_wconf 90' lang='lat' dir='ltr'><strong>senis</strong></span> <span class='ocrx_word' id='word_1_699' title='bbox 1360 5243 1591 5311; x_wconf 82' lang='lat' dir='ltr'><strong>animus,</strong></span> <span class='ocrx_word' id='word_1_700' title='bbox 1630 5250 1839 5311; x_wconf 86' lang='lat' dir='ltr'><strong>sumpta</strong></span> 
     </span>
    </p>
   </div>
   <div class='ocr_carea' id='block_1_95' title="bbox 245 5335 1843 5425">
    <p class='ocr_par' dir='ltr' id='par_1_95' title="bbox 245 5335 1843 5425">
     <span class='ocr_line' id='line_1_95' title="bbox 245 5335 1843 5425; baseline -0.013 -15"><span class='ocrx_word' id='word_1_701' title='bbox 245 5352 372 5415; x_wconf 81' lang='lat' dir='ltr'><strong>fidei</strong></span> <span class='ocrx_word' id='word_1_702' title='bbox 403 5347 855 5425; x_wconf 62' lang='lat' dir='ltr'><strong>propugnatione,</strong></span> <span class='ocrx_word' id='word_1_703' title='bbox 886 5343 1125 5405; x_wconf 77' lang='lat' dir='ltr'><strong>deforme</strong></span> <span class='ocrx_word' id='word_1_704' title='bbox 1146 5346 1444 5401; x_wconf 85' lang='lat' dir='ltr'><strong>monstrum</strong></span> <span class='ocrx_word' id='word_1_705' title='bbox 1465 5338 1626 5407; x_wconf 82' lang='lat' dir='ltr'><strong>longe</strong></span> <span class='ocrx_word' id='word_1_706' title='bbox 1646 5335 1843 5395; x_wconf 85' lang='lat' dir='ltr'><strong>decen-</strong></span> 
     </span>
    </p>
   </div>
   <div class='ocr_carea' id='block_1_96' title="bbox 250 5430 1842 5518">
    <p class='ocr_par' dir='ltr' id='par_1_96' title="bbox 250 5430 1842 5518">
     <span class='ocr_line' id='line_1_96' title="bbox 250 5430 1842 5518; baseline -0.013 -16"><span class='ocrx_word' id='word_1_707' title='bbox 250 5447 471 5518; x_wconf 86' lang='lat' dir='ltr'><strong>nalique</strong></span> <span class='ocrx_word' id='word_1_708' title='bbox 490 5443 635 5507; x_wconf 85' lang='lat' dir='ltr'><strong>bello</strong></span> <span class='ocrx_word' id='word_1_709' title='bbox 662 5438 915 5509; x_wconf 64' lang='lat' dir='ltr'><strong>coniecit.</strong></span> <span class='ocrx_word' id='word_1_710' title='bbox 952 5436 1109 5506; x_wconf 74' lang='lat' dir='ltr'><strong>Quod</strong></span> <span class='ocrx_word' id='word_1_711' title='bbox 1130 5434 1295 5506; x_wconf 80' lang='lat' dir='ltr'><strong>igitur</strong></span> <span class='ocrx_word' id='word_1_712' title='bbox 1326 5431 1517 5501; x_wconf 82' lang='lat' dir='ltr'><strong>Gallis,</strong></span> <span class='ocrx_word' id='word_1_713' title='bbox 1548 5430 1842 5500; x_wconf 84' lang='lat' dir='ltr'><strong>instigante</strong></span> 
     </span>
    </p>
   </div>
   <div class='ocr_carea' id='block_1_97' title="bbox 251 5523 1836 5610">
    <p class='ocr_par' dir='ltr' id='par_1_97' title="bbox 251 5523 1836 5610">
     <span class='ocr_line' id='line_1_97' title="bbox 251 5523 1836 5610; baseline -0.018 -6"><span class='ocrx_word' id='word_1_714' title='bbox 251 5538 486 5610; x_wconf 68' lang='lat' dir='ltr'><strong>praesule</strong></span> <span class='ocrx_word' id='word_1_715' title='bbox 506 5551 627 5603; x_wconf 75' lang='lat' dir='ltr'><strong>suo.</strong></span> <span class='ocrx_word' id='word_1_716' title='bbox 662 5534 962 5601; x_wconf 74' lang='lat' dir='ltr'><strong>laboratum</strong></span> <span class='ocrx_word' id='word_1_717' title='bbox 981 5538 1089 5599; x_wconf 78' lang='lat' dir='ltr'><strong>est,</strong></span> <span class='ocrx_word' id='word_1_718' title='bbox 1118 5529 1254 5599; x_wconf 83' lang='lat' dir='ltr'><strong>quod</strong></span> <span class='ocrx_word' id='word_1_719' title='bbox 1279 5527 1478 5599; x_wconf 79' lang='lat' dir='ltr'><strong>magnis</strong></span> <span class='ocrx_word' id='word_1_720' title='bbox 1508 5533 1624 5596; x_wconf 83' lang='lat' dir='ltr'><strong>post</strong></span> <span class='ocrx_word' id='word_1_721' title='bbox 1652 5523 1836 5583; x_wconf 80' lang='lat' dir='ltr'><strong>animis</strong></span> 
     </span>
    </p>
   </div>
   <div class='ocr_carea' id='block_1_98' title="bbox 251 5617 1842 5701">
    <p class='ocr_par' dir='ltr' id='par_1_98' title="bbox 251 5617 1842 5701">
     <span class='ocr_line' id='line_1_98' title="bbox 251 5617 1842 5701; baseline -0.012 -10"><span class='ocrx_word' id='word_1_722' title='bbox 251 5634 429 5697; x_wconf 77' lang='lat' dir='ltr'><strong>codem</strong></span> <span class='ocrx_word' id='word_1_723' title='bbox 459 5630 758 5701; x_wconf 72' lang='lat' dir='ltr'><strong>defendente</strong></span> <span class='ocrx_word' id='word_1_724' title='bbox 782 5633 1161 5696; x_wconf 71' lang='lat' dir='ltr'><strong>consumptum,</strong></span> <span class='ocrx_word' id='word_1_725' title='bbox 1190 5622 1344 5692; x_wconf 88' lang='lat' dir='ltr'><strong>cujus</strong></span> <span class='ocrx_word' id='word_1_726' title='bbox 1379 5622 1558 5690; x_wconf 80' lang='lat' dir='ltr'><strong>potius</strong></span> <span class='ocrx_word' id='word_1_727' title='bbox 1585 5617 1842 5689; x_wconf 78' lang='lat' dir='ltr'><strong>auspiciis</strong></span> 
     </span>
    </p>
   </div>
   <div class='ocr_carea' id='block_1_99' title="bbox 253 5714 1843 5794">
    <p class='ocr_par' dir='ltr' id='par_1_99' title="bbox 253 5714 1843 5794">
     <span class='ocr_line' id='line_1_99' title="bbox 253 5714 1843 5794; baseline -0.013 -7"><span class='ocrx_word' id='word_1_728' title='bbox 253 5725 618 5793; x_wconf 82' lang='lat' dir='ltr'><strong>comitivaque</strong></span> <span class='ocrx_word' id='word_1_729' title='bbox 643 5720 815 5794; x_wconf 86' lang='lat' dir='ltr'><strong>potuit</strong></span> <span class='ocrx_word' id='word_1_730' title='bbox 844 5725 965 5790; x_wconf 86' lang='lat' dir='ltr'><strong>post</strong></span> <span class='ocrx_word' id='word_1_731' title='bbox 988 5723 1067 5775; x_wconf 88' lang='lat' dir='ltr'><strong>tot</strong></span> <span class='ocrx_word' id='word_1_732' title='bbox 1093 5729 1359 5775; x_wconf 77' lang='lat' dir='ltr'><strong>annorum</strong></span> <span class='ocrx_word' id='word_1_733' title='bbox 1382 5714 1649 5782; x_wconf 85' lang='lat' dir='ltr'><strong>diescere,</strong></span> <span class='ocrx_word' id='word_1_734' title='bbox 1682 5724 1843 5784; x_wconf 86' lang='lat' dir='ltr'><strong>quam</strong></span> 
     </span>
    </p>
   </div>
   <div class='ocr_carea' id='block_1_100' title="bbox 329 5854 1382 5925">
    <p class='ocr_par' dir='ltr' id='par_1_100' title="bbox 329 5854 1382 5925">
     <span class='ocr_line' id='line_1_100' title="bbox 329 5854 1382 5925; baseline -0.01 1"><span class='ocrx_word' id='word_1_735' title='bbox 329 5875 362 5908; x_wconf 77' lang='grc' dir='ltr'>ι</span> <span class='ocrx_word' id='word_1_736' title='bbox 384 5865 575 5925; x_wconf 77' lang='lat' dir='ltr'><strong>Errat:</strong></span> <span class='ocrx_word' id='word_1_737' title='bbox 605 5861 744 5921; x_wconf 73' lang='lat' dir='ltr'><strong>alius</strong></span> <span class='ocrx_word' id='word_1_738' title='bbox 765 5862 811 5921; x_wconf 87' lang='lat' dir='ltr'><strong>is</strong></span> <span class='ocrx_word' id='word_1_739' title='bbox 834 5858 1039 5919; x_wconf 88' lang='lat' dir='ltr'><strong>eratab</strong></span> <span class='ocrx_word' id='word_1_740' title='bbox 1060 5854 1382 5916; x_wconf 78' lang='lat' dir='ltr'><strong>Arelatensi.</strong></span> 
     </span>
    </p>
   </div>
   <div class='ocr_carea' id='block_1_101' title="bbox 1949 4676 3539 4758">
    <p class='ocr_par' dir='ltr' id='par_1_101' title="bbox 1949 4676 3539 4758">
     <span class='ocr_line' id='line_1_101' title="bbox 1949 4676 3539 4758; baseline -0.007 -15"><span class='ocrx_word' id='word_1_741' title='bbox 1949 4683 2323 4758; x_wconf 79' lang='lat' dir='ltr'><strong>Omnipotentis</strong></span> <span class='ocrx_word' id='word_1_742' title='bbox 2340 4682 2622 4754; x_wconf 85' lang='lat' dir='ltr'><strong>judicium,</strong></span> <span class='ocrx_word' id='word_1_743' title='bbox 2656 4679 2700 4737; x_wconf 81' lang='lat' dir='ltr'><strong>si</strong></span> <span class='ocrx_word' id='word_1_744' title='bbox 2725 4694 2829 4733; x_wconf 89' lang='lat' dir='ltr'><strong>non</strong></span> <span class='ocrx_word' id='word_1_745' title='bbox 2872 4686 2945 4732; x_wconf 85' lang='lat' dir='ltr'><strong>cst</strong></span> <span class='ocrx_word' id='word_1_746' title='bbox 2973 4676 3223 4749; x_wconf 82' lang='lat' dir='ltr'><strong>originale</strong></span> <span class='ocrx_word' id='word_1_747' title='bbox 3248 4684 3539 4747; x_wconf 76' lang='lat' dir='ltr'><strong>peccatum.</strong></span> 
     </span>
    </p>
   </div>
   <div class='ocr_carea' id='block_1_102' title="bbox 1946 4765 3541 4851">
    <p class='ocr_par' dir='ltr' id='par_1_102' title="bbox 1946 4765 3541 4851">
     <span class='ocr_line' id='line_1_102' title="bbox 1946 4765 3541 4851; baseline -0.007 -14"><span class='ocrx_word' id='word_1_748' title='bbox 1946 4780 2108 4851; x_wconf 80' lang='lat' dir='ltr'><strong>Atqui</strong></span> <span class='ocrx_word' id='word_1_749' title='bbox 2129 4779 2231 4834; x_wconf 91' lang='lat' dir='ltr'><strong>hoc</strong></span> <span class='ocrx_word' id='word_1_750' title='bbox 2260 4782 2464 4835; x_wconf 86' lang='lat' dir='ltr'><strong>tantum</strong></span> <span class='ocrx_word' id='word_1_751' title='bbox 2511 4772 2580 4827; x_wconf 90' lang='lat' dir='ltr'><strong>de</strong></span> <span class='ocrx_word' id='word_1_752' title='bbox 2627 4768 2922 4826; x_wconf 89' lang='lat' dir='ltr'><strong>infantibus</strong></span> <span class='ocrx_word' id='word_1_753' title='bbox 2948 4776 3039 4825; x_wconf 87' lang='lat' dir='ltr'><strong>aut</strong></span> <span class='ocrx_word' id='word_1_754' title='bbox 3086 4765 3323 4836; x_wconf 87' lang='lat' dir='ltr'><strong>puerulis</strong></span> <span class='ocrx_word' id='word_1_755' title='bbox 3355 4765 3541 4827; x_wconf 82' lang='lat' dir='ltr'><strong>dicere</strong></span> 
     </span>
    </p>
   </div>
   <div class='ocr_carea' id='block_1_103' title="bbox 1948 4859 3542 4939">
    <p class='ocr_par' dir='ltr' id='par_1_103' title="bbox 1948 4859 3542 4939">
     <span class='ocr_line' id='line_1_103' title="bbox 1948 4859 3542 4939; baseline -0.007 -9"><span class='ocrx_word' id='word_1_756' title='bbox 1948 4871 2157 4939; x_wconf 85' lang='lat' dir='ltr'><strong>debuit,</strong></span> <span class='ocrx_word' id='word_1_757' title='bbox 2190 4884 2313 4927; x_wconf 87' lang='lat' dir='ltr'><strong>nam</strong></span> <span class='ocrx_word' id='word_1_758' title='bbox 2334 4866 2567 4937; x_wconf 89' lang='lat' dir='ltr'><strong>majores</strong></span> <span class='ocrx_word' id='word_1_759' title='bbox 2596 4872 2724 4921; x_wconf 86' lang='lat' dir='ltr'><strong>natu</strong></span> <span class='ocrx_word' id='word_1_760' title='bbox 2754 4870 2839 4923; x_wconf 86' lang='lat' dir='ltr'><strong>sat</strong></span> <span class='ocrx_word' id='word_1_761' title='bbox 2864 4859 3151 4919; x_wconf 89' lang='lat' dir='ltr'><strong>actualium</strong></span> <span class='ocrx_word' id='word_1_762' title='bbox 3190 4868 3542 4930; x_wconf 84' lang='lat' dir='ltr'><strong>peccatorum</strong></span> 
     </span>
    </p>
   </div>
   <div class='ocr_carea' id='block_1_104' title="bbox 1936 4951 3543 5033">
    <p class='ocr_par' dir='ltr' id='par_1_104' title="bbox 1936 4951 3543 5033">
     <span class='ocr_line' id='line_1_104' title="bbox 1936 4951 3543 5033; baseline -0.011 -7"><span class='ocrx_word' id='word_1_763' title='bbox 1936 4968 2237 5033; x_wconf 73' lang='lat' dir='ltr'><strong>admittunt</strong></span> <span class='ocrx_word' id='word_1_764' title='bbox 2268 4972 2326 5020; x_wconf 92' lang='lat' dir='ltr'><strong>ut</strong></span> <span class='ocrx_word' id='word_1_765' title='bbox 2374 4961 2534 5032; x_wconf 88' lang='lat' dir='ltr'><strong>hujus</strong></span> <span class='ocrx_word' id='word_1_766' title='bbox 2562 4961 2685 5016; x_wconf 63' lang='lat' dir='ltr'><strong>vitae</strong></span> <span class='ocrx_word' id='word_1_767' title='bbox 2716 4957 2951 5015; x_wconf 89' lang='lat' dir='ltr'><strong>miseriis</strong></span> <span class='ocrx_word' id='word_1_768' title='bbox 2979 4954 3126 5027; x_wconf 86' lang='lat' dir='ltr'><strong>digni</strong></span> <span class='ocrx_word' id='word_1_769' title='bbox 3151 4951 3281 5011; x_wconf 87' lang='lat' dir='ltr'><strong>sint.</strong></span> <span class='ocrx_word' id='word_1_770' title='bbox 3308 4953 3415 5011; x_wconf 86' lang='lat' dir='ltr'><strong>Sed</strong></span> <span class='ocrx_word' id='word_1_771' title='bbox 3443 4969 3543 5024; x_wconf 71' lang='grc' dir='ltr'><strong>ροι-</strong></span> 
     </span>
    </p>
   </div>
   <div class='ocr_carea' id='block_1_105' title="bbox 1954 5049 3544 5125">
    <p class='ocr_par' dir='ltr' id='par_1_105' title="bbox 1954 5049 3544 5125">
     <span class='ocr_line' id='line_1_105' title="bbox 1954 5049 3544 5125; baseline -0.011 -5"><span class='ocrx_word' id='word_1_772' title='bbox 1954 5076 2142 5121; x_wconf 88' lang='lat' dir='ltr'><strong>namus</strong></span> <span class='ocrx_word' id='word_1_773' title='bbox 2163 5074 2309 5125; x_wconf 89' lang='lat' dir='ltr'><strong>eum,</strong></span> <span class='ocrx_word' id='word_1_774' title='bbox 2342 5066 2400 5113; x_wconf 88' lang='lat' dir='ltr'><strong>ut</strong></span> <span class='ocrx_word' id='word_1_775' title='bbox 2427 5055 2634 5122; x_wconf 89' lang='lat' dir='ltr'><strong>debuit,</strong></span> <span class='ocrx_word' id='word_1_776' title='bbox 2676 5054 2744 5110; x_wconf 87' lang='lat' dir='ltr'><strong>de</strong></span> <span class='ocrx_word' id='word_1_777' title='bbox 2795 5049 3087 5109; x_wconf 84' lang='lat' dir='ltr'><strong>infantibus</strong></span> <span class='ocrx_word' id='word_1_778' title='bbox 3133 5049 3419 5119; x_wconf 78' lang='lat' dir='ltr'><strong>duntaxat,</strong></span> <span class='ocrx_word' id='word_1_779' title='bbox 3452 5055 3544 5110; x_wconf 82' lang='lat' dir='ltr'><strong>aut</strong></span> 
     </span>
    </p>
   </div>
   <div class='ocr_carea' id='block_1_106' title="bbox 1948 5142 3544 5229">
    <p class='ocr_par' dir='ltr' id='par_1_106' title="bbox 1948 5142 3544 5229">
     <span class='ocr_line' id='line_1_106' title="bbox 1948 5142 3544 5229; baseline -0.011 -14"><span class='ocrx_word' id='word_1_780' title='bbox 1948 5156 2188 5229; x_wconf 89' lang='lat' dir='ltr'><strong>puerulis</strong></span> <span class='ocrx_word' id='word_1_781' title='bbox 2217 5154 2484 5217; x_wconf 84' lang='lat' dir='ltr'><strong>locutum;</strong></span> <span class='ocrx_word' id='word_1_782' title='bbox 2514 5155 2793 5220; x_wconf 88' lang='lat' dir='ltr'><strong>peccatum</strong></span> <span class='ocrx_word' id='word_1_783' title='bbox 2834 5143 3117 5214; x_wconf 86' lang='lat' dir='ltr'><strong>originale,</strong></span> <span class='ocrx_word' id='word_1_784' title='bbox 3145 5148 3206 5198; x_wconf 90' lang='lat' dir='ltr'><strong>ut</strong></span> <span class='ocrx_word' id='word_1_785' title='bbox 3243 5142 3312 5197; x_wconf 88' lang='lat' dir='ltr'><strong>ab</strong></span> <span class='ocrx_word' id='word_1_786' title='bbox 3359 5144 3544 5214; x_wconf 79' lang='lat' dir='ltr'><strong>Augu-</strong></span> 
     </span>
    </p>
   </div>
   <div class='ocr_carea' id='block_1_107' title="bbox 1946 5235 3545 5319">
    <p class='ocr_par' dir='ltr' id='par_1_107' title="bbox 1946 5235 3545 5319">
     <span class='ocr_line' id='line_1_107' title="bbox 1946 5235 3545 5319; baseline -0.011 -11"><span class='ocrx_word' id='word_1_787' title='bbox 1946 5251 2091 5307; x_wconf 90' lang='lat' dir='ltr'><strong>stino</strong></span> <span class='ocrx_word' id='word_1_788' title='bbox 2116 5247 2440 5319; x_wconf 82' lang='lat' dir='ltr'><strong>explicatur,</strong></span> <span class='ocrx_word' id='word_1_789' title='bbox 2457 5239 2797 5299; x_wconf 82' lang='lat' dir='ltr'><strong>commodam</strong></span> <span class='ocrx_word' id='word_1_790' title='bbox 2827 5236 3032 5293; x_wconf 88' lang='lat' dir='ltr'><strong>nullam</strong></span> <span class='ocrx_word' id='word_1_791' title='bbox 3061 5236 3329 5295; x_wconf 86' lang='lat' dir='ltr'><strong>rationem</strong></span> <span class='ocrx_word' id='word_1_792' title='bbox 3356 5235 3545 5292; x_wconf 86' lang='lat' dir='ltr'><strong>defen-</strong></span> 
     </span>
    </p>
   </div>
   <div class='ocr_carea' id='block_1_108' title="bbox 1950 5329 3546 5412">
    <p class='ocr_par' dir='ltr' id='par_1_108' title="bbox 1950 5329 3546 5412">
     <span class='ocr_line' id='line_1_108' title="bbox 1950 5329 3546 5412; baseline -0.011 -10"><span class='ocrx_word' id='word_1_793' title='bbox 1950 5345 2141 5401; x_wconf 69' lang='lat' dir='ltr'><strong>denda:</strong></span> <span class='ocrx_word' id='word_1_794' title='bbox 2186 5340 2408 5412; x_wconf 65' lang='lat' dir='ltr'><strong>iustitia)</strong></span> <span class='ocrx_word' id='word_1_795' title='bbox 2460 5336 2657 5393; x_wconf 69' lang='lat' dir='ltr'><strong>divina:</strong></span> <span class='ocrx_word' id='word_1_796' title='bbox 2702 5331 3034 5404; x_wconf 80' lang='lat' dir='ltr'><strong>suppeditat;</strong></span> <span class='ocrx_word' id='word_1_797' title='bbox 3079 5344 3204 5386; x_wconf 90' lang='lat' dir='ltr'><strong>cum</strong></span> <span class='ocrx_word' id='word_1_798' title='bbox 3243 5344 3348 5400; x_wconf 84' lang='lat' dir='ltr'><strong>qus</strong></span> <span class='ocrx_word' id='word_1_799' title='bbox 3396 5329 3546 5385; x_wconf 91' lang='lat' dir='ltr'><strong>nullo</strong></span> 
     </span>
    </p>
   </div>
   <div class='ocr_carea' id='block_1_109' title="bbox 1952 5420 3548 5507">
    <p class='ocr_par' dir='ltr' id='par_1_109' title="bbox 1952 5420 3548 5507">
     <span class='ocr_line' id='line_1_109' title="bbox 1952 5420 3548 5507; baseline -0.013 -11"><span class='ocrx_word' id='word_1_800' title='bbox 1952 5437 2113 5496; x_wconf 89' lang='lat' dir='ltr'><strong>modo</strong></span> <span class='ocrx_word' id='word_1_801' title='bbox 2147 5444 2323 5507; x_wconf 87' lang='lat' dir='ltr'><strong>potest</strong></span> <span class='ocrx_word' id='word_1_802' title='bbox 2369 5432 2708 5498; x_wconf 63' lang='lat' dir='ltr'><strong>consistere;</strong></span> <span class='ocrx_word' id='word_1_803' title='bbox 2733 5436 2795 5482; x_wconf 90' lang='lat' dir='ltr'><strong>ut</strong></span> <span class='ocrx_word' id='word_1_804' title='bbox 2830 5424 3212 5481; x_wconf 84' lang='lat' dir='ltr'><strong>existimabant</strong></span> <span class='ocrx_word' id='word_1_805' title='bbox 3249 5420 3548 5477; x_wconf 80' lang='lat' dir='ltr'><strong>adversarii</strong></span> 
     </span>
    </p>
   </div>
   <div class='ocr_carea' id='block_1_110' title="bbox 1952 5513 3547 5603">
    <p class='ocr_par' dir='ltr' id='par_1_110' title="bbox 1952 5513 3547 5603">
     <span class='ocr_line' id='line_1_110' title="bbox 1952 5513 3547 5603; baseline -0.014 -13"><span class='ocrx_word' id='word_1_806' title='bbox 1952 5530 2253 5603; x_wconf 78' lang='lat' dir='ltr'><strong>Augustini,</strong></span> <span class='ocrx_word' id='word_1_807' title='bbox 2289 5541 2424 5598; x_wconf 86' lang='lat' dir='ltr'><strong>quos</strong></span> <span class='ocrx_word' id='word_1_808' title='bbox 2448 5537 2711 5595; x_wconf 88' lang='lat' dir='ltr'><strong>nusquam</strong></span> <span class='ocrx_word' id='word_1_809' title='bbox 2759 5528 2908 5578; x_wconf 88' lang='lat' dir='ltr'><strong>recte</strong></span> <span class='ocrx_word' id='word_1_810' title='bbox 2936 5517 3254 5576; x_wconf 82' lang='lat' dir='ltr'><strong>confutavit.</strong></span> <span class='ocrx_word' id='word_1_811' title='bbox 3286 5514 3414 5583; x_wconf 85' lang='lat' dir='ltr'><strong>Sed,</strong></span> <span class='ocrx_word' id='word_1_812' title='bbox 3464 5513 3547 5569; x_wconf 89' lang='lat' dir='ltr'><strong>in-</strong></span> 
     </span>
    </p>
   </div>
   <div class='ocr_carea' id='block_1_111' title="bbox 1954 5609 3647 5697">
    <p class='ocr_par' dir='ltr' id='par_1_111' title="bbox 1954 5609 3647 5697">
     <span class='ocr_line' id='line_1_111' title="bbox 1954 5609 3647 5697; baseline -0.012 -14"><span class='ocrx_word' id='word_1_813' title='bbox 1954 5627 2127 5697; x_wconf 85' lang='lat' dir='ltr'><strong>quies,</strong></span> <span class='ocrx_word' id='word_1_814' title='bbox 2158 5622 2402 5695; x_wconf 89' lang='lat' dir='ltr'><strong>quamvis</strong></span> <span class='ocrx_word' id='word_1_815' title='bbox 2423 5635 2528 5676; x_wconf 91' lang='lat' dir='ltr'><strong>non</strong></span> <span class='ocrx_word' id='word_1_816' title='bbox 2548 5619 2842 5690; x_wconf 90' lang='lat' dir='ltr'><strong>intelligam</strong></span> <span class='ocrx_word' id='word_1_817' title='bbox 2873 5616 3146 5689; x_wconf 91' lang='lat' dir='ltr'><strong>quomodo</strong></span> <span class='ocrx_word' id='word_1_818' title='bbox 3170 5612 3378 5686; x_wconf 81' lang='lat' dir='ltr'><strong>peccati</strong></span> <span class='ocrx_word' id='word_1_819' title='bbox 3405 5609 3548 5666; x_wconf 82' lang='lat' dir='ltr'><strong>Ada—</strong></span> <span class='ocrx_word' id='word_1_820' title='bbox 3640 5666 3647 5673; x_wconf 58' lang='grc'><strong><em>,</em></strong></span> 
     </span>
    </p>
   </div>
   <div class='ocr_carea' id='block_1_112' title="bbox 1956 5708 3548 5789">
    <p class='ocr_par' dir='ltr' id='par_1_112' title="bbox 1956 5708 3548 5789">
     <span class='ocr_line' id='line_1_112' title="bbox 1956 5708 3548 5789; baseline -0.011 -11"><span class='ocrx_word' id='word_1_821' title='bbox 1956 5720 2031 5778; x_wconf 92' lang='lat' dir='ltr'><strong>mi</strong></span> <span class='ocrx_word' id='word_1_822' title='bbox 2048 5717 2326 5789; x_wconf 82' lang='lat' dir='ltr'><strong>imputatio</strong></span> <span class='ocrx_word' id='word_1_823' title='bbox 2349 5714 2604 5787; x_wconf 88' lang='lat' dir='ltr'><strong>posteris,</strong></span> <span class='ocrx_word' id='word_1_824' title='bbox 2628 5720 2684 5772; x_wconf 86' lang='lat' dir='ltr'><strong>et</strong></span> <span class='ocrx_word' id='word_1_825' title='bbox 2705 5712 2822 5771; x_wconf 87' lang='lat' dir='ltr'><strong>vitii</strong></span> <span class='ocrx_word' id='word_1_826' title='bbox 2860 5710 3167 5773; x_wconf 80' lang='lat' dir='ltr'><strong>necessaria</strong></span> <span class='ocrx_word' id='word_1_827' title='bbox 3213 5708 3269 5769; x_wconf 87' lang='lat' dir='ltr'><strong>in</strong></span> <span class='ocrx_word' id='word_1_828' title='bbox 3297 5718 3394 5766; x_wconf 82' lang='lat' dir='ltr'><strong>eos</strong></span> <span class='ocrx_word' id='word_1_829' title='bbox 3419 5716 3548 5778; x_wconf 80' lang='lat' dir='ltr'><strong>pro-</strong></span> 
     </span>
    </p>
   </div>
  </div>
