3974 6356
463 337 562 389 5b?

1370 317 1920 378 SUPPLEMENTUM
1951 313 2042 370 AD
2080 311 2310 369 OPERA
2348 312 2406 369 S.
2448 309 2836 368 AUGUSTINI.

3642 313 3738 368 568'

458 430 670 502 pagatio
700 425 993 480 consistere
1022 426 1220 489 queant
1248 430 1365 472 cum
1408 413 1690 468 sanctitate
1733 426 1795 467 ac
1832 408 2042 480 justitia
2073 405 2127 466 Α
2155 420 2273 474 quae
2304 402 2824 502 in_provincialibus
2858 400 3082 472 synodis
3114 415 3340 502 numero
3370 403 3739 502 suffragiorum

458 522 657 586 divina,
688 524 896 588 oportet
924 525 1100 568 tamen
1130 521 1188 564 ut
1234 508 1340 563 sint
1368 505 1596 563 infantes
1625 504 1888 576 puerique
1920 516 2045 571 pec-

457 627 690 681 calores,
729 628 849 668 cum
872 608 1056 664 miseri
1085 606 1210 671 sint,
1253 605 1392 657 Deus
1445 615 1574 656 vero
1627 599 1825 669 justus.
1869 596 2047 652 Satius

461 716 605 767 esset
636 706 800 761 multo
821 703 1002 756 dicere
1033 707 1083 753 te
1113 696 1321 753 nescire
1348 710 1445 750 cur
1474 691 1679 748 innoxii
1707 690 1890 746 miseri
1919 689 2047 754 sint,

462 816 642 871 quam,
676 804 734 850 ιιι
766 793 929 848 facias
955 806 1047 846 eos
1072 789 1280 852 noxios,
1305 787 1548 842 invenire
1571 782 1902 854 hypothesin
1929 793 2048 850 quae

461 904 540 949 tot
569 887 969 946 difficultatibus
996 885 1220 940 laborat.
1253 880 1358 936 Sed
1389 879 1517 949 quid
1566 886 1692 931 sunt
1739 877 1822 928 ha:
1876 873 2052 927 infan-

463 987 596 1041 tium
627 974 1368 1051 puerorumquebrevissimze
1391 969 1641 1035 miseriae,
1667 970 1710 1022 si
1742 981 1863 1021 cum
1894 973 2051 1027 actore

463 1096 532 1134 ua
559 1072 910 1139 beatitudine,
934 1069 1127 1140 quibus
1154 1081 1246 1123 eas
1266 1067 1406 1120 Deus
1436 1069 1644 1133 pensat,
1667 1056 2052 1114 conferantur?

409 1233 416 1238 _
461 1169 607 1224 Nihil
636 1180 874 1236 prorsus,
907 1170 1000 1216 aut
1041 1161 1087 1215 si
1114 1157 1242 1230 quid
1273 1157 1443 1211 nihilo
1473 1161 1656 1224 posset
1692 1165 1813 1206 esse
1853 1150 2050 1204 minus.

413 1260 418 1267 ’
461 1261 651 1331 Itaque
680 1257 822 1329 quod
855 1257 996 1312 Deus
1027 1268 1118 1309 eas
1147 1254 1214 1307 ab
1242 1252 1346 1308 illis
1376 1251 1430 1305 in
1456 1250 1557 1303 hac
1591 1249 1699 1302 vita
1733 1261 1839 1301 non
1865 1245 2056 1300 amoli-

463 1364 573 1420 tur,
605 1352 800 1407 mirum
835 1346 1007 1403 videri
1041 1345 1245 1414 nequit.

453 1440 460 1490 Ῡ
544 1448 658 1518 §8.
703 1443 792 1498 Ait
826 1440 1065 1495 Julianus
1115 1451 1179 1493 ea
1232 1437 1300 1490 ab
1338 1433 1637 1502 Augustino
1679 1429 1897 1498 scripta,
1942 1443 2056 1496 qua:

461 1548 678 1608 propter
727 1532 1000 1586 honestatis
1054 1527 1383 1582 reverentiam
1431 1521 1672 1577 oblivioni
1724 1521 2056 1574 exterminata

473 1607 797 1683 mandentur.
831 1621 964 1676 Vide
1013 1627 1192 1673 notata
1233 1617 1300 1671 ad
1349 1627 1480 1670 tom.
1514 1612 1627 1677 V'll,
1672 1611 1761 1666 lib.
1804 1610 1870 1665 de
1898 1607 2055 1665 Civit.

471 1724 571 1779 Dei
602 1737 711 1786 XIV,
741 1731 859 1786 cap.
895 1714 960 1769 18
989 1721 1043 1768 et
1070 1726 1223 1781 seqq.

2153 497 2497 567 comprobata
2529 496 2647 552 est?
2676 495 2816 550 Sunt
2848 509 2977 564 ergo
3007 494 3352 565 magistratus
3382 495 3607 552 lictores
3637 511 3742 552 coe-

2159 599 2307 644 tuum
2347 587 2860 654 ecclesiasticorum,
2901 585 3096 655 quibus
3137 599 3330 655 parere
3374 602 3472 642 eos
3513 596 3742 656 oportet,

2156 698 2265 738 non
2308 695 2648 751 responsare.
2677 679 2733 736 Si
2772 679 2894 734 talia
2926 677 3188 732 dixissent
3221 679 3406 733 Ariani
3437 694 3562 734 cum
3599 690 3744 735 erant

2154 775 2487 841 superiores,
2530 771 2775 842 profecto
2816 770 3168 826 intoleranda:
3207 769 3511 840 tyrannidis
3561 771 3748 827 merito

2157 865 2449 919 insimulati
2487 863 2732 920 fuissent.
2768 864 2873 921 Sed
2903 864 3095 918 horum
3126 877 3213 918 me
3243 862 3446 919 dudum
3481 862 3745 921 distaedet.

2154 957 2335 1028 Itaque
2362 972 2584 1012 manum
2608 957 2676 1012 de
2705 957 2907 1012 tabula.

2401 1050 2679 1107 JOANNIS
2720 1049 3079 1106 ULIMMERII
3119 1047 3495 1107 ΡΒᾸΞΕΑΤΙΟ

2157 1163 2224 1202 AD
2252 1161 2482 1204 JACOBUM
2524 1161 2792 1201 PAHEIJUM
2820 1161 2970 1200 SACR.
3006 1159 3350 1200 LITTERARUII
3399 1158 3752 1201 LICENTIATEI

2325 1254 2390 1293 AC
2422 1253 2605 1293 BRUGIS
2634 1251 2954 1302 CANONICUI,
2978 1252 3045 1290 DE
3077 1251 3322 1290 INDICULO
3344 1249 3587 1291 POSSIDII.

2228 1332 2438 1399 Quanta
2462 1333 2742 1395 hactenus,
2767 1331 2849 1386 vir
2882 1331 3292 1400 humanissime,
3320 1331 3605 1385 hominum
3627 1347 3755 1402 quo-

2158 1422 2402 1478 rumdam
2445 1423 2498 1477 in
2531 1423 2823 1492 judicando
2874 1422 3150 1478 temeritas
3192 1421 3375 1490 fuerit,
3428 1421 3644 1493 quidvis
3692 1423 3755 1478 D.

2159 1515 2446 1585 Augustini
2494 1529 2617 1570 esse
2658 1514 3030 1579 clamantium,
3079 1529 3142 1570 ac
3186 1529 3284 1584 pro
3320 1514 3486 1569 animi
3538 1514 3758 1571 arbitrio

2161 1608 2596 1674 reclamantium,
2631 1607 2772 1661 haud
2803 1607 3085 1677 quisquam
3113 1607 3268 1662 facile
3301 1606 3618 1676 crediderit,
3654 1608 3758 1664 nisi

2163 1702 2330 1772 ipsam
2363 1702 2441 1758 rei
2485 1702 2766 1758 veritatem
2816 1703 2884 1757 ab
2930 1702 3320 1771 antiquioribus
3348 1703 3620 1772 proditam
3671 1719 3760 1774 pe-

462 1843 468 1850 -
549 1813 578 1884 §
611 1811 695 1866 10.
729 1809 970 1864 Julianus
1002 1824 1015 1858 :
1065 1802 1269 1857 Laudat
1309 1801 1462 1855 etiam
1509 1804 1764 1868 potentem
1813 1794 2067 1849 hominem
2095 1795 2143 1856 B
2171 1801 2334 1856 nitius
2361 1799 2766 1868 introspexerit,
2800 1807 2855 1853 et
2881 1797 2949 1853 ad
2973 1798 3154 1853 vivum
3200 1797 3366 1868 (quod
3391 1798 3573 1867 aiunt)
3612 1813 3758 1854 rese.

476 1904 828 1978 (Augustinus
860 1899 1130 1955 Valerium
1162 1897 1255 1952 lib.
1287 1912 1301 1949 ι
1337 1894 1404 1949 de
1432 1892 1658 1960 Nuptiis,
1698 1905 1818 1959 cap.
1847 1889 1904 1958 2)
1930 1889 2067 1959 quod

465 1997 666 2050 nostris
695 1992 1040 2065 petitionibus,
1072 1987 1158 2056 qui
1180 1986 1307 2040 nihil
1324 1984 1468 2038 aliud
1490 2000 1643 2054 quam
1668 1983 1783 2036 dari
1812 1991 1952 2035 tanto
1976 1998 2070 2039 nee

479 2088 617 2152 gotio
650 2086 850 2157 judices
878 2080 1307 2150 vociferabantur,
1341 2088 1396 2131 ut
1431 2094 1488 2131 ea
1517 2093 1630 2147 quae
1666 2075 2070 2147 subreptionibus

481 2189 602 2233 acta
628 2177 914 2242 constabat,
947 2175 1336 2230 emendarentur
1381 2172 1548 2241 potius
1576 2186 1728 2240 quam
1771 2171 2072 2240 punirentur

481 2272 735 2338 examine,
761 2269 893 2323 male
913 2282 1018 2321 sua:
1039 2263 1301 2335 dignitatis
1319 2263 1588 2326 obstiterit,
1607 2278 1695 2315 nec
1717 2261 2076 2328 disceptationi

483 2374 679 2435 tempus
706 2373 794 2416 aut
828 2362 994 2415 locum
1022 2357 1309 2428 permiserit
1345 2354 1662 2426 impetrem]
1714 2354 1919 2408 Revera
1962 2355 2073 2408 lau-

485 2458 576 2512 dat
600 2457 948 2526 Augustinus,
977 2457 1096 2511 loco
1123 2453 1377 2518 indicato,
1401 2450 1697 2519 Valerium,
1718 2450 1844 2520 quia
1870 2451 1931 2504 iis
1957 2451 2074 2520 qui-

484 2552 583 2607 bus
613 2551 932 2619 disputando
950 2549 1066 2618 ipse
1092 2546 1397 2610 resistebat,
1430 2544 1523 2600 ille
1549 2549 1816 2615 potestate,
1842 2545 2074 2597 curando

483 2654 530 2698 et
571 2642 810 2697 instando
859 2641 1124 2711 efﬁcaciter
1163 2639 1436 2694 restiterat.
1487 2636 1640 2703 Quod
1684 2651 1814 2691 sane
1855 2635 2076 2693 minime

484 2734 809 2790 laudandum
838 2743 975 2798 erat,
1007 2748 1129 2786 nam
1180 2733 1234 2787 in
1260 2747 1320 2786 re
1349 2730 1498 2801 gravi
1535 2739 1590 2785 et
1629 2728 1854 2796 difficili,
1888 2731 1943 2782 in
1973 2743 2076 2797 qua

485 2827 587 2883 sibi
621 2827 786 2895 probe
813 2826 1064 2881 conscius
1099 2833 1216 2880 erat
1253 2824 1580 2895 Augustinus
1629 2830 1803 2877 tantas
1830 2837 1952 2878 esse
1977 2821 2079 2876 dif-

488 2920 772 2984 ficultates,
802 2925 857 2972 ut
892 2917 958 2972 iis
992 2915 1264 2974 solvendis
1293 2931 1394 2986 par
1420 2931 1526 2971 non
1559 2924 1721 2977 esset,
1766 2913 2076 2983 praestabat,

489 3009 811 3064 adversariis
839 3007 1036 3077 saepius
1071 3006 1283 3072 auditis,
1325 3005 1591 3075 judicare,
1625 3018 1785 3074 quam
1821 3004 2080 3059 damnare

488 3100 631 3154 illico
654 3099 939 3163 inauditos,
970 3098 1429 3170 synodorumque,
1455 3113 1522 3152 ne
1545 3096 1748 3151 reditus
1773 3095 1842 3150 ad
1867 3095 2079 3150 mitiora

2173 1899 2363 1955 cuerit.
2398 1897 2458 1953 In
2489 1912 2597 1968 quo
2634 1894 3016 1952 controversiae
3041 1909 3262 1964 genere,
3293 1909 3454 1950 nemo
3498 1893 3660 1950 nobis
3699 1894 3760 1948 D.

2175 1990 2436 2055 Possidio,
2471 1989 2639 2058 utqui
2679 1989 2796 2056 ejus
2824 1987 3120 2057 discipulus
3161 1987 3341 2055 fuerit,
3375 1988 3552 2057 potior
3580 1987 3754 2042 disce-

2174 2090 2351 2150 ptator
2387 2079 2569 2134 haberi
2610 2078 2802 2144 debet;
2853 2093 2977 2132 nam
3016 2092 3139 2133 cum
3181 2078 3401 2134 beatiss.
3437 2079 3765 2148 Augustinus

2177 2184 2283 2230 tam
2309 2174 2472 2228 multa
2503 2171 2754 2238 ediderit,
2787 2170 3026 2238 dictarit,
3053 2177 3216 2239 atque
3247 2171 3298 2225 in
3331 2170 3575 2226 Ecclesia
3610 2185 3768 2226 acer-

2176 2274 2314 2328 rime
2340 2270 2646 2339 disputarit,
2671 2268 2964 2338 exceperit,
2990 2275 3046 2322 et
3060 2265 3377 2329 emendarit,
3401 2267 3489 2322 vel
3509 2268 3771 2322 adversus

2178 2364 2462 2419 haereticos
2483 2361 2809 2429 conscripta,
2837 2360 2922 2414 vel
2943 2374 3009 2414 ex
3027 2358 3302 2413 canonicis
3323 2357 3474 2412 libris
3497 2356 3771 2427 exposita,

2179 2463 2239 2510 ut
2294 2455 2396 2510 illis
2455 2452 2704 2509 omnibus
2752 2450 3142 2520 cognoscendis
3197 2458 3254 2505 et
3301 2449 3639 2519 perlegendis
3685 2449 3775 2507 vix

2179 2549 2457 2618 quisquam
2487 2545 2847 2600 studiosorum
2892 2544 3144 2609 sufficiat,
3189 2543 3320 2598 nulli
3369 2543 3564 2597 mirum
3591 2541 3773 2599 videri

2179 2639 2340 2694 debet
2379 2636 2625 2707 quaedam
2671 2636 2788 2706 ejus
2827 2635 3045 2704 scriptis
3092 2634 3320 2690 admista
3364 2648 3486 2690 esse
3513 2649 3630 2705 qua:
3681 2635 3773 2687 viz

2181 2728 2376 2784 eruditi
2418 2727 2646 2795 alicujus
2695 2740 2758 2780 ac
2813 2726 2883 2794 pii
2932 2733 3074 2792 sunt,
3122 2726 3318 2779 nedum
3357 2725 3420 2780 D.
3461 2724 3773 2794 Augustini,

2182 2833 2392 2874 summa
2416 2817 2716 2874 eruditione
2745 2832 2810 2871 ac
2833 2816 3031 2885 pietate
3061 2816 3192 2880 viri;
3223 2825 3277 2871 et
3300 2830 3485 2872 rursus
3515 2831 3774 2884 quorum-

2183 2912 2304 2968 dam
2329 2911 2656 2980 conjecturis
2683 2911 2776 2980 (ne
2803 2909 2975 2964 dicam
3008 2908 3265 2978 praecipiti
3290 2909 3491 2978 judicio
3524 2919 3774 2972 etteme~

2187 3005 2334 3061 rario
2364 3003 2523 3072 ausu)
2551 3002 2794 3072 quaedam
2823 3001 3031 3056 sublata
3067 3016 3210 3068 esse,
3239 3017 3379 3071 quae,
3415 3003 3500 3058 vel
3525 3003 3777 3058 omnibus

2185 3098 2507 3164 tacentibus,
2539 3097 2750 3168 phrasis
2781 3098 2892 3166 ipsa
2923 3105 3083 3165 atque
3106 3095 3438 3152 incredibilis
3465 3098 3632 3166 pietas
3667 3099 3777 3152 Au«

491 3190 715 3246 consilia
748 3196 975 3259 pateret,
1017 3188 1243 3244 aliarum
1292 3201 1454 3258 super
1501 3186 1622 3243 aliis
1651 3186 2082 3242 anathematibus
2107 3179 2156 3241 C
2187 3192 2384 3262 gustini
2406 3205 2526 3245 esse
2553 3190 2926 3260 loquebantur.
2963 3189 3143 3256 Quare
3171 3205 3240 3245 ne
3276 3191 3518 3246 veritatis
3547 3203 3603 3247 et
3623 3192 3778 3247 verbi

495 3280 776 3346 infamare,
807 3290 861 3336 et
886 3279 1062 3336 edicto
1088 3279 1427 3349 imperatoris
1460 3279 1774 3349 gravissime
1806 3278 2077 3348 persequi.

521 3372 739 3428 Fiducia
785 3372 917 3441 veri,
949 3373 992 3427 si
1030 3386 1134 3441 qua
1167 3371 1375 3438 fuisset,
1406 3370 1678 3426 debuisset
1723 3383 1789 3426 eo
1817 3370 2084 3428 adducere

497 3466 852 3535 Augustinum
895 3474 949 3520 et
991 3463 1153 3531 alios,
1181 3473 1242 3519 ut
1283 3463 1564 3519 differrent
1607 3465 1854 3519 ultimum
1906 3464 1973 3519 de
2021 3479 2086 3520 ea

497 3557 864 3613 controversia
908 3556 1191 3627 judicium,
1239 3558 1544 3626 saepiusque
1583 3571 1742 3626 quam
1783 3571 1920 3627 opus
1969 3565 2088 3612 erat

498 3649 748 3706 audirent
777 3648 1117 3717 Pelagianos;
1142 3663 1208 3703 ne
1234 3647 1288 3701 in
1317 3647 1385 3705 iis
1404 3646 1720 3703 damnandis
1747 3647 2084 3718 aberrarent,

499 3755 595 3795 seu
644 3738 786 3808 quod
834 3753 948 3794 rem
987 3739 1180 3809 ipsam,
1230 3738 1450 3794 arduam
1505 3754 1634 3794 sane
1685 3755 1750 3794 ac
1789 3739 2088 3808 difﬁcilem,

499 3848 607 3886 non
629 3831 760 3886 satis
785 3829 1165 3901 intelligerent,
1196 3845 1290 3886 seu
1317 3830 1458 3900 quod
1481 3831 1916 3886 adversariorum
1939 3847 2092 3887 men-

504 3934 607 3979 tem
646 3939 752 3979 non
783 3933 1212 3992 assequerentur.
1244 3923 1351 3978 Res
1379 3938 1498 3992 qua:
1521 3933 1598 3978 tot
1633 3924 1862 3994 ingeniis
1908 3924 2092 3980 erudi-

506 4017 649 4072 tione
681 4023 841 4085 atque
870 4015 1112 4070 acumine
1142 4014 1439 4084 insignibus
1466 4030 1681 4071 crucem
1719 4016 1860 4082 ﬁxit,
1911 4025 2098 4085 totque

504 4108 899 4163 controversias
921 4121 1017 4176 per
1038 4108 1214 4161 omnia
1246 4106 1439 4161 saecula
1469 4107 1745 4175 excitavit,
1772 4123 1880 4161 non
1911 4106 2097 4162 debuit

505 4201 652 4255 illico
679 4200 914 4269 permitti
941 4213 1233 4268 paucorum
1263 4197 1609 4254 Numidarum
1641 4215 1704 4254 ac
1741 4199 1994 4254 Afrorum
2012 4198 2099 4266 ju-

507 4291 678 4356 dicio;
711 4290 803 4359 qui
824 4300 1030 4358 postea,
1063 4288 1258 4344 cedere
1294 4290 1482 4359 nescii,
1511 4290 1774 4359 judicium
1805 4290 1907 4346 hoc
1941 4307 2098 4348 suum

508 4396 690 4442 essent
732 4387 919 4454 quovis
956 4384 1116 4440 modo
1156 4385 1449 4451 defensuri,
1486 4386 1937 4454 quemadmodum
1969 4403 2101 4444 con-

510 4480 648 4550 tigit.
682 4479 934 4534 Doctrina
962 4479 1124 4534 etiam
1152 4494 1298 4543 vera,
1331 4478 1425 4534 Sed
1473 4479 1627 4547 plena
1664 4478 2095 4548 difficultatibus,

2186 3284 2285 3339 Dei
2311 3282 2680 3349 avidissimos,
2711 3281 3010 3347 Possidius,
3047 3281 3139 3351 qui
3170 3296 3292 3338 cum
3327 3282 3428 3337 hoc
3459 3292 3642 3338 nostro
3690 3298 3779 3339 an-

2187 3377 2358 3432 tistite
2371 3377 2526 3432 annis
2549 3377 2715 3431 ferme
2735 3375 3109 3444 quadraginta,
3129 3376 3224 3431 Dei
3252 3376 3512 3434 beneficio
3529 3393 3590 3433 ac
3611 3379 3780 3446 dono,

2189 3469 2375 3539 absque
2412 3484 2590 3523 amara
2635 3468 2744 3522 ulla
2773 3469 3088 3522 dissensione
3132 3469 3387 3537 (libenter
3416 3471 3556 3526 enim
3608 3471 3781 3540 ipsius

2189 3560 2372 3616 verbis
2419 3559 2562 3627 utor)
2601 3559 2924 3628 familiariter
2965 3575 3027 3612 ac
3057 3546 3280 3614 dulciter
3316 3562 3467 3628 vixit,
3508 3562 3560 3616 in
3593 3562 3780 3633 aliquo

2193 3651 2507 3708 defraudare
2557 3649 2854 3717 videretur,
2896 3648 3188 3707 indiculum
3246 3652 3531 3719 librorum,
3576 3662 3778 3707 tracta-

2195 3753 2365 3809 tuum,
2423 3751 2478 3798 et
2516 3741 2863 3811 epistolarum
2908 3743 3173 3812 ejusdem,
3225 3743 3476 3799 omnibus
3523 3744 3779 3800 studiosis

2196 3833 2542 3904 promissum,
2571 3831 2891 3900 conscripsit
2919 3840 2972 3888 et
3001 3833 3266 3904 exhibuit,
3305 3849 3462 3905 quem
3497 3843 3680 3890 tamen
3727 3837 3776 3892 in

2197 3927 2339 3981 hunc
2367 3940 2536 3994 usque
2568 3923 2712 3980 diem
2755 3940 2943 3981 omnes
2971 3925 3063 3996 qui
3108 3926 3407 3998 Augustino
3453 3943 3561 3984 non
3599 3928 3779 3985 favere

2199 4034 2306 4074 non
2363 4027 2586 4088 possunt
2634 4017 2778 4073 haud
2823 4019 2959 4073 citra
3010 4034 3276 4075 summam
3327 4023 3779 4090 exspectationem

2198 4110 2746 4166 votisardentissimis
2759 4111 3158 4181 desiderarunt,
3174 4129 3241 4168 ne
3257 4115 3481 4183 posthac
3498 4116 3581 4187 (ut
3603 4119 3778 4173 rectis—

2199 4203 2336 4257 sime
2375 4202 2588 4271 scribis)
2614 4216 2901 4258 censorum
2932 4204 3284 4273 quorumdam
3317 4208 3621 4264 temerariis
3643 4209 3778 4278 judi-

2201 4292 2298 4348 ciis
2321 4293 2641 4348 ﬂuctuarent
2680 4293 2890 4349 incerti.
2921 4293 3061 4348 Eum
3089 4283 3189 4365 ego
3218 4311 3327 4350 non
3353 4297 3482 4353 alibi
3525 4293 3556 4353 si
3595 4315 3685 4355 me
3710 4301 3779 4354 in-

2201 4391 2418 4439 ventum
2466 4398 2530 4440 ac
2566 4399 2833 4454 nusquam
2870 4395 3084 4443 exstare
3111 4389 3498 4458 existimatum,
3538 4393 3592 4447 in
3626 4393 3779 4448 Villa-

2202 4475 2395 4531 riensis
2452 4475 2682 4530 abbatiae
2737 4479 3059 4533 venerandae
3112 4481 3447 4551 antiquitatis
3508 4485 3778 4542 codicibus

508 4587 616 4626 non
660 4570 843 4625 debuit
888 4571 1040 4639 quasi
1081 4579 1238 4640 caput
1277 4570 1402 4624 fidei
1456 4571 1817 4625 necessarium
1867 4571 2091 4640 imponi,
2122 4545 2178 4607 D
2201 4566 2361 4637 longe
2387 4567 2799 4623 instructissima
2826 4569 3152 4626 bibliotheca
3191 4574 3508 4630 excutienda
3551 4590 3777 4646 occupa-

510 4663 628 4717 sine
663 4660 771 4714 ulla
823 4660 1016 4714 Christi
1060 4669 1149 4714 aut
1197 4660 1560 4730 apostolorum
1600 4661 1940 4732 auctoritate,
1988 4679 2094 4734 qua

509 4766 626 4805 eam
656 4764 1011 4806 necessariam
1032 4764 1153 4805 esse
1181 4761 1472 4807 constaret.
1501 4750 1616 4805 Non
1649 4751 1834 4806 debuit
1863 4753 2096 4824 denique

511 4842 807 4910 Pelagianis
852 4841 1077 4911 praeberi
1101 4842 1392 4910 justissima
1431 4842 1696 4910 querendi
1732 4858 1918 4912 causa,
1952 4846 2097 4915 quod

509 4935 733 4992 inauditi
761 4932 996 4988 damnati
1025 4932 1268 4986 fuissent.
1302 4932 1406 4986 Sed
1431 4932 1708 4988 audiamus
1740 4937 2096 5005 Augustinum

511 5024 922 5093 respondentem
948 5040 960 5076 :
993 5021 1133 5076 Absit
1154 5039 1185 5075 a
1208 5020 1510 5075 Christianis
1535 5025 1865 5091 potestatibus
1889 5038 2100 5083 terrena

510 5113 804 5181 reipublicw
830 5122 883 5166 ut
911 5113 974 5165 de
996 5113 1210 5183 antiqua
1239 5112 1490 5167 catholica
1540 5113 1641 5181 ﬁde
1671 5115 1919 5184 dubitent,
1951 5128 1998 5172 et
2037 5120 2099 5174 ob

449 5241 455 5244 -
511 5206 608 5259 hoc
644 5205 1075 5276 oppugnatoribus
1127 5208 1238 5276 ejus
1286 5206 1453 5260 locum
1505 5216 1552 5259 et
1606 5215 1805 5278 tempus
1850 5213 2100 5266 examinis

448 5328 452 5334 -
511 5297 795 5367 prwbeant;
824 5312 883 5350 ac
910 5313 1010 5352 non
1040 5299 1206 5367 potius
1235 5298 1290 5351 in
1318 5314 1376 5351 ea
1413 5298 1533 5351 certi
1569 5314 1629 5352 ac
1657 5301 1879 5369 fundati,
1912 5303 2100 5359 talibus

445 5431 450 5442 .
511 5388 691 5457 quales
719 5404 804 5441 vos
838 5391 956 5443 estis
993 5390 1213 5446 inimicis
1251 5393 1363 5461 ejus
1406 5391 1734 5460 disciplinam
1784 5396 2099 5452 coercitionis

513 5479 797 5548 imponant.
833 5479 1008 5536 Verba
1052 5483 1167 5536 haec
1198 5491 1323 5538 sunt
1361 5482 1604 5550 victoris,
1643 5485 1739 5539 sed
1792 5487 1882 5554 qui
1931 5489 2100 5558 magis

511 5571 602 5624 illa
651 5579 863 5625 terrena
902 5574 1217 5629 auctoritate
1266 5573 1535 5630 nitebatur
1573 5589 1730 5645 quam
1779 5578 2097 5637 rationibus.

514 5664 599 5715 An
644 5675 771 5730 ergo
814 5659 1104 5716 Christiani
1155 5664 1492 5734 magistratus
1539 5668 1657 5722 sine
1696 5669 1944 5726 examine
1984 5672 2095 5728 ullo

513 5751 714 5806 debent
763 5766 855 5807 eos
901 5767 1096 5806 vexare
1141 5769 1274 5821 quos
1332 5757 1485 5822 pauci
1538 5757 1774 5828 episcOpi
1829 5761 2094 5820 inauditos

514 5842 857 5908 danunarunt,
880 5845 1000 5910 quia
1020 5843 1237 5912 antiqua
1268 5843 1400 5900 fides
1435 5845 1675 5904 habenda
1704 5851 2089 5921 ἀϐασανίστως,

2204 4661 2462 4724 tissimus,
2494 4674 2579 4727 ac,
2622 4668 2716 4716 tuo
2758 4663 3028 4732 exemplo,
3062 4664 3205 4721 illius
3244 4666 3607 4736 avidissimus,
3652 4671 3776 4725 nihil

2204 4753 2384 4808 minus
2410 4753 2673 4822 cogitans,
2717 4755 2915 4822 reperi.
2940 4754 3108 4821 Quem
3137 4766 3193 4811 ut
3219 4758 3505 4829 aliquando
3530 4763 3584 4817 in
3609 4763 3774 4818 lucem

2204 4846 2316 4915 (cui
2362 4859 2637 4914 nunquam
2681 4853 2838 4900 antea
2878 4850 3211 4921 assueverat)
3242 4853 3403 4909 edere
3431 4855 3645 4922 vellem,
3676 4873 3773 4913 non

2204 4934 2372 4991 semel
2399 4935 2454 4989 id
2487 4934 2683 4990 litteris
2713 4936 2780 4990 ad
2811 4952 2898 4993 me
2925 4939 3130 5009 missis,
3160 4942 3357 5012 quibus
3392 4954 3450 5002 et
3490 4963 3700 5017 operam
3725 4958 3773 5004 et

2207 5035 2415 5095 partem
2446 5040 2694 5096 magnam
2730 5036 3040 5098 sumptuum
3077 5031 3457 5093 liberalissime
3499 5038 3767 5108 offerebas,

2209 5117 2451 5172 hortatus
2481 5131 2568 5183 es;
2611 5132 2681 5173 ne
2719 5119 2920 5175 diutius
2968 5137 3071 5191 qua
3108 5130 3516 5195 exspectatione
3559 5132 3768 5188 frustra-

2206 5216 2395 5262 rentur
2422 5208 2527 5263 viri
2564 5206 2733 5278 docti,
2766 5224 2904 5279 quos
2934 5212 3065 5268 nulli
3107 5216 3185 5270 rei
3215 5221 3387 5288 magis
3429 5223 3634 5279 inhiare
3660 5239 3765 5280 cre-

2204 5297 2456 5354 diderim.
2490 5298 2759 5355 Hactenus
2790 5311 2971 5358 tamen
3016 5303 3135 5374 ejus
3162 5307 3459 5367 editionem
3489 5315 3763 5385 quamlibet

2207 5389 2430 5444 multum
2470 5391 2792 5459 postulatam
2831 5393 3049 5451 differre
3090 5397 3266 5454 visum
3313 5399 3436 5470 fuit,
3489 5415 3544 5460 ut
3581 5407 3761 5461 nostris

2205 5481 2505 5550 marginum
2536 5479 2760 5537 scholiis
2789 5483 3087 5544 illustratus
3127 5488 3347 5560 (quibus
3389 5502 3444 5550 et
3479 5510 3572 5565 per
3603 5499 3756 5567 ipsum

2205 5573 2556 5642 Augustinum
2601 5582 2658 5628 et
2695 5589 2792 5643 per
2819 5585 3029 5634 veteres
3065 5578 3251 5638 Patres
3277 5585 3368 5654 qui
3418 5586 3536 5657 ejus
3577 5591 3755 5658 scripta

2202 5665 2403 5732 passim
2443 5664 2613 5720 citare
2665 5681 2773 5722 non
2818 5668 3065 5726 dubitant
3117 5689 3282 5744 opera
3324 5692 3444 5736 esse
3493 5681 3750 5753 Augustini

2201 5764 2615 5834 convincuntur)
2649 5778 2713 5819 ac
2761 5766 2818 5821 in
2847 5769 3271 5829 commodiorem
3301 5787 3462 5845 atque
3501 5780 3750 5850 aliquanto

2198 5856 2601 5915 concinniorem
2632 5852 2876 5915 ordinem
2922 5862 3190 5934 redactus,
3227 5866 3280 5926 in
3324 5866 3520 5938 lucem.
3561 5872 3650 5928 sub
3679 5866 3745 5923 uti
