3974 6356
161 358 217 409 5³
241 356 275 409 9

988 344 1635 406 ANIMADVERSIONES
1676 344 1743 402 IN
1783 344 1997 402 VITAM
2032 344 2091 403 S.
2144 341 2532 403 AUGUSTINI.

3356 344 3464 401 570

164 466 409 523 muttinis
435 463 697 533 auspicio,
727 458 987 535 prodiret,
1016 462 1234 532 quando
1259 460 1405 517 aliud
1433 460 1529 517 tibi
1552 473 1758 531 nequa-
1786 466 1843 525 Α
1866 459 2195 529 scripserant
2225 473 2241 512 :
2289 455 2476 512 Divina
2517 456 2688 528 afﬂati
2729 456 2935 528 Spiritu
2972 473 3208 514 sermone
3249 462 3460 533 proprio

111 606 125 633 ,η
162 576 332 623 quam
391 556 593 629 gratius
640 572 760 613 esse
805 571 969 627 posse
1027 564 1237 611 certum
1284 553 1569 611 habebam.
1626 553 1762 611 Nam

166 660 510 721 quantopere
554 649 745 705 iisdem
792 648 989 705 studiis
1034 647 1420 715 delectareris,
1469 648 1572 702 etsi
1612 656 1769 702 antea

171 745 473 807 didiceram
517 758 549 798 e
576 752 806 813 cognato
838 750 931 797 tuo
961 740 1233 797 Ludovico
1269 741 1528 797 Carrionc
1572 739 1772 810 juvene

173 855 288 895 non
340 838 657 903 illitterato,
707 836 763 891 in
807 835 962 906 cujus
1009 850 1106 891 ore
1149 835 1279 891 mihi
1332 834 1492 905 plane
1531 833 1773 889 habitare

173 934 328 989 visus
357 946 448 999 es,
473 930 606 987 adeo
634 939 785 985 tuum
809 944 938 999 erga
966 944 1025 985 se
1051 929 1316 996 studium,
1350 927 1771 985 muniﬁcentiam

176 1042 243 1083 ac
295 1026 535 1082 favorem
592 1023 910 1095 frequenter
956 1024 1111 1082 nobis
1167 1038 1377 1080 summa
1431 1038 1553 1079 cum
1604 1024 1770 1080 animi

175 1120 458 1189 voluptate
487 1116 775 1190 praedicat;
820 1117 990 1187 magis
1019 1117 1073 1173 id
1116 1125 1291 1172 tamen
1328 1116 1657 1171 venerabilis
1683 1116 1777 1171 ille

177 1213 330 1269 Beda
362 1212 516 1280 tuus‘,
550 1225 722 1280 nuper
752 1210 808 1265 in
840 1209 1053 1266 oiﬁcina
1087 1209 1418 1281 Hervagiana
1441 1218 1684 1277 renatus,
1714 1225 1779 1265 ac

176 1307 475 1363 multorum
507 1304 769 1360 librorum
800 1305 1149 1373 accessione,
1193 1319 1298 1358 non
1346 1303 1463 1359 sine
1499 1304 1778 1359 immensis

176 1397 494 1467 sumptibus
522 1412 587 1453 ac
626 1397 820 1453 studiis
848 1406 1037 1453 auctus
1058 1440 1073 1464 ,
1109 1404 1333 1451 testatus
1357 1404 1458 1449 est.
1494 1394 1778 1450 Maximam

175 1493 365 1563 itaque
388 1492 441 1546 iu
458 1504 611 1560 spem
638 1489 874 1546 adducor
893 1488 1028 1557 fore,
1055 1498 1114 1544 ut
1136 1503 1257 1560 quae
1284 1497 1584 1557 temporum
1636 1487 1779 1559 inju-

183 1581 267 1635 ria
297 1580 354 1635 in
398 1579 637 1635 tenebris
668 1579 842 1635 adhuc
864 1578 1051 1650 jaceut
1077 1588 1132 1636 et
1172 1595 1292 1635 cum
1323 1579 1506 1634 blattis
1533 1595 1596 1634 ac
1625 1578 1783 1634 tineis

176 1672 384 1728 alicubi
434 1670 698 1737 rixantur,
748 1688 809 1727 ea
858 1682 944 1739 tu,
991 1686 1112 1742 quae
1144 1681 1231 1727 tua
1273 1682 1356 1727 est
1397 1671 1453 1725 in
1510 1670 1784 1727 veteribus

178 1766 569 1836 conquirendis
609 1764 883 1821 indefesso
928 1763 1109 1820 studio
1135 1763 1444 1833 diligentia,
1491 1764 1783 1835 aliquando

1873 564 2025 625 atque
2041 553 2201 623 stylo,
2230 560 2277 606 et
2293 552 2505 605 auribus
2525 561 2572 605 et
2590 551 2750 606 oculis
2774 552 2905 605 scire
2924 550 3219 619 volentium,
3246 551 3466 609 dicendo

1876 659 1924 702 et
1954 647 2222 702 scribendo
2265 644 2493 711 similia,
2538 646 2899 700 studiosorum
2926 645 3123 699 notitia:
3160 645 3468 714 intulerunt,

1876 740 2054 812 quales
2099 740 2380 808 quantique
2425 740 2521 792 viri
2546 754 2610 793 er
2650 738 2913 793 communi
2944 735 3153 793 Domini
3205 741 3375 811 gratia
3412 740 3470 795 in

1875 835 2027 890 rebus
2056 833 2317 897 humanis,
2340 842 2387 887 et
2410 833 2575 887 vivere
2604 843 2652 886 et
2679 849 2838 900 usque
2856 833 2911 885 in
2927 832 3080 901 finem
3104 832 3268 888 obitus
3294 850 3469 903 perse-

1880 947 2054 987 verare
2076 926 2417 999 meruerunt]
2442 928 2663 999 Afﬂatos
2694 928 2866 982 divino
2914 927 3117 999 Spiritu
3148 936 3306 985 vocat
3328 928 3470 985 bono

1880 1025 2107 1081 consilio
2156 1033 2316 1094 atque
2355 1021 2536 1076 animo
2566 1021 2703 1074 vitas
2741 1020 3073 1087 scribentes,
3122 1021 3246 1088 quia
3287 1020 3472 1075 omnia

1881 1119 2024 1174 bona
2056 1134 2084 1173 a
2106 1118 2290 1172 diviuo
2309 1114 2491 1170 afﬁatu
2516 1114 2814 1183 procedere
2836 1114 3076 1185 putabat.
3100 1113 3267 1170 Nemo
3289 1122 3469 1170 tamen

1882 1218 2043 1280 neget
2072 1223 2194 1264 esse
2238 1216 2385 1262 recte
2412 1206 2551 1261 iacta
2599 1204 2845 1276 quaedam
2890 1206 3156 1270 humana,
3203 1222 3321 1277 quae
3362 1207 3473 1263 Deo

1882 1302 2098 1373 quidem
2130 1308 2188 1356 nt
2235 1301 2485 1356 humanae
2511 1307 2718 1354 natum
2758 1299 2962 1354 auctori
2990 1297 3289 1365 debentur,
3319 1300 3361 1355 si
3404 1301 3471 1354 ad

1886 1408 2191 1466 supremam
2244 1407 2463 1448 causam
2512 1390 2896 1457 ascendamus;
2946 1390 3043 1446 sed
3091 1405 3212 1459 quae
3260 1391 3475 1446 nonnisi

1888 1488 2230 1545 incommode
2259 1490 2450 1558 afﬂatu
2494 1486 2614 1557 ejus
2659 1486 2778 1543 ﬁeri
2817 1485 3093 1552 dicantur,
3125 1494 3343 1556 propter
3376 1486 3478 1541 ad-

1886 1583 2075 1637 mistas
2121 1580 2278 1636 nimis
2308 1581 2506 1635 multas
2533 1579 2733 1650 ingenii
2772 1578 2989 1635 humani
3018 1578 3476 1649 imperfectiones.

1888 1675 1977 1732 Sic
2006 1676 2120 1744 ipse
2152 1683 2207 1729 et
2226 1672 2318 1729 alii
2347 1674 2490 1729 bono
2518 1674 2720 1739 animo,
2752 1681 2810 1726 ut
2840 1671 3121 1742 putabant,
3145 1672 3481 1741 scripserunt

1889 1770 2029 1823 vitas
2059 1767 2397 1837 superiorum
2448 1766 2855 1836 episcOporum;
2897 1766 2989 1835 qui
3016 1779 3202 1820 eorum
3234 1764 3447 1820 animus

178 1856 235 1910 in
287 1857 633 1928 propatulum
676 1856 940 1912 allaturus
962 1898 976 1924 ,
1011 1865 1067 1911 et
1104 1856 1249 1927 quod
1280 1857 1480 1912 nostris
1510 1856 1783 1926 qualibus-
1814 1859 1862 1921 Β
1890 1860 2077 1929 credo,
2105 1874 2171 1916 ex
2200 1858 2363 1914 oilicii
2390 1858 2470 1914 sui
2494 1857 2801 1929 cognitione
2821 1865 2979 1912 natus
3006 1866 3143 1921 erat,
3168 1870 3232 1912 ac
3251 1856 3482 1927 proinde

176 1963 397 2019 cunque
424 1949 700 2005 laboribus
740 1949 915 2014 deest,
943 1949 1315 2006 indubitanter
1339 1950 1652 2019 adjecturus
1678 1953 1783 2009 sis.

182 2038 470 2109 Siquidem
497 2040 739 2108 comperi
769 2050 823 2096 et
849 2053 978 2111 ego,
1028 2050 1152 2110 post
1182 2041 1322 2096 hanc
1350 2050 1591 2097 nostram
1621 2041 1785 2098 abso-

178 2131 354 2186 lutam
408 2133 734 2201 editionem,
768 2132 1025 2189 nonnulla
1057 2147 1182 2190 esse
1210 2147 1331 2202 quae
1359 2133 1589 2205 diligens
1618 2134 1788 2190 lector

178 2225 436 2281 exactius
465 2234 519 2281 et
549 2227 719 2296 magis
749 2227 906 2296 plena
938 2226 1179 2283 numeris
1200 2229 1314 2283 suis
1346 2227 1558 2293 tradita,
1600 2236 1790 2297 optare

182 2316 384 2386 possit.
428 2317 483 2372 In
513 2318 845 2389 marginibus
892 2333 1019 2376 vero
1058 2320 1322 2376 librorum
1366 2329 1675 2376 nostrorum
1706 2322 1789 2391 (ut

181 2416 240 2462 et
263 2408 387 2477 ejus
415 2409 626 2465 consilii
658 2411 765 2466 mei
795 2411 889 2466 tibi
916 2420 1129 2467 constet
1158 2412 1321 2483 ratio)
1352 2414 1482 2468 satis
1504 2412 1790 2470 habuimus

183 2501 525 2557 voluminum
570 2513 747 2559 tomos
782 2503 1044 2561 adnotare
1068 2546 1083 2571 ,
1114 2506 1321 2561 omisso
1348 2507 1661 2576 paginarum
1691 2523 1794 2563 nu-

186 2608 368 2661 rnero,
400 2595 544 2666 quod
569 2596 615 2651 is
638 2597 691 2651 in
723 2598 842 2653 aliis
867 2607 1030 2668 atque
1055 2598 1178 2654 aliis
1202 2598 1622 2668 exemplaribus,
1655 2598 1793 2655 alius

184 2701 253 2741 ac
288 2687 459 2743 multo
500 2688 903 2746 diversissimus
928 2694 1031 2759 sit,
1062 2707 1162 2747 nec
1203 2691 1345 2746 idem
1387 2691 1639 2747 omnibus
1676 2706 1795 2748 res-

188 2785 441 2867 pondere
477 2789 668 2858 possit.
708 2786 972 2843 Craterum
1005 2787 1143 2843 hanc
1183 2788 1411 2858 opellam
1447 2795 1503 2843 et
1546 2787 1792 2858 qualem-

121 2878 127 2883 '
194 2892 413 2947 cunque
458 2877 773 2933 industriam
806 2888 1043 2934 nostram
1065 2918 1083 2946 ,
1114 2887 1169 2934 te
1195 2888 1418 2934 auctore
1461 2888 1790 2950 susceptam,

188 2985 317 3025 cum
347 2971 685 3038 recordarer;
711 2971 903 3027 abduci
932 2972 998 3027 ab
1030 2986 1098 3027 eo
1127 2986 1233 3027 non
1268 2973 1416 3041 potui
1460 2966 1586 3043 quin
1630 2989 1794 3044 gene-

188 3078 344 3120 rosae
381 3064 446 3119 D.
472 3064 535 3119 T.
557 3075 930 3121 consecratam
956 3067 1235 3122 humiliter
1253 3066 1528 3123 offerrem.
1549 3068 1795 3138 Accipies

186 3156 377 3225 itaque
406 3172 473 3212 eo
502 3173 610 3228 quo
655 3157 930 3214 oﬁ‘erimus
958 3158 1140 3214 animo
1164 3167 1221 3213 et
1251 3174 1349 3229 pro
1378 3167 1469 3213 tua
1501 3159 1658 3215 solita
1692 3159 1794 3215 bu-

1890 1953 2005 2008 Deo
2030 1967 2264 2023 quoque,
2295 1950 2457 2005 ofﬁcii
2502 1952 2738 2006 exactori
2757 1991 2773 2016 ,
2797 1948 2881 2006 vel
2909 1948 3011 2004 hoc
3042 1963 3203 2005 sensu
3232 1948 3479 2005 tribuen-

1890 2045 2010 2099 dus.
2052 2042 2159 2098 Sed
2200 2040 2367 2097 afﬂati
2398 2054 2531 2096 sane
2559 2055 2587 2094 a
2621 2040 2734 2095 Deo
2761 2054 2870 2094 non
2902 2038 3115 2095 fuerunt
3146 2049 3201 2092 ut
3231 2038 3346 2095 fere
3365 2040 3483 2095 dis-

1901 2134 2221 2191 simularent
2250 2133 2378 2189 vitia
2409 2141 2464 2188 et
2483 2132 2679 2189 delicta
2702 2146 2889 2188 eorum
2916 2147 3147 2203 quorum
3177 2132 3315 2188 vitas
3345 2132 3488 2189 scri-

1891 2230 2118 2294 bebant,
2143 2230 2483 2299 virtutesque
2510 2244 2573 2283 ac
2595 2228 2751 2284 dotes
2771 2227 3011 2284 modicas
3044 2236 3241 2297 praeter
3268 2242 3487 2284 omnem

1895 2321 2113 2377 modum
2142 2320 2493 2383 extollereut,
2517 2327 2571 2374 et
2587 2317 2739 2374 venia
2763 2316 3058 2389 indigentia
3074 2318 3224 2388 quasi
3244 2318 3488 2375 miranda

1892 2415 2282 2472 describerent.
2320 2412 2597 2485 Ejusmodi
2628 2416 2771 2468 enim
2813 2412 3096 2480 encomiis,
3124 2427 3195 2469 ne
3220 2412 3320 2468 alia
3342 2412 3483 2483 obji-

1896 2509 2033 2563 ciam
2056 2549 2073 2573 ,
2110 2508 2168 2562 ﬁt
2190 2521 2297 2562 non
2326 2517 2433 2561 tam
2467 2515 2524 2560 ut
2552 2504 2749 2560 incauti
2782 2504 3013 2560 lectores
3040 2517 3227 2560 eorum
3260 2504 3490 2561 virtutes

1896 2604 2211 2669 imitentur,
2261 2612 2315 2658 et
2340 2616 2466 2657 vera
2498 2601 2694 2671 placita
2723 2607 3047 2670 sequantur;
3078 2612 3238 2668 quam
3268 2609 3333 2654 ut
3357 2597 3489 2655 vitia

1899 2696 2238 2752 dissimulata
2271 2696 2421 2766 quasi
2454 2694 2596 2750 licita
2629 2702 2685 2750 et
2713 2692 2963 2760 honesta,
2993 2706 3312 2762 erroresque
3332 2691 3489 2763 quasi

1897 2790 2182 2845 veritatem
2206 2788 2576 2852 defendendos
2603 2788 2705 2845 sibi
2738 2796 3079 2858 proponant;
3128 2802 3304 2859 neque
3340 2788 3490 2845 enim

1898 2889 2107 2952 putant,
2138 2880 2184 2935 si
2209 2881 2458 2951 fugienda
2488 2880 2604 2935 haec
2629 2889 2842 2950 essent,
2870 2879 3301 2936 dissimulaturos
3324 2879 3493 2937 fuisse

1901 2980 2089 3033 uarum
2113 2976 2341 3031 vitarum
2366 2976 2687 3046 scriptores;
2724 2989 2825 3031 nec
2851 2990 2911 3029 se
2938 2988 3164 3045 peccare
3186 2988 3341 3043 posse
3368 2989 3494 3029 cre-

1899 3066 2058 3134 dunt,
2094 3066 2220 3122 dum
2252 3067 2395 3123 viros
2425 3081 2595 3138 usque
2638 3066 2773 3123 adeo
2800 3065 3047 3122 laudatos
3090 3067 3402 3122 imitantur.
3425 3066 3491 3123 Ei

1900 3160 2244 3216 incommodo
2266 3160 2478 3216 obviam
2511 3160 2593 3217 ire
2620 3160 2891 3217 voluimus
2924 3161 2974 3215 in
3004 3159 3494 3217 animadversioni-

188 3250 479 3316 manitate,
507 3250 770 3308 adversus
799 3252 1249 3309 calumniatorum
1279 3250 1543 3322 insultus,
1573 3264 1795 3315 nostros
1824 3250 1871 3315 C
1900 3253 2002 3310 bus
2058 3255 2259 3311 nostris
2286 3297 2299 3323 ,
2354 3254 2443 3309 ubi
2488 3266 2545 3310 ut
2595 3255 2863 3311 laudanda
2907 3254 3132 3310 candide
3159 3264 3214 3311 et
3255 3256 3490 3313 libenter

188 3351 423 3397 conatus
446 3344 690 3402 tuebere.

267 3434 402 3493 Vale
446 3437 713 3505 multum,
767 3439 1107 3497 observande
1153 3441 1413 3507 Domine,
1454 3455 1666 3513 nosque
1721 3442 1797 3499 tui

190 3526 629 3583 studiosissimos
694 3540 882 3585 mutuo
943 3532 1127 3603 dilige.
1195 3532 1460 3600 Lovanii,
1529 3548 1562 3589 e
1611 3540 1795 3589 nostro

193 3618 517 3676 Martiniano
554 3622 828 3690 coenobio,
860 3623 893 3678 9
919 3624 1131 3679 calend.
1164 3626 1408 3695 Apriles,
1448 3641 1591 3683 anno
1628 3625 1790 3683 1564.

657 3756 1310 3817 ANIMADVERSIONES

664 3888 716 3927 IN
754 3890 917 3930 νιτΑιί
957 3891 1002 3932 S.
1050 3891 1351 3934 AUGUSTINI.

274 3980 497 4040 Prtefat.
531 3983 600 4043 de
649 3984 713 4044 iis
737 3988 993 4071 quivitas
1031 3990 1272 4049 virorum
1306 3991 1798 4053 ecclesiasticorutn

1902 3345 2241 3401 laudavimus
2266 3388 2282 3414 ,
2344 3347 2423 3401 sic
2467 3362 2566 3403 nec
2596 3347 2948 3417 vituperanda
2992 3346 3447 3404 dissimulavimus
3477 3365 3494 3415 ;

1902 3438 2155 3506 quamvis
2203 3441 2429 3495 multum
2455 3438 2596 3495 absit
2622 3447 2683 3495 ut
2712 3439 2890 3495 omnia
2933 3438 3307 3511 attigerimus,
3348 3442 3491 3507 quod

1903 3532 2185 3588 immensae
2213 3542 2330 3589 erat
2350 3547 2553 3603 operte,
2580 3546 2682 3589 nec
2712 3547 2819 3588 uno
2850 3530 3124 3587 volumine
3153 3532 3267 3587 ﬁeri
3297 3533 3501 3603 potuis-
3554 3526 3557 3533 “

1903 3633 2007 3680 set.
2040 3624 2235 3680 Verum
2278 3625 2536 3697 quidquid
2582 3634 2807 3682 conatus
2837 3641 2980 3693 sum,
3008 3626 3060 3681 id
3090 3641 3159 3681 ex
3189 3641 3375 3681 amore
3403 3626 3499 3684 Dei

1906 3724 1959 3772 et
1980 3716 2207 3786 proximi
2238 3718 2560 3787 proﬂuxisse
2587 3718 2735 3773 novit
2760 3718 2851 3772 ille
2872 3717 2956 3772 cui
2978 3716 3278 3771 animorum
3304 3730 3499 3771 arcana

1905 3818 2116 3880 patent;
2173 3827 2366 3882 quem,
2422 3820 2480 3867 ut
2529 3812 2777 3868 tenebras
2826 3811 3135 3880 Opinionnm
3188 3817 3494 3865 nostrarum
3547 3850 3554 3888 ε

1904 3904 2297 3976 aﬂ‘ectuumqne
2349 3906 2725 3963 frustrationes
2771 3906 3021 3961 discutiat
3075 3904 3193 3961 luce
3232 3904 3502 3962 adventus

1905 3997 2029 4055 Filii
2052 3998 2165 4070 sui,
2188 4000 2349 4059 etiam
2377 4008 2537 4072 atque
2565 4000 2728 4058 etiam
2756 4014 2872 4057 orn.
2907 3999 3101 4054 Amen.
