3974 6356
177 327 288 391 575
1524 370 1529 373 ι
1648 334 1746 392 PR.

1899 336 2043 397 .TIO.
3361 341 3468 402 574

174 455 275 508 tim
288 468 409 510 cum
434 466 579 509 sacra
600 453 759 510 etiam
774 452 1185 521 Lovaniensium
1199 453 1570 525 theologorum
1584 454 1812 515 facultas
1823 458 2147 529 jampridem
2163 457 2216 515 in
2230 460 2510 533 Augustini
2525 462 2687 521 verba
2694 461 2953 535 jurasset.
2975 463 3240 525 Caeterum
3254 466 3460 522 exortis

173 542 276 599 Jan
294 545 529 601 senianis
547 544 781 601 dissidiis
796 545 1200 617 pleriquelonge
1214 547 1491 605 acerbiora
1511 557 1695 605 contra
1711 550 2062 623 Augustinum
2078 559 2133 606 et
2147 552 2291 625 loqui
2307 564 2359 611 et
2371 555 2609 613 scribere
2622 572 2730 615 non
2746 558 3130 615 extimuerunt.
3152 558 3267 614 Non
3284 558 3462 615 defue-

175 654 241 695 re
262 648 439 694 tamen
464 653 528 694 ex
561 648 741 695 nostra
762 638 960 695 familia
979 640 1077 699 viri
1096 640 1186 711 qui
1217 642 1394 712 magni
1426 643 1661 713 parentis
1692 652 1873 713 partes
1892 645 2154 701 acerrime
2178 644 2539 707 delensarent.
2574 646 2683 703 llos
2710 648 2849 707 inter
2875 649 3096 707 emicuit
3122 650 3279 706 Pater
3304 650 3469 706 Caro-

115 801 123 811 ‘
172 730 263 786 lus
288 729 523 798 Moreau,
554 731 757 799 Gallus,
784 731 871 802 qui
903 742 1048 789 tonio
1070 734 1244 803 primo
1274 748 1491 791 suarum
1541 734 1592 789 in
1623 734 2010 793 Tertullianum
2037 736 2576 796 Animadversionum
2606 740 2735 795 satis
2784 740 3019 812 prolixus
3060 741 3318 801 vindicias
3365 758 3464 814 pro

118 876 131 892 ,
169 821 475 892 Augustino
504 823 749 892 inseruit,
776 824 918 894 quod
952 824 1133 880 itidem
1158 834 1315 881 antea
1346 826 1671 896 praestiterat
1696 826 1779 881 vir
1803 827 2027 898 insignis
2066 828 2302 885 Joannes
2336 830 2516 886 Rivius
2541 829 2702 902 Belga
2727 831 2865 891 libro
2895 843 3084 903 quarto
3111 835 3177 891 de
3201 836 3323 895 Vita
3350 839 3465 893 Au-

165 917 396 986 gustini.
432 917 536 973 Sed
561 918 801 988 profecto
826 927 1042 975 nostros
1064 920 1229 976 hosce
1254 920 1543 989 scriptores
1568 929 1623 976 et
1644 921 1863 977 laterem
1900 922 2118 989 lavisse,
2168 934 2222 980 et
2252 924 2428 985 surdis
2496 926 2755 985 cecinisse
2780 930 2985 999 experti
3009 944 3226 999 sumus;
3260 942 3464 992 tantum

138 1009 317 1107 1enim
344 1010 493 1066 abest
517 1020 575 1067 ut.
604 1011 680 1067 illi
710 1011 777 1066 ab
803 1013 1018 1080 incepto
1050 1012 1374 1079 destiterint,
1406 1020 1462 1066 ut
1494 1010 1683 1081 majori
1717 1014 1873 1089 longe
1914 1025 2173 1085 apparatu
2202 1029 2363 1089 atque
2391 1019 2760 1079 infestioribus
2808 1022 2971 1079 armis
3002 1026 3055 1081 in
3106 1026 3465 1098 Augustinum

142 1102 145 1167 ᾖ
165 1102 461 1168 moverint,
499 1103 613 1156 haec
635 1103 891 1160 adversus
920 1103 1316 1176 llipponensem
1341 1104 1618 1160 doctorem
1647 1106 2055 1175 scripturientes
2087 1128 2099 1164 :
2140 1129 2159 1165 ι
2188 1110 2469 1181 Augustini
2499 1114 2798 1175 doctrinam
2830 1119 3135 1185 obscuram,
3169 1122 3463 1191 dillicilem,

163 1192 654 1263 intricatissimam,
686 1210 868 1253 secum
898 1195 1013 1265 ipsa
1069 1208 1416 1268 pugnantem,
1450 1196 1796 1269 pluribusque
1824 1204 2096 1261 erroribus
2127 1205 2420 1267 obnoxiam
2469 1224 2610 1270 esse.
2637 1210 2875 1271 Positum
2904 1216 3052 1272 illum
3078 1218 3180 1272 sub
3214 1219 3463 1291 caligine.

165 1286 228 1344 In
258 1288 565 1361 Pelagianis
588 1290 957 1362 oppugnandis
981 1291 1121 1346 ultra
1152 1290 1393 1346 veritatis
1416 1290 1616 1346 limites
1638 1301 1770 1347 aestu
1794 1293 2173 1367 disputationis
2202 1299 2501 1369 abreptum.
2542 1302 2772 1361 Licitum
2800 1321 2925 1364 esse
2961 1309 3156 1365 nedum
3208 1286 3465 1379 iudicem,

165 1382 269 1437 sed
302 1400 369 1440 ne
395 1385 655 1442 arbitrum
678 1386 894 1455 quidem
946 1387 1288 1445 honorarium
1319 1388 1371 1444 in
1430 1392 1815 1449 controversiis
1844 1392 1913 1449 de
1941 1392 2123 1450 divina
2176 1397 2346 1466 gratia
2377 1397 2523 1455 illum
2552 1399 2860 1459 admittere.
2888 1404 3057 1471 Ipsius
3080 1420 3226 1461 artua
3251 1422 3356 1463 non
3383 1423 3471 1465 es-

164 1492 231 1533 se
259 1477 721 1548 inexpugnabilia,
756 1494 930 1549 neque
954 1480 1085 1536 satis
1106 1488 1228 1550 apta
1258 1481 1324 1538 ad
1352 1480 1678 1543 Calvinistas
1704 1485 2058 1555 superandos.
2100 1488 2483 1547 Haereticorum
2514 1497 2846 1565 argumentis
2876 1498 3096 1555 minime
3118 1499 3467 1570 satisfecisse,

162 1584 350 1639 neque
377 1572 577 1641 positas
609 1573 704 1628 abs
731 1588 791 1629 se
820 1572 999 1629 theses
1029 1574 1476 1631 convincentibns
1505 1577 1838 1644 argumentis
1857 1580 2259 1647 comprobasse.
2292 1582 2407 1639 Non
2438 1599 2559 1641 esse
2584 1589 2948 1657 sepeliendam
2979 1591 3380 1660 scholasticam,
3411 1602 3471 1649 ut

169 1677 323 1717 unus
349 1671 539 1732 regnet
559 1664 916 1732 Augustinus,
948 1663 1042 1720 sed
1075 1664 1216 1720 hunc
1247 1666 1418 1735 ipsum
1442 1666 1507 1720 ad
1531 1666 1867 1725 scholastica:
1895 1670 2149 1725 amussim
2179 1672 2520 1741 exigendum.
2554 1676 2827 1735 Ridiculus
2852 1682 3129 1751 Augustini
3157 1684 3471 1741 adoratores

162 1754 232 1811 ad
265 1768 524 1810 nauseam
548 1754 924 1827 hyperbolicas
948 1756 999 1810 in
1035 1757 1284 1813 eumdem
1315 1757 1504 1814 laudes
1531 1773 1843 1827 congerere.
1877 1758 2160 1817 Volentem
2189 1764 2505 1835 impugnare
2534 1769 2816 1838 Augustini
2840 1771 3137 1828 sententias
3166 1772 3472 1830 habiturum

159 1847 475 1918 adjutorem
505 1849 694 1904 Deum.
734 1868 752 1902 ι
790 1849 935 1915 Haec,
962 1849 1135 1904 aliave
1162 1866 1299 1919 pene
1327 1850 1607 1907 innumera
1637 1850 1914 1920 addidere,
1963 1868 2081 1923 qua:
2112 1855 2167 1911 in
2196 1856 2341 1913 calce
2375 1856 2536 1928 hujus
2567 1861 2901 1931 Apologetici
2929 1862 3245 1921 referemus.
3273 1865 3476 1922 Ferunt

158 1942 344 1999 Crassi
377 1944 517 2015 regis
541 1944 709 1999 lilium
734 1959 762 1998 a
790 1959 959 2014 puero
982 1954 1188 2001 mutum
1238 1944 1552 2015 (Heroden,
1586 1946 1677 2001 lib.
1710 1943 1779 2011 t),
1807 1959 1928 2002 cum
1970 1950 2206 2017 parentis
2231 1950 2473 2021 jugulum
2505 1954 2693 2011 stricto
2717 1972 2973 2015 mucrone
3004 1961 3187 2029 impeti
3218 1963 3287 2017 ab
3313 1963 3475 2019 hoste

160 2047 443 2105 cerneret,
478 2040 652 2107 ruptis
681 2038 972 2109 derepente
1011 2040 1322 2097 miserantis
1361 2049 1571 2098 naturae
1614 2042 1817 2107 impetu
1869 2044 2112 2114 perpetui
2141 2044 2340 2101 silentii
2390 2047 2620 2104 vinculis
2668 2050 3005 2107 exclamasse
3036 2070 3047 2106 :
3078 2056 3353 2128 ’Λγθρώπε,
3404 2064 3477 2129 μή

158 2138 327 2187 κτεῖνε
358 2134 595 2207 Κροίσον.
621 2136 692 2193 At
722 2148 841 2203 nos,
894 2134 1094 2203 quibus
1134 2136 1342 2207 integer
1389 2136 1641 2207 loquendi
1687 2151 1812 2197 usus
1844 2147 1948 2204 est,
1972 2139 2329 2207 Augustinum
2356 2151 2632 2209 parentem
2676 2143 2960 2213 optimum,
2991 2145 3474 2219 doetissimumque

157 2237 436 2282 novorum
466 2243 753 2287 censorum
782 2228 999 2299 scriptis
1027 2230 1243 2300 impune
1267 2230 1488 2287 lacerari
1520 2232 1915 2300 permittemus,
1946 2240 2001 2288 et
2031 2232 2135 2289 illis
2156 2232 2371 2302 quidem
2416 2232 2565 2289 mille
2584 2236 2949 2293 conviciorum
2980 2237 3216 2307 plaustra
3248 2242 3302 2299 in
3348 2258 3477 2301 san-

158 2322 315 2371 etum
340 2318 621 2377 doctorem
652 2320 1087 2392 congerentibus,
1116 2336 1216 2377 nos
1244 2321 1433 2378 eadem
1464 2322 1598 2378 citra
1622 2322 1871 2392 querelas
1900 2323 2074 2392 plenis
2096 2323 2314 2387 auribus
2360 2323 2714 2393 excipientes,
2768 2328 2939 2383 ansati
2988 2344 3174 2399 pacem
3221 2334 3472 2391 servabi-

162 2426 312 2480 mus,
347 2412 503 2484 quasi
532 2427 593 2469 ea
626 2428 724 2469 nos
748 2412 879 2469 nihil
906 2414 1169 2483 tangant?
1194 2413 1501 2485 Degeneres
1521 2428 1654 2473 sane
1679 2430 1741 2470 ac
1768 2416 1937 2488 spurii
1968 2416 2227 2474 censendi
2257 2430 2522 2485 essemus,
2548 2417 2655 2473 imo
2679 2428 2921 2475 amentes
2943 2435 3165 2490 prorsus
3187 2424 3269 2478 vel
3297 2424 3471 2482 saxeis

158 2507 280 2564 siin
322 2519 471 2567 tanto
498 2511 738 2582 parentis
768 2508 1081 2567 discrimine
1110 2508 1250 2581 stylo
1282 2524 1648 2579 parceremus,
1681 2512 1769 2579 qui
1792 2520 1846 2571 et
1871 2526 1992 2569 esse
2008 2522 2062 2569 et
2086 2511 2273 2568 haberi
2298 2512 2545 2568 volumus
2564 2513 2957 2583 Augustiniani.
2986 2514 3161 2571 Patris
3187 2519 3362 2576 honor
3390 2520 3468 2577 la.

158 2604 425 2675 cessitur,
452 2605 663 2675 pietatis
690 2613 774 2663 est
801 2605 1051 2662 eumdem
1083 2606 1151 2661 ab
1172 2604 1603 2661 adversariorum
1630 2602 1788 2660 dictis
1816 2603 2108 2663 vindicare.
2128 2603 2383 2660 Ecclesiae
2404 2605 2642 2674 magistri
2657 2604 2900 2661 doctrina
2922 2607 3221 2676 impetitur,
3246 2609 3369 2669 fidei
3390 2619 3476 2669 est

156 2691 318 2751 illam
344 2711 372 2752 a
402 2712 841 2768 quorumcunquc
869 2699 1069 2767 impetu
1092 2712 1356 2755 asserere.
1413 2698 1699 2754 Divi’fatna
1738 2698 2069 2765 decurtatur,
2123 2698 2399 2769 religionis
2419 2706 2503 2755 est
2527 2699 2773 2757 eamdem
2798 2709 2997 2758 sartam
3032 2710 3336 2775 lectamque
3359 2721 3476 2765 ser-

166 2806 333 2847 vare.
361 2791 695 2860 Quantorum
721 2810 850 2865 ergo
880 2797 1170 2855 criminum
1197 2798 1278 2853 rei
1307 2796 1683 2862 evaderemus,
1716 2798 1759 2852 si
1786 2794 1995 2865 vulgari
2018 2796 2159 2853 forte
2184 2795 2613 2851 adversariorum
2646 2797 3023 2863 aestimatione,
3048 2806 3140 2854 aut
3166 2813 3351 2857 eorum
3381 2802 3473 2873 qui

159 2884 383 2941 eisdem
412 2901 566 2945 suam
597 2888 890 2946 vendidere
923 2890 1107 2959 ﬁdem,
1156 2892 1477 2948 auctoritate
1503 2890 1722 2948 coerciti
1746 2888 1971 2960 injustas
2001 2889 2138 2948 adeo
2167 2891 2221 2945 in
2252 2891 2607 2959 Augustinum
2636 2901 2881 2960 peractas
2912 2906 3168 2951 censuras
3189 2897 3351 2954 surda
3373 2914 3470 2955 au-

162 2994 220 3036 re
252 2984 754 3050 pertransiremusl
790 2984 887 3041 Diu
918 2986 1134 3056 quidem
1163 2985 1431 3053 siluimus,
1474 2984 1808 3056 privatisque
1839 2984 2075 3055 querelis
2120 2983 2390 3052 ingentem
2423 2982 2589 3038 animi
2620 2982 2860 3040 dolorem
2892 2998 3116 3055 egerere
3136 2991 3466 3061 curavimus,

164 3076 464 3133 meliorem
522 3080 670 3139 hisce
720 3080 1028 3137 hominibus
1079 3097 1205 3152 erga
1257 3081 1613 3151 Augustinum
1661 3088 1895 3135 mentem
1962 3090 2393 3148 comprecantes.
2448 3078 2552 3135 Sed
2607 3079 2739 3135 nihil
2798 3080 3121 3149 profecimus
3174 3086 3470 3156 patientia,

158 3168 265 3224 nisi
338 3179 397 3226 ut
446 3174 691 3243 graviora
750 3182 1004 3245 tanquam
1057 3174 1124 3233 de
1178 3174 1323 3231 facili
1406 3174 1759 3233 tolerantibus
1807 3175 2221 3242 lngererentur,
2270 3174 2411 3231 unde
2475 3174 2660 3244 pejora
2709 3174 2763 3231 in
2810 3174 2926 3233 dies
2985 3177 3308 3246 audientes,
3359 3182 3471 3251 jam

159 3266 390 3324 tandem
462 3272 987 3342 quantulamcunque
1052 3272 1191 3331 hanc
1243 3280 1482 3330 nostram
1557 3272 1965 3330 advocationem
2043 3270 2341 3341 Augustino
2404 3270 2750 3328 commodare
2804 3273 2975 3329 coacti
3031 3288 3237 3333 sumus.
3290 3277 3470 3335 Nemi-

160 3375 292 3417 nem
356 3375 485 3418 vero
534 3362 669 3421 adeo
727 3365 943 3435 pietatis
1000 3378 1062 3419 ac
1133 3364 1407 3433 religionis
1464 3376 1740 3435 expertem
1796 3364 2032 3421 futurum
2110 3363 2343 3419 arbitror
2372 3403 2385 3427 ,
2450 3365 2539 3434 qui
2596 3365 2762 3421 hocce
2818 3356 3222 3437 Apologeticum
3303 3372 3468 3429 torvis

163 3455 345 3513 oculis
402 3456 712 3527 intueatur,
789 3461 1109 3531 nigrumque
1156 3461 1332 3519 eidem
1401 3461 1547 3517 theta
1598 3464 1857 3532 praeligat.
1908 3461 2120 3515 Etenim
2157 3500 2172 3524 ,
2231 3466 2289 3513 ut
2340 3457 2473 3513 olim
2542 3458 2610 3513 ad
2673 3458 3090 3518 Constantinum
3168 3461 3467 3531 Augustum

166 3551 492 3607 Lactantius
546 3554 760 3624 scripsit
820 3554 960 3626 (Lib.
1022 3553 1258 3610 vlnm’t.
1310 3572 1425 3626 cap.
1470 3553 1624 3626 1);«
1661 3554 1719 3611 Si
1771 3553 2070 3623 sacrilegis,
2118 3560 2175 3610 et
2223 3552 2609 3623 proditoribus,
2664 3560 2720 3609 et
2776 3551 3031 3611 veneficis
3084 3562 3320 3624 potestas
3369 3557 3470 3615 de-

169 3641 445 3705 fendendi
471 3644 553 3698 sui
582 3642 763 3713 datur,
788 3660 886 3703 nec
917 3645 1272 3715 praedamnari
1306 3661 1630 3717 quemquam
1659 3644 1928 3716 incognita
1961 3659 2120 3705 causa
2150 3644 2300 3709 licet.
2332 3658 2441 3705 non
2470 3644 2672 3712 injuste
2697 3652 2883 3712 petere
2913 3644 3181 3713 videmur.
3218 3666 3237 3706 ι
3274 3657 3333 3707 ut
3363 3648 3473 3709 Au-

164 3738 415 3809 gustino,
446 3740 533 3808 qui
563 3740 729 3795 veluti
758 3738 1048 3796 Christiani
1074 3740 1225 3803 orbis
1248 3740 1477 3806 deliciae,
1506 3750 1640 3797 teste
1670 3748 1858 3797 sancto
1886 3740 2181 3796 leestino
2204 3754 2360 3809 papa,
2404 3757 2423 3790 ι
2462 3737 2655 3809 ubique
2682 3740 2889 3793 cunctis
2910 3749 2966 3796 et
2994 3741 3167 3795 amori
3210 3739 3369 3794 fuerit
3417 3748 3475 3796 et

167 3830 393 3902 honori,
436 3852 453 3885 ι
489 3832 680 3904 aliquis
702 3835 773 3891 sit
797 3833 1101 3893 defensioni
1123 3836 1295 3891 locus.
1323 3833 1454 3893 Nam
1481 3836 1710 3905 pessima
1753 3834 1891 3897 foret
1920 3844 2227 3893 nostrorum
2263 3843 2566 3907 temporum
2586 3832 2842 3898 conditio,
2872 3833 2917 3889 sl
2951 3830 3233 3903 Augustini
3279 3844 3474 3891 censo-

163 3924 321 3979 ribus
355 3933 584 3997 utraque
613 3927 761 3981 auris
789 3926 1031 3995 daretur,
1064 3940 1363 3997 eorumque
1392 3926 1650 3997 iniuriosa
1710 3927 1931 3983 nimium
1964 3925 2263 3996 Augustino
2284 3923 2558 3979 volumina
2590 3939 2685 3994 per
2703 3938 2797 3979 ora
2825 3939 3129 3994 manusque
3185 3927 3465 3982 hominum

180 4020 499 4085 volitarent,
530 4028 582 4075 et
607 4021 777 4075 sancti
808 4021 1045 4077 doctoris
1072 4021 1383 4077 defensores
1429 4038 1537 4079 non
1574 4021 1733 4077 modo
1787 4022 2012 4077 inauditi
2042 4020 2241 4092 judicio
2268 4018 2701 4086 excluderentur,
2736 4034 2917 4075 verum
2943 4020 3105 4076 etiam
3132 4020 3338 4078 eisdem
3396 4022 3471 4078 si-

169 4112 403 4167 lentium
436 4113 539 4166 lata
573 4111 692 4182 lege
723 4110 1073 4168 indiceretur.
1104 4112 1343 4169 lmmane
1369 4127 1433 4168 ac
1460 4113 1705 4169 barbarae
1756 4126 1973 4183 prorsus
2006 4112 2229 4167 feritatis
2253 4110 2556 4181 exemplum
2591 4109 2770 4179 fuerit,
2801 4125 2922 4166 cum
2950 4111 3332 4169 Rhadamistus
3389 4121 3472 4185 ty-

162 4226 476 4267 rannorum
509 4211 1001 4273 truculentissimus
1024 4211 1347 4271 Mithridatis
1374 4210 1749 4271 Armeniorum
1793 4213 1936 4284 regis
1960 4212 2117 4276 ﬁlios,
2146 4210 2286 4280 quod
2316 4229 2335 4262 r
2372 4218 2652 4280 parentum
2683 4208 2920 4267 caedibus
2951 4210 3468 4283 illacrymavemnt,»

163 4305 464 4364 trucidavit
513 4304 764 4376 (Tacitus,
795 4306 885 4361 lib.
918 4321 991 4361 xu
1017 4306 1255 4377 Annal.).
1290 4306 1508 4378 iniquus
1537 4321 1668 4365 sane
1690 4306 1855 4381 judex
1880 4307 1972 4371 sis,
2003 4305 2113 4374 qui,
2156 4303 2312 4359 Patre
2354 4311 2542 4357 nostro
2592 4301 2741 4358 mille
2785 4304 3041 4358 conviciis
3081 4303 3353 4368 lacessito,
3411 4314 3473 4358 ut

164 4405 491 4475 llieronymi
523 4405 701 4461 verbis
722 4413 843 4463 utar
872 4406 1049 4479 (Apol.
1080 4407 1266 4464 2cont.
1301 4406 1593 4478 Ruﬁnum),
1632 4424 1651 4459 ι
1690 4422 1757 4464 ne
1785 4405 2037 4477 gemitum
2070 4403 2282 4475 quidem
2312 4416 2375 4457 ec
2404 4400 2672 4474 lacrymas
2697 4400 2871 4455 dolori
2895 4399 3093 4454 liberas
3117 4413 3237 4454 csse
3264 4411 3464 4455 conce-

163 4501 266 4556 dis.
314 4518 336 4553 ι
373 4498 652 4571 Legimus,
684 4512 806 4555 eum
835 4498 1048 4559 Nerone
1077 4501 1377 4570 imperante
1406 4501 1576 4559 virtus
1599 4500 1776 4559 omnis
1805 4515 1902 4569 pro
1928 4498 2154 4559 crimine
2185 4497 2497 4565 haberetur,
2535 4496 2772 4557 Aruleno
2803 4492 3023 4551 Rustico
3080 4508 3145 4549 ac
3200 4491 3474 4550 Herennio

164 4594 485 4662 Senecioni,
521 4594 666 4665 quod
696 4595 1170 4655 innocentissimos
1197 4611 1263 4653 ac
1293 4595 1724 4668 sapientissimos
1753 4597 1897 4652 cives
1939 4595 2269 4660 laudassent,
2309 4612 2329 4649 ι
2365 4593 2593 4662 capitale
2620 4591 2807 4657 fuisse,
2855 4603 3027 4660 neque
3058 4589 3111 4649 in
3137 4589 3285 4658 ipsos
3311 4588 3474 4645 modo

168 4698 457 4753 auctores,
486 4689 582 4745 sed
608 4690 658 4745 in
690 4689 891 4747 liberos
918 4705 1133 4760 quoque
1157 4704 1347 4748 eorum
1377 4689 1622 4745 saevitum
1653 4686 1912 4759 (Tacitus,
1963 4688 2017 4740 in
2048 4686 2255 4756 praefat.
2281 4685 2349 4739 ad
2385 4683 2559 4739 Vitam
2588 4680 2893 4753 Agricolae).
2932 4701 2951 4734 ι
2983 4679 3090 4735 Sed
3116 4679 3257 4735 absit
3286 4688 3342 4733 ut
3370 4679 3473 4735 hoc

168 4780 385 4835 facinus
419 4782 591 4837 nostri
619 4782 805 4839 saeculi
828 4782 901 4839 sit
930 4784 1015 4840 vel
1048 4782 1280 4853 exempli
1316 4798 1332 4838 :
1366 4795 1540 4853 neque
1569 4781 1708 4837 enim
1740 4780 1989 4839 homines
2016 4778 2085 4836 ab
2108 4779 2251 4837 avita
2281 4792 2405 4847 erga
2433 4777 2587 4835 divos
2608 4775 2867 4845 religione
2896 4773 3032 4835 adeo
3058 4773 3348 4833 recessisse
3378 4789 3476 4844 pu-

169 4874 323 4930 tandi
355 4886 506 4941 sunt,
538 4886 596 4934 ut
628 4878 912 4947 Augustini
932 4879 1120 4935 laudes
1145 4877 1489 4949 indignantes
1517 4875 1758 4940 audiant,
1792 4884 1954 4944 atque
1981 4874 2187 4932 editum
2239 4873 2385 4933 hunc
2411 4880 2652 4931 nostrum
2704 4886 2802 4941 pro
2853 4868 3044 4927 eodem
3099 4868 3295 4927 librum
3336 4869 3472 4925 irata

167 4984 338 5026 nianu
371 4969 702 5037 discerpant.
730 4970 951 5042 Magnus
976 4970 1166 5028 stoica:
1189 4980 1355 5029 sectae
1386 4969 1660 5038 professor
1690 4970 1893 5026 Seneca
1924 4969 2117 5027 merito
2166 4967 2361 5037 impias
2390 4965 2695 5034 Prmxaspis
2721 4964 3005 5025 Persarum
3036 4958 3265 5033 satrapae
3310 4975 3473 5018 voces

167 5072 463 5121 execratur
490 5063 633 5135 (Lib.
667 5079 722 5119 tu
753 5064 818 5118 de
849 5063 961 5128 Ira,
990 5079 1037 5119 ε.
1070 5062 1183 5133 14),
1209 5062 1302 5134 qui
1332 5077 1455 5121 cum
1482 5061 1611 5118 citra
1642 5061 1900 5131 gemitum
1930 5060 2032 5118 sub
2059 5060 2232 5117 oculis
2261 5058 2499 5129 transﬁgi
2530 5057 2633 5117 sibi
2666 5056 2833 5117 lilium
2863 5070 2893 5111 ι
2920 5054 3185 5127 Cambyse
3214 5069 3341 5126 rege
3393 5055 3475 5110 vi-

169 5160 369 5224 disset,
402 5156 471 5210 ab
499 5158 690 5214 eodem
722 5157 1086 5229 interrogatus
1116 5172 1244 5213 num
1275 5164 1429 5213 certo
1458 5156 1569 5213 ictu
1596 5170 1828 5225 pransus
1856 5156 1923 5213 ad
1955 5169 2177 5224 scopum
2194 5154 2517 5220 collimaret,
2545 5153 2757 5226 tyranni
2786 5152 3060 5209 dextemm
3095 5151 3185 5206 ﬁlii
3216 5150 3474 5222 sanguine

171 5258 482 5315 ementem,
517 5250 919 5321 fumantemque
940 5264 1033 5319 per
1061 5248 1442 5305 detestabilem
1468 5247 1833 5307 adulationem
1863 5246 2120 5313 laudavit,
2182 5261 2473 5317 paremque
2501 5247 2556 5302 in
2603 5244 2906 5315 sagittando
2934 5244 3169 5315 Apollini
3196 5242 3348 5300 illam
3402 5245 3477 5301 di-

172 5345 270 5397 xit.
312 5343 461 5396 itane
484 5356 732 5412 corpore,
763 5344 857 5398 sed
888 5342 1061 5410 magis
1088 5340 1272 5397 animo
1301 5339 1446 5396 servi
1476 5340 1780 5409 exemplum
1811 5341 2034 5406 secutis,
2077 5354 2337 5399 novorum
2365 5354 2652 5397 censorum
2684 5353 2893 5404 manus,
2923 5351 3058 5410 quas
3084 5338 3239 5409 stylis
3295 5353 3471 5394 arma-

176 5446 256 5490 tas
299 5438 602 5505 Augustino
635 5436 957 5506 intulerunt,
984 5434 1253 5497 laudibus,
1284 5433 1395 5489 imo
1424 5442 1481 5489 et
1508 5433 1709 5489 osculis
1738 5434 1892 5489 nobis
1920 5434 2207 5504 implenda:
2236 5434 2439 5489 erunt?
2472 5434 2758 5489 Hominum
2793 5448 2951 5504 quam
2978 5433 3227 5489 divorum
3286 5447 3470 5487 aman-

180 5532 286 5581 linr
314 5530 453 5582 hanc
484 5528 639 5583 nobis
676 5528 1067 5594 iniquissimam
1098 5528 1271 5597 legem
1297 5526 1563 5593 imponet,
1588 5540 1619 5580 a
1647 5540 1749 5596 qua
1784 5535 1964 5583 tamen
1995 5541 2093 5582 nos
2123 5527 2322 5583 liberos
2350 5539 2473 5581 esse
2511 5525 2731 5590 scimus,
2762 5525 2961 5594 quippe
2990 5527 3079 5594 qui
3136 5523 3204 5585 ad
3263 5524 3476 5593 Augus-

178 5620 273 5674 lini
304 5619 681 5675 defensionem
710 5620 1106 5687 suscipiendam
1130 5617 1447 5689 apostolicae
1468 5617 1616 5679 sedis
1646 5618 1883 5681 decretis
1909 5619 2265 5689 impellimur,
2320 5620 2516 5690 quibus
2544 5619 2803 5690 refragari
2832 5619 2903 5675 sit
2930 5618 3101 5676 nefas.
3129 5619 3265 5675 Cum
3328 5618 3479 5674 Pela-

178 5714 325 5782 giani
357 5724 569 5769 veteres
602 5714 679 5769 illi
707 5716 1315 5785 Augustino-mastyges
1344 5712 1552 5770 litteras
1581 5714 1841 5784 quasdam
1870 5714 2259 5784 publicassent,
2292 5714 2346 5772 in
2375 5715 2571 5783 quibus
2614 5722 2835 5772 sanctus
2860 5714 3052 5773 doctor
3080 5716 3313 5785 pessime
3371 5728 3477 5771 tra-

181 5808 501 5877 ducebatur,
534 5808 843 5864 Bonifacius
873 5807 1109 5878 pontifex
1139 5807 1447 5878 indignatus
1468 5806 1764 5865 doctissimi
1789 5809 1889 5866 viri
1912 5822 2109 5865 nomen
2138 5823 2409 5880 quoquam
2459 5809 2709 5867 convicio
2740 5809 2962 5879 pulsari,
3015 5808 3231 5865 easdem
3261 5807 3478 5864 htereti-

191 5914 385 5961 corum
420 5902 625 5961 litteras
653 5901 720 5959 ad
750 5900 1106 5981 Augustinum
1137 5916 1233 5977 per
1256 5902 1492 5979 Alipiutn
1520 5902 1843 5969 deferendas
1866 5902 2099 5973 curavit,
2128 5918 2235 5985 quo
2262 5918 2323 5962 se
2349 5902 2418 5973 ab
2457 5902 2813 5985 imperitorum
2866 5900 3152 5967 calumniis
3201 5900 3477 5964 vindicare
