3974 6356
588 360 693 416 5,75
1479 351 2047 411 SUPPLEMENTUM
2083 352 2178 408 AD
2214 351 2443 410 OPERA
2480 352 2540 410 S.
2581 353 2976 413 AUGUSTINI.
3711 371 3780 424 5Ἱῦ

589 480 793 538 posset.
821 469 956 526 Hinc
994 465 1363 524 amantissimo
1391 465 1534 521 Patri
1565 466 1810 551 scribens
1862 465 2192 536 Augustinus
2221 466 2360 535 (Lib.
2394 483 2410 521 ι
2439 467 2507 520 ad
2539 467 2697 534 Bon.,
2726 487 2844 540 cap.
2875 472 2928 543 l)
2962 492 2977 530 :
3007 473 3120 543 Ago
3149 481 3326 528 autem
3383 476 3590 543 gratias,
3639 479 3782 549 inquit,

589 564 969 619 sincerissime
1000 562 1052 615 in
1084 574 1182 616 nos
1208 557 1599 615 benevolentia:
1629 567 1754 624 tuae,
1777 558 1919 629 quod
1948 573 2038 614 eas
2067 572 2154 614 me
2182 557 2350 614 latere
2375 558 2592 614 noluisti
2623 559 2829 618 litteras
2865 564 3199 620 inimicorum
3230 566 3410 636 gratiae
3433 566 3542 629 Dei,
3573 567 3619 621 in
3641 570 3785 639 quibus

591 655 836 725 reperisti
867 667 1061 708 nomen
1089 666 1267 707 meum
1289 650 1620 706 calumniose
1648 659 1809 718 atque
1845 649 2120 705 evidenter
2147 661 2488 720 expressum,
2515 651 2612 707 sed
2663 668 2823 722 spero
2849 654 2919 711 de
2949 655 3178 711 Domino
3209 656 3316 710 Deo
3343 666 3525 712 nostro
3553 661 3674 726 quod
3713 677 3786 716 non

587 751 706 804 sine
735 747 1005 814 mercede,
1064 760 1186 814 quae
1231 745 1285 800 in
1338 744 1491 800 etelis
1543 751 1647 808 est,
1685 742 1761 797 illi
1784 756 1872 798 me
1902 742 2143 798 lacerant
2169 741 2332 799 dente
2357 744 2637 801 maledico.
2675 764 2696 798 ι
2726 746 2832 803 Sed
2861 757 2916 803 et
2945 748 3203 804 Bonifacii
3231 758 3508 804 successtir
3530 749 3787 811 Caelestino:

586 842 828 912 ejusdem
855 838 1181 895 sanctissimi
1211 837 1449 893 doctoris
1479 837 1672 892 honori
1697 836 1900 906 optime
1921 835 2225 892 consultum
2264 837 2467 894 voluit:
2499 839 2762 910 siquidem
2796 842 2888 897 vix
2916 845 3216 913 Augustino
3245 843 3384 898 inter
3411 857 3624 912 superos
3668 847 3787 904 relato

587 934 848 1000 nonnulli,
881 948 1127 1004 quorum,
1154 940 1288 987 teste
1312 939 1499 986 sancto
1528 929 1794 999 Prospero
1823 927 1914 1000 (In
1945 929 2151 997 praefat.
2182 940 2318 984 cont.
2351 929 2568 1002 Collat.)
2616 951 2635 984 ι
2664 948 2763 989 nec
2793 934 2928 991 ordo
2958 935 3013 990 in
3060 935 3326 1001 Ecclesia,
3377 950 3477 989 nec
3524 935 3705 1005 ingenia
3726 939 3789 994 de-

587 1029 860 1102 spicienda
888 1027 1227 1095 videbantur,
1263 1045 1282 1079 ι
1309 1027 1485 1082 eidem
1515 1027 1568 1081 in
1599 1025 1786 1081 Galliis
1817 1023 2119 1094 petulanter
2145 1023 2388 1094 obloqui,
2417 1025 2666 1096 illiusque
2693 1027 2861 1084 libros
2890 1029 3140 1085 censoria
3183 1030 3502 1084 auctoritate
3551 1031 3791 1087 examinare

587 1127 700 1182 ausi
730 1134 875 1192 sunt,
905 1123 994 1193 qui
1029 1137 1150 1178 cum
1179 1131 1382 1189 essent,
1412 1120 1599 1177 eodem
1637 1118 1906 1188 Prospero
1931 1127 2173 1181 auctore,
2224 1135 2244 1170 ι
2277 1118 2433 1174 bona:
2479 1121 2747 1188 opinionis
2779 1123 2902 1190 viri,
2929 1122 3208 1192 {habentes
3255 1123 3490 1191 speciem
3539 1121 3720 1190 pietatis
3757 1126 3790 1179 in

590 1216 789 1282 studio,
834 1236 852 1268 ι
892 1213 1254 1284 Hipponensis
1281 1211 1525 1281 magistri
1553 1212 1750 1265 famam
1783 1225 1845 1264 ac
1867 1209 2165 1265 doctrinam
2196 1209 2249 1264 in
2281 1221 2488 1267 certum
2511 1213 2801 1269 discrimen
2831 1216 3139 1284 traxissent,
3171 1217 3226 1271 ni
3264 1214 3586 1272 C(elestinus
3607 1218 3790 1286 gliscenti

588 1307 730 1362 malo
762 1306 1189 1375 prasentissimo
1217 1303 1458 1360 remedio
1485 1301 1693 1357 obviam
1717 1301 1920 1356 ivisset.
1955 1300 2168 1355 Etenim
2193 1300 2281 1355 ubi
2312 1302 2743 1360 adversariorum
2769 1307 3210 1374 machinationes,
3239 1307 3567 1363 delatoribus
3594 1309 3792 1376 Prospero

587 1407 642 1455 et
663 1399 896 1468 Hilario,
921 1398 1193 1468 cognovit,
1224 1398 1430 1452 litteras
1452 1393 1520 1448 ad
1549 1392 1843 1447 Galliarum
1871 1392 2135 1448 antistites
2177 1392 2345 1460 dedit,
2375 1393 2569 1463 quibus
2599 1396 2805 1451 eisdem
2836 1397 3140 1468 indignatus
3170 1396 3313 1467 quod
3359 1397 3689 1466 Augustinum
3727 1401 3791 1453 im-

589 1505 728 1562 pune
760 1492 980 1561 percelli
1011 1491 1406 1560 permitterent,
1438 1506 1456 1539 ε
1487 1485 1695 1552 Timeo,
1728 1485 1924 1554 inquit,
1962 1499 2030 1540 ne
2051 1485 2342 1540 connivere
2365 1487 2434 1540 sit
2463 1487 2566 1542 hoc
2594 1497 2796 1555 tacere,
2830 1505 2898 1544 ne
2925 1491 3097 1560 magis
3123 1491 3221 1560 ipsi
3255 1491 3558 1560 loquantur,
3599 1491 3675 1560 qni
3706 1506 3791 1560 per-

591 1585 811 1638 mittunt
841 1585 946 1638 illis
979 1583 1154 1638 taliter
1183 1582 1329 1650 loqui
1363 1600 1376 1634 ε
1408 1581 1461 1636 in
1493 1580 1688 1635 talibus
1719 1580 1898 1634 causis
1925 1594 2030 1634 non
2063 1591 2213 1636 caret
2259 1581 2567 1649 suspicione
2596 1584 2955 1651 taciturnitas,
3010 1586 3134 1652 quia
3175 1594 3493 1638 occurreret
3544 1585 3729 1648 veritas,
3764 1588 3792 1640 si

590 1675 796 1732 falsitas
817 1675 1160 1744 displiceret;
1186 1674 1380 1728 merito
1419 1687 1650 1741 namque
1692 1687 1854 1726 causa
1889 1687 1986 1728 nos
2015 1672 2256 1742 respicit,
2286 1674 2330 1727 si
2372 1687 2491 1727 cum
2525 1673 2740 1728 silentio
2764 1674 3039 1728 faveamus
3079 1677 3273 1730 errori.
3310 1675 3456 1744 Ergo
3507 1676 3792 1744 corripiantur

593 1767 919 1837 hujusmodi,
957 1782 1061 1822 non
1093 1767 1163 1820 sit
1192 1765 1274 1820 his
1303 1763 1538 1819 liberum
1571 1761 1768 1817 habere
1797 1777 1894 1832 pro
1943 1762 2220 1818 voluntate
2243 1777 2572 1818 sermonem.
2608 1782 2627 1815 ι
2664 1763 2800 1818 Dein
2845 1773 2988 1818 totus
3018 1766 3069 1819 in
3117 1766 3286 1818 sancti
3334 1765 3610 1834 Augustini
3648 1765 3792 1822 dudum

588 1865 713 1928 sibi,
744 1877 863 1917 cuiu
894 1861 948 1915 in
978 1860 1112 1914 vivis
1141 1869 1306 1923 esset,
1329 1856 1640 1912 amicissimi
1688 1855 1874 1910 laudes
1923 1854 2148 1921 eﬂ'usus,
2187 1872 2207 1906 ‹
2237 1855 2614 1925 Augustinum,
2647 1855 2840 1926 inquit,
2881 1867 3080 1911 sancta:
3119 1857 3513 1912 recordationis
3555 1857 3700 1910 virum
3734 1876 3795 1927 pro

589 1955 694 2008 vita
724 1967 819 2005 sua
849 1959 1010 2019 atque
1028 1948 1236 2005 meritis
1265 1948 1316 2002 in
1337 1956 1520 2002 nostra
1546 1947 1922 2002 communione
1948 1961 2164 2015 semper
2192 1945 2498 2015 habuimus,
2523 1963 2623 2002 nec
2649 1963 2883 2018 unquam
2910 1949 3051 2004 hunc
3079 1951 3310 2004 sinistra:
3331 1949 3645 2019 suspicionis
3659 1953 3793 2008 saltem

593 2061 778 2100 rumor
807 2045 1058 2113 aspersit,
1085 2057 1244 2111 quem
1270 2049 1432 2094 tantae
1463 2040 1700 2095 scientiae
1726 2039 1861 2093 'olim
1893 2038 2056 2092 fuisse
2085 2036 2451 2104 meminimus,
2489 2048 2545 2092 ut
2571 2040 2714 2093 inter
2744 2043 3028 2109 magistros
3052 2041 3287 2108 optimos
3317 2041 3480 2094 etiam
3512 2055 3540 2094 a
3561 2045 3678 2094 meis
3699 2057 3796 2095 sem-

591 2154 684 2208 per
713 2137 1093 2194 deccssoribus
1123 2135 1435 2190 haberetur.
1470 2135 1612 2188 Bene
1633 2147 1762 2201 ergo
1791 2132 1860 2186 de
1903 2147 1968 2186 eo
1995 2145 2186 2186 omnes
2217 2129 2270 2184 in
2293 2145 2584 2186 commune
2605 2143 2912 2197 senserunt,
2964 2144 3146 2204 utpote
3177 2137 3264 2201 qui
3306 2133 3506 2201 ubique
3559 2135 3731 2188 eunetis
3764 2146 3796 2189 ct

595 2237 764 2291 amori
792 2233 974 2299 fuerit,
1003 2241 1055 2287 et
1083 2230 1297 2284 honori.
1331 2228 1482 2283 Unde
1511 2229 1873 2283 resistendum
1906 2228 2121 2291 talibus,
2145 2241 2282 2296 quos
2306 2227 2445 2281 male
2475 2241 2722 2283 crescere
2751 2226 3019 2283 videmus.
3054 2247 3074 2280 ι
3108 2228 3269 2284 Jubet
3296 2244 3429 2299 ergo
3455 2227 3715 2297 apostolica
3737 2245 3795 2282 se-

587 2331 682 2386 des
710 2339 766 2384 ut
794 2328 1075 2399 Augustini
1101 2340 1354 2382 censores
1389 2344 1407 2377 ι
1448 2325 1828 2393 corripiantur,
1857 2339 1964 2378 non
1992 2325 2061 2376 sit
2111 2323 2192 2377 his
2226 2323 2452 2378 liberum
2486 2323 2686 2378 habere
2734 2339 2832 2393 pro
2859 2325 3133 2379 voluntate
3163 2339 3510 2389 sermonem;
3540 2339 3561 2374 ι
3590 2323 3682 2377 lata
3715 2324 3794 2393 lege

587 2425 748 2478 etiam
774 2422 964 2486 sancit,
996 2439 1014 2470 ‹
1053 2419 1408 2474 resistendum
1443 2416 1654 2472 talibus.
1700 2434 1718 2467 ι
1752 2415 1864 2470 Hoc
1887 2432 2016 2470 Sane
2049 2427 2258 2472 veteres
2297 2416 2702 2487 Augustinianae
2724 2417 2925 2472 schola:
2954 2433 3210 2488 proceres
3241 2419 3504 2487 Prosper,
3530 2417 3794 2487 Fulgentius,

587 2514 872 2578 Ctesarius,
907 2513 1248 2576 Prudentius,
1275 2510 1586 2580 Rhemigius
1609 2509 1912 2564 eruditione
1934 2525 2087 2579 aeque
2104 2525 2168 2565 ac
2182 2510 2465 2566 sanctitate
2486 2510 2824 2579 percelebres
2853 2526 3048 2580 magno
3093 2514 3275 2567 animo
3296 2511 3559 2577 exsecuti,
3583 2513 3797 2581 Augustini

590 2611 794 2681 scripta
821 2621 1008 2666 contra
1041 2608 1624 2676 Semi-Pelagianorum
1659 2607 1992 2672 aliorumque
2025 2606 2254 2660 insultas
2280 2605 2656 2661 defenderunt.
2709 2605 2824 2662 lloc
2846 2605 3022 2677 ipsum
3052 2609 3270 2678 plurimi
3300 2609 3627 2664 recentiores
3645 2622 3796 2660 summa

586 2720 706 2759 cum
733 2704 889 2759 laude
920 2704 1305 2774 praestiterunt,
1338 2714 1564 2771 quorum
1593 2700 1834 2752 omnium
1866 2699 2045 2754 studia
2074 2700 2201 2754 vicit
2226 2698 2461 2752 eximius
2487 2697 2549 2751 P.
2586 2697 2830 2766 Macedo,
2859 2709 2938 2753 tot
2964 2715 3064 2770 pro
3121 2699 3368 2770 ejusdem
3403 2699 3575 2754 Patris
3617 2696 3796 2752 doctrina

589 2798 644 2850 in
674 2797 848 2852 lucem
877 2796 1027 2851 libris
1050 2796 1288 2851 emissis.
1323 2797 1499 2861 Quare
1523 2792 1814 2863 pontificiis
1856 2791 2125 2847 mandatis
2147 2793 2549 2860 obtemperans,
2585 2799 2966 2863 tantorumque
2995 2795 3213 2849 Palmm
3262 2794 3509 2862 exempla
3537 2793 3651 2847 licet
3688 2793 3798 2860 longo

588 2891 796 2959 positus
827 2891 1111 2946 intervallo
1141 2899 1380 2954 secutus,
1413 2888 1741 2942 recentiores
1765 2887 2022 2956 quosdam
2050 2887 2451 2956 Augustinianae
2475 2887 2736 2944 doctrina:
2765 2903 3020 2944 censores
3045 2891 3098 2944 in
3119 2891 3207 2958 jus
3228 2904 3427 2944 vocare
3448 2887 3667 2942 decrevi.
3691 2886 3797 2951 Quod

587 2985 804 3053 quidem
817 2983 1079 3054 judicium
1104 2983 1292 3052 majori
1311 2996 1412 3051 qua
1430 2989 1616 3049 potero
1634 2982 1892 3036 modestia
1912 2995 2238 3051 prosequar;
2259 2998 2528 3050 nunquam
2545 2985 2689 3040 enim
2713 2985 2988 3038 meliorem
3007 2999 3223 3038 causam
3239 2983 3368 3038 fecit
3384 2982 3662 3052 petulantia
3677 2981 3794 3034 dicen

587 3081 675 3147 tis,
703 3079 796 3134 sed
823 3094 965 3149 saepe
991 3079 1252 3148 pejorem.
1285 3077 1456 3133 Amici
1482 3075 1610 3129 mihi
1627 3075 1700 3129 illi
1732 3086 1876 3139 sunt,
1893 3073 1986 3130 sed
2015 3089 2185 3144 usque
2213 3075 2277 3129 ad
2302 3091 2444 3146 aras,
2469 3092 2639 3147 usque
2659 3076 2725 3131 ad
2745 3077 3101 3146 Augustinum
3121 3091 3323 3131 meum.
3361 3075 3552 3132 Omnia
3577 3074 3796 3144 praeteribo

585 3184 704 3239 quae
721 3169 850 3223 mihi
876 3171 1153 3224 acerbiora
1172 3168 1317 3224 dictu
1345 3168 1687 3234 videbuntur,
1721 3181 1892 3237 neque
1909 3167 2083 3220 solum
2103 3165 2230 3236 quid
2250 3167 2367 3221 iltns
2382 3168 2592 3234 audire,
2609 3169 2704 3224 sed
2729 3171 2890 3225 etiam
2907 3171 3033 3239 quid
3061 3185 3148 3224 me
3169 3171 3357 3225 deceat
3387 3170 3586 3234 dicere,
3613 3166 3796 3223 conside-

587 3258 740 3318 rabo.
770 3260 923 3327 Quod
947 3261 990 3314 si
1019 3261 1292 3330 quidpiam
1323 3259 1464 3314 forte
1504 3257 1824 3314 amarulenti
1863 3256 2144 3322 exciderit,
2175 3257 2230 3312 id
2260 3261 2492 3334 propria:
2523 3260 2758 3316 tribuant
2793 3261 3206 3332 importunitati,
3238 3276 3342 3332 qua
3377 3277 3478 3316 nos
3523 3261 3572 3316 in
3601 3275 3700 3314 eam
3738 3273 3798 3311 ne-

585 3357 892 3414 cessitatem
922 3355 1227 3424 conjecere,
1260 3365 1319 3409 ut
1347 3355 1464 3410 sine
1491 3355 1721 3422 graviori
1754 3353 2080 3424 quandoque
2110 3368 2460 3411 censurarum
2508 3354 2928 3423 reprehensione
2959 3357 3041 3408 vix
3072 3356 3339 3424 possimus
3371 3355 3704 3422 Augustinum
3736 3365 3799 3418 pro

586 3449 846 3520 dignitate
874 3448 1185 3504 defendere.
1219 3445 1322 3500 Hic
1347 3447 1551 3501 interim
1581 3447 1730 3510 liber,
1761 3455 1818 3499 ut
1849 3445 2017 3499 Taciti
2043 3445 2109 3500 de
2157 3447 2406 3517 Agricola
2437 3447 2722 3504 scribentis
2751 3449 3020 3505 sententia
3052 3456 3192 3518 utar,
3251 3449 3442 3503 honori
3489 3445 3739 3519 Augustini
3760 3442 3799 3496 P.

586 3543 654 3600 Ν.
686 3542 993 3608 destinatus,
1025 3541 1340 3612 professione
1369 3542 1596 3612 pietatis,
1628 3550 1718 3594 aut
1741 3541 1984 3595 laudatus
2012 3543 2131 3609 erit,
2162 3552 2253 3596 aut
2277 3551 2572 3598 excusatus.

588 3791 1756 3956 VINDICUE
1903 3791 3796 3962 AUGUSTINIANAE.

590 3667 3801 3693 Μ

1119 4244 1348 4301 CAPUT
1369 4244 1652 4303 Palmm,
2198 4222 2251 4282 A
2281 4235 2375 4276 nes
2403 4223 2629 4287 struxit,
2656 4221 2808 4291 cujus
2855 4220 3074 4291 quidem
3129 4218 3362 4274 auctoris
3417 4216 3615 4273 factum
3652 4204 3802 4280 duplici

589 4364 918 4434 Refelluntur
997 4375 1300 4436 argumenta
1353 4368 1534 4435 quibus
1581 4370 1815 4424 nonnulli
1862 4369 2175 4424 contendunt

660 4437 946 4490 doctrinam
997 4439 1170 4509 sancti
1189 4438 1464 4509 Augustini
1513 4439 1576 4493 de
1628 4442 2070 4509 pra’destinatione
2131 4449 2176 4495 et

660 4509 828 4576 gratia
855 4523 963 4563 esse
985 4507 1254 4578 difﬁcilem
1276 4507 1344 4562 ἐι
1369 4507 1656 4564 obscuram.
1689 4512 2028 4566 Sanctissima
2059 4511 2175 4566 Cle-

659 4579 838 4632 mentis
864 4581 905 4632 Χ
936 4589 1083 4649 pont.
1116 4590 1223 4651 apt.
1249 4595 1390 4636 max.
1421 4598 1514 4652 pro
1541 4594 1720 4637 sancto
1745 4583 1955 4636 doctore
1983 4593 2176 4637 senten-

658 4661 753 4706 ιια.

661 4769 959 4837 Antequam
988 4770 1338 4838 quorumdam
1368 4771 1728 4825 recentiorum
1758 4770 2023 4836 convicia,
2054 4785 2174 4840 qua:

590 4870 775 4916 contra
806 4871 1052 4916 sanctum
1084 4863 1359 4918 doctorem
1392 4864 1621 4934 plurima
1642 4879 1984 4934 congessere,
2021 4865 2172 4933 sigil-

588 4954 735 5009 latim
765 4954 997 5008 referam
1026 4955 1398 5026 refellamque,
1431 4971 1608 5025 operae
1653 4957 1886 5028 pretium
1917 4957 2045 5012 duxi
2083 4971 2174 5012 re-

586 5060 811 5100 censere
839 5045 968 5114 quid
998 5041 1342 5114 'Augustino,
1373 5047 1513 5114 quod
1569 5047 1636 5102 ad
1688 5047 1937 5102 traditam
1985 5053 2174 5102 contra

590 5138 903 5205 Pelagianos
932 5138 998 5191 de
1044 5138 1222 5194 divina
1252 5139 1420 5208 gratia
1475 5153 1538 5194 ac
1593 5140 2067 5208 przedestinatione
2107 5141 2174 5198 ab

593 5229 684 5283 illo
713 5229 1012 5285 doctrinam
1045 5231 1336 5286 universim
1391 5242 1698 5300 opponant;
1753 5233 2000 5301 inquiunt
2027 5233 2170 5289 enim

587 5335 710 5375 esse
757 5321 905 5374 illam
945 5321 1339 5386 difﬁcillimam.
1389 5323 1705 5389 obscuram,
1734 5325 2060 5394 intricatam,
2093 5325 2174 5380 in-

586 5421 946 5478 constantem,
977 5415 1201 5477 variam,
1235 5417 1481 5485 ultraque
1513 5415 1752 5471 veritatis
1783 5417 1954 5473 lineas
1983 5433 2173 5473 excur-

588 5513 819 5560 rentem.
851 5507 1020 5574 Quam
1066 5509 1282 5577 quidem
1332 5511 1730 5566 accusationem
1759 5526 1882 5568 cum
1934 5512 2172 5581 pluribus

2284 4311 2409 4367 odio
2438 4313 2654 4384 dignum
2699 4313 2904 4380 judico,
2934 4312 3017 4367 vel
3071 4327 3136 4366 eo
3175 4309 3318 4380 quod
3345 4309 3664 4372 doctrinam,
3692 4313 3806 4371 quam

2282 4407 2659 4477 sapientissimi
2683 4407 2880 4477 quique
2907 4406 2972 4461 ad
2993 4420 3160 4475 usque
3189 4403 3366 4459 sidera
3390 4401 3652 4463 extulere,
3677 4392 3808 4460 depri-

2281 4519 2430 4558 mere
2460 4505 2681 4558 tentavit
2710 4503 2826 4567 ,vel
2879 4518 2945 4558 eo
2996 4503 3228 4557 maxime
3281 4499 3424 4570 quod
3474 4489 3809 4568 Augustinianis

2281 4595 2447 4648 armis
2493 4603 2677 4648 contra
2708 4593 2989 4648 Calvinum
3047 4593 3330 4646 decertare
3357 4589 3646 4660 professus,
3671 4581 3809 4637 eadem

2280 4684 2396 4754 ipsa
2421 4699 2570 4739 arma
2627 4683 2774 4738 mille
2822 4683 3060 4738 dicteriis
3115 4682 3360 4745 infamat,
3392 4681 3702 4743 dubiumque
3724 4670 3808 4724 facit

2284 4780 2426 4834 sitne
2456 4778 2756 4847 Augustino
2779 4775 3364 4831 velCalvinoinfestior
3377 4773 3542 4828 hostis
3568 4763 3807 4824 habendus.

2280 4871 2518 4925 Adamus
2549 4869 2692 4924 hunc
2721 4869 2931 4924 titulum
2961 4869 3014 4921 in
3045 4867 3183 4922 libro
3220 4864 3507 4922 vernacula
3536 4862 3695 4928 lingua
3719 4867 3808 4908 exa-

2279 4972 2396 5016 rato
2425 4963 2697 5028 inscripsit
2725 4978 2738 5014 :
2770 4959 2950 5015 Calain
2979 4960 3139 5027 defuit
3189 4975 3285 5030 par
3314 4956 3578 5012 soi-meme
3602 4963 3644 5005 et
3670 4947 3808 5017 pati“

2277 5073 2444 5111 armes
2473 5057 2536 5110 de
2569 5057 2704 5110 saint
2762 5055 3014 5124 Augustin
3043 5053 3166 5122 qu’il
3195 5053 3335 5104 avait
3364 5051 3674 5120 injustement
3695 5050 3806 5091 untr-

2278 5150 2394 5218 pées
2422 5165 2512 5202 sur
2536 5151 2608 5202 les
2631 5147 2868 5201 matiéres
2897 5146 2958 5200 de
2987 5146 3038 5198 la
3082 5145 3252 5213 στᾶσε,
3279 5143 3342 5196 de
3373 5145 3423 5195 ια
3453 5139 3620 5194 liberte
3645 5140 3685 5186 et
3706 5129 3754 5181 de
3775 5124 3809 5175 la
3855 5149 3859 5154 ⁴

2277 5242 2696 5314 prédestination.
2727 5239 2933 5308 Nempe
2962 5255 2976 5294 :
3003 5235 3248 5292 Calvinus
3305 5235 3590 5288 destructus
3630 5223 3806 5314 suimtfa

2279 5313 2327 5388 et
2362 5333 2522 5387 sancti
2551 5331 2824 5401 Augustini
2876 5329 3054 5392 armis,
3083 5343 3196 5396 qua:
3217 5329 3350 5380 idem
3374 5326 3563 5395 injuste
3593 5313 3804 5379 usurpat“

2277 5431 2330 5483 in
2355 5429 2418 5482 iis
2439 5442 2553 5498 qua:
2575 5426 2645 5480 ad
2678 5425 2918 5496 gratiam.
2960 5425 3242 5476 libertatem
3273 5430 3319 5474 et
3367 5407 3799 5498 prwdestinationettt

2278 5521 2553 5590 pertinent,
2581 5517 2864 5588 Augustini
2894 5517 3116 5571 nomine
3139 5510 3516 5584 grandioribus
3539 5503 3803 5590 charactere

588 5599 918 5666 argumentis
963 5611 1227 5658 conentur
1272 5603 1617 5672 persuadere,
1648 5604 1836 5661 eadem
1884 5603 2039 5660 nobis
2066 5604 2176 5660 sol-
2203 5617 2253 5679 Β
2278 5585 2402 5679 ωε,
2427 5622 2588 5683 atque
2608 5585 2688 5668 exi
2706 5621 2933 5680 utraque
2954 5619 3109 5682 parte
3133 5609 3377 5680 paginam
3408 5594 3722 5683 implentibus
3740 5585 3802 5640 de“

589 5697 764 5752 venda
795 5706 944 5764 sunt,
977 5714 1044 5754 ne
1071 5703 1199 5771 quid
1229 5703 1364 5759 forte
1395 5702 1705 5761 detrimenti
1730 5705 1872 5774 apud
1899 5703 2177 5774 imperitos

598 5791 932 5862 nimiumque
959 5796 1212 5852 credulos
1243 5799 1626 5867 Augustiniana
1656 5799 1897 5853 doctrina
1930 5799 2181 5868 patiatur.

595 5885 824 5945 Joannes
848 5888 1084 5949 Adamns
1115 5892 1277 5950 hasce
1303 5896 1487 5950 contra
1533 5892 1886 5961 Augustinum
1915 5889 2173 5962 obiectio:

2281 5680 2701 5761 lineam—Porro
2729 5680 2978 5758 volumen
3029 5701 3158 5756 illud
3200 5701 3252 5754 in
3307 5707 3483 5766 partes
3506 5699 3583 5745 cst
3621 5680 3802 5740 divisum

2296 5808 2426 5860 tres,
2455 5796 2508 5850 in
2535 5810 2757 5865 quarum
2772 5795 2934 5864 priori
2959 5794 3193 5850 etaltera
3219 5790 3350 5846 nihil
3377 5787 3445 5841 de
3465 5780 3626 5854 gratia
3647 5784 3692 5830 et
3715 5783 3801 5865 ρςίιῇ

2247 5963 2252 5970 _
2291 5858 2646 5949 destinatione
2675 5858 2974 5952 disseritur.
2999 5887 3279 5948 rariusqoo
3301 5882 3350 5940 in
3380 5878 3561 5938 iisdem
3583 5858 3801 5939 Αυειιειίυί
