3974 6356
473 362 583 434 5⁸19

1364 356 1924 428 SUPPLEMENTUM
1962 360 2054 423 AD
2089 354 2319 422 OPERA
2356 360 2418 423 8.
2460 360 2853 423 AUGUSTINI.
3655 356 3754 419 580

476 528 543 571 eo
570 513 712 571 bello
738 510 813 570 rei
845 506 1206 567 difficultatem
1240 507 1494 566 fatentur.
1524 507 1714 565 Molina
1739 508 1795 564 in
1825 507 2061 565 Concor-
2087 484 2136 545 Α
2166 514 2319 577 getur
2360 505 2578 561 erroris.
2612 520 2632 556 ι
2680 504 2796 559 Lib.
2829 512 2885 557 iii
2918 500 3109 572 Operis
3139 498 3378 572 imperf.,
3411 512 3533 571 cap.
3567 499 3661 554 61.
3696 500 3755 557 Et

476 608 560 663 dia
585 616 775 682 quaest.
808 605 895 671 14,
928 613 1027 659 art.
1061 602 1148 671 15,
1178 602 1317 674 disp.
1346 600 1446 671 53,
1481 602 1679 660 memb.
1727 600 1781 672 2,
1813 599 1843 675 ς
1872 599 2057 658 Parvi-

476 701 725 771 pendunt,
769 699 993 765 fatetur,
1042 704 1213 753 semet
1262 692 1521 768 pertinaci
1561 694 1747 768 viginti
1797 708 2058 752 annorum

476 793 659 847 labore
706 789 1022 855 insudasse,
1077 802 1183 861 quo
1231 787 1518 845 humanam
1580 787 1883 847 libertatem
1939 803 2059 845 cum

474 886 744 961 mysteriis
772 889 960 957 gratia:
981 902 1043 943 ac
1064 885 1554 958 praedestinationis
1577 892 1947 956 componeret,
1971 882 2059 956 qui

475 991 652 1039 tamen
690 980 1084 1038 Thomistarum
1114 982 1315 1053 judicio
1345 982 1557 1038 inanem
1600 992 1818 1051 operam
1861 982 2058 1052 posuit.

473 1076 581 1134 Sed
612 1076 713 1133 hoc
744 1076 843 1134 sub
868 1076 957 1133 lite
987 1077 1234 1145 dimisso,
1263 1086 1412 1134 certe
1461 1093 1526 1134 eo
1578 1086 1775 1134 conatu
1807 1074 2061 1133 difﬁcilli-

473 1186 615 1226 mam
640 1170 966 1241 provinciam
990 1186 1049 1227 se
1078 1186 1383 1243 aggressum
1406 1173 1660 1229 ostendit.
1696 1169 1917 1231 Suarius
1945 1188 2062 1229 om-

474 1261 620 1319 nium
660 1264 1021 1321 recentiorum
1058 1262 1405 1336 gravissimus
1439 1267 1671 1337 scriptor
1711 1279 1857 1323 tomo
1912 1283 1947 1322 li
1993 1267 2062 1325 de

473 1353 649 1423 Grat.,
703 1354 795 1411 lib.
852 1370 904 1426 v,
941 1354 993 1412 in
1028 1357 1284 1425 praeludio
1321 1370 1479 1428 agens
1512 1357 1578 1414 de
1612 1358 1780 1431 gratia
1828 1359 2058 1427 efﬁcaci,

473 1444 614 1501 idem
655 1446 885 1517 ingenue
916 1446 1165 1504 afﬁrmat.
1203 1449 1334 1504 lline
1358 1449 1707 1518 Augustinus,
1750 1449 1909 1520 epist.
1963 1450 2057 1522 47,

472 1536 539 1595 ad
566 1536 933 1608 Valentinum,
970 1550 1126 1596 vocat
1161 1555 1279 1597 eam
1310 1543 1662 1613 qumstionem
1691 1542 2060 1616 difﬁcillimam

470 1642 518 1689 et
544 1636 723 1706 paucis
749 1634 1155 1707 intelligibt’lem;
1186 1644 1242 1692 et
1266 1650 1386 1707 cap.
1419 1635 1507 1703 47,
1540 1638 1608 1694 de
1635 1634 1814 1695 Gratia
1836 1635 2055 1712 Christi,

470 1725 538 1781 ad
564 1727 950 1782 discernendum
977 1726 1265 1799 difﬁcilem.
1292 1726 1437 1783 ldem
1462 1741 1629 1784 Serm.
1674 1729 1708 1784 5
1747 1728 1814 1785 de
1871 1728 2059 1786 Verbis

470 1819 736 1889 Apostoli,
780 1834 901 1875 cum
931 1816 999 1877 de
1046 1820 1225 1876 divina
1272 1820 1439 1891 gratia
1483 1818 1643 1876 verba
1685 1821 1753 1877 ad
1802 1821 2056 1892 populum

470 1909 703 1966 facturus
732 1918 895 1982 esset,
928 1912 1064 1968 dixit
1110 1925 1169 1968 se
1214 1910 1396 1967 habere
1443 1922 1652 1986 propter
1702 1913 2061 1969 obscuritatem

468 2019 638 2059 rerum
669 2005 937 2077 difﬁcilem
978 2006 1399 2078 disputationem.
1433 2006 1700 2063 Caeterum
1730 2008 2061 2079 sapientissi~

468 2111 590 2152 mus
630 2097 712 2153 vir
754 2097 1000 2155 obscuris
1058 2098 1233 2157 lucem
1292 2108 1345 2157 et
1394 2099 1705 2157 difﬁcilibus
1753 2100 2062 2159 facilitatem

469 2198 727 2262 quantum
763 2193 933 2264 potuit
965 2194 1207 2265 ingessit.
1240 2193 1377 2251 Nulli
1427 2209 1558 2251 sane
1607 2194 1777 2251 labori
1825 2198 2063 2267 pepercit

469 2298 577 2354 quo
600 2292 655 2340 et
680 2284 979 2343 clarissime
1006 2295 1058 2343 et
1090 2286 1402 2358 planissime
1447 2288 1785 2359 loqueretur;
1816 2289 2063 2358 precibus

468 2373 630 2433 etiam
662 2378 829 2435 Deum
861 2378 1090 2437 subinde
1122 2382 1344 2451 rogabat
1366 2391 1425 2436 ut
1452 2382 1517 2437 ad
1545 2392 1757 2451 captum
1793 2383 1971 2453 populi
1997 2384 2063 2439 de

469 2470 643 2541 gratia
690 2471 989 2529 disserendi
1045 2473 1350 2529 facultatem
1398 2473 1499 2528 sibi
1533 2474 1917 2544 impertiretur.
1952 2478 2063 2531 Au-

472 2564 650 2620 diatur
680 2566 734 2621 in
767 2569 1028 2636 prooemio
1056 2583 1221 2624 serm.
1249 2568 1314 2622 15
1340 2568 1409 2624 de
1459 2569 1619 2625 Verb.
1650 2568 1913 2641 Apostoli,
1941 2586 2063 2628 cum

480 2659 534 2714 in
585 2658 950 2729 superioribus
991 2650 1059 2717 de
1103 2661 1221 2732 lege
1259 2670 1313 2717 et
1346 2661 1515 2732 gratia
1562 2660 1677 2718 fuse
1718 2671 2061 2735 perorasset:

482 2771 501 2806 ί
520 2752 683 2811 Verbi
706 2754 823 2822 Dei,
849 2757 1037 2828 inquit,
1059 2756 1286 2812 altitudo
1307 2769 1530 2814 exercet
1556 2758 1814 2827 studium,
1838 2774 1943 2815 non
1971 2758 2063 2814 de-

476 2855 634 2919 negat
665 2846 1021 2908 intellectum.
1049 2847 1105 2905 Si
1127 2848 1306 2905 omnia
1334 2849 1515 2906 clausa
1537 2862 1739 2923 essent,
1767 2850 1896 2907 nihil
1921 2861 2063 2907 esset

475 2940 618 2995 unde
660 2940 1033 2998 revelarentur
1087 2940 1336 2998 obscura.
1394 2941 1600 2999 Rursus
1636 2946 1679 2999 si
1713 2945 1891 2999 omnia
1924 2952 2065 3000 tecta

474 3040 681 3099 essent,
715 3047 821 3088 non
853 3041 997 3089 esset
1021 3032 1164 3088 unde
1193 3032 1507 3089 alimentum
1535 3033 1711 3090 anima
1739 3033 2058 3106 perciperet,

474 3131 529 3178 et
556 3121 783 3180 haberet
814 3123 959 3182 vires
989 3124 1180 3195 quibus
1211 3135 1393 3196 posset
1422 3126 1489 3182 ad
1527 3128 1710 3183 clausa
1740 3128 1974 3199 pulsare.
2002 3128 2062 3185 In

477 3216 801 3273 lectionibus
847 3219 1160 3289 apostolicis
1205 3220 1595 3293 superioribus,
1640 3237 1771 3293 quas
1813 3224 2062 3281 charitati

2165 618 2285 657 eum
2316 598 2460 656 idem
2494 600 2782 656 haereticus
2829 597 3000 654 sancti
3049 597 3287 653 doctoris
3326 596 3651 652 sententiam
3681 595 3756 650 in-

2168 695 2384 752 tellectu
2433 694 2704 750 difficilem
2754 704 2873 748 esse
2913 696 3234 762 opponeret,
3266 688 3555 759 respondit
3584 688 3753 757 Augu-

2163 789 2376 845 stinus:
2412 805 2431 840 t
2460 787 2685 843 Prorsus
2715 784 3007 856 lntelligor,
3039 782 3178 840 velis
3208 782 3384 849 nolis;
3416 780 3512 836 sed
3548 791 3605 835 tu
3629 792 3752 834 con-

2166 891 2245 937 tra
2276 882 2376 937 ista
2406 880 2535 937 nihil
2567 878 2833 943 dicturus,
2862 878 2943 933 vis
2971 891 3076 931 non
3100 875 3322 946 intelligi
3356 872 3499 945 quod
3529 885 3635 945 ego
3660 886 3747 927 ve-

2165 976 2438 1033 rissimum
2493 984 2655 1048 atque
2705 972 3072 1030 ﬁrmissimum
3123 971 3257 1027 dixi.
3290 988 3309 1023 ι
3359 969 3480 1025 Lib.
3520 980 3599 1037 tv,
3639 979 3750 1038 cap.

2166 1071 2293 1130 140.
2324 1071 2469 1143 Lege
2493 1071 2561 1128 de
2587 1070 2672 1126 bis
2702 1068 2859 1141 plura
2889 1067 2944 1124 in
2968 1063 3286 1124 Antithetis.

2234 1160 2504 1221 Caeterum
2532 1161 2769 1220 Adamus
2798 1171 3003 1218 coctam
3036 1158 3165 1216 olim
3196 1172 3226 1214 a
3255 1153 3560 1227 Pelagianis
3591 1163 3749 1208 cram

2165 1257 2286 1314 bem
2312 1272 2642 1331 recoquens,
2694 1254 3138 1327 Augustinianam
3177 1253 3481 1310 doctrinam
3509 1247 3651 1305 vitio
3670 1247 3755 1303 ob-

2166 1349 2440 1406 scuritatis
2474 1350 2721 1418 infamat,
2750 1364 2909 1421 quam
2941 1364 3048 1405 non
3079 1344 3464 1420 mysteriorum
3495 1342 3756 1414 magnitu-

2166 1438 2301 1504 dini,
2326 1456 2431 1496 non
2456 1441 2621 1498 debili
2642 1442 2907 1497 lectorum
2937 1440 3331 1511 intelligentiae,
3353 1438 3453 1494 sed
3476 1433 3758 1506 Augustini

2166 1534 2390 1590 malitiae
2416 1533 2657 1605 deputat,
2690 1535 2888 1606 quippe
2915 1536 3004 1605 qui
3035 1548 3162 1590 suos
3190 1544 3383 1589 sensus
3411 1530 3563 1587 clare
3585 1527 3759 1584 dicere

2169 1632 2362 1700 notuit,
2415 1632 2499 1689 vel
2546 1634 2736 1688 saltem
2788 1647 2893 1687 non
2938 1629 3125 1697 valuit,
3157 1616 3213 1685 ut
3246 1624 3434 1683 scribit
3478 1638 3606 1696 pag.
3638 1620 3756 1679 615.

2170 1728 2316 1781 itane
2366 1738 2616 1796 magnum
2664 1722 2798 1781 illud
2848 1722 3217 1780 Africanarum
3251 1718 3585 1791 Synodorum
3616 1714 3761 1785 lnge-

2170 1822 2337 1888 nium,
2386 1834 2492 1890 quo
2528 1817 2742 1876 nomine
2767 1817 2972 1875 audivit
3020 1814 3349 1888 Augustinus
3377 1829 3442 1870 ex
3473 1812 3758 1883 Prospero,

2091 1894 2140 1958 Β
2168 1926 2285 1984 cap.
2316 1912 2350 1967 2
2377 1920 2568 1972 contra
2624 1911 2884 1984 Ingratos,
2945 1911 3081 1968 adeo
3130 1907 3359 1967 bardum
3401 1906 3490 1964 vel
3520 1903 3762 1962 invidum

2162 2007 2395 2078 iudicas,
2431 2013 2491 2061 ut
2520 2015 2641 2076 post
2673 2004 2862 2074 viginti
2910 2003 3026 2061 fere
3066 2012 3331 2059 annorum
3375 2009 3610 2056 conatus
3637 2011 3762 2052 non-

2166 2103 2291 2158 dum
2337 2116 2489 2158 suam
2533 2100 2855 2157 sententiam
2894 2096 3164 2170 explicare
3192 2097 3463 2168 potuerit,
3496 2100 3619 2160 aut,
3656 2102 3758 2164 quo

2166 2194 2314 2252 solus
2338 2208 2531 2267 sapere
2554 2193 2847 2261 videretur,
2901 2193 3136 2250 noluerit
3178 2200 3328 2247 tanto
3350 2202 3473 2246 cum
3504 2185 3759 2243 Ecclesiae

2167 2289 2334 2345 totius
2386 2286 2753 2345 detrimento?
2792 2284 2901 2344 Sed
2946 2284 3228 2342 videamus
3251 2284 3445 2355 quibus
3474 2294 3757 2353 argumen-

2167 2384 2237 2440 tis
2274 2397 2394 2454 cap.
2440 2384 2502 2451 4,
2549 2382 2584 2440 5
2612 2392 2668 2438 et
2695 2380 2750 2449 6,
2780 2382 3011 2451 probare
3057 2379 3329 2436 recentior
3372 2376 3464 2434 ille
3509 2385 3752 2440 conetur,

2168 2475 2338 2532 sancti
2382 2475 2665 2547 Augustini
2709 2476 3010 2531 doctrinam
3039 2475 3107 2530 de
3134 2471 3307 2545 gratia
3335 2480 3391 2528 et
3417 2469 3595 2527 libero
3618 2469 3755 2524 arbi-

2168 2570 2295 2635 trio,
2328 2582 2431 2623 nec
2469 2582 2575 2623 non
2607 2568 2674 2625 de
2702 2566 3181 2638 praedestinatione
3210 2579 3332 2623 esse
3360 2564 3655 2623 obscuram
3688 2569 3757 2617 at-

2168 2674 2271 2731 que
2303 2658 2599 2716 difﬁcilem.
2624 2660 2858 2732 Opponit
2882 2658 3031 2715 initio
3053 2654 3234 2714 statim
3262 2674 3381 2728 cap.
3406 2654 3463 2727 4,
3490 2670 3618 2729 pag.
3640 2653 3755 2723 590,

2168 2753 2384 2812 Florum
2452 2753 2776 2811 monachum
2839 2752 3253 2810 Adrumetinum
3308 2751 3541 2824 primum
3604 2749 3758 2806 fuisse

2172 2850 2290 2920 qui,
2339 2848 2743 2922 Augustinianae
2795 2847 3053 2903 doctrinae
3104 2847 3435 2904 obscuritate
3474 2845 3754 2915 deceptus,

2167 2950 2355 2997 contra
2393 2940 2621 2997 liberum
2662 2938 2945 2996 arbitrium
2977 2938 3380 3012 dogmatizarit.
3409 2934 3631 2994 Etenim
3663 2951 3759 2993 non

2167 3035 2475 3108 intelligens
2524 3036 2807 3107 Augustini
2853 3035 3141 3106 epistolam
3179 3034 3245 3090 ad
3288 3033 3526 3101 Sixtum,
3578 3038 3759 3088 contra

2168 3128 2403 3184 hominis
2449 3126 2753 3184 libertatem
2805 3141 2923 3183 eam
2973 3126 3119 3197 loqui
3151 3124 3617 3183 existimabatzat
3649 3139 3760 3180 cum

2168 3221 2361 3292 reliqui
2403 3223 2655 3277 monachi
2690 3220 2996 3293 oppositum
3029 3219 3401 3285 defenderent,
3433 3235 3521 3275 res
3551 3220 3623 3276 ab
3655 3219 3762 3290 ipso

480 3320 696 3377 vestrae,
730 3319 987 3383 quantum
1020 3290 1553 3385 Dominusﬁadjuvare
1574 3290 1820 3387 dignatus
1839 3328 1942 3387 est,
1972 3334 2069 3375 ex-
2089 3290 2139 3357 c
2172 3290 2334 3369 Floro
2381 3313 2607 3383 aliisque
2639 3314 2706 3368 ad
2734 3290 3096 3384 Augustinum
3130 3311 3306 3369 delata
3331 3320 3440 3379 est,
3468 3312 3671 3381 quibus
3692 3311 3762 3366 in-

481 3403 780 3472 posuimus,
824 3402 1046 3460 multum
1090 3405 1330 3462 laborem
1370 3414 1427 3465 et
1467 3406 1884 3466 sollicitudinem
1923 3414 2065 3482 passi

492 3509 699 3552 sumus.
746 3495 1222 3568 Compatiebamur
1250 3501 1401 3557 vobis
1430 3512 1485 3559 et
1512 3502 1723 3559 solliciti
1755 3522 1970 3564 eramus
2014 3518 2068 3565 et

481 3603 581 3658 pro
609 3590 762 3645 nobis
790 3600 844 3646 et
873 3606 970 3662 pro
997 3594 1167 3649 vobis.
1202 3594 1466 3660 Quantum
1497 3604 1673 3653 autem
1706 3597 1951 3655 existimo
1972 3602 2070 3657 ad-

481 3678 616 3749 juvit
644 3688 696 3735 et
726 3696 823 3738 nos
845 3690 897 3738 et
939 3698 1033 3738 vos
1070 3682 1349 3753 Dominus,
1383 3698 1435 3743 et
1469 3703 1530 3742 ea
1560 3704 1680 3759 qua:
1714 3705 1932 3759 prorsus
1961 3692 2068 3748 dif-

482 3768 639 3826 ﬁcilia
680 3772 999 3829 videbantur
1038 3776 1118 3831 sic
1148 3791 1244 3847 per
1287 3793 1386 3833 nos
1425 3780 1664 3835 enodare
1690 3781 1936 3853 dignatus
1964 3795 2067 3855 est,

481 3865 706 3922 utnulla
738 3868 965 3937 quaestio
998 3880 1303 3925 remaneret
1344 3887 1463 3941 quae
1511 3874 1793 3929 conturbet
1834 3888 2067 3935 mentem

482 3956 647 4028 piam.
701 3954 865 4029 impia
909 3961 1051 4016 enim
1085 3978 1236 4018 mens
1266 3962 1381 4018 odit
1411 3966 1572 4020 etiam
1617 3967 1787 4036 ipsum
1824 3969 2071 4026 intellec-

483 4058 596 4107 tum
624 4071 644 4106 ι
677 4061 782 4109 etc“.
815 4052 976 4111 Libro
1006 4058 1167 4113 etiam
1198 4058 1361 4113 tertio
1391 4058 1459 4116 de
1493 4074 1835 4131 peccatorum
1868 4064 2074 4122 Meritis

484 4154 539 4200 et
574 4145 941 4215 remisssione,
989 4162 1109 4219 cap.
1150 4149 1206 4216 2,
1259 4150 1453 4207 futuris
1496 4152 1820 4210 adversariis
1850 4156 1937 4225 qui
1971 4157 2071 4211 sibi

484 4235 736 4308 loquendi
790 4238 1172 4297 obscuritatem
1227 4242 1487 4315 objecturi
1539 4256 1712 4314 erant,
1775 4246 1922 4305 hisce
1979 4267 2073 4307 ora

486 4328 788 4386 obstruxit:
823 4350 843 4383 ι
867 4329 1001 4399 Quia
1031 4349 1092 4390 ea
1124 4350 1242 4406 qua:
1273 4352 1367 4406 pro
1394 4347 1579 4393 natura
1607 4342 1960 4409 qumstionum
1994 4341 2073 4397 di-

484 4418 667 4477 lucide
702 4420 845 4477 dicta
895 4426 1166 4496 existimo,
1216 4428 1389 4484 adhuc
1441 4448 1545 4485 non
1594 4431 1926 4504 intelligunt,
1966 4450 2072 4490 non

486 4514 616 4571 mihi
666 4516 1061 4574 calumnientur
1109 4536 1207 4590 pro
1257 4520 1575 4593 negligentia
1604 4520 1689 4579 vel
1717 4540 1815 4594 pro
1840 4540 1974 4581 mea:
1999 4528 2076 4582 l'a-

485 4609 700 4665 cultatis
747 4609 1062 4682 indigentia,
1098 4612 1191 4667 sed
1225 4612 1391 4668 Deum
1423 4615 1598 4684 potius
1629 4632 1725 4685 pro
1767 4617 2075 4686 accipienda

487 4700 836 4771 intelligentia
863 4702 1239 4775 deprecentur.
1274 4724 1291 4758 ι
1328 4705 1395 4760 Et
1421 4706 1635 4776 quidem
1664 4706 1783 4762 libri
1810 4708 1898 4763 isti
1921 4710 2076 4780 primi

489 4790 637 4850 fuere
684 4796 822 4851 inter
850 4812 943 4853 eos
975 4814 1108 4868 quos
1138 4813 1296 4867 supra
1330 4800 1544 4870 triginta
1579 4816 1674 4868 pro
1706 4799 1876 4855 divina
1908 4806 2075 4873 gratia

490 4886 774 4942 asserenda
799 4889 1054 4943 adversus
1077 4889 1317 4958 ejusdem
1337 4890 1514 4947 hostes
1538 4892 1886 4949 elucubravit.
1903 4895 2078 4965 Quare

488 4994 611 5035 eum
641 4982 968 5051 Augustinus
1000 4979 1084 5036 vel
1114 4982 1266 5037 initio
1296 4983 1672 5053 diSputationis
1703 5003 1893 5044 recens
1923 5004 2078 5044 exor-

486 5081 576 5139 tae,
609 5074 841 5144 indeque
870 5072 1001 5127 satis
1054 5074 1297 5131 obscura:
1324 5092 1385 5132 ac
1440 5076 1697 5146 difﬁcilis,
1737 5080 1973 5138 dilucide
2015 5099 2077 5139 se

484 5164 722 5224 locutum
755 5167 971 5238 dixerit,
1001 5186 1135 5241 quos
1165 5169 1479 5228 clarissima:
1509 5172 1766 5232 doctrinae
1808 5178 1987 5235 radios
2014 5196 2077 5235 re

487 5266 617 5320 satis
666 5278 934 5333 superque
972 5273 1049 5318 tot
1080 5282 1341 5322 annorum
1371 5268 1565 5337 spatio,
1601 5278 1678 5326 tot
1710 5270 1936 5341 publicis
1967 5273 2077 5343 pri-

489 5355 739 5425 vittisque
769 5355 1171 5425 congressibus,
1214 5367 1291 5413 tot
1316 5357 1549 5432 denique
1578 5361 1937 5419 voluminibus
1964 5365 2076 5433 epi-

487 5446 747 5517 stolisque
772 5445 1010 5502 discussa
1040 5458 1203 5521 atque
1231 5452 1499 5523 explicata
1530 5455 1793 5525 Sparsisse
1816 5456 2075 5512 dicendus

490 5540 616 5596 est?
648 5539 786 5595 Sane
814 5554 937 5595 cum
966 5539 1207 5597 Julianus
1237 5555 1426 5601 sancto
1454 5545 1662 5602 doctori
1692 5547 2073 5605 obscuritatem

488 5636 839 5707 obiectasset,
892 5638 1057 5693 hocce
1095 5639 1163 5693 ab
1202 5642 1500 5712 Augustino
1544 5658 1860 5714 responsum
1914 5643 2073 5699 tulit:

494 5749 514 5785 ι
539 5732 674 5800 Quia
697 5733 948 5789 tenebras
971 5742 1177 5789 vestras
1204 5734 1548 5808 redarguunt,
1576 5738 1730 5793 vobis
1763 5737 1934 5793 lucida
1968 5753 2077 5794 non

488 5825 759 5895 videntur,
789 5836 843 5883 et
871 5842 1203 5900 qumeunque
1234 5829 1385 5886 vobis
1416 5845 1507 5886 sua
1540 5832 1782 5887 radiante
1812 5832 1929 5887 luce
1956 5847 2072 5887 mo-

488 5918 626 5974 lesta
669 5931 813 5990 sunt,
845 5930 1032 5977 contra
1064 5921 1153 5977 illa
1183 5936 1277 5979 cor
1306 5921 1575 5990 clauditis,
1604 5939 1671 5979 ne
1704 5924 1827 5979 inde
1860 5939 1965 5980 nox
1994 5924 2076 5980 fu-

2173 3405 2456 3463 struendis
2486 3415 2704 3463 sanctus
2741 3405 2932 3462 doctor
2955 3406 3109 3462 binas
3139 3405 3203 3461 ad
3238 3403 3584 3461 Valentinum
3617 3402 3764 3460 abba.

2172 3509 2281 3557 tem
2314 3499 2518 3555 litteras
2546 3499 2713 3565 dedit,
2744 3499 2927 3554 addito
2956 3499 3117 3555 etiam
3146 3498 3283 3555 libro
3312 3496 3379 3554 de
3406 3496 3594 3553 Gratia
3627 3504 3684 3551 et
3709 3494 3765 3551 li-

2173 3594 2306 3650 hero
2331 3595 2579 3661 arbitrio,
2613 3593 2891 3664 alteroque
2918 3592 2985 3649 de
3016 3593 3374 3663 Correptione
3412 3601 3467 3647 et
3496 3589 3694 3661 gratia,
3718 3590 3765 3645 in

2172 3689 2367 3758 quibus
2393 3704 2455 3744 ea
2483 3704 2603 3758 quae
2634 3687 2919 3743 obscurius
2951 3688 3003 3743 in
3032 3688 3261 3758 epistola
3289 3685 3355 3742 ad
3380 3686 3598 3743 Sixtum
3626 3685 3765 3741 dixe-

2173 3794 2277 3851 rat,
2304 3782 2505 3838 clarius
2531 3780 2808 3852 explicuit.
2841 3780 3042 3837 Verum
3070 3790 3359 3850 antequam
3384 3794 3605 3849 pravam
3633 3777 3764 3832 illius

2173 3877 2417 3948 epistola:
2442 3876 2853 3947 intelligentiam
2884 3891 2989 3931 non
3014 3890 3077 3930 ex
3103 3873 3383 3945 Augustini
3414 3873 3759 3940 obscuritate,

2176 3967 2269 4024 sed
2290 3985 2355 4024 ex
2383 3968 2645 4023 lectorum
2678 3966 2896 4033 duritie,
2928 3976 2984 4022 ut
3019 3965 3275 4022 Victorini
3309 3966 3488 4021 verbis
3515 3975 3659 4031 utar,
3683 3964 3763 4019 de—

2175 4061 2379 4115 rivasse
2408 4060 2714 4131 ostendam,
2762 4060 2951 4131 supina
3003 4058 3191 4114 Adami
3248 4060 3301 4113 in
3347 4058 3654 4130 Augustino
3696 4059 3762 4113 le-

2176 4153 2352 4223 gendo
2378 4151 2583 4207 incuria
2606 4152 2917 4221 castiganda
2949 4161 3051 4217 est,
3082 4151 3172 4219 qui
3197 4149 3415 4205 Florum
3449 4149 3760 4205 monachum

2177 4247 2317 4303 haud
2349 4257 2553 4304 rectum
2599 4246 2743 4300 illius
2777 4245 3019 4316 epistola)
3048 4259 3266 4300 sensum
3303 4244 3545 4299 tenuisse
3569 4243 3762 4298 calum-

2178 4340 2379 4409 niatur,
2429 4355 2551 4395 cum
2599 4350 2782 4409 aperte
2834 4338 3162 4409 Augustinus
3194 4338 3341 4392 illum
3376 4337 3598 4408 quidem
3628 4344 3762 4391 recte

2179 4432 2413 4489 sensisse
2445 4441 2693 4500 testetur,
2720 4431 2813 4487 sed
2842 4448 2947 4487 non
2981 4432 3143 4486 fuisse
3167 4430 3235 4485 ab
3263 4429 3382 4485 aliis
3412 4429 3759 4493 intellectum,

2180 4526 2252 4579 ita
2273 4526 2416 4579 enim
2437 4523 2502 4577 ad
2527 4524 2820 4578 monachos
2844 4522 2965 4577 illos
2985 4522 3173 4579 scribit
3202 4537 3321 4592 cap.
3362 4522 3387 4577 1
3424 4521 3493 4577 de
3521 4522 3759 4591 Corrept.

2182 4630 2237 4676 et
2261 4630 2400 4691 grai.
2430 4638 2442 4671 :
2479 4638 2496 4671 ‹
2522 4618 2669 4673 Hanc
2694 4618 2878 4683 ﬁdem,
2905 4633 3024 4688 qua:
3057 4618 3175 4673 sine
3199 4616 3363 4673 dubio
3393 4633 3542 4683 vera,
3574 4625 3627 4673 et
3653 4631 3762 4687 pro-

2104 4694 2155 4755 D
2182 4713 2417 4785 phetiea,
2443 4726 2495 4768 et
2523 4713 2820 4784 apostolica
2845 4711 2976 4767 ﬁdes
3000 4720 3100 4773 est.
3132 4712 3291 4767 etiam
3317 4711 3369 4765 in
3397 4711 3564 4766 fratre
3596 4723 3761 4766 nostro

2184 4807 2344 4863 Floro
2375 4806 2646 4861 invenisse
2692 4822 2777 4860 me
2823 4803 3050 4876 gaudeo,
3099 4807 3241 4861 unde
3282 4804 3335 4859 hi
3383 4807 3561 4874 potius
3608 4804 3761 4860 corri-

2182 4899 2341 4971 gendi
2364 4908 2510 4965 sunt,
2544 4914 2679 4969 quos
2704 4898 2921 4968 quidem
2950 4899 3183 4969 propitio
3213 4898 3321 4953 Deo
3354 4908 3629 4955 correctos
3656 4912 3759 4953 esse

2178 4992 2291 5061 jam
2335 4993 2611 5056 existimo,
2660 4990 2751 5061 qui
2794 5007 2916 5045 eum
2960 5006 3067 5046 non
3119 4988 3511 5062 intelligebant.
3542 5011 3559 5044 ι
3596 4990 3759 5057 itaque

2186 5082 2437 5138 monachi
2472 5082 2689 5152 quidam
2722 5082 2893 5138 sancti
2918 5080 3159 5137 doctoris
3185 5084 3465 5152 epistolam
3494 5099 3596 5137 non
3627 5082 3739 5135 lutei

2181 5176 2436 5247 ligebant,
2470 5176 2625 5248 cujus
2658 5185 2835 5233 tamen
2865 5193 3082 5233 sensum
3113 5176 3315 5248 optime
3343 5176 3536 5233 Florus
3566 5191 3755 5231 assecu~

2183 5278 2292 5339 tus,
2319 5266 2450 5324 nihil
2475 5286 2540 5324 ex
2565 5270 2841 5339 Augustini
2869 5270 3051 5325 verbis
3077 5269 3423 5326 obscuritatis
3454 5284 3635 5339 passus
3664 5274 3752 5320 est.

2184 5362 2336 5421 Unde
2362 5379 2522 5434 prava
2546 5363 2760 5419 illorum
2789 5363 3140 5435 intelligentia
3167 5380 3274 5420 non
3300 5364 3588 5436 Augustini
3618 5360 3744 5424 vitio,

2182 5457 2325 5528 quod
2356 5457 2698 5513 nolueritaut
2720 5472 2824 5512 non
2853 5457 3088 5527 potuerit
3108 5455 3255 5514 clare
3280 5457 3449 5527 loqui,
3468 5455 3635 5511 danda
3658 5459 3748 5517 est,

2186 5546 2280 5604 sed
2312 5544 2471 5605 debili
2501 5550 2884 5606 monachorum
2916 5550 3115 5621 captui,
3147 5549 3237 5621 qui
3269 5551 3501 5606 necdum
3530 5545 3749 5616 Augusti-

2187 5642 2399 5698 nianam
2431 5642 2710 5713 epistolam
2740 5658 2845 5697 non
2880 5642 3267 5714 percipiebant,
3301 5642 3396 5698 sed
3426 5658 3523 5699 nec
3552 5640 3747 5697 Florum

2186 5733 2432 5789 eamdem
2485 5734 2727 5805 pluribus
2759 5735 3118 5805 explicantem
3150 5733 3541 5807 intelligebant.
3572 5729 3663 5788 Sed
3688 5726 3746 5782 de

2186 5825 2267 5883 his
2298 5827 2467 5883 fusius
2491 5827 2723 5884 diximus
2752 5827 2844 5884 lib.
2879 5844 2895 5883 i
2926 5827 3064 5885 Hist.
3094 5827 3300 5900 Pelag.,
3332 5844 3453 5900 cap.
3478 5825 3564 5895 9.3,
3592 5833 3640 5881 et
3662 5820 3739 5876 lib.

2184 5940 2240 5992 ll,
2273 5938 2391 5993 cap.
2426 5922 2509 5978 15.
