3974 6356
156 466 263 523 381

1384 460 1706 522 νΙΝΒῙΟΙΑἳ
1746 460 2310 523 AUGUSTINIANE.

3343 452 3450 518 sse
3510 446 3515 447 ί

230 582 400 640 Addit
424 582 658 639 Adamus
682 594 801 652 pag.
833 577 937 636 591
971 594 986 635 :
1014 596 1034 632 ι
1064 576 1173 634 ﬂos
1203 577 1407 649 primos
1432 577 1572 650 apud
1605 572 1826 643 Afri-‘A
1853 582 2013 635 sionis
2043 581 2255 637 obscuro
2293 581 2567 655 impeditos
2607 582 2888 653 Augustini
2913 580 3214 638 doctrinam
3252 589 3439 652 aperte

155 692 279 733 eam
328 687 505 732 motus
549 690 617 732 ex
658 672 1063 746 Angustinianae
1107 670 1369 728 doctrinae
1425 670 1756 727 obscuritate

156 780 315 826 ortos
368 769 622 826 Gallicani
669 768 930 822 tumultus
970 766 1243 823 consecuti
1294 772 1439 821 sunt.
1467 762 1584 820 Viri
1611 762 1756 820 enim

158 872 274 917 tum
308 861 509 930 pietate
541 871 651 915 tum
692 860 933 914 doctrina
964 858 1202 928 insignes
1242 856 1492 912 Massiliae
1540 862 1596 911 et
1618 852 1757 925 apud

159 953 372 1008 vicinas
423 953 647 1020 insulas,
690 966 831 1021 mgre
877 949 1124 1006 ferebant
1164 948 1556 1021 Augustinum,
1606 946 1759 1018 cujus

161 1060 361 1115 magna
395 1045 450 1099 in
482 1044 722 1101 Ecclesia
746 1043 1034 1099 aestimatio
1052 1050 1191 1109 erat,
1223 1041 1480 1097 nonnulla
1511 1040 1760 1097 docuisse

156 1151 281 1205 qua:
315 1136 385 1190 ob
417 1135 797 1191 obscuritatem
846 1132 1448 1189 Praedestinatianorum
1482 1131 1673 1188 haeresi
1697 1147 1758 1189 ea

158 1236 485 1297 tempestate
504 1243 595 1297 per
625 1226 825 1283 Gallias
854 1227 1099 1298 gliscenti
1131 1224 1368 1281 favorem
1411 1224 1654 1295 praebere
1681 1225 1760 1280 vi-

160 1320 454 1375 debantur.
499 1320 667 1375 Porro
739 1333 858 1374 cum
932 1318 1049 1373 haec
1110 1318 1268 1373 latius
1334 1316 1759 1383 diliamarentur,

163 1414 406 1484 Prosper
454 1421 511 1469 et
556 1412 789 1467 Hilarius
834 1412 902 1467 de
934 1412 1016 1467 his
1064 1411 1420 1482 Augustinum
1453 1425 1545 1480 per
1576 1410 1760 1465 literas

165 1509 460 1563 certiorem
492 1506 798 1573 reddidere,
842 1520 947 1576 quo
972 1505 1171 1561 clarius
1197 1519 1348 1560 suam
1378 1512 1611 1559 mentem
1636 1517 1763 1573 ape-

160 1602 315 1655 riret.
347 1618 369 1653 ι
406 1598 637 1654 Fabulas
662 1600 834 1654 bellas
863 1598 1029 1653 nectit
1056 1598 1144 1652 hic
1182 1598 1444 1662 scriptor;
1478 1611 1601 1649 nam
1632 1594 1667 1649 ii
1697 1593 1763 1650 de

161 1691 360 1763 quibus
388 1691 621 1762 Prosper
650 1699 706 1746 et
733 1688 969 1745 llilarins
997 1689 1065 1744 ad
1091 1689 1447 1758 Augustinum
1475 1685 1720 1742 scribunt
1744 1729 1761 1757 ,

163 1798 507 1855 nequaquam
536 1782 687 1839 fuere
715 1780 1180 1838 Praedestinatiani
1206 1821 1222 1847 ,
1252 1781 1343 1851 qui
1388 1796 1455 1836 ex
1481 1778 1765 1849 AuguStini

162 1875 507 1931 obscuritate
530 1878 580 1930 in
612 1890 823 1931 errores
852 1873 986 1944 lapsi
1016 1884 1216 1942 essent,
1257 1870 1355 1929 sed
1400 1873 1544 1928 fuere
1586 1871 1763 1927 Semi-

1861 675 2122 745 ac‘probe
2168 675 2494 733 intellectam
2542 691 2880 748 oppugnasse
2911 722 2927 748 ,
2983 676 3266 750 Augustini
3316 692 3447 734 vero

1861 776 2158 826 sectatores
2183 784 2251 826 ex
2279 768 2469 825 iisdem
2494 770 2667 827 sancti
2710 771 2953 827 Doctoris
2980 770 3128 827 libris
3157 769 3449 843 intelligen-

1863 862 2017 918 tiores
2065 863 2229 919 multo
2276 864 2729 937 instructioresque
2773 882 2880 921 esse
2910 866 3099 937 factos,
3148 866 3290 937 quod
3341 880 3450 922 non

1861 966 1943 1014 est
1970 956 2040 1013 de
2067 958 2352 1031 Augustini
2382 968 2562 1016 mente
2586 961 2761 1017 minus
2788 969 2933 1017 recte
2962 968 3178 1032 propter
3198 960 3449 1017 obscuri.

1864 1055 2027 1103 tatem
2058 1060 2309 1120 percepta
2334 1065 2580 1108 rumores
2620 1053 2671 1107 in
2706 1051 2892 1108 Galliis
2918 1063 3169 1122 exortos,
3204 1062 3264 1109 ut
3300 1053 3455 1124 fingit

1862 1141 2134 1214 Adamus,
2179 1145 2273 1200 sed
2314 1145 2384 1200 de
2425 1145 2666 1214 ejusdem
2720 1146 2977 1202 doctrinae
3021 1146 3270 1203 omnibus
3310 1154 3453 1201 notae

1865 1236 2096 1293 veritate
2121 1236 2287 1308 litigia
2317 1245 2473 1293 enata
2504 1252 2647 1305 esse,
2676 1238 2964 1307 Prospero.
2998 1238 3198 1293 Hilario
3226 1237 3453 1309 aliisque

1863 1325 2219 1396 Augustinum
2266 1327 2700 1395 defendentibus,
2731 1329 2991 1385 Cassiano
3040 1344 3071 1385 e
3110 1339 3299 1385 contra
3329 1344 3453 1385 cum

1871 1418 2152 1476 foederatis
2181 1422 2428 1477 eumdem
2463 1422 2917 1495 impugnantibus.
2971 1423 3176 1479 Scribit
3219 1424 3457 1480 Adamus

1867 1527 1990 1583 pag.
2024 1512 2149 1579 594,
2191 1512 2513 1584 Prosperum
2560 1524 2614 1571 et
2642 1515 2924 1582 Hilarium,
2955 1515 3096 1585 quod
3118 1531 3148 1570 a
3180 1516 3457 1572 nonnullis

1867 1607 2197 1678 presbyteris
2252 1606 2745 1664 Prasdestinatianis
2781 1617 3022 1665 suosmet
3090 1623 3305 1665 errores
3360 1610 3460 1664 Au-

1866 1698 2067 1769 gustini
2112 1699 2330 1754 nomine
2365 1699 2623 1756 suﬁ'ulciri
2653 1708 2981 1769 cernerent,
3012 1701 3090 1756 rei
3143 1700 3460 1771 indignitate

1868 1799 2168 1846 commotos
2224 1790 2292 1845 ad
2346 1791 2697 1847 Caelestinum
2740 1808 2929 1864 papam
2983 1793 3275 1863 profectos,
3306 1795 3398 1864 qui
3428 1809 3461 1850 e

1871 1884 2093 1954 vestigio
2113 1886 2317 1941 litteras
2345 1886 2412 1941 ad
2443 1886 2630 1943 Galliae
2658 1889 2939 1956 episcopos
2963 1887 3128 1954 dedit,
3153 1888 3365 1956 quibus,
3391 1886 3462 1942 do

164 1966 471 2039 Pelagiani.
502 1967 813 2035 Cassianus
855 1962 1111 2033 llilariuS.
1144 1966 1479 2032 VincentiUS.
1510 1963 1762 2032 Faustus
1798 1984 1845 2044 Β
1873 1977 2035 2032 verba
2065 1977 2252 2032 Adami
2302 1994 2422 2049 pag.
2457 1978 2583 2047 595,
2658 1995 2751 2035 ora
2802 1980 3020 2035 obstruit
3067 1982 3297 2035 omnibus
3351 1981 3462 2035 istis

162 2062 391 2133 aliique,
450 2071 507 2117 ut
555 2062 723 2117 fusius
769 2061 906 2117 libro
947 2076 985 2116 ll
1037 2059 1285 2116 Histmite
1317 2058 1617 2130 Pelagianae
1665 2058 1764 2113 de-

163 2166 528 2213 monstratum
559 2165 669 2224 est;
704 2156 782 2211 illi
813 2156 955 2212 enim
1006 2155 1168 2210 fidem
1215 2154 1766 2225 etjperseverantiam

162 2262 288 2304 esse
315 2246 459 2303 dona
494 2248 586 2303 Dei
611 2246 1007 2320 pernegabant,
1047 2246 1203 2303 nobis
1236 2260 1308 2302 ex
1354 2245 1511 2301 nobis
1540 2243 1673 2315 ipsis
1704 2258 1769 2299 ea

164 2340 461 2412 provenire
490 2338 825 2395 dictitantes.
862 2339 1048 2395 Nullos
1076 2353 1205 2396 sane
1256 2346 1382 2393 tunc
1412 2337 1579 2392 fuisse
1627 2336 1773 2390 Prte-

167 2434 571 2490 destinatianos
596 2442 743 2502 patet
782 2448 846 2487 ex
877 2432 1071 2487 litteris
1096 2429 1346 2502 Prosperi
1372 2439 1426 2486 et
1450 2425 1653 2495 Hilarii,
1674 2442 1773 2483 ne-

168 2541 278 2597 que
311 2528 460 2582 enim
491 2525 772 2596 Augustini
816 2526 986 2596 ipsius
1030 2523 1330 2579 doctrinam
1383 2523 1436 2577 in
1485 2535 1773 2591 pravorum

171 2612 491 2692 dogmatum
533 2620 938 2675 fundamentum
977 2633 1009 2674 a
1051 2616 1545 2674 Praedcstinatianis
1590 2614 1771 2683 sumi,

171 2714 277 2769 sed
302 2728 332 2766 a
362 2713 606 2783 plurimis
636 2712 783 2767 illam
810 2710 1112 2784 impugnari
1148 2711 1368 2779 dicunt,
1402 2709 1481 2765 uti
1507 2722 1700 2764 novam
1725 2714 1779 2762 et

173 2805 497 2861 absurdam.
533 2805 677 2859 Dabo
724 2805 939 2859 initium
986 2803 1230 2874 epistolas
1277 2801 1450 2857 sancti
1503 2798 1779 2871 Prosperi,

175 2900 311 2956 inde
340 2901 481 2955 enim
524 2899 735 2969 objecta
782 2901 1082 2970 Augustino
1114 2898 1414 2955 obscuritas
1438 2938 1455 2965 ,
1484 2912 1552 2952 ex
1577 2911 1680 2967 qua
1727 2896 1781 2951 in

179 2988 376 3046 Galliis
455 2990 716 3045 tumultus
767 3002 984 3046 exortos
1037 2990 1190 3061 fingit
1240 2988 1596 3055 adversarius,
1654 3002 1781 3043 eva-

178 3086 366 3142 nescit
398 3100 413 3138 :
450 3102 469 3137 t
504 3084 654 3139 Multi
685 3099 831 3156 ergo,
866 3085 1074 3155 inquit,
1104 3099 1386 3141 servorum
1433 3083 1656 3149 Christi,
1693 3082 1785 3151 qui

180 3182 244 3237 in
292 3181 617 3237 Massiliensi
661 3180 794 3236 urbe
832 3180 1172 3249 consistunt,
1221 3180 1273 3236 in
1328 3178 1639 3235 Sanctitatis
1683 3186 1787 3232 ture

181 3275 434 3343 scriptis,
461 3290 579 3344 quae
608 3274 866 3329 adversus
912 3272 1230 3344 Pelagianos
1269 3271 1555 3327 haereticos
1597 3270 1789 3326 condi-

1872 2069 2177 2141 presbyteris
2217 2073 2306 2143 qui
2336 2089 2457 2127 suos
2506 2089 2702 2129 errores
2730 2074 2822 2128 sub
2866 2075 3170 2129 obscuritate
3200 2076 3465 2129 verborum

1872 2166 2039 2219 sancti
2090 2166 2368 2237 Augustini
2411 2166 2664 2238 tegebant.
2726 2166 2784 2222 Si
2829 2176 2883 2222 et
2923 2168 3178 2223 delatoris
3218 2168 3464 2237 Prosperi

1874 2257 2419 2327 dicta,etleestini
2446 2260 2641 2328 judicis
2666 2260 2771 2316 lata
2816 2276 2914 2332 pro
2956 2261 3256 2331 Augustino
3299 2260 3469 2317 vindi-

1875 2350 2049 2405 cando
2069 2352 2339 2407 sententia
2361 2351 2785 2420 intercidissent,
2810 2363 3056 2422 poterant
3076 2352 3164 2408 illa
3198 2362 3467 2424 utcunque

1876 2441 1944 2496 ab
1989 2440 2198 2496 Adamo
2241 2441 2389 2511 fingi,
2429 2457 2536 2512 quo
2574 2442 3019 2512 Augustinianam
3082 2443 3468 2499 obscuritatem

1878 2534 2093 2590 illorum
2133 2536 2457 2589 tumultuum
2504 2535 2703 2591 fontem
2746 2536 3117 2605 persuaderet.
3155 2534 3313 2592 Atex
3335 2536 3467 2593 Pro-

1880 2628 2024 2698 speri
2054 2636 2111 2683 et
2149 2626 2429 2682 leestini
2450 2628 2665 2698 scriptis
2685 2637 2886 2698 apertae
2907 2628 3155 2683 falsitatis
3176 2642 3299 2684 reus
3316 2636 3475 2685 teneo

1882 2728 1992 2774 tur.
2010 2720 2095 2785 Hi,
2119 2730 2305 2775 contra
2330 2735 2465 2790 quos
2491 2721 2745 2789 Prosper,
2770 2720 2993 2791 ejusque
3014 2721 3215 2790 collega
3238 2720 3475 2777 Hilarius

1882 2810 2108 2866 Romani
2139 2810 2365 2880 profecti
2386 2821 2535 2876 sunt,
2559 2826 2667 2866 non
2691 2812 2841 2867 fuere
2863 2812 3047 2869 nescio
3060 2813 3155 2884 qui
3174 2810 3475 2884 presbyteri

1885 2903 2351 2960 Praedestinatiani
2390 2905 2492 2961 sub
2514 2904 2797 2975 Augustini
2840 2907 3056 2962 nomine
3093 2920 3307 2962 errores
3347 2920 3476 2962 suos

1888 2996 2245 3063 venditantes,
2283 2998 2384 3053 sed
2422 3000 2570 3054 fuere
2629 3000 2785 3067 plane
2821 2999 3250 3071 Sensi-Pelagiani
3292 2998 3480 3054 Massi-

1888 3091 2090 3147 lienses
2112 3130 2129 3157 ,
2154 3091 2249 3162 qui
2270 3091 2445 3149 sancti
2469 3092 2751 3163 Augustini
2794 3093 2959 3149 libros
2979 3104 3035 3149 et
3071 3093 3371 3149 doctrinam
3395 3095 3478 3148 la-

1892 3184 2166 3240 cerabant.
2217 3185 2329 3240 lloc
2371 3184 2541 3240 fusius
2579 3199 2610 3239 a
2650 3184 2807 3240 nobis
2847 3184 3131 3253 probatum
3168 3194 3255 3241 est
3298 3184 3392 3240 lib.
3417 3197 3481 3254 tt,

1894 3275 2032 3330 llist.
2057 3276 2263 3345 Pelag.,
2290 3291 2410 3346 cap.
2442 3273 2531 3342 15,
2558 3290 2680 3345 qute
2725 3275 2815 3331 hic
2835 3287 3081 3346 repetere
3100 3291 3210 3333 non
3232 3286 3407 3332 vacat.

184 3368 346 3437 disti,
380 3366 714 3423 contrarium
760 3375 951 3437 putant
996 3367 1213 3421 Patrum
1241 3367 1504 3436 opinioni,
1536 3374 1589 3421 et
1617 3365 1791 3422 eccle-
1816 3384 1863 3448 ρ
1968 3368 2149 3440 Pergit
2171 3378 2352 3439 empto
2396 3369 2636 3425 Adamus
2674 3370 2826 3425 novis
2866 3372 3195 3443 argumentis
3230 3369 3485 3442 Aquati-

186 3462 416 3519 siastico
453 3461 635 3517 sensui
662 3460 923 3532 quidquid
968 3460 1024 3515 in
1053 3460 1135 3516 eis
1176 3460 1245 3516 de
1273 3461 1558 3515 vocatione
1584 3459 1790 3516 electo-

190 3571 318 3612 τω]
361 3556 658 3612 secundum
708 3555 802 3613 Dei
844 3555 1179 3627 propositum
1209 3556 1519 3627 disputasti.
1553 3554 1623 3611 Et
1663 3570 1792 3611 cum

192 3650 517 3721 aliquandiu
551 3650 859 3707 tarditatem
890 3665 1040 3706 suam
1056 3652 1278 3721 culpare
1301 3651 1608 3717 maluerint,
1632 3665 1792 3721 quam

195 3758 311 3799 non
339 3743 610 3799 intellecta
639 3744 1059 3814 reprehendere,
1088 3745 1412 3817 quidamque
1435 3760 1620 3801 eorum
1658 3744 1795 3800 luci-

196 3837 418 3893 diorem
449 3852 611 3908 super
633 3840 757 3906 hoc,
784 3846 944 3910 atque
966 3840 1289 3909 apertiorem
1314 3839 1671 3895 Beatitudinis
1691 3848 1797 3895 tuae

198 3931 600 4002 expositionem
638 3933 904 3991 voluerint
932 3933 1223 4003 posmlare,
1253 3933 1430 3988 evenit
1459 3948 1526 3989 ex
1571 3930 1802 4001 disposi-

200 4028 359 4083 tione
384 4026 767 4083 misericordite
794 4027 911 4096 Dei,
950 4035 1011 4083 ut
1036 4042 1160 4083 cum
1190 4026 1449 4098 quosdam
1496 4026 1633 4082 intra
1660 4025 1802 4081 Afri-

200 4135 330 4176 cam
384 4119 585 4175 similia
634 4122 950 4187 movissent,
996 4121 1191 4176 librum
1242 4120 1311 4176 de
1361 4119 1711 4191 Correptione
1747 4127 1804 4176 et

200 4212 379 4284 gratia
414 4213 633 4283 plenum
660 4213 857 4269 divinae
885 4212 1223 4269 auctoritatis
1280 4214 1580 4281 emitteres,
1610 4227 1718 4283 quo
1750 4217 1801 4268 in

204 4307 465 4363 notitiam
490 4316 728 4362 nostram
753 4308 1021 4377 insperata
1048 4305 1449 4377 opportunitate
1469 4304 1670 4371 delato,
1700 4319 1803 4375 pu-

206 4401 455 4456 tavimus
475 4415 665 4456 omnes
684 4401 933 4470 querelas
954 4400 1323 4457 resistentium
1351 4399 1660 4470 sopiendas,
1681 4400 1805 4469 quia

204 4493 484 4550 universis
512 4494 920 4563 quaestionibus,
962 4493 1029 4549 de
1070 4492 1267 4565 quibus
1311 4492 1641 4549 consulenda
1689 4499 1807 4547 erat

205 4587 486 4643 Sanctitas
516 4597 625 4653 tua,
664 4597 769 4644 tam
821 4587 978 4658 plene
1027 4587 1138 4644 illic
1195 4588 1545 4658 absoluteque
1583 4600 1809 4657 respon-

208 4698 337 4739 sum
358 4692 468 4749 est,
496 4682 649 4753 quasi
672 4683 772 4739 hoc
796 4682 1100 4753 specialiter
1123 4683 1413 4750 studueris,
1434 4694 1491 4738 ut
1520 4697 1639 4753 qua:
1660 4682 1807 4753 apud

1896 3462 2112 3519 nianam
2149 3463 2539 3519 obscuritatem
2572 3464 2801 3533 probare
2820 3466 3056 3521 enitens.
3079 3466 3315 3537 Opponit
3339 3464 3485 3537 quod

1896 3557 1965 3613 de
1986 3557 2227 3626 ejusdem
2250 3557 2520 3613 sententia
2546 3556 2615 3614 de
2640 3556 3116 3628 praedestinatione
3136 3557 3326 3629 ingens
3347 3559 3488 3616 inter

1897 3652 2180 3722 theologos
2225 3651 2593 3708 controversia
2632 3662 2754 3719 est,
2795 3667 2919 3723 pag.
2964 3652 3067 3708 596
3104 3651 3314 3708 addens
3350 3651 3490 3709 adeo

1898 3745 2045 3802 illam
2070 3760 2194 3802 esse
2216 3745 2522 3813 difficilem,
2548 3756 2605 3801 ut
2634 3761 2824 3816 graves
2849 3746 3112 3801 tumultus
3154 3746 3207 3801 in
3244 3745 3491 3801 Ecclesia

1899 3838 2168 3893 excitarit.
2192 3836 2377 3893 Tradit
2413 3838 2577 3893 etiam
2619 3839 2879 3907 quosdam
2906 3855 2975 3894 ex
3012 3837 3299 3908 Augustini
3324 3845 3492 3892 secta'

1903 3931 2111 3987 toribus
2142 3932 2192 3987 in
2235 3931 2456 3986 materia
2476 3932 2542 3986 de
2566 3932 2737 4000 gratia
2758 3932 2907 3986 illum
2929 3929 3252 3997 deseruisse,
3276 3931 3494 3999 velnon

1904 4042 2065 4084 ausos
2114 4027 2279 4082 fuisse
2336 4025 2617 4096 Augustini
2658 4025 2908 4096 dogmata
2948 4025 3164 4096 publice
3205 4024 3496 4080 defendere

1906 4136 2028 4192 pag.
2060 4120 2186 4185 610,
2214 4120 2366 4175 initio
2384 4134 2507 4189 cap.
2552 4121 2639 4176 to.
2684 4119 2790 4176 Ter
2812 4120 2971 4176 etiam
2996 4119 3314 4175 sententiam
3336 4133 3402 4174 ea
3439 4117 3498 4173 in

1904 4216 2205 4285 quaestione
2244 4224 2478 4268 mutasse
2509 4229 2625 4284 pag.
2672 4213 2799 4277 597,
2825 4222 2880 4269 et
2918 4226 3038 4283 pag.
3070 4212 3167 4267 6H
3197 4212 3347 4267 addit
3381 4212 3492 4266 Att-

1906 4309 2175 4378 gustinum
2193 4322 2341 4375 saepe
2366 4308 2678 4363 confessum
2715 4321 2837 4363 esse
2876 4306 3220 4362 difficultates
3262 4306 3345 4361 vel
3378 4319 3412 4361 a
3436 4318 3499 4361 se

1906 4403 1991 4457 vel
2018 4403 2087 4458 ab
2107 4401 2432 4457 adversariis
2470 4411 2659 4456 contra
2700 4401 2955 4471 mysteria
2977 4401 3166 4469 gratia:
3186 4407 3241 4454 et
3260 4398 3501 4469 praedes-

1910 4494 2215 4551 stinationis
2258 4494 2562 4564 propositas
2612 4492 2751 4547 datis
2807 4506 2836 4545 a
2895 4506 2955 4546 se
2996 4490 3353 4545 solutionibus
3393 4504 3501 4545 non

1910 4587 2065 4655 elidi,
2108 4600 2367 4657 suamque
2400 4594 2631 4640 mentem
2678 4585 2796 4655 plus
2825 4584 3215 4654 objectionibus
3254 4596 3499 4636 commo-

1912 4690 2021 4735 tam
2043 4679 2229 4746 fuisse,
2251 4695 2408 4749 quam
2434 4679 2873 4748 responsionibus
2895 4678 3155 4731 sedatam.
3189 4676 3320 4731 item
3360 4688 3500 4728 eum-

211 4791 320 4831 ncs
350 4786 508 4832 erant
540 4776 747 4831 turbata
775 4790 1151 4845 componeres.
1184 4775 1476 4831 Recensito
1504 4786 1679 4831 autem
1710 4776 1813 4830 hoc
1843 4789 1895 4851 ι)
1917 4772 2062 4839 dem,
2090 4785 2215 4827 cum
2242 4770 2468 4841 alicujus
2496 4767 2877 4838 insuperabilis
2906 4766 3236 4822 difficultatis
3266 4766 3504 4836 pondere

211 4867 582 4923 Beatitudinis
640 4877 745 4923 tum
788 4867 967 4934 libro,
1007 4868 1145 4923 sicut
1204 4867 1294 4938 qui
1359 4877 1600 4923 sanctam
1652 4876 1813 4938 atque

212 4960 575 5031 apostolicam
605 4959 863 5015 doctrinas
906 4966 1013 5015 tuas
1034 4960 1407 5016 auctoritatem
1436 4970 1593 5017 antea
1624 4974 1814 5033 seque-

216 5056 447 5120 bantur,
478 5053 928 5124 intelligentiores
958 5056 1128 5111 multo
1158 5055 1647 5124 instructioresque
1691 5065 1817 5111 sunt

216 5148 377 5215 facti,
428 5149 499 5201 ita
528 5148 618 5218 qui
664 5148 1025 5219 persuasionis
1066 5162 1176 5204 sua;
1222 5148 1653 5219 impediebantur
1694 5149 1817 5205 obs-

218 5258 384 5310 curo,
428 5240 748 5308 aversiores,
791 5255 948 5309 quam
988 5240 1200 5295 fuerant
1238 5248 1598 5296 recesserunt.
1635 5255 1658 5292 ν
1692 5239 1819 5294 Haec

220 5337 339 5392 ille.
368 5334 923 5389 Audin‘Massilienses
967 5348 1074 5388 non
1108 5332 1409 5402 Augustino
1438 5332 1819 5387 obscuritatem

220 5428 531 5497 objecisse,
593 5427 687 5482 sed
749 5426 1046 5482 tarditatem
1101 5442 1251 5481 suam
1296 5425 1509 5496 culpare
1555 5424 1817 5494 maluisse,

222 5536 385 5591 quam
413 5535 516 5574 non
546 5518 805 5574 intellecta
832 5518 1241 5590 reprehendere?
1268 5516 1461 5572 Narrat
1481 5523 1659 5572 autem
1680 5528 1823 5571 non;

228 5612 413 5669 nullos
446 5612 755 5668 Iucidiorem
769 5612 1164 5682 expositionem
1192 5609 1513 5682 postulasse;
1546 5623 1653 5664 non
1677 5606 1821 5679 quod

228 5705 322 5760 illa
351 5718 476 5775 quae.
515 5704 847 5775 Augustinus
877 5711 1218 5771 astruxerat,
1249 5702 1475 5758 obscura
1504 5710 1687 5772 erant,
1730 5700 1830 5758 sed

231 5796 378 5868 quod
422 5796 612 5852 eadem
637 5797 835 5853 clarius
863 5796 931 5853 ad
959 5795 1201 5867 ipsorum
1229 5803 1444 5865 captum
1474 5793 1676 5865 exponi
1705 5807 1830 5864 per-

232 5892 521 5962 cptabant,
543 5906 663 5962 qua;
689 5900 868 5948 tamen
917 5892 1169 5948 acutioris
1192 5891 1389 5963 ingenii
1438 5890 1565 5946 viris
1595 5890 1726 5946 satis
1747 5904 1833 5947 es-

234 5995 357 6043 sent
386 5986 695 6044 manifesta:
717 5988 923 6045 Rursus
948 5988 1026 6043 ait
1048 5985 1265 6044 eosdem
1290 5993 1472 6057 postea
1498 6000 1603 6041 suae
1623 6000 1834 6054 persua-

1918 4876 2279 4938 ptemeretur,
2304 4865 2370 4919 ad
2410 4864 2499 4918 illa
2535 4864 2830 4931 Scriptum
2871 4860 3033 4915 verba
3074 4859 3422 4928 confugisse:
3460 4860 3505 4912 υ

1919 4960 2143 5014 altitudo
2193 4957 2489 5012 divitiarum
2538 4955 2804 5023 sapientia:
2849 4962 2896 5007 et
2942 4952 3169 5005 scientia:
3221 4950 3351 5004 Dei!
3395 4959 3503 5007 etc.

1922 5051 2102 5126 (Rom.
2128 5052 2226 5121 χι).
2246 5047 2513 5104 Praeterea
2538 5046 2701 5101 tradit
2723 5044 2918 5100 ibidem
2944 5042 3231 5098 inchoasse
3256 5040 3509 5110 Augusti-

1924 5160 2050 5201 num
2097 5139 2496 5199 Commentaria
2516 5139 2572 5194 in
2596 5136 2887 5208 Epistolam
2925 5133 3075 5189 Pauli
3116 5135 3180 5187 ad
3214 5134 3507 5199 Romanos,

1924 5236 2014 5291 ubi
2044 5232 2426 5305 Apostolusde
2466 5232 2725 5301 mysterio
2766 5226 3249 5297 praedestinationis
3292 5233 3505 5293 tractat,

1927 5328 2022 5384 sed
2052 5327 2130 5383 rei
2160 5325 2439 5381 altitudine
2479 5323 2791 5379 deterritum
2830 5335 2966 5390 opus
2990 5320 3363 5390 imperfectum
3396 5321 3513 5376 reli-

1928 5422 2130 5492 quisse.
2153 5420 2394 5476 Tandem
2423 5432 2546 5489 pag.
2579 5416 2685 5473 614-
2714 5414 3080 5470 difficultatem
3110 5428 3250 5469 verae
3297 5420 3355 5469 et
3392 5428 3516 5484 ger-

1924 5528 2103 5570 manae
2128 5512 2530 5584 Augustinianas
2550 5509 2830 5565 sententiae
2850 5508 3198 5579 assequendae
3227 5508 3351 5564 inde
3394 5520 3517 5577 pro—

1927 5606 2041 5674 bat,
2065 5606 2207 5677 quod
2250 5620 2355 5660 non
2396 5618 2501 5659 una
2526 5612 2610 5658 est
2632 5601 2876 5672 ejusdem
2905 5616 2971 5658 ac
3007 5610 3263 5659 constans
3301 5614 3516 5670 semper

1936 5700 2141 5771 Opinio,
2186 5699 2284 5754 sed
2321 5698 2552 5753 diversae
2579 5706 2738 5768 atque
2778 5706 3103 5769 pugnantes.
3150 5699 3268 5768 Ego
3290 5698 3512 5767 quidem

1932 5790 2340 5863 responsionem
2371 5772 2917 5863 paucisperstringo;
2965 5806 3138 5862 neque
3171 5792 3313 5846 enim
3364 5802 3520 5858 nego-

1934 5888 2068 5943 tium
2094 5885 2388 5942 adversarii
2410 5884 2624 5956 objecta
2655 5885 2808 5941 nobis
2838 5885 3131 5942 facessunt.
3157 5885 3415 5940 Gallicani
3443 5882 3518 5937 illi

1940 5981 2199 6038 tumultus
2228 5995 2333 6037 non
2357 5979 2482 6037 inde
2513 5980 2617 6036 orti
2650 5990 2794 6051 sunt,
2827 5980 2968 6051 quod
3009 5981 3232 6035 obscura
3263 5978 3344 6033 vel
3386 5977 3523 6033 ditii-
