  <div class='ocr_page' id='page_1' title='image "/cluster/home/n/w/nwhite01/storage/ocr_20150623/47/hvd.32044015471527/297.png"; bbox 0 0 3974 6356; ppageno 0'>
   <div class='ocr_carea' id='block_1_1' title="bbox 567 348 678 409">
    <p class='ocr_par' dir='ltr' id='par_1_1' title="bbox 567 348 678 409">
     <span class='ocr_line' id='line_1_1' title="bbox 567 348 678 409; baseline -0.018 -1"><span class='ocrx_word' id='word_1_1' title='bbox 567 348 678 409; x_wconf 76' lang='lat'><strong>585</strong></span> 
     </span>
    </p>
   </div>
   <div class='ocr_carea' id='block_1_2' title="bbox 1457 333 3780 399">
    <p class='ocr_par' dir='ltr' id='par_1_2' title="bbox 1457 333 3780 399">
     <span class='ocr_line' id='line_1_2' title="bbox 1457 333 3780 399; baseline 0.002 -5"><span class='ocrx_word' id='word_1_2' title='bbox 1457 336 2021 396; x_wconf 80' lang='lat' dir='ltr'><strong>SUPPLEMENTUM</strong></span> <span class='ocrx_word' id='word_1_3' title='bbox 2062 337 2154 395; x_wconf 86' lang='lat' dir='ltr'><strong>AD</strong></span> <span class='ocrx_word' id='word_1_4' title='bbox 2191 335 2425 396; x_wconf 84' lang='lat' dir='ltr'><strong>OPERA</strong></span> <span class='ocrx_word' id='word_1_5' title='bbox 2464 336 2522 394; x_wconf 92' lang='lat' dir='ltr'><strong>S.</strong></span> <span class='ocrx_word' id='word_1_6' title='bbox 2563 333 2958 396; x_wconf 81' lang='lat' dir='ltr'><strong>AUGUSTINI.</strong></span> <span class='ocrx_word' id='word_1_7' title='bbox 3703 341 3780 399; x_wconf 65' lang='grc' dir='ltr'><strong>εει</strong></span> 
     </span>
    </p>
   </div>
   <div class='ocr_carea' id='block_1_3' title="bbox 566 441 3785 529">
    <p class='ocr_par' dir='ltr' id='par_1_3' title="bbox 566 441 3785 529">
     <span class='ocr_line' id='line_1_3' title="bbox 566 441 3785 529; baseline -0.001 -11"><span class='ocrx_word' id='word_1_8' title='bbox 566 465 688 518; x_wconf 92' lang='lat' dir='ltr'><strong>cilis</strong></span> <span class='ocrx_word' id='word_1_9' title='bbox 736 462 1010 517; x_wconf 86' lang='lat' dir='ltr'><strong>intellectu</strong></span> <span class='ocrx_word' id='word_1_10' title='bbox 1058 456 1340 529; x_wconf 85' lang='lat' dir='ltr'><strong>Augustini</strong></span> <span class='ocrx_word' id='word_1_11' title='bbox 1391 457 1655 511; x_wconf 87' lang='lat' dir='ltr'><strong>sententia</strong></span> <span class='ocrx_word' id='word_1_12' title='bbox 1708 457 2022 524; x_wconf 85' lang='lat' dir='ltr'><strong>habebatur,</strong></span> <span class='ocrx_word' id='word_1_13' title='bbox 2054 457 2147 514; x_wconf 92' lang='lat' dir='ltr'><strong>sed</strong></span> <span class='ocrx_word' id='word_1_14' title='bbox 2179 460 2234 521; x_wconf 79' lang='grc' dir='ltr'><strong>Α</strong></span> <span class='ocrx_word' id='word_1_15' title='bbox 2260 456 2486 513; x_wconf 89' lang='lat' dir='ltr'><strong>rissimis</strong></span> <span class='ocrx_word' id='word_1_16' title='bbox 2528 457 2679 512; x_wconf 86' lang='lat' dir='ltr'><strong>libris</strong></span> <span class='ocrx_word' id='word_1_17' title='bbox 2727 456 2795 511; x_wconf 86' lang='lat' dir='ltr'><strong>de</strong></span> <span class='ocrx_word' id='word_1_18' title='bbox 2824 450 3303 510; x_wconf 85' lang='lat' dir='ltr'><strong>Pradestinatione</strong></span> <span class='ocrx_word' id='word_1_19' title='bbox 3351 441 3645 510; x_wconf 82' lang='lat' dir='ltr'><strong>sanctorum</strong></span> <span class='ocrx_word' id='word_1_20' title='bbox 3671 463 3785 519; x_wconf 81' lang='lat' dir='ltr'><strong>etde</strong></span> 
     </span>
    </p>
   </div>
   <div class='ocr_carea' id='block_1_4' title="bbox 567 552 2159 627">
    <p class='ocr_par' dir='ltr' id='par_1_4' title="bbox 567 552 2159 627">
     <span class='ocr_line' id='line_1_4' title="bbox 567 552 2159 627; baseline 0.001 -18"><span class='ocrx_word' id='word_1_21' title='bbox 567 557 708 625; x_wconf 88' lang='lat' dir='ltr'><strong>quod</strong></span> <span class='ocrx_word' id='word_1_22' title='bbox 751 556 988 625; x_wconf 80' lang='lat' dir='ltr'><strong>plerique</strong></span> <span class='ocrx_word' id='word_1_23' title='bbox 1037 552 1282 607; x_wconf 96' lang='lat' dir='ltr'><strong>eamdem</strong></span> <span class='ocrx_word' id='word_1_24' title='bbox 1331 555 1654 611; x_wconf 90' lang='lat' dir='ltr'><strong>sententiam</strong></span> <span class='ocrx_word' id='word_1_25' title='bbox 1706 557 1876 627; x_wconf 88' lang='lat' dir='ltr'><strong>probe</strong></span> <span class='ocrx_word' id='word_1_26' title='bbox 1910 558 1978 612; x_wconf 91' lang='lat' dir='ltr'><strong>ab</strong></span> <span class='ocrx_word' id='word_1_27' title='bbox 2029 557 2159 627; x_wconf 85' lang='lat' dir='ltr'><strong>ipsis</strong></span> 
     </span>
    </p>
   </div>
   <div class='ocr_carea' id='block_1_5' title="bbox 568 647 2157 719">
    <p class='ocr_par' dir='ltr' id='par_1_5' title="bbox 568 647 2157 719">
     <span class='ocr_line' id='line_1_5' title="bbox 568 647 2157 719; baseline 0.002 -18"><span class='ocrx_word' id='word_1_28' title='bbox 568 649 895 702; x_wconf 80' lang='lat' dir='ltr'><strong>intellectam</strong></span> <span class='ocrx_word' id='word_1_29' title='bbox 917 647 1241 701; x_wconf 82' lang='lat' dir='ltr'><strong>contrariam</strong></span> <span class='ocrx_word' id='word_1_30' title='bbox 1274 649 1532 715; x_wconf 78' lang='lat' dir='ltr'><strong>putabant</strong></span> <span class='ocrx_word' id='word_1_31' title='bbox 1563 650 1907 719; x_wconf 87' lang='lat' dir='ltr'><strong>antiquorum</strong></span> <span class='ocrx_word' id='word_1_32' title='bbox 1938 649 2157 704; x_wconf 86' lang='lat' dir='ltr'><strong>Patrum</strong></span> 
     </span>
    </p>
   </div>
   <div class='ocr_carea' id='block_1_6' title="bbox 563 741 2161 814">
    <p class='ocr_par' dir='ltr' id='par_1_6' title="bbox 563 741 2161 814">
     <span class='ocr_line' id='line_1_6' title="bbox 563 741 2161 814; baseline 0 -17"><span class='ocrx_word' id='word_1_33' title='bbox 563 742 1004 806; x_wconf 84' lang='lat' dir='ltr'><strong>definitionibus,</strong></span> <span class='ocrx_word' id='word_1_34' title='bbox 1060 749 1197 797; x_wconf 90' lang='lat' dir='ltr'><strong>teste</strong></span> <span class='ocrx_word' id='word_1_35' title='bbox 1242 741 1514 813; x_wconf 87' lang='lat' dir='ltr'><strong>Prospero</strong></span> <span class='ocrx_word' id='word_1_36' title='bbox 1563 744 1617 798; x_wconf 91' lang='lat' dir='ltr'><strong>in</strong></span> <span class='ocrx_word' id='word_1_37' title='bbox 1670 744 1898 814; x_wconf 88' lang='lat' dir='ltr'><strong>epistola</strong></span> <span class='ocrx_word' id='word_1_38' title='bbox 1943 742 2010 798; x_wconf 90' lang='lat' dir='ltr'><strong>ad</strong></span> <span class='ocrx_word' id='word_1_39' title='bbox 2060 746 2161 798; x_wconf 89' lang='lat' dir='ltr'><strong>Au-</strong></span> 
     </span>
    </p>
   </div>
   <div class='ocr_carea' id='block_1_7' title="bbox 562 833 2158 907">
    <p class='ocr_par' dir='ltr' id='par_1_7' title="bbox 562 833 2158 907">
     <span class='ocr_line' id='line_1_7' title="bbox 562 833 2158 907; baseline 0.002 -20"><span class='ocrx_word' id='word_1_40' title='bbox 562 835 854 904; x_wconf 82' lang='lat' dir='ltr'><strong>gustinum.</strong></span> <span class='ocrx_word' id='word_1_41' title='bbox 883 833 996 890; x_wconf 88' lang='lat' dir='ltr'><strong>Duo</strong></span> <span class='ocrx_word' id='word_1_42' title='bbox 1017 835 1160 890; x_wconf 90' lang='lat' dir='ltr'><strong>enim</strong></span> <span class='ocrx_word' id='word_1_43' title='bbox 1193 835 1280 889; x_wconf 82' lang='lat' dir='ltr'><strong>hic</strong></span> <span class='ocrx_word' id='word_1_44' title='bbox 1303 834 1680 907; x_wconf 88' lang='lat' dir='ltr'><strong>distinguenda</strong></span> <span class='ocrx_word' id='word_1_45' title='bbox 1715 847 1877 892; x_wconf 90' lang='lat' dir='ltr'><strong>sunt:</strong></span> <span class='ocrx_word' id='word_1_46' title='bbox 1908 835 1994 890; x_wconf 91' lang='lat' dir='ltr'><strong>vel</strong></span> <span class='ocrx_word' id='word_1_47' title='bbox 2014 837 2158 890; x_wconf 90' lang='lat' dir='ltr'><strong>enim</strong></span> 
     </span>
    </p>
   </div>
   <div class='ocr_carea' id='block_1_8' title="bbox 563 922 2157 998">
    <p class='ocr_par' dir='ltr' id='par_1_8' title="bbox 563 922 2157 998">
     <span class='ocr_line' id='line_1_8' title="bbox 563 922 2157 998; baseline 0.001 -19"><span class='ocrx_word' id='word_1_48' title='bbox 563 922 800 980; x_wconf 87' lang='lat' dir='ltr'><strong>difﬁcilis</strong></span> <span class='ocrx_word' id='word_1_49' title='bbox 829 925 1089 981; x_wconf 89' lang='lat' dir='ltr'><strong>asseritur</strong></span> <span class='ocrx_word' id='word_1_50' title='bbox 1121 927 1402 996; x_wconf 80' lang='lat' dir='ltr'><strong>Augustini</strong></span> <span class='ocrx_word' id='word_1_51' title='bbox 1429 930 1717 998; x_wconf 81' lang='lat' dir='ltr'><strong>sententia,</strong></span> <span class='ocrx_word' id='word_1_52' title='bbox 1767 927 1909 998; x_wconf 84' lang='lat' dir='ltr'><strong>quod</strong></span> <span class='ocrx_word' id='word_1_53' title='bbox 1938 927 2157 998; x_wconf 77' lang='lat' dir='ltr'><strong>intelligi</strong></span> 
     </span>
    </p>
   </div>
   <div class='ocr_carea' id='block_1_9' title="bbox 563 1019 2157 1091">
    <p class='ocr_par' dir='ltr' id='par_1_9' title="bbox 563 1019 2157 1091">
     <span class='ocr_line' id='line_1_9' title="bbox 563 1019 2157 1091; baseline 0.002 -19"><span class='ocrx_word' id='word_1_54' title='bbox 563 1033 670 1074; x_wconf 88' lang='lat' dir='ltr'><strong>non</strong></span> <span class='ocrx_word' id='word_1_55' title='bbox 693 1019 796 1074; x_wconf 89' lang='lat' dir='ltr'><strong>nisi</strong></span> <span class='ocrx_word' id='word_1_56' title='bbox 835 1019 1123 1076; x_wconf 88' lang='lat' dir='ltr'><strong>difﬁculter</strong></span> <span class='ocrx_word' id='word_1_57' title='bbox 1146 1022 1336 1090; x_wconf 85' lang='lat' dir='ltr'><strong>possit,</strong></span> <span class='ocrx_word' id='word_1_58' title='bbox 1364 1022 1448 1077; x_wconf 86' lang='lat' dir='ltr'><strong>vel</strong></span> <span class='ocrx_word' id='word_1_59' title='bbox 1478 1024 1616 1091; x_wconf 90' lang='lat' dir='ltr'><strong>quod</strong></span> <span class='ocrx_word' id='word_1_60' title='bbox 1641 1023 1767 1078; x_wconf 89' lang='lat' dir='ltr'><strong>licet</strong></span> <span class='ocrx_word' id='word_1_61' title='bbox 1812 1031 1958 1076; x_wconf 90' lang='lat' dir='ltr'><strong>recte</strong></span> <span class='ocrx_word' id='word_1_62' title='bbox 1979 1019 2157 1090; x_wconf 90' lang='lat' dir='ltr'><strong>perci-</strong></span> 
     </span>
    </p>
   </div>
   <div class='ocr_carea' id='block_1_10' title="bbox 561 1110 2159 1180">
    <p class='ocr_par' dir='ltr' id='par_1_10' title="bbox 561 1110 2159 1180">
     <span class='ocr_line' id='line_1_10' title="bbox 561 1110 2159 1180; baseline 0.002 -15"><span class='ocrx_word' id='word_1_63' title='bbox 561 1110 760 1180; x_wconf 83' lang='lat' dir='ltr'><strong>piatur,</strong></span> <span class='ocrx_word' id='word_1_64' title='bbox 809 1112 1044 1166; x_wconf 88' lang='lat' dir='ltr'><strong>humano</strong></span> <span class='ocrx_word' id='word_1_65' title='bbox 1098 1112 1391 1168; x_wconf 87' lang='lat' dir='ltr'><strong>intellectui</strong></span> <span class='ocrx_word' id='word_1_66' title='bbox 1438 1113 1620 1169; x_wconf 89' lang='lat' dir='ltr'><strong>durior</strong></span> <span class='ocrx_word' id='word_1_67' title='bbox 1666 1113 1950 1178; x_wconf 87' lang='lat' dir='ltr'><strong>videatur,</strong></span> <span class='ocrx_word' id='word_1_68' title='bbox 2004 1113 2159 1168; x_wconf 81' lang='lat' dir='ltr'><strong>cuive</strong></span> 
     </span>
    </p>
   </div>
   <div class='ocr_carea' id='block_1_11' title="bbox 561 1199 2159 1275">
    <p class='ocr_par' dir='ltr' id='par_1_11' title="bbox 561 1199 2159 1275">
     <span class='ocr_line' id='line_1_11' title="bbox 561 1199 2159 1275; baseline 0.003 -19"><span class='ocrx_word' id='word_1_69' title='bbox 561 1217 669 1256; x_wconf 90' lang='lat' dir='ltr'><strong>non</strong></span> <span class='ocrx_word' id='word_1_70' title='bbox 717 1201 790 1256; x_wconf 90' lang='lat' dir='ltr'><strong>ita</strong></span> <span class='ocrx_word' id='word_1_71' title='bbox 831 1199 1006 1257; x_wconf 83' lang='lat' dir='ltr'><strong>facilis</strong></span> <span class='ocrx_word' id='word_1_72' title='bbox 1050 1218 1308 1258; x_wconf 83' lang='lat' dir='ltr'><strong>assensus</strong></span> <span class='ocrx_word' id='word_1_73' title='bbox 1353 1205 1680 1275; x_wconf 87' lang='lat' dir='ltr'><strong>prabeatur.</strong></span> <span class='ocrx_word' id='word_1_74' title='bbox 1737 1205 1973 1259; x_wconf 89' lang='lat' dir='ltr'><strong>Primum</strong></span> <span class='ocrx_word' id='word_1_75' title='bbox 2027 1219 2159 1261; x_wconf 84' lang='lat' dir='ltr'><strong>sane</strong></span> 
     </span>
    </p>
   </div>
   <div class='ocr_carea' id='block_1_12' title="bbox 561 1293 2158 1366">
    <p class='ocr_par' dir='ltr' id='par_1_12' title="bbox 561 1293 2158 1366">
     <span class='ocr_line' id='line_1_12' title="bbox 561 1293 2158 1366; baseline 0.003 -20"><span class='ocrx_word' id='word_1_76' title='bbox 561 1293 755 1347; x_wconf 88' lang='lat' dir='ltr'><strong>falsum</strong></span> <span class='ocrx_word' id='word_1_77' title='bbox 787 1302 892 1360; x_wconf 90' lang='lat' dir='ltr'><strong>est,</strong></span> <span class='ocrx_word' id='word_1_78' title='bbox 917 1309 1037 1348; x_wconf 89' lang='lat' dir='ltr'><strong>nam</strong></span> <span class='ocrx_word' id='word_1_79' title='bbox 1065 1296 1429 1352; x_wconf 84' lang='lat' dir='ltr'><strong>Massilienses</strong></span> <span class='ocrx_word' id='word_1_80' title='bbox 1477 1295 1677 1366; x_wconf 90' lang='lat' dir='ltr'><strong>optime</strong></span> <span class='ocrx_word' id='word_1_81' title='bbox 1709 1296 2158 1366; x_wconf 83' lang='lat' dir='ltr'><strong>Augustinianam</strong></span> 
     </span>
    </p>
   </div>
   <div class='ocr_carea' id='block_1_13' title="bbox 563 1386 2159 1459">
    <p class='ocr_par' dir='ltr' id='par_1_13' title="bbox 563 1386 2159 1459">
     <span class='ocr_line' id='line_1_13' title="bbox 563 1386 2159 1459; baseline 0.004 -19"><span class='ocrx_word' id='word_1_82' title='bbox 563 1386 885 1441; x_wconf 86' lang='lat' dir='ltr'><strong>sententiam</strong></span> <span class='ocrx_word' id='word_1_83' title='bbox 919 1387 986 1442; x_wconf 87' lang='lat' dir='ltr'><strong>de</strong></span> <span class='ocrx_word' id='word_1_84' title='bbox 1014 1388 1185 1459; x_wconf 83' lang='lat' dir='ltr'><strong>gratia</strong></span> <span class='ocrx_word' id='word_1_85' title='bbox 1207 1388 1397 1442; x_wconf 88' lang='lat' dir='ltr'><strong>Adami</strong></span> <span class='ocrx_word' id='word_1_86' title='bbox 1425 1398 1480 1443; x_wconf 92' lang='lat' dir='ltr'><strong>et</strong></span> <span class='ocrx_word' id='word_1_87' title='bbox 1503 1389 1695 1444; x_wconf 82' lang='lat' dir='ltr'><strong>stantis</strong></span> <span class='ocrx_word' id='word_1_88' title='bbox 1717 1399 1773 1443; x_wconf 91' lang='lat' dir='ltr'><strong>et</strong></span> <span class='ocrx_word' id='word_1_89' title='bbox 1799 1390 2058 1458; x_wconf 86' lang='lat' dir='ltr'><strong>reparati,</strong></span> <span class='ocrx_word' id='word_1_90' title='bbox 2090 1391 2159 1446; x_wconf 92' lang='lat' dir='ltr'><strong>de</strong></span> 
     </span>
    </p>
   </div>
   <div class='ocr_carea' id='block_1_14' title="bbox 562 1480 2157 1550">
    <p class='ocr_par' dir='ltr' id='par_1_14' title="bbox 562 1480 2157 1550">
     <span class='ocr_line' id='line_1_14' title="bbox 562 1480 2157 1550; baseline 0.003 -18"><span class='ocrx_word' id='word_1_91' title='bbox 562 1480 1042 1548; x_wconf 79' lang='lat' dir='ltr'><strong>pradestinatione</strong></span> <span class='ocrx_word' id='word_1_92' title='bbox 1068 1483 1389 1550; x_wconf 83' lang='lat' dir='ltr'><strong>electorum,</strong></span> <span class='ocrx_word' id='word_1_93' title='bbox 1427 1483 1496 1538; x_wconf 91' lang='lat' dir='ltr'><strong>de</strong></span> <span class='ocrx_word' id='word_1_94' title='bbox 1521 1483 1834 1537; x_wconf 91' lang='lat' dir='ltr'><strong>eorumdem</strong></span> <span class='ocrx_word' id='word_1_95' title='bbox 1863 1491 2014 1538; x_wconf 90' lang='lat' dir='ltr'><strong>certo</strong></span> <span class='ocrx_word' id='word_1_96' title='bbox 2059 1498 2157 1536; x_wconf 87' lang='lat' dir='ltr'><strong>nu-</strong></span> 
     </span>
    </p>
   </div>
   <div class='ocr_carea' id='block_1_15' title="bbox 563 1572 2158 1642">
    <p class='ocr_par' dir='ltr' id='par_1_15' title="bbox 563 1572 2158 1642">
     <span class='ocr_line' id='line_1_15' title="bbox 563 1572 2158 1642; baseline 0.001 -16"><span class='ocrx_word' id='word_1_97' title='bbox 563 1585 735 1638; x_wconf 88' lang='lat' dir='ltr'><strong>mero,</strong></span> <span class='ocrx_word' id='word_1_98' title='bbox 759 1572 827 1627; x_wconf 89' lang='lat' dir='ltr'><strong>de</strong></span> <span class='ocrx_word' id='word_1_99' title='bbox 849 1573 989 1628; x_wconf 91' lang='lat' dir='ltr'><strong>dono</strong></span> <span class='ocrx_word' id='word_1_100' title='bbox 1011 1574 1428 1642; x_wconf 72' lang='lat' dir='ltr'><strong>perseverantia</strong></span> <span class='ocrx_word' id='word_1_101' title='bbox 1458 1574 1690 1628; x_wconf 89' lang='lat' dir='ltr'><strong>assecuti</strong></span> <span class='ocrx_word' id='word_1_102' title='bbox 1721 1582 1864 1638; x_wconf 91' lang='lat' dir='ltr'><strong>sunt,</strong></span> <span class='ocrx_word' id='word_1_103' title='bbox 1891 1582 1948 1627; x_wconf 93' lang='lat' dir='ltr'><strong>ut</strong></span> <span class='ocrx_word' id='word_1_104' title='bbox 1980 1573 2158 1641; x_wconf 86' lang='lat' dir='ltr'><strong>palam</strong></span> 
     </span>
    </p>
   </div>
   <div class='ocr_carea' id='block_1_16' title="bbox 560 1663 2161 1735">
    <p class='ocr_par' dir='ltr' id='par_1_16' title="bbox 560 1663 2161 1735">
     <span class='ocr_line' id='line_1_16' title="bbox 560 1663 2161 1735; baseline 0.001 -18"><span class='ocrx_word' id='word_1_105' title='bbox 560 1663 622 1717; x_wconf 78' lang='lat' dir='ltr'><strong>fit</strong></span> <span class='ocrx_word' id='word_1_106' title='bbox 641 1679 706 1718; x_wconf 85' lang='lat' dir='ltr'><strong>ex</strong></span> <span class='ocrx_word' id='word_1_107' title='bbox 733 1663 921 1718; x_wconf 87' lang='lat' dir='ltr'><strong>litteris</strong></span> <span class='ocrx_word' id='word_1_108' title='bbox 947 1663 1199 1733; x_wconf 87' lang='lat' dir='ltr'><strong>Prosperi</strong></span> <span class='ocrx_word' id='word_1_109' title='bbox 1224 1678 1277 1719; x_wconf 90' lang='lat' dir='ltr'><strong>et</strong></span> <span class='ocrx_word' id='word_1_110' title='bbox 1310 1664 1520 1731; x_wconf 85' lang='lat' dir='ltr'><strong>Hilarii,</strong></span> <span class='ocrx_word' id='word_1_111' title='bbox 1557 1666 1648 1735; x_wconf 90' lang='lat' dir='ltr'><strong>qui</strong></span> <span class='ocrx_word' id='word_1_112' title='bbox 1676 1664 1858 1720; x_wconf 81' lang='lat' dir='ltr'><strong>itidem</strong></span> <span class='ocrx_word' id='word_1_113' title='bbox 1887 1679 2008 1719; x_wconf 90' lang='lat' dir='ltr'><strong>cum</strong></span> <span class='ocrx_word' id='word_1_114' title='bbox 2038 1664 2161 1720; x_wconf 89' lang='lat' dir='ltr'><strong>aliis</strong></span> 
     </span>
    </p>
   </div>
   <div class='ocr_carea' id='block_1_17' title="bbox 562 1757 2162 1828">
    <p class='ocr_par' dir='ltr' id='par_1_17' title="bbox 562 1757 2162 1828">
     <span class='ocr_line' id='line_1_17' title="bbox 562 1757 2162 1828; baseline 0.004 -20"><span class='ocrx_word' id='word_1_115' title='bbox 562 1771 750 1810; x_wconf 92' lang='lat' dir='ltr'><strong>verum</strong></span> <span class='ocrx_word' id='word_1_116' title='bbox 798 1757 1080 1825; x_wconf 77' lang='lat' dir='ltr'><strong>Augustini</strong></span> <span class='ocrx_word' id='word_1_117' title='bbox 1112 1772 1332 1812; x_wconf 89' lang='lat' dir='ltr'><strong>sensum</strong></span> <span class='ocrx_word' id='word_1_118' title='bbox 1367 1767 1695 1825; x_wconf 87' lang='lat' dir='ltr'><strong>tenuerunt,</strong></span> <span class='ocrx_word' id='word_1_119' title='bbox 1731 1775 1890 1828; x_wconf 87' lang='lat' dir='ltr'><strong>quem</strong></span> <span class='ocrx_word' id='word_1_120' title='bbox 1941 1760 1984 1813; x_wconf 90' lang='lat' dir='ltr'><strong>si</strong></span> <span class='ocrx_word' id='word_1_121' title='bbox 2036 1775 2162 1815; x_wconf 84' lang='lat' dir='ltr'><strong>non-</strong></span> 
     </span>
    </p>
   </div>
   <div class='ocr_carea' id='block_1_18' title="bbox 2265 545 3789 620">
    <p class='ocr_par' dir='ltr' id='par_1_18' title="bbox 2265 545 3789 620">
     <span class='ocr_line' id='line_1_18' title="bbox 2265 545 3789 620; baseline -0.005 -15"><span class='ocrx_word' id='word_1_122' title='bbox 2265 549 2417 606; x_wconf 86' lang='lat' dir='ltr'><strong>Dono</strong></span> <span class='ocrx_word' id='word_1_123' title='bbox 2476 549 2892 620; x_wconf 89' lang='lat' dir='ltr'><strong>perseverantia</strong></span> <span class='ocrx_word' id='word_1_124' title='bbox 2943 557 3100 602; x_wconf 88' lang='lat' dir='ltr'><strong>natos</strong></span> <span class='ocrx_word' id='word_1_125' title='bbox 3150 545 3348 602; x_wconf 89' lang='lat' dir='ltr'><strong>ibidem</strong></span> <span class='ocrx_word' id='word_1_126' title='bbox 3403 549 3645 604; x_wconf 89' lang='lat' dir='ltr'><strong>tumultus</strong></span> <span class='ocrx_word' id='word_1_127' title='bbox 3671 559 3789 610; x_wconf 81' lang='lat' dir='ltr'><strong>com.</strong></span> 
     </span>
    </p>
   </div>
   <div class='ocr_carea' id='block_1_19' title="bbox 2263 639 3786 716">
    <p class='ocr_par' dir='ltr' id='par_1_19' title="bbox 2263 639 3786 716">
     <span class='ocr_line' id='line_1_19' title="bbox 2263 639 3786 716; baseline -0.004 -16"><span class='ocrx_word' id='word_1_128' title='bbox 2263 653 2531 716; x_wconf 89' lang='lat' dir='ltr'><strong>pesceret.</strong></span> <span class='ocrx_word' id='word_1_129' title='bbox 2564 643 2697 699; x_wconf 86' lang='lat' dir='ltr'><strong>Cum</strong></span> <span class='ocrx_word' id='word_1_130' title='bbox 2729 641 3066 713; x_wconf 84' lang='lat' dir='ltr'><strong>Augustinus</strong></span> <span class='ocrx_word' id='word_1_131' title='bbox 3106 639 3175 694; x_wconf 93' lang='lat' dir='ltr'><strong>de</strong></span> <span class='ocrx_word' id='word_1_132' title='bbox 3204 639 3356 694; x_wconf 92' lang='lat' dir='ltr'><strong>initio</strong></span> <span class='ocrx_word' id='word_1_133' title='bbox 3389 639 3508 694; x_wconf 89' lang='lat' dir='ltr'><strong>ﬁdei</strong></span> <span class='ocrx_word' id='word_1_134' title='bbox 3539 651 3676 713; x_wconf 83' lang='lat' dir='ltr'><strong>atque</strong></span> <span class='ocrx_word' id='word_1_135' title='bbox 3701 661 3786 714; x_wconf 73' lang='lat' dir='ltr'><strong>per.</strong></span> 
     </span>
    </p>
   </div>
   <div class='ocr_carea' id='block_1_20' title="bbox 2261 733 3791 808">
    <p class='ocr_par' dir='ltr' id='par_1_20' title="bbox 2261 733 3791 808">
     <span class='ocr_line' id='line_1_20' title="bbox 2261 733 3791 808; baseline -0.003 -12"><span class='ocrx_word' id='word_1_136' title='bbox 2261 739 2581 796; x_wconf 86' lang='lat' dir='ltr'><strong>severantia</strong></span> <span class='ocrx_word' id='word_1_137' title='bbox 2611 737 2756 792; x_wconf 87' lang='lat' dir='ltr'><strong>dono</strong></span> <span class='ocrx_word' id='word_1_138' title='bbox 2799 751 2861 792; x_wconf 89' lang='lat' dir='ltr'><strong>ea</strong></span> <span class='ocrx_word' id='word_1_139' title='bbox 2887 733 3134 791; x_wconf 90' lang='lat' dir='ltr'><strong>docuerit</strong></span> <span class='ocrx_word' id='word_1_140' title='bbox 3163 749 3280 804; x_wconf 90' lang='lat' dir='ltr'><strong>qua</strong></span> <span class='ocrx_word' id='word_1_141' title='bbox 3312 734 3585 789; x_wconf 90' lang='lat' dir='ltr'><strong>verissima</strong></span> <span class='ocrx_word' id='word_1_142' title='bbox 3614 749 3731 808; x_wconf 88' lang='lat' dir='ltr'><strong>sunt,</strong></span> <span class='ocrx_word' id='word_1_143' title='bbox 3757 752 3791 798; x_wconf 85' lang='lat' dir='ltr'><strong>el</strong></span> 
     </span>
    </p>
   </div>
   <div class='ocr_carea' id='block_1_21' title="bbox 2263 828 3790 899">
    <p class='ocr_par' dir='ltr' id='par_1_21' title="bbox 2263 828 3790 899">
     <span class='ocr_line' id='line_1_21' title="bbox 2263 828 3790 899; baseline -0.001 -13"><span class='ocrx_word' id='word_1_144' title='bbox 2263 830 2455 887; x_wconf 87' lang='lat' dir='ltr'><strong>eadem</strong></span> <span class='ocrx_word' id='word_1_145' title='bbox 2505 830 2560 884; x_wconf 86' lang='lat' dir='ltr'><strong>in</strong></span> <span class='ocrx_word' id='word_1_146' title='bbox 2614 828 2947 899; x_wconf 83' lang='lat' dir='ltr'><strong>synodorum</strong></span> <span class='ocrx_word' id='word_1_147' title='bbox 3001 833 3186 895; x_wconf 89' lang='lat' dir='ltr'><strong>postea</strong></span> <span class='ocrx_word' id='word_1_148' title='bbox 3244 839 3481 881; x_wconf 86' lang='lat' dir='ltr'><strong>canones</strong></span> <span class='ocrx_word' id='word_1_149' title='bbox 3525 830 3790 896; x_wconf 85' lang='lat' dir='ltr'><strong>transierint,</strong></span> 
     </span>
    </p>
   </div>
   <div class='ocr_carea' id='block_1_22' title="bbox 2262 917 3792 993">
    <p class='ocr_par' dir='ltr' id='par_1_22' title="bbox 2262 917 3792 993">
     <span class='ocr_line' id='line_1_22' title="bbox 2262 917 3792 993; baseline 0.001 -17"><span class='ocrx_word' id='word_1_150' title='bbox 2262 920 2576 986; x_wconf 89' lang='lat' dir='ltr'><strong>Cassianus,</strong></span> <span class='ocrx_word' id='word_1_151' title='bbox 2634 920 2888 984; x_wconf 84' lang='lat' dir='ltr'><strong>Faustus,</strong></span> <span class='ocrx_word' id='word_1_152' title='bbox 2947 918 3183 974; x_wconf 90' lang='lat' dir='ltr'><strong>Hilarius</strong></span> <span class='ocrx_word' id='word_1_153' title='bbox 3233 917 3590 985; x_wconf 85' lang='lat' dir='ltr'><strong>Arelatensis,</strong></span> <span class='ocrx_word' id='word_1_154' title='bbox 3649 923 3792 993; x_wconf 84' lang='lat' dir='ltr'><strong>aliique</strong></span> 
     </span>
    </p>
   </div>
   <div class='ocr_carea' id='block_1_23' title="bbox 2263 1009 3793 1082">
    <p class='ocr_par' dir='ltr' id='par_1_23' title="bbox 2263 1009 3793 1082">
     <span class='ocr_line' id='line_1_23' title="bbox 2263 1009 3793 1082; baseline 0.001 -14"><span class='ocrx_word' id='word_1_155' title='bbox 2263 1011 2696 1082; x_wconf 86' lang='lat' dir='ltr'><strong>reprehendendi</strong></span> <span class='ocrx_word' id='word_1_156' title='bbox 2745 1019 2894 1077; x_wconf 90' lang='lat' dir='ltr'><strong>sunt,</strong></span> <span class='ocrx_word' id='word_1_157' title='bbox 2952 1009 3044 1080; x_wconf 87' lang='lat' dir='ltr'><strong>qui</strong></span> <span class='ocrx_word' id='word_1_158' title='bbox 3095 1009 3400 1080; x_wconf 82' lang='lat' dir='ltr'><strong>Augustino</strong></span> <span class='ocrx_word' id='word_1_159' title='bbox 3428 1012 3793 1070; x_wconf 82' lang='lat' dir='ltr'><strong>contradicentes</strong></span> 
     </span>
    </p>
   </div>
   <div class='ocr_carea' id='block_1_24' title="bbox 2263 1101 3792 1172">
    <p class='ocr_par' dir='ltr' id='par_1_24' title="bbox 2263 1101 3792 1172">
     <span class='ocr_line' id='line_1_24' title="bbox 2263 1101 3792 1172; baseline 0.001 -12"><span class='ocrx_word' id='word_1_160' title='bbox 2263 1119 2545 1161; x_wconf 89' lang='lat' dir='ltr'><strong>erroneam</strong></span> <span class='ocrx_word' id='word_1_161' title='bbox 2576 1103 2880 1160; x_wconf 88' lang='lat' dir='ltr'><strong>doctrinam</strong></span> <span class='ocrx_word' id='word_1_162' title='bbox 2908 1101 3247 1157; x_wconf 90' lang='lat' dir='ltr'><strong>defendendo</strong></span> <span class='ocrx_word' id='word_1_163' title='bbox 3270 1143 3283 1166; x_wconf 94' lang='lat'><strong>,</strong></span> <span class='ocrx_word' id='word_1_164' title='bbox 3310 1101 3643 1172; x_wconf 84' lang='lat' dir='ltr'><strong>gravissimas</strong></span> <span class='ocrx_word' id='word_1_165' title='bbox 3659 1105 3792 1161; x_wconf 74' lang='lat' dir='ltr'><strong>Gallice</strong></span> 
     </span>
    </p>
   </div>
   <div class='ocr_carea' id='block_1_25' title="bbox 2263 1195 3792 1269">
    <p class='ocr_par' dir='ltr' id='par_1_25' title="bbox 2263 1195 3792 1269">
     <span class='ocr_line' id='line_1_25' title="bbox 2263 1195 3792 1269; baseline -0.001 -15"><span class='ocrx_word' id='word_1_166' title='bbox 2263 1200 2451 1254; x_wconf 87' lang='lat' dir='ltr'><strong>turbas</strong></span> <span class='ocrx_word' id='word_1_167' title='bbox 2483 1212 2765 1269; x_wconf 89' lang='lat' dir='ltr'><strong>peperere.</strong></span> <span class='ocrx_word' id='word_1_168' title='bbox 2799 1196 2878 1250; x_wconf 84' lang='lat' dir='ltr'><strong>Ex</strong></span> <span class='ocrx_word' id='word_1_169' title='bbox 2908 1195 2990 1250; x_wconf 91' lang='lat' dir='ltr'><strong>his</strong></span> <span class='ocrx_word' id='word_1_170' title='bbox 3005 1203 3218 1250; x_wconf 87' lang='lat' dir='ltr'><strong>constat</strong></span> <span class='ocrx_word' id='word_1_171' title='bbox 3240 1195 3508 1249; x_wconf 87' lang='lat' dir='ltr'><strong>Adamum</strong></span> <span class='ocrx_word' id='word_1_172' title='bbox 3533 1208 3792 1266; x_wconf 75' lang='lat' dir='ltr'><strong>praepostere</strong></span> 
     </span>
    </p>
   </div>
   <div class='ocr_carea' id='block_1_26' title="bbox 2263 1291 3795 1360">
    <p class='ocr_par' dir='ltr' id='par_1_26' title="bbox 2263 1291 3795 1360">
     <span class='ocr_line' id='line_1_26' title="bbox 2263 1291 3795 1360; baseline 0.001 -12"><span class='ocrx_word' id='word_1_173' title='bbox 2263 1294 2331 1348; x_wconf 92' lang='lat' dir='ltr'><strong>de</strong></span> <span class='ocrx_word' id='word_1_174' title='bbox 2362 1294 2471 1348; x_wconf 87' lang='lat' dir='ltr'><strong>illis</strong></span> <span class='ocrx_word' id='word_1_175' title='bbox 2507 1292 2800 1348; x_wconf 87' lang='lat' dir='ltr'><strong>Gallicanis</strong></span> <span class='ocrx_word' id='word_1_176' title='bbox 2831 1291 3068 1347; x_wconf 91' lang='lat' dir='ltr'><strong>dissidiis</strong></span> <span class='ocrx_word' id='word_1_177' title='bbox 3090 1291 3384 1360; x_wconf 86' lang='lat' dir='ltr'><strong>judicasse.</strong></span> <span class='ocrx_word' id='word_1_178' title='bbox 3419 1291 3554 1345; x_wconf 87' lang='lat' dir='ltr'><strong>Hinc</strong></span> <span class='ocrx_word' id='word_1_179' title='bbox 3585 1303 3706 1347; x_wconf 90' lang='lat' dir='ltr'><strong>recte</strong></span> <span class='ocrx_word' id='word_1_180' title='bbox 3729 1297 3795 1350; x_wconf 87' lang='lat' dir='ltr'><strong>sub</strong></span> 
     </span>
    </p>
   </div>
   <div class='ocr_carea' id='block_1_27' title="bbox 2265 1379 3795 1455">
    <p class='ocr_par' dir='ltr' id='par_1_27' title="bbox 2265 1379 3795 1455">
     <span class='ocr_line' id='line_1_27' title="bbox 2265 1379 3795 1455; baseline 0 -15"><span class='ocrx_word' id='word_1_181' title='bbox 2265 1385 2556 1455; x_wconf 79' lang='lat' dir='ltr'><strong>Rbemigio</strong></span> <span class='ocrx_word' id='word_1_182' title='bbox 2595 1384 2937 1439; x_wconf 89' lang='lat' dir='ltr'><strong>sanctissimo</strong></span> <span class='ocrx_word' id='word_1_183' title='bbox 2973 1397 3036 1437; x_wconf 94' lang='lat' dir='ltr'><strong>ac</strong></span> <span class='ocrx_word' id='word_1_184' title='bbox 3067 1382 3389 1438; x_wconf 91' lang='lat' dir='ltr'><strong>doctissimo</strong></span> <span class='ocrx_word' id='word_1_185' title='bbox 3439 1379 3702 1438; x_wconf 86' lang='lat' dir='ltr'><strong>Galliarum</strong></span> <span class='ocrx_word' id='word_1_186' title='bbox 3733 1402 3795 1440; x_wconf 87' lang='lat' dir='ltr'><strong>an-</strong></span> 
     </span>
    </p>
   </div>
   <div class='ocr_carea' id='block_1_28' title="bbox 2270 1475 3793 1547">
    <p class='ocr_par' dir='ltr' id='par_1_28' title="bbox 2270 1475 3793 1547">
     <span class='ocr_line' id='line_1_28' title="bbox 2270 1475 3793 1547; baseline -0.004 -15"><span class='ocrx_word' id='word_1_187' title='bbox 2270 1480 2443 1534; x_wconf 91' lang='lat' dir='ltr'><strong>tistite</strong></span> <span class='ocrx_word' id='word_1_188' title='bbox 2473 1475 2714 1534; x_wconf 81' lang='lat' dir='ltr'><strong>Ecclesia</strong></span> <span class='ocrx_word' id='word_1_189' title='bbox 2747 1477 3120 1547; x_wconf 88' lang='lat' dir='ltr'><strong>Lugdunensis</strong></span> <span class='ocrx_word' id='word_1_190' title='bbox 3150 1487 3274 1530; x_wconf 90' lang='lat' dir='ltr'><strong>ante</strong></span> <span class='ocrx_word' id='word_1_191' title='bbox 3321 1475 3650 1545; x_wconf 89' lang='lat' dir='ltr'><strong>octingentos</strong></span> <span class='ocrx_word' id='word_1_192' title='bbox 3675 1493 3793 1531; x_wconf 61' lang='lat' dir='ltr'><strong>anno;</strong></span> 
     </span>
    </p>
   </div>
   <div class='ocr_carea' id='block_1_29' title="bbox 2264 1571 3793 1644">
    <p class='ocr_par' dir='ltr' id='par_1_29' title="bbox 2264 1571 3793 1644">
     <span class='ocr_line' id='line_1_29' title="bbox 2264 1571 3793 1644; baseline -0.001 -17"><span class='ocrx_word' id='word_1_193' title='bbox 2264 1574 2333 1630; x_wconf 90' lang='lat' dir='ltr'><strong>de</strong></span> <span class='ocrx_word' id='word_1_194' title='bbox 2365 1575 2466 1634; x_wconf 84' lang='lat' dir='ltr'><strong>hoc</strong></span> <span class='ocrx_word' id='word_1_195' title='bbox 2517 1575 2636 1644; x_wconf 90' lang='lat' dir='ltr'><strong>ipso</strong></span> <span class='ocrx_word' id='word_1_196' title='bbox 2664 1572 3032 1644; x_wconf 81' lang='lat' dir='ltr'><strong>pronuntiavit</strong></span> <span class='ocrx_word' id='word_1_197' title='bbox 3063 1588 3079 1627; x_wconf 89' lang='lat'>:</span> <span class='ocrx_word' id='word_1_198' title='bbox 3136 1589 3155 1623; x_wconf 73' lang='grc' dir='ltr'><strong><em>ι</em></strong></span> <span class='ocrx_word' id='word_1_199' title='bbox 3187 1571 3522 1641; x_wconf 82' lang='lat' dir='ltr'><strong>Augustinus</strong></span> <span class='ocrx_word' id='word_1_200' title='bbox 3568 1585 3654 1626; x_wconf 85' lang='lat' dir='ltr'><strong>nec</strong></span> <span class='ocrx_word' id='word_1_201' title='bbox 3696 1583 3793 1626; x_wconf 85' lang='lat' dir='ltr'><strong>tanta</strong></span> 
     </span>
    </p>
   </div>
   <div class='ocr_carea' id='block_1_30' title="bbox 2267 1662 3794 1738">
    <p class='ocr_par' dir='ltr' id='par_1_30' title="bbox 2267 1662 3794 1738">
     <span class='ocr_line' id='line_1_30' title="bbox 2267 1662 3794 1738; baseline -0.001 -16"><span class='ocrx_word' id='word_1_202' title='bbox 2267 1668 2674 1738; x_wconf 87' lang='lat' dir='ltr'><strong>perturbatione</strong></span> <span class='ocrx_word' id='word_1_203' title='bbox 2703 1677 2759 1722; x_wconf 93' lang='lat' dir='ltr'><strong>et</strong></span> <span class='ocrx_word' id='word_1_204' title='bbox 2808 1665 3175 1721; x_wconf 91' lang='lat' dir='ltr'><strong>commotione</strong></span> <span class='ocrx_word' id='word_1_205' title='bbox 3206 1664 3447 1719; x_wconf 91' lang='lat' dir='ltr'><strong>ﬁdelium</strong></span> <span class='ocrx_word' id='word_1_206' title='bbox 3475 1662 3540 1717; x_wconf 89' lang='lat' dir='ltr'><strong>ab</strong></span> <span class='ocrx_word' id='word_1_207' title='bbox 3570 1664 3794 1720; x_wconf 85' lang='lat' dir='ltr'><strong>intentione</strong></span> 
     </span>
    </p>
   </div>
   <div class='ocr_carea' id='block_1_31' title="bbox 2265 1757 3794 1827">
    <p class='ocr_par' dir='ltr' id='par_1_31' title="bbox 2265 1757 3794 1827">
     <span class='ocr_line' id='line_1_31' title="bbox 2265 1757 3794 1827; baseline -0.006 -10"><span class='ocrx_word' id='word_1_208' title='bbox 2265 1762 2635 1817; x_wconf 87' lang='lat' dir='ltr'><strong>veracissima</strong></span> <span class='ocrx_word' id='word_1_209' title='bbox 2666 1769 2722 1816; x_wconf 91' lang='lat' dir='ltr'><strong>et</strong></span> <span class='ocrx_word' id='word_1_210' title='bbox 2752 1760 3078 1816; x_wconf 90' lang='lat' dir='ltr'><strong>ﬁdelissima</strong></span> <span class='ocrx_word' id='word_1_211' title='bbox 3107 1759 3371 1813; x_wconf 88' lang='lat' dir='ltr'><strong>doctrina</strong></span> <span class='ocrx_word' id='word_1_212' title='bbox 3413 1771 3524 1811; x_wconf 88' lang='lat' dir='ltr'><strong>sua</strong></span> <span class='ocrx_word' id='word_1_213' title='bbox 3568 1757 3709 1827; x_wconf 81' lang='lat' dir='ltr'><strong>frangi</strong></span> <span class='ocrx_word' id='word_1_214' title='bbox 3733 1775 3794 1826; x_wconf 84' lang='lat' dir='ltr'><strong>po-</strong></span> 
     </span>
    </p>
   </div>
   <div class='ocr_carea' id='block_1_32' title="bbox 563 1847 3792 1920">
    <p class='ocr_par' dir='ltr' id='par_1_32' title="bbox 563 1847 3792 1920">
     <span class='ocr_line' id='line_1_32' title="bbox 563 1847 3792 1920; baseline 0.001 -20"><span class='ocrx_word' id='word_1_215' title='bbox 563 1847 695 1900; x_wconf 89' lang='lat' dir='ltr'><strong>nulli</strong></span> <span class='ocrx_word' id='word_1_216' title='bbox 739 1848 950 1918; x_wconf 83' lang='lat' dir='ltr'><strong>assequi</strong></span> <span class='ocrx_word' id='word_1_217' title='bbox 982 1849 1310 1918; x_wconf 89' lang='lat' dir='ltr'><strong>nequivere,</strong></span> <span class='ocrx_word' id='word_1_218' title='bbox 1363 1850 1600 1919; x_wconf 87' lang='lat' dir='ltr'><strong>ipsorum</strong></span> <span class='ocrx_word' id='word_1_219' title='bbox 1632 1852 1829 1920; x_wconf 86' lang='lat' dir='ltr'><strong>ingenii</strong></span> <span class='ocrx_word' id='word_1_220' title='bbox 1889 1850 2154 1907; x_wconf 89' lang='lat' dir='ltr'><strong>debilitati</strong></span> <span class='ocrx_word' id='word_1_221' title='bbox 2189 1853 2238 1914; x_wconf 91' lang='lat' dir='ltr'><strong>B</strong></span> <span class='ocrx_word' id='word_1_222' title='bbox 2267 1852 2373 1907; x_wconf 88' lang='lat' dir='ltr'><strong>tuit</strong></span> <span class='ocrx_word' id='word_1_223' title='bbox 2403 1860 2497 1906; x_wconf 90' lang='lat' dir='ltr'><strong>aut</strong></span> <span class='ocrx_word' id='word_1_224' title='bbox 2536 1852 2805 1907; x_wconf 89' lang='lat' dir='ltr'><strong>revocari.</strong></span> <span class='ocrx_word' id='word_1_225' title='bbox 2839 1850 2945 1906; x_wconf 91' lang='lat' dir='ltr'><strong>Sed</strong></span> <span class='ocrx_word' id='word_1_226' title='bbox 3000 1850 3172 1920; x_wconf 87' lang='lat' dir='ltr'><strong>magis</strong></span> <span class='ocrx_word' id='word_1_227' title='bbox 3199 1864 3296 1904; x_wconf 90' lang='lat' dir='ltr'><strong>eos</strong></span> <span class='ocrx_word' id='word_1_228' title='bbox 3337 1857 3392 1903; x_wconf 89' lang='lat' dir='ltr'><strong>et</strong></span> <span class='ocrx_word' id='word_1_229' title='bbox 3425 1847 3630 1917; x_wconf 87' lang='lat' dir='ltr'><strong>scriptis</strong></span> <span class='ocrx_word' id='word_1_230' title='bbox 3656 1849 3739 1902; x_wconf 78' lang='lat' dir='ltr'><strong>suis</strong></span> <span class='ocrx_word' id='word_1_231' title='bbox 3760 1852 3792 1902; x_wconf 89' lang='lat' dir='ltr'><strong>in</strong></span> 
     </span>
    </p>
   </div>
   <div class='ocr_carea' id='block_1_33' title="bbox 559 1939 2161 2012">
    <p class='ocr_par' dir='ltr' id='par_1_33' title="bbox 559 1939 2161 2012">
     <span class='ocr_line' id='line_1_33' title="bbox 559 1939 2161 2012; baseline 0.004 -20"><span class='ocrx_word' id='word_1_232' title='bbox 559 1939 883 2008; x_wconf 87' lang='lat' dir='ltr'><strong>deputetur;</strong></span> <span class='ocrx_word' id='word_1_233' title='bbox 913 1954 1087 2010; x_wconf 90' lang='lat' dir='ltr'><strong>neque</strong></span> <span class='ocrx_word' id='word_1_234' title='bbox 1115 1941 1258 1994; x_wconf 90' lang='lat' dir='ltr'><strong>enim</strong></span> <span class='ocrx_word' id='word_1_235' title='bbox 1291 1941 1390 1995; x_wconf 90' lang='lat' dir='ltr'><strong>soli</strong></span> <span class='ocrx_word' id='word_1_236' title='bbox 1429 1942 1558 1995; x_wconf 92' lang='lat' dir='ltr'><strong>vitio</strong></span> <span class='ocrx_word' id='word_1_237' title='bbox 1610 1942 1745 1996; x_wconf 87' lang='lat' dir='ltr'><strong>verti</strong></span> <span class='ocrx_word' id='word_1_238' title='bbox 1791 1951 1968 2011; x_wconf 87' lang='lat' dir='ltr'><strong>potest</strong></span> <span class='ocrx_word' id='word_1_239' title='bbox 2018 1942 2161 2012; x_wconf 92' lang='lat' dir='ltr'><strong>quod</strong></span> 
     </span>
    </p>
   </div>
   <div class='ocr_carea' id='block_1_34' title="bbox 559 2030 2160 2098">
    <p class='ocr_par' dir='ltr' id='par_1_34' title="bbox 559 2030 2160 2098">
     <span class='ocr_line' id='line_1_34' title="bbox 559 2030 2160 2098; baseline 0.004 -14"><span class='ocrx_word' id='word_1_240' title='bbox 559 2044 682 2084; x_wconf 91' lang='lat' dir='ltr'><strong>eum</strong></span> <span class='ocrx_word' id='word_1_241' title='bbox 716 2031 855 2098; x_wconf 89' lang='lat' dir='ltr'><strong>talpa</strong></span> <span class='ocrx_word' id='word_1_242' title='bbox 882 2044 988 2084; x_wconf 94' lang='lat' dir='ltr'><strong>non</strong></span> <span class='ocrx_word' id='word_1_243' title='bbox 1014 2030 1218 2085; x_wconf 88' lang='lat' dir='ltr'><strong>videat.</strong></span> <span class='ocrx_word' id='word_1_244' title='bbox 1249 2032 1303 2086; x_wconf 83' lang='lat' dir='ltr'><strong>in</strong></span> <span class='ocrx_word' id='word_1_245' title='bbox 1332 2032 1502 2087; x_wconf 91' lang='lat' dir='ltr'><strong>altero</strong></span> <span class='ocrx_word' id='word_1_246' title='bbox 1543 2048 1673 2087; x_wconf 90' lang='lat' dir='ltr'><strong>vero</strong></span> <span class='ocrx_word' id='word_1_247' title='bbox 1701 2048 1860 2088; x_wconf 91' lang='lat' dir='ltr'><strong>sensu</strong></span> <span class='ocrx_word' id='word_1_248' title='bbox 1884 2033 2160 2090; x_wconf 91' lang='lat' dir='ltr'><strong>difﬁcilem</strong></span> 
     </span>
    </p>
   </div>
   <div class='ocr_carea' id='block_1_35' title="bbox 559 2121 2156 2193">
    <p class='ocr_par' dir='ltr' id='par_1_35' title="bbox 559 2121 2156 2193">
     <span class='ocr_line' id='line_1_35' title="bbox 559 2121 2156 2193; baseline 0.005 -20"><span class='ocrx_word' id='word_1_249' title='bbox 559 2122 731 2176; x_wconf 89' lang='lat' dir='ltr'><strong>videri</strong></span> <span class='ocrx_word' id='word_1_250' title='bbox 756 2122 929 2175; x_wconf 87' lang='lat' dir='ltr'><strong>sancti</strong></span> <span class='ocrx_word' id='word_1_251' title='bbox 959 2121 1209 2176; x_wconf 84' lang='lat' dir='ltr'><strong>Doctoris</strong></span> <span class='ocrx_word' id='word_1_252' title='bbox 1223 2125 1546 2178; x_wconf 91' lang='lat' dir='ltr'><strong>sententiam</strong></span> <span class='ocrx_word' id='word_1_253' title='bbox 1576 2124 1644 2178; x_wconf 91' lang='lat' dir='ltr'><strong>de</strong></span> <span class='ocrx_word' id='word_1_254' title='bbox 1664 2124 2156 2193; x_wconf 87' lang='lat' dir='ltr'><strong>pradestinatione,</strong></span> 
     </span>
    </p>
   </div>
   <div class='ocr_carea' id='block_1_36' title="bbox 560 2214 2160 2285">
    <p class='ocr_par' dir='ltr' id='par_1_36' title="bbox 560 2214 2160 2285">
     <span class='ocr_line' id='line_1_36' title="bbox 560 2214 2160 2285; baseline 0.001 -16"><span class='ocrx_word' id='word_1_255' title='bbox 560 2228 664 2271; x_wconf 89' lang='lat' dir='ltr'><strong>nec</strong></span> <span class='ocrx_word' id='word_1_256' title='bbox 703 2214 818 2282; x_wconf 90' lang='lat' dir='ltr'><strong>ipse</strong></span> <span class='ocrx_word' id='word_1_257' title='bbox 849 2215 1180 2283; x_wconf 82' lang='lat' dir='ltr'><strong>Augustinus</strong></span> <span class='ocrx_word' id='word_1_258' title='bbox 1212 2216 1457 2285; x_wconf 87' lang='lat' dir='ltr'><strong>negavit;</strong></span> <span class='ocrx_word' id='word_1_259' title='bbox 1490 2229 1578 2270; x_wconf 89' lang='lat' dir='ltr'><strong>res</strong></span> <span class='ocrx_word' id='word_1_260' title='bbox 1604 2216 1749 2270; x_wconf 92' lang='lat' dir='ltr'><strong>enim</strong></span> <span class='ocrx_word' id='word_1_261' title='bbox 1793 2216 2160 2272; x_wconf 85' lang='lat' dir='ltr'><strong>secretissima</strong></span> 
     </span>
    </p>
   </div>
   <div class='ocr_carea' id='block_1_37' title="bbox 563 2305 2158 2376">
    <p class='ocr_par' dir='ltr' id='par_1_37' title="bbox 563 2305 2158 2376">
     <span class='ocr_line' id='line_1_37' title="bbox 563 2305 2158 2376; baseline 0 -14"><span class='ocrx_word' id='word_1_262' title='bbox 563 2315 668 2373; x_wconf 89' lang='lat' dir='ltr'><strong>est,</strong></span> <span class='ocrx_word' id='word_1_263' title='bbox 700 2320 858 2376; x_wconf 88' lang='lat' dir='ltr'><strong>quam</strong></span> <span class='ocrx_word' id='word_1_264' title='bbox 890 2315 1068 2360; x_wconf 90' lang='lat' dir='ltr'><strong>tamen</strong></span> <span class='ocrx_word' id='word_1_265' title='bbox 1093 2313 1170 2360; x_wconf 90' lang='lat' dir='ltr'><strong>tot</strong></span> <span class='ocrx_word' id='word_1_266' title='bbox 1210 2305 1384 2372; x_wconf 90' lang='lat' dir='ltr'><strong>libris,</strong></span> <span class='ocrx_word' id='word_1_267' title='bbox 1416 2316 1672 2375; x_wconf 89' lang='lat' dir='ltr'><strong>quantum</strong></span> <span class='ocrx_word' id='word_1_268' title='bbox 1700 2308 1889 2375; x_wconf 90' lang='lat' dir='ltr'><strong>potuit,</strong></span> <span class='ocrx_word' id='word_1_269' title='bbox 1921 2307 2158 2362; x_wconf 87' lang='lat' dir='ltr'><strong>reddidit</strong></span> 
     </span>
    </p>
   </div>
   <div class='ocr_carea' id='block_1_38' title="bbox 569 2397 2161 2469">
    <p class='ocr_par' dir='ltr' id='par_1_38' title="bbox 569 2397 2161 2469">
     <span class='ocr_line' id='line_1_38' title="bbox 569 2397 2161 2469; baseline 0.001 -15"><span class='ocrx_word' id='word_1_270' title='bbox 569 2398 893 2456; x_wconf 77' lang='lat' dir='ltr'><strong>faciliorem.</strong></span> <span class='ocrx_word' id='word_1_271' title='bbox 918 2397 1032 2452; x_wconf 90' lang='lat' dir='ltr'><strong>Non</strong></span> <span class='ocrx_word' id='word_1_272' title='bbox 1077 2398 1164 2453; x_wconf 89' lang='lat' dir='ltr'><strong>ibo</strong></span> <span class='ocrx_word' id='word_1_273' title='bbox 1191 2398 1396 2453; x_wconf 88' lang='lat' dir='ltr'><strong>inﬁcias</strong></span> <span class='ocrx_word' id='word_1_274' title='bbox 1423 2400 1594 2453; x_wconf 90' lang='lat' dir='ltr'><strong>sancti</strong></span> <span class='ocrx_word' id='word_1_275' title='bbox 1626 2401 1911 2469; x_wconf 85' lang='lat' dir='ltr'><strong>Augustini</strong></span> <span class='ocrx_word' id='word_1_276' title='bbox 1940 2409 2161 2455; x_wconf 88' lang='lat' dir='ltr'><strong>senten-</strong></span> 
     </span>
    </p>
   </div>
   <div class='ocr_carea' id='block_1_39' title="bbox 571 2493 2161 2564">
    <p class='ocr_par' dir='ltr' id='par_1_39' title="bbox 571 2493 2161 2564">
     <span class='ocr_line' id='line_1_39' title="bbox 571 2493 2161 2564; baseline -0.001 -15"><span class='ocrx_word' id='word_1_277' title='bbox 571 2494 700 2550; x_wconf 88' lang='lat' dir='ltr'><strong>tiam</strong></span> <span class='ocrx_word' id='word_1_278' title='bbox 739 2493 808 2548; x_wconf 90' lang='lat' dir='ltr'><strong>de</strong></span> <span class='ocrx_word' id='word_1_279' title='bbox 838 2493 1309 2558; x_wconf 86' lang='lat' dir='ltr'><strong>pradestinatione</strong></span> <span class='ocrx_word' id='word_1_280' title='bbox 1337 2502 1463 2547; x_wconf 88' lang='lat' dir='ltr'><strong>ante</strong></span> <span class='ocrx_word' id='word_1_281' title='bbox 1492 2494 1717 2561; x_wconf 86' lang='lat' dir='ltr'><strong>praevisa</strong></span> <span class='ocrx_word' id='word_1_282' title='bbox 1763 2493 1954 2548; x_wconf 89' lang='lat' dir='ltr'><strong>merita</strong></span> <span class='ocrx_word' id='word_1_283' title='bbox 1978 2494 2161 2564; x_wconf 88' lang='lat' dir='ltr'><strong>plures</strong></span> 
     </span>
    </p>
   </div>
   <div class='ocr_carea' id='block_1_40' title="bbox 559 2582 2159 2653">
    <p class='ocr_par' dir='ltr' id='par_1_40' title="bbox 559 2582 2159 2653">
     <span class='ocr_line' id='line_1_40' title="bbox 559 2582 2159 2653; baseline -0.002 -12"><span class='ocrx_word' id='word_1_284' title='bbox 559 2585 614 2641; x_wconf 88' lang='lat' dir='ltr'><strong>in</strong></span> <span class='ocrx_word' id='word_1_285' title='bbox 663 2583 852 2640; x_wconf 85' lang='lat' dir='ltr'><strong>Galliis</strong></span> <span class='ocrx_word' id='word_1_286' title='bbox 895 2583 1162 2650; x_wconf 86' lang='lat' dir='ltr'><strong>turbasse,</strong></span> <span class='ocrx_word' id='word_1_287' title='bbox 1217 2582 1358 2638; x_wconf 89' lang='lat' dir='ltr'><strong>unde</strong></span> <span class='ocrx_word' id='word_1_288' title='bbox 1405 2585 1741 2653; x_wconf 87' lang='lat' dir='ltr'><strong>gravissima</strong></span> <span class='ocrx_word' id='word_1_289' title='bbox 1780 2587 2159 2641; x_wconf 86' lang='lat' dir='ltr'><strong>contentiones</strong></span> 
     </span>
    </p>
   </div>
   <div class='ocr_carea' id='block_1_41' title="bbox 561 2673 2158 2747">
    <p class='ocr_par' dir='ltr' id='par_1_41' title="bbox 561 2673 2158 2747">
     <span class='ocr_line' id='line_1_41' title="bbox 561 2673 2158 2747; baseline 0.001 -16"><span class='ocrx_word' id='word_1_290' title='bbox 561 2688 856 2740; x_wconf 85' lang='lat' dir='ltr'><strong>emersere,</strong></span> <span class='ocrx_word' id='word_1_291' title='bbox 896 2673 1069 2729; x_wconf 89' lang='lat' dir='ltr'><strong>doctis</strong></span> <span class='ocrx_word' id='word_1_292' title='bbox 1112 2673 1375 2743; x_wconf 82' lang='lat' dir='ltr'><strong>quibusve</strong></span> <span class='ocrx_word' id='word_1_293' title='bbox 1416 2675 1468 2728; x_wconf 88' lang='lat' dir='ltr'><strong>in</strong></span> <span class='ocrx_word' id='word_1_294' title='bbox 1521 2684 1698 2744; x_wconf 90' lang='lat' dir='ltr'><strong>partes</strong></span> <span class='ocrx_word' id='word_1_295' title='bbox 1726 2676 1940 2733; x_wconf 85' lang='lat' dir='ltr'><strong>divisis.</strong></span> <span class='ocrx_word' id='word_1_296' title='bbox 1973 2676 2158 2747; x_wconf 84' lang='lat' dir='ltr'><strong>Neque</strong></span> 
     </span>
    </p>
   </div>
   <div class='ocr_carea' id='block_1_42' title="bbox 560 2764 2161 2834">
    <p class='ocr_par' dir='ltr' id='par_1_42' title="bbox 560 2764 2161 2834">
     <span class='ocr_line' id='line_1_42' title="bbox 560 2764 2161 2834; baseline -0.001 -11"><span class='ocrx_word' id='word_1_297' title='bbox 560 2767 705 2824; x_wconf 90' lang='lat' dir='ltr'><strong>enim</strong></span> <span class='ocrx_word' id='word_1_298' title='bbox 727 2764 927 2820; x_wconf 82' lang='lat' dir='ltr'><strong>indocti</strong></span> <span class='ocrx_word' id='word_1_299' title='bbox 965 2765 1270 2820; x_wconf 87' lang='lat' dir='ltr'><strong>absoiutam</strong></span> <span class='ocrx_word' id='word_1_300' title='bbox 1314 2765 1841 2834; x_wconf 89' lang='lat' dir='ltr'><strong>pradestinationem</strong></span> <span class='ocrx_word' id='word_1_301' title='bbox 1886 2784 2007 2824; x_wconf 90' lang='lat' dir='ltr'><strong>cum</strong></span> <span class='ocrx_word' id='word_1_302' title='bbox 2059 2769 2161 2823; x_wconf 91' lang='lat' dir='ltr'><strong>hu-</strong></span> 
     </span>
    </p>
   </div>
   <div class='ocr_carea' id='block_1_43' title="bbox 562 2863 2158 2935">
    <p class='ocr_par' dir='ltr' id='par_1_43' title="bbox 562 2863 2158 2935">
     <span class='ocr_line' id='line_1_43' title="bbox 562 2863 2158 2935; baseline 0.001 -16"><span class='ocrx_word' id='word_1_303' title='bbox 562 2879 720 2919; x_wconf 87' lang='lat' dir='ltr'><strong>mana</strong></span> <span class='ocrx_word' id='word_1_304' title='bbox 744 2864 992 2920; x_wconf 87' lang='lat' dir='ltr'><strong>libertate</strong></span> <span class='ocrx_word' id='word_1_305' title='bbox 1018 2863 1268 2934; x_wconf 88' lang='lat' dir='ltr'><strong>componi</strong></span> <span class='ocrx_word' id='word_1_306' title='bbox 1322 2878 1480 2934; x_wconf 92' lang='lat' dir='ltr'><strong>posse</strong></span> <span class='ocrx_word' id='word_1_307' title='bbox 1513 2867 1903 2935; x_wconf 88' lang='lat' dir='ltr'><strong>percipiebant,</strong></span> <span class='ocrx_word' id='word_1_308' title='bbox 1931 2876 1985 2921; x_wconf 87' lang='lat' dir='ltr'><strong>et</strong></span> <span class='ocrx_word' id='word_1_309' title='bbox 2015 2867 2158 2921; x_wconf 87' lang='lat' dir='ltr'><strong>docti</strong></span> 
     </span>
    </p>
   </div>
   <div class='ocr_carea' id='block_1_44' title="bbox 561 2955 2160 3027">
    <p class='ocr_par' dir='ltr' id='par_1_44' title="bbox 561 2955 2160 3027">
     <span class='ocr_line' id='line_1_44' title="bbox 561 2955 2160 3027; baseline 0.001 -16"><span class='ocrx_word' id='word_1_310' title='bbox 561 2957 722 3012; x_wconf 84' lang='lat' dir='ltr'><strong>etiam</strong></span> <span class='ocrx_word' id='word_1_311' title='bbox 769 2956 870 3010; x_wconf 76' lang='lat' dir='ltr'><strong>viri</strong></span> <span class='ocrx_word' id='word_1_312' title='bbox 922 2955 1152 3025; x_wconf 82' lang='lat' dir='ltr'><strong>idipsum</strong></span> <span class='ocrx_word' id='word_1_313' title='bbox 1199 2971 1344 3024; x_wconf 81' lang='lat' dir='ltr'><strong>agre</strong></span> <span class='ocrx_word' id='word_1_314' title='bbox 1390 2959 1837 3027; x_wconf 86' lang='lat' dir='ltr'><strong>assequebantur.</strong></span> <span class='ocrx_word' id='word_1_315' title='bbox 1885 2957 2160 3013; x_wconf 91' lang='lat' dir='ltr'><strong>Caterum</strong></span> 
     </span>
    </p>
   </div>
   <div class='ocr_carea' id='block_1_45' title="bbox 561 3048 2161 3118">
    <p class='ocr_par' dir='ltr' id='par_1_45' title="bbox 561 3048 2161 3118">
     <span class='ocr_line' id='line_1_45' title="bbox 561 3048 2161 3118; baseline 0.001 -14"><span class='ocrx_word' id='word_1_316' title='bbox 561 3049 892 3118; x_wconf 78' lang='lat' dir='ltr'><strong>Augustinus</strong></span> <span class='ocrx_word' id='word_1_317' title='bbox 936 3048 1150 3104; x_wconf 76' lang='lat' dir='ltr'><strong>illorum</strong></span> <span class='ocrx_word' id='word_1_318' title='bbox 1204 3049 1551 3104; x_wconf 75' lang='lat' dir='ltr'><strong>dissidicrum</strong></span> <span class='ocrx_word' id='word_1_319' title='bbox 1598 3052 1798 3106; x_wconf 85' lang='lat' dir='ltr'><strong>certior</strong></span> <span class='ocrx_word' id='word_1_320' title='bbox 1847 3050 2053 3118; x_wconf 89' lang='lat' dir='ltr'><strong>factus,</strong></span> <span class='ocrx_word' id='word_1_321' title='bbox 2105 3051 2161 3105; x_wconf 91' lang='lat' dir='ltr'><strong>in</strong></span> 
     </span>
    </p>
   </div>
   <div class='ocr_carea' id='block_1_46' title="bbox 560 3139 2161 3214">
    <p class='ocr_par' dir='ltr' id='par_1_46' title="bbox 560 3139 2161 3214">
     <span class='ocr_line' id='line_1_46' title="bbox 560 3139 2161 3214; baseline 0.002 -19"><span class='ocrx_word' id='word_1_322' title='bbox 560 3139 716 3196; x_wconf 84' lang='lat' dir='ltr'><strong>libris</strong></span> <span class='ocrx_word' id='word_1_323' title='bbox 739 3139 808 3195; x_wconf 92' lang='lat' dir='ltr'><strong>de</strong></span> <span class='ocrx_word' id='word_1_324' title='bbox 837 3139 1322 3196; x_wconf 79' lang='lat' dir='ltr'><strong>Pradestinatione</strong></span> <span class='ocrx_word' id='word_1_325' title='bbox 1350 3151 1656 3197; x_wconf 84' lang='lat' dir='ltr'><strong>sanctorum</strong></span> <span class='ocrx_word' id='word_1_326' title='bbox 1689 3151 1743 3197; x_wconf 86' lang='lat' dir='ltr'><strong>et</strong></span> <span class='ocrx_word' id='word_1_327' title='bbox 1761 3143 1830 3199; x_wconf 88' lang='lat' dir='ltr'><strong>de</strong></span> <span class='ocrx_word' id='word_1_328' title='bbox 1857 3144 2011 3198; x_wconf 91' lang='lat' dir='ltr'><strong>Dono</strong></span> <span class='ocrx_word' id='word_1_329' title='bbox 2036 3158 2161 3214; x_wconf 91' lang='lat' dir='ltr'><strong>per-</strong></span> 
     </span>
    </p>
   </div>
   <div class='ocr_carea' id='block_1_47' title="bbox 2268 1941 3796 2013">
    <p class='ocr_par' dir='ltr' id='par_1_47' title="bbox 2268 1941 3796 2013">
     <span class='ocr_line' id='line_1_47' title="bbox 2268 1941 3796 2013; baseline -0.001 -15"><span class='ocrx_word' id='word_1_330' title='bbox 2268 1953 2527 2013; x_wconf 90' lang='lat' dir='ltr'><strong>quantum</strong></span> <span class='ocrx_word' id='word_1_331' title='bbox 2559 1944 2731 2012; x_wconf 89' lang='lat' dir='ltr'><strong>potuit</strong></span> <span class='ocrx_word' id='word_1_332' title='bbox 2767 1942 3048 1997; x_wconf 88' lang='lat' dir='ltr'><strong>admonuit</strong></span> <span class='ocrx_word' id='word_1_333' title='bbox 3075 1951 3130 1997; x_wconf 83' lang='lat' dir='ltr'><strong>et</strong></span> <span class='ocrx_word' id='word_1_334' title='bbox 3159 1941 3438 2010; x_wconf 80' lang='lat' dir='ltr'><strong>instruxit,</strong></span> <span class='ocrx_word' id='word_1_335' title='bbox 3471 1941 3796 1997; x_wconf 88' lang='lat' dir='ltr'><strong>etorationibus</strong></span> 
     </span>
    </p>
   </div>
   <div class='ocr_carea' id='block_1_48' title="bbox 2267 2032 3797 2107">
    <p class='ocr_par' dir='ltr' id='par_1_48' title="bbox 2267 2032 3797 2107">
     <span class='ocr_line' id='line_1_48' title="bbox 2267 2032 3797 2107; baseline -0.003 -17"><span class='ocrx_word' id='word_1_336' title='bbox 2267 2037 2407 2107; x_wconf 92' lang='lat' dir='ltr'><strong>apud</strong></span> <span class='ocrx_word' id='word_1_337' title='bbox 2433 2037 2600 2092; x_wconf 90' lang='lat' dir='ltr'><strong>Deum</strong></span> <span class='ocrx_word' id='word_1_338' title='bbox 2632 2035 2867 2105; x_wconf 83' lang='lat' dir='ltr'><strong>profusis</strong></span> <span class='ocrx_word' id='word_1_339' title='bbox 2897 2035 3130 2089; x_wconf 86' lang='lat' dir='ltr'><strong>fideliter</strong></span> <span class='ocrx_word' id='word_1_340' title='bbox 3159 2032 3392 2103; x_wconf 89' lang='lat' dir='ltr'><strong>adjuvit,</strong></span> <span class='ocrx_word' id='word_1_341' title='bbox 3424 2040 3484 2087; x_wconf 92' lang='lat' dir='ltr'><strong>ut</strong></span> <span class='ocrx_word' id='word_1_342' title='bbox 3506 2033 3797 2101; x_wconf 79' lang='lat' dir='ltr'><strong>intelligerent</strong></span> 
     </span>
    </p>
   </div>
   <div class='ocr_carea' id='block_1_49' title="bbox 2266 2127 3798 2200">
    <p class='ocr_par' dir='ltr' id='par_1_49' title="bbox 2266 2127 3798 2200">
     <span class='ocr_line' id='line_1_49' title="bbox 2266 2127 3798 2200; baseline -0.003 -15"><span class='ocrx_word' id='word_1_343' title='bbox 2266 2139 2326 2185; x_wconf 89' lang='lat' dir='ltr'><strong>et</strong></span> <span class='ocrx_word' id='word_1_344' title='bbox 2363 2137 2721 2200; x_wconf 88' lang='lat' dir='ltr'><strong>agnoscerent</strong></span> <span class='ocrx_word' id='word_1_345' title='bbox 2749 2145 2910 2200; x_wconf 87' lang='lat' dir='ltr'><strong>quam</strong></span> <span class='ocrx_word' id='word_1_346' title='bbox 2943 2129 3253 2184; x_wconf 89' lang='lat' dir='ltr'><strong>necessario</strong></span> <span class='ocrx_word' id='word_1_347' title='bbox 3286 2135 3345 2181; x_wconf 86' lang='lat' dir='ltr'><strong>et</strong></span> <span class='ocrx_word' id='word_1_348' title='bbox 3374 2142 3532 2196; x_wconf 89' lang='lat' dir='ltr'><strong>quam</strong></span> <span class='ocrx_word' id='word_1_349' title='bbox 3579 2127 3798 2182; x_wconf 68' lang='lat' dir='ltr'><strong>salubriter</strong></span> 
     </span>
    </p>
   </div>
   <div class='ocr_carea' id='block_1_50' title="bbox 2267 2219 3798 2295">
    <p class='ocr_par' dir='ltr' id='par_1_50' title="bbox 2267 2219 3798 2295">
     <span class='ocr_line' id='line_1_50' title="bbox 2267 2219 3798 2295; baseline -0.004 -16"><span class='ocrx_word' id='word_1_350' title='bbox 2267 2235 2488 2295; x_wconf 90' lang='lat' dir='ltr'><strong>propter</strong></span> <span class='ocrx_word' id='word_1_351' title='bbox 2558 2223 3079 2277; x_wconf 80' lang='lat' dir='ltr'><strong>commendationem</strong></span> <span class='ocrx_word' id='word_1_352' title='bbox 3135 2221 3336 2275; x_wconf 87' lang='lat' dir='ltr'><strong>divina</strong></span> <span class='ocrx_word' id='word_1_353' title='bbox 3388 2220 3571 2290; x_wconf 84' lang='lat' dir='ltr'><strong>gratia</strong></span> <span class='ocrx_word' id='word_1_354' title='bbox 3618 2219 3798 2289; x_wconf 83' lang='lat' dir='ltr'><strong>ejusdem</strong></span> 
     </span>
    </p>
   </div>
   <div class='ocr_carea' id='block_1_51' title="bbox 2273 2310 3800 2388">
    <p class='ocr_par' dir='ltr' id='par_1_51' title="bbox 2273 2310 3800 2388">
     <span class='ocr_line' id='line_1_51' title="bbox 2273 2310 3800 2388; baseline -0.004 -18"><span class='ocrx_word' id='word_1_355' title='bbox 2273 2315 2770 2388; x_wconf 86' lang='lat' dir='ltr'><strong>pradestinationis</strong></span> <span class='ocrx_word' id='word_1_356' title='bbox 2795 2316 2996 2371; x_wconf 89' lang='lat' dir='ltr'><strong>veritas</strong></span> <span class='ocrx_word' id='word_1_357' title='bbox 3024 2315 3246 2369; x_wconf 90' lang='lat' dir='ltr'><strong>omnino</strong></span> <span class='ocrx_word' id='word_1_358' title='bbox 3276 2321 3336 2368; x_wconf 88' lang='lat' dir='ltr'><strong>et</strong></span> <span class='ocrx_word' id='word_1_359' title='bbox 3356 2310 3620 2367; x_wconf 83' lang='lat' dir='ltr'><strong>credenda</strong></span> <span class='ocrx_word' id='word_1_360' title='bbox 3642 2319 3686 2365; x_wconf 91' lang='lat' dir='ltr'><strong>et</strong></span> <span class='ocrx_word' id='word_1_361' title='bbox 3708 2325 3800 2380; x_wconf 68' lang='lat' dir='ltr'><strong>pre-</strong></span> 
     </span>
    </p>
   </div>
   <div class='ocr_carea' id='block_1_52' title="bbox 2267 2403 3799 2475">
    <p class='ocr_par' dir='ltr' id='par_1_52' title="bbox 2267 2403 3799 2475">
     <span class='ocr_line' id='line_1_52' title="bbox 2267 2403 3799 2475; baseline -0.005 -12"><span class='ocrx_word' id='word_1_362' title='bbox 2267 2409 2491 2465; x_wconf 89' lang='lat' dir='ltr'><strong>dicanda</strong></span> <span class='ocrx_word' id='word_1_363' title='bbox 2523 2418 2687 2465; x_wconf 84' lang='lat' dir='ltr'><strong>esset.</strong></span> <span class='ocrx_word' id='word_1_364' title='bbox 2731 2427 2750 2459; x_wconf 76' lang='grc'><strong>»</strong></span> <span class='ocrx_word' id='word_1_365' title='bbox 2801 2408 2920 2462; x_wconf 86' lang='lat' dir='ltr'><strong>Lib.</strong></span> <span class='ocrx_word' id='word_1_366' title='bbox 2956 2407 3023 2463; x_wconf 92' lang='lat' dir='ltr'><strong>de</strong></span> <span class='ocrx_word' id='word_1_367' title='bbox 3074 2406 3201 2462; x_wconf 92' lang='lat' dir='ltr'><strong>trib.</strong></span> <span class='ocrx_word' id='word_1_368' title='bbox 3254 2407 3444 2475; x_wconf 88' lang='lat' dir='ltr'><strong>epist.,</strong></span> <span class='ocrx_word' id='word_1_369' title='bbox 3494 2419 3608 2473; x_wconf 90' lang='lat' dir='ltr'><strong>cap.</strong></span> <span class='ocrx_word' id='word_1_370' title='bbox 3637 2403 3799 2456; x_wconf 69' lang='lat' dir='ltr'><strong>35.1m-</strong></span> 
     </span>
    </p>
   </div>
   <div class='ocr_carea' id='block_1_53' title="bbox 2267 2497 3799 2573">
    <p class='ocr_par' dir='ltr' id='par_1_53' title="bbox 2267 2497 3799 2573">
     <span class='ocr_line' id='line_1_53' title="bbox 2267 2497 3799 2573; baseline -0.004 -17"><span class='ocrx_word' id='word_1_371' title='bbox 2267 2518 2373 2573; x_wconf 91' lang='lat' dir='ltr'><strong>que</strong></span> <span class='ocrx_word' id='word_1_372' title='bbox 2430 2503 2567 2557; x_wconf 87' lang='lat' dir='ltr'><strong>falso</strong></span> <span class='ocrx_word' id='word_1_373' title='bbox 2626 2513 2812 2558; x_wconf 87' lang='lat' dir='ltr'><strong>contra</strong></span> <span class='ocrx_word' id='word_1_374' title='bbox 2872 2509 3122 2556; x_wconf 89' lang='lat' dir='ltr'><strong>sanctum</strong></span> <span class='ocrx_word' id='word_1_375' title='bbox 3162 2497 3799 2570; x_wconf 80' lang='lat' dir='ltr'><strong>Augustinumlocutusest</strong></span> 
     </span>
    </p>
   </div>
   <div class='ocr_carea' id='block_1_54' title="bbox 2267 2585 3796 2656">
    <p class='ocr_par' dir='ltr' id='par_1_54' title="bbox 2267 2585 3796 2656">
     <span class='ocr_line' id='line_1_54' title="bbox 2267 2585 3796 2656; baseline -0.009 -4"><span class='ocrx_word' id='word_1_376' title='bbox 2267 2596 2576 2652; x_wconf 82' lang='lat' dir='ltr'><strong>Ludovicus</strong></span> <span class='ocrx_word' id='word_1_377' title='bbox 2607 2595 2798 2649; x_wconf 84' lang='lat' dir='ltr'><strong>Molina</strong></span> <span class='ocrx_word' id='word_1_378' title='bbox 2832 2593 2884 2647; x_wconf 92' lang='lat' dir='ltr'><strong>in</strong></span> <span class='ocrx_word' id='word_1_379' title='bbox 2929 2607 3023 2647; x_wconf 90' lang='lat' dir='ltr'><strong>sua</strong></span> <span class='ocrx_word' id='word_1_380' title='bbox 3053 2590 3381 2656; x_wconf 88' lang='lat' dir='ltr'><strong>Concordia,</strong></span> <span class='ocrx_word' id='word_1_381' title='bbox 3418 2590 3532 2643; x_wconf 90' lang='lat' dir='ltr'><strong>hac</strong></span> <span class='ocrx_word' id='word_1_382' title='bbox 3573 2585 3796 2640; x_wconf 87' lang='lat' dir='ltr'><strong>scribens:</strong></span> 
     </span>
    </p>
   </div>
   <div class='ocr_carea' id='block_1_55' title="bbox 2276 2679 3797 2756">
    <p class='ocr_par' dir='ltr' id='par_1_55' title="bbox 2276 2679 3797 2756">
     <span class='ocr_line' id='line_1_55' title="bbox 2276 2679 3797 2756; baseline -0.009 -15"><span class='ocrx_word' id='word_1_383' title='bbox 2276 2707 2296 2741; x_wconf 77' lang='grc' dir='ltr'>ι</span> <span class='ocrx_word' id='word_1_384' title='bbox 2339 2686 2625 2756; x_wconf 84' lang='lat' dir='ltr'><strong>Augustini</strong></span> <span class='ocrx_word' id='word_1_385' title='bbox 2650 2686 2893 2741; x_wconf 88' lang='lat' dir='ltr'><strong>doctrina</strong></span> <span class='ocrx_word' id='word_1_386' title='bbox 2922 2685 2988 2738; x_wconf 89' lang='lat' dir='ltr'><strong>de</strong></span> <span class='ocrx_word' id='word_1_387' title='bbox 3017 2680 3495 2754; x_wconf 86' lang='lat' dir='ltr'><strong>pradestinatione</strong></span> <span class='ocrx_word' id='word_1_388' title='bbox 3525 2679 3741 2748; x_wconf 87' lang='lat' dir='ltr'><strong>plurimos</strong></span> <span class='ocrx_word' id='word_1_389' title='bbox 3757 2691 3797 2730; x_wconf 79' lang='lat' dir='ltr'><strong>ex</strong></span> 
     </span>
    </p>
   </div>
   <div class='ocr_carea' id='block_1_56' title="bbox 2267 2770 3798 2849">
    <p class='ocr_par' dir='ltr' id='par_1_56' title="bbox 2267 2770 3798 2849">
     <span class='ocr_line' id='line_1_56' title="bbox 2267 2770 3798 2849; baseline -0.01 -14"><span class='ocrx_word' id='word_1_390' title='bbox 2267 2780 2521 2835; x_wconf 77' lang='lat' dir='ltr'><strong>ﬁdelibus</strong></span> <span class='ocrx_word' id='word_1_391' title='bbox 2551 2821 2564 2846; x_wconf 92' lang='lat'><strong>,</strong></span> <span class='ocrx_word' id='word_1_392' title='bbox 2597 2780 2899 2849; x_wconf 86' lang='lat' dir='ltr'><strong>prasertim</strong></span> <span class='ocrx_word' id='word_1_393' title='bbox 2920 2792 2984 2831; x_wconf 82' lang='lat' dir='ltr'><strong>ex</strong></span> <span class='ocrx_word' id='word_1_394' title='bbox 3017 2777 3082 2830; x_wconf 91' lang='lat' dir='ltr'><strong>iis</strong></span> <span class='ocrx_word' id='word_1_395' title='bbox 3112 2775 3202 2844; x_wconf 91' lang='lat' dir='ltr'><strong>qui</strong></span> <span class='ocrx_word' id='word_1_396' title='bbox 3235 2775 3287 2827; x_wconf 91' lang='lat' dir='ltr'><strong>in</strong></span> <span class='ocrx_word' id='word_1_397' title='bbox 3319 2773 3494 2828; x_wconf 90' lang='lat' dir='ltr'><strong>Gallia</strong></span> <span class='ocrx_word' id='word_1_398' title='bbox 3523 2770 3798 2824; x_wconf 84' lang='lat' dir='ltr'><strong>morabantur</strong></span> 
     </span>
    </p>
   </div>
   <div class='ocr_carea' id='block_1_57' title="bbox 2269 2859 3798 2934">
    <p class='ocr_par' dir='ltr' id='par_1_57' title="bbox 2269 2859 3798 2934">
     <span class='ocr_line' id='line_1_57' title="bbox 2269 2859 3798 2934; baseline -0.012 -6"><span class='ocrx_word' id='word_1_399' title='bbox 2269 2887 2377 2928; x_wconf 88' lang='lat' dir='ltr'><strong>non</strong></span> <span class='ocrx_word' id='word_1_400' title='bbox 2410 2872 2585 2926; x_wconf 90' lang='lat' dir='ltr'><strong>solum</strong></span> <span class='ocrx_word' id='word_1_401' title='bbox 2605 2870 2873 2934; x_wconf 91' lang='lat' dir='ltr'><strong>indoctos,</strong></span> <span class='ocrx_word' id='word_1_402' title='bbox 2906 2867 3000 2922; x_wconf 87' lang='lat' dir='ltr'><strong>sed</strong></span> <span class='ocrx_word' id='word_1_403' title='bbox 3032 2866 3195 2921; x_wconf 91' lang='lat' dir='ltr'><strong>etiam</strong></span> <span class='ocrx_word' id='word_1_404' title='bbox 3228 2864 3421 2918; x_wconf 91' lang='lat' dir='ltr'><strong>doctos</strong></span> <span class='ocrx_word' id='word_1_405' title='bbox 3453 2863 3632 2916; x_wconf 92' lang='lat' dir='ltr'><strong>mirum</strong></span> <span class='ocrx_word' id='word_1_406' title='bbox 3661 2859 3702 2913; x_wconf 92' lang='lat' dir='ltr'><strong>in</strong></span> <span class='ocrx_word' id='word_1_407' title='bbox 3724 2871 3798 2911; x_wconf 90' lang='lat' dir='ltr'><strong>mo-</strong></span> 
     </span>
    </p>
   </div>
   <div class='ocr_carea' id='block_1_58' title="bbox 2267 2950 3795 3026">
    <p class='ocr_par' dir='ltr' id='par_1_58' title="bbox 2267 2950 3795 3026">
     <span class='ocr_line' id='line_1_58' title="bbox 2267 2950 3795 3026; baseline -0.01 -8"><span class='ocrx_word' id='word_1_408' title='bbox 2267 2963 2396 3018; x_wconf 90' lang='lat' dir='ltr'><strong>dum</strong></span> <span class='ocrx_word' id='word_1_409' title='bbox 2452 2961 2708 3026; x_wconf 89' lang='lat' dir='ltr'><strong>turbavit,</strong></span> <span class='ocrx_word' id='word_1_410' title='bbox 2764 2975 2834 3014; x_wconf 89' lang='lat' dir='ltr'><strong>ne</strong></span> <span class='ocrx_word' id='word_1_411' title='bbox 2877 2959 3052 3013; x_wconf 91' lang='lat' dir='ltr'><strong>dicam</strong></span> <span class='ocrx_word' id='word_1_412' title='bbox 3105 2957 3251 3010; x_wconf 90' lang='lat' dir='ltr'><strong>illius</strong></span> <span class='ocrx_word' id='word_1_413' title='bbox 3302 2954 3590 3010; x_wconf 91' lang='lat' dir='ltr'><strong>occasione</strong></span> <span class='ocrx_word' id='word_1_414' title='bbox 3630 2950 3795 3005; x_wconf 86' lang='lat' dir='ltr'><strong>salutem</strong></span> 
     </span>
    </p>
   </div>
   <div class='ocr_carea' id='block_1_59' title="bbox 2268 3040 3797 3121">
    <p class='ocr_par' dir='ltr' id='par_1_59' title="bbox 2268 3040 3797 3121">
     <span class='ocr_line' id='line_1_59' title="bbox 2268 3040 3797 3121; baseline -0.011 -11"><span class='ocrx_word' id='word_1_415' title='bbox 2268 3069 2455 3109; x_wconf 91' lang='lat' dir='ltr'><strong>eorum</strong></span> <span class='ocrx_word' id='word_1_416' title='bbox 2508 3052 2673 3107; x_wconf 85' lang='lat' dir='ltr'><strong>fuisse</strong></span> <span class='ocrx_word' id='word_1_417' title='bbox 2707 3050 3080 3121; x_wconf 89' lang='lat' dir='ltr'><strong>periclitatam.</strong></span> <span class='ocrx_word' id='word_1_418' title='bbox 3125 3047 3203 3102; x_wconf 91' lang='lat' dir='ltr'><strong>Ne</strong></span> <span class='ocrx_word' id='word_1_419' title='bbox 3256 3047 3406 3101; x_wconf 92' lang='lat' dir='ltr'><strong>enim</strong></span> <span class='ocrx_word' id='word_1_420' title='bbox 3455 3041 3691 3114; x_wconf 90' lang='lat' dir='ltr'><strong>ejusmodi</strong></span> <span class='ocrx_word' id='word_1_421' title='bbox 3716 3040 3797 3094; x_wconf 75' lang='lat' dir='ltr'><strong>dot-</strong></span> 
     </span>
    </p>
   </div>
   <div class='ocr_carea' id='block_1_60' title="bbox 2268 3138 3798 3211">
    <p class='ocr_par' dir='ltr' id='par_1_60' title="bbox 2268 3138 3798 3211">
     <span class='ocr_line' id='line_1_60' title="bbox 2268 3138 3798 3211; baseline -0.012 -10"><span class='ocrx_word' id='word_1_422' title='bbox 2268 3146 2424 3201; x_wconf 87' lang='lat' dir='ltr'><strong>trina</strong></span> <span class='ocrx_word' id='word_1_423' title='bbox 2454 3146 2818 3210; x_wconf 78' lang='lat' dir='ltr'><strong>adharerent,</strong></span> <span class='ocrx_word' id='word_1_424' title='bbox 2853 3143 3045 3197; x_wconf 85' lang='lat' dir='ltr'><strong>haresi</strong></span> <span class='ocrx_word' id='word_1_425' title='bbox 3077 3141 3259 3211; x_wconf 90' lang='lat' dir='ltr'><strong>potius</strong></span> <span class='ocrx_word' id='word_1_426' title='bbox 3289 3138 3591 3209; x_wconf 87' lang='lat' dir='ltr'><strong>Pelagiana</strong></span> <span class='ocrx_word' id='word_1_427' title='bbox 3617 3150 3673 3190; x_wconf 80' lang='lat' dir='ltr'><strong>ex</strong></span> <span class='ocrx_word' id='word_1_428' title='bbox 3699 3140 3798 3202; x_wconf 82' lang='lat' dir='ltr'><strong>parte</strong></span> 
     </span>
    </p>
   </div>
   <div class='ocr_carea' id='block_1_61' title="bbox 564 3220 3796 3305">
    <p class='ocr_par' dir='ltr' id='par_1_61' title="bbox 564 3220 3796 3305">
     <span class='ocr_line' id='line_1_61' title="bbox 564 3220 3796 3305; baseline -0.003 -21"><span class='ocrx_word' id='word_1_429' title='bbox 564 3232 889 3286; x_wconf 75' lang='lat' dir='ltr'><strong>severantia</strong></span> <span class='ocrx_word' id='word_1_430' title='bbox 920 3233 1165 3288; x_wconf 83' lang='lat' dir='ltr'><strong>eamdem</strong></span> <span class='ocrx_word' id='word_1_431' title='bbox 1197 3233 1263 3288; x_wconf 94' lang='lat' dir='ltr'><strong>de</strong></span> <span class='ocrx_word' id='word_1_432' title='bbox 1303 3234 1779 3303; x_wconf 80' lang='lat' dir='ltr'><strong>pradeStinatione</strong></span> <span class='ocrx_word' id='word_1_433' title='bbox 1829 3237 2156 3291; x_wconf 88' lang='lat' dir='ltr'><strong>sententiam</strong></span> <span class='ocrx_word' id='word_1_434' title='bbox 2186 3241 2235 3305; x_wconf 72' lang='grc' dir='ltr'>ο</span> <span class='ocrx_word' id='word_1_435' title='bbox 2268 3237 2675 3293; x_wconf 83' lang='lat' dir='ltr'><strong>assentiendum</strong></span> <span class='ocrx_word' id='word_1_436' title='bbox 2727 3235 3006 3305; x_wconf 86' lang='lat' dir='ltr'><strong>putabant.</strong></span> <span class='ocrx_word' id='word_1_437' title='bbox 3050 3251 3068 3284; x_wconf 72' lang='grc' dir='ltr'><strong><em>ι</em></strong></span> <span class='ocrx_word' id='word_1_438' title='bbox 3129 3231 3316 3300; x_wconf 86' lang='lat' dir='ltr'><strong>Neque</strong></span> <span class='ocrx_word' id='word_1_439' title='bbox 3377 3230 3520 3284; x_wconf 91' lang='lat' dir='ltr'><strong>enim</strong></span> <span class='ocrx_word' id='word_1_440' title='bbox 3574 3220 3796 3294; x_wconf 84' lang='lat' dir='ltr'><strong>rejicienda</strong></span> 
     </span>
    </p>
   </div>
   <div class='ocr_carea' id='block_1_62' title="bbox 560 3323 2159 3387">
    <p class='ocr_par' dir='ltr' id='par_1_62' title="bbox 560 3323 2159 3387">
     <span class='ocr_line' id='line_1_62' title="bbox 560 3323 2159 3387; baseline 0.005 -11"><span class='ocrx_word' id='word_1_441' title='bbox 560 3329 622 3376; x_wconf 91' lang='lat' dir='ltr'><strong>et</strong></span> <span class='ocrx_word' id='word_1_442' title='bbox 647 3331 959 3378; x_wconf 80' lang='lat' dir='ltr'><strong>constanter</strong></span> <span class='ocrx_word' id='word_1_443' title='bbox 984 3323 1174 3387; x_wconf 88' lang='lat' dir='ltr'><strong>tenuit,</strong></span> <span class='ocrx_word' id='word_1_444' title='bbox 1193 3334 1246 3377; x_wconf 82' lang='lat' dir='ltr'><strong>et</strong></span> <span class='ocrx_word' id='word_1_445' title='bbox 1269 3325 1594 3380; x_wconf 87' lang='lat' dir='ltr'><strong>solidissime</strong></span> <span class='ocrx_word' id='word_1_446' title='bbox 1620 3327 1981 3382; x_wconf 87' lang='lat' dir='ltr'><strong>conﬁrmavit.</strong></span> <span class='ocrx_word' id='word_1_447' title='bbox 2014 3330 2159 3385; x_wconf 86' lang='lat' dir='ltr'><strong>Sane</strong></span> 
     </span>
    </p>
   </div>
   <div class='ocr_carea' id='block_1_63' title="bbox 561 3411 2164 3488">
    <p class='ocr_par' dir='ltr' id='par_1_63' title="bbox 561 3411 2164 3488">
     <span class='ocr_line' id='line_1_63' title="bbox 561 3411 2164 3488; baseline 0.004 -21"><span class='ocrx_word' id='word_1_448' title='bbox 561 3411 620 3467; x_wconf 89' lang='lat' dir='ltr'><strong>in</strong></span> <span class='ocrx_word' id='word_1_449' title='bbox 650 3413 787 3469; x_wconf 86' lang='lat' dir='ltr'><strong>libro</strong></span> <span class='ocrx_word' id='word_1_450' title='bbox 810 3418 877 3470; x_wconf 78' lang='lat' dir='ltr'><strong>tie</strong></span> <span class='ocrx_word' id='word_1_451' title='bbox 907 3414 1059 3469; x_wconf 85' lang='lat' dir='ltr'><strong>Dono</strong></span> <span class='ocrx_word' id='word_1_452' title='bbox 1089 3417 1528 3485; x_wconf 87' lang='lat' dir='ltr'><strong>perseverantia,</strong></span> <span class='ocrx_word' id='word_1_453' title='bbox 1560 3432 1677 3487; x_wconf 90' lang='lat' dir='ltr'><strong>cap.</strong></span> <span class='ocrx_word' id='word_1_454' title='bbox 1702 3419 1791 3485; x_wconf 66' lang='lat'><strong>20,</strong></span> <span class='ocrx_word' id='word_1_455' title='bbox 1824 3419 2164 3488; x_wconf 86' lang='lat' dir='ltr'><strong>respondens</strong></span> 
     </span>
    </p>
   </div>
   <div class='ocr_carea' id='block_1_64' title="bbox 563 3504 2162 3580">
    <p class='ocr_par' dir='ltr' id='par_1_64' title="bbox 563 3504 2162 3580">
     <span class='ocr_line' id='line_1_64' title="bbox 563 3504 2162 3580; baseline 0.004 -20"><span class='ocrx_word' id='word_1_456' title='bbox 563 3504 1007 3562; x_wconf 76' lang='lat' dir='ltr'><strong>Massiliensibus.</strong></span> <span class='ocrx_word' id='word_1_457' title='bbox 1032 3507 1124 3578; x_wconf 90' lang='lat' dir='ltr'><strong>qui</strong></span> <span class='ocrx_word' id='word_1_458' title='bbox 1156 3507 1407 3563; x_wconf 88' lang='lat' dir='ltr'><strong>dicebant</strong></span> <span class='ocrx_word' id='word_1_459' title='bbox 1435 3526 1447 3561; x_wconf 91' lang='lat'><strong>:</strong></span> <span class='ocrx_word' id='word_1_460' title='bbox 1490 3528 1508 3561; x_wconf 86' lang='grc'><em>‹</em></span> <span class='ocrx_word' id='word_1_461' title='bbox 1547 3509 1663 3564; x_wconf 91' lang='lat' dir='ltr'><strong>Non</strong></span> <span class='ocrx_word' id='word_1_462' title='bbox 1694 3525 1829 3580; x_wconf 86' lang='lat' dir='ltr'><strong>opus</strong></span> <span class='ocrx_word' id='word_1_463' title='bbox 1871 3511 2039 3567; x_wconf 89' lang='lat' dir='ltr'><strong>fuisse</strong></span> <span class='ocrx_word' id='word_1_464' title='bbox 2065 3513 2162 3567; x_wconf 90' lang='lat' dir='ltr'><strong>hu-</strong></span> 
     </span>
    </p>
   </div>
   <div class='ocr_carea' id='block_1_65' title="bbox 562 3602 2160 3677">
    <p class='ocr_par' dir='ltr' id='par_1_65' title="bbox 562 3602 2160 3677">
     <span class='ocr_line' id='line_1_65' title="bbox 562 3602 2160 3677; baseline 0.003 -22"><span class='ocrx_word' id='word_1_465' title='bbox 562 3602 863 3670; x_wconf 81' lang='lat' dir='ltr'><strong>juscemodi</strong></span> <span class='ocrx_word' id='word_1_466' title='bbox 891 3602 1269 3672; x_wconf 87' lang='lat' dir='ltr'><strong>disputationis</strong></span> <span class='ocrx_word' id='word_1_467' title='bbox 1297 3604 1510 3658; x_wconf 90' lang='lat' dir='ltr'><strong>incerto</strong></span> <span class='ocrx_word' id='word_1_468' title='bbox 1536 3604 1715 3659; x_wconf 92' lang='lat' dir='ltr'><strong>minus</strong></span> <span class='ocrx_word' id='word_1_469' title='bbox 1745 3605 2160 3677; x_wconf 88' lang='lat' dir='ltr'><strong>intelligentium</strong></span> 
     </span>
    </p>
   </div>
   <div class='ocr_carea' id='block_1_66' title="bbox 563 3694 2165 3762">
    <p class='ocr_par' dir='ltr' id='par_1_66' title="bbox 563 3694 2165 3762">
     <span class='ocr_line' id='line_1_66' title="bbox 563 3694 2165 3762; baseline 0.002 -14"><span class='ocrx_word' id='word_1_470' title='bbox 563 3700 646 3749; x_wconf 81' lang='lat' dir='ltr'><strong>tot</strong></span> <span class='ocrx_word' id='word_1_471' title='bbox 675 3694 838 3750; x_wconf 89' lang='lat' dir='ltr'><strong>corda</strong></span> <span class='ocrx_word' id='word_1_472' title='bbox 869 3694 1104 3760; x_wconf 88' lang='lat' dir='ltr'><strong>turbari;</strong></span> <span class='ocrx_word' id='word_1_473' title='bbox 1149 3696 1403 3762; x_wconf 90' lang='lat' dir='ltr'><strong>quoniam</strong></span> <span class='ocrx_word' id='word_1_474' title='bbox 1446 3711 1552 3750; x_wconf 93' lang='lat' dir='ltr'><strong>non</strong></span> <span class='ocrx_word' id='word_1_475' title='bbox 1585 3696 1764 3751; x_wconf 90' lang='lat' dir='ltr'><strong>minus</strong></span> <span class='ocrx_word' id='word_1_476' title='bbox 1816 3697 2023 3752; x_wconf 86' lang='lat' dir='ltr'><strong>utiliter</strong></span> <span class='ocrx_word' id='word_1_477' title='bbox 2047 3699 2165 3753; x_wconf 78' lang='lat' dir='ltr'><strong>sine</strong></span> 
     </span>
    </p>
   </div>
   <div class='ocr_carea' id='block_1_67' title="bbox 563 3786 2161 3859">
    <p class='ocr_par' dir='ltr' id='par_1_67' title="bbox 563 3786 2161 3859">
     <span class='ocr_line' id='line_1_67' title="bbox 563 3786 2161 3859; baseline 0.001 -17"><span class='ocrx_word' id='word_1_478' title='bbox 563 3786 668 3842; x_wconf 82' lang='lat' dir='ltr'><strong>hac</strong></span> <span class='ocrx_word' id='word_1_479' title='bbox 696 3789 1010 3844; x_wconf 87' lang='lat' dir='ltr'><strong>deﬁnitione</strong></span> <span class='ocrx_word' id='word_1_480' title='bbox 1032 3788 1522 3858; x_wconf 87' lang='lat' dir='ltr'><strong>pradestinationis</strong></span> <span class='ocrx_word' id='word_1_481' title='bbox 1540 3805 1637 3859; x_wconf 90' lang='lat' dir='ltr'><strong>per</strong></span> <span class='ocrx_word' id='word_1_482' title='bbox 1655 3798 1732 3844; x_wconf 86' lang='lat' dir='ltr'><strong>tot</strong></span> <span class='ocrx_word' id='word_1_483' title='bbox 1759 3805 1928 3845; x_wconf 90' lang='lat' dir='ltr'><strong>annos</strong></span> <span class='ocrx_word' id='word_1_484' title='bbox 1943 3791 2161 3847; x_wconf 91' lang='lat' dir='ltr'><strong>defensa</strong></span> 
     </span>
    </p>
   </div>
   <div class='ocr_carea' id='block_1_68' title="bbox 562 3881 2165 3953">
    <p class='ocr_par' dir='ltr' id='par_1_68' title="bbox 562 3881 2165 3953">
     <span class='ocr_line' id='line_1_68' title="bbox 562 3881 2165 3953; baseline 0.004 -18"><span class='ocrx_word' id='word_1_485' title='bbox 562 3891 648 3935; x_wconf 89' lang='lat' dir='ltr'><strong>est</strong></span> <span class='ocrx_word' id='word_1_486' title='bbox 672 3881 954 3938; x_wconf 68' lang='lat' dir='ltr'><strong>catholica,</strong></span> <span class='ocrx_word' id='word_1_487' title='bbox 979 3882 1134 3947; x_wconf 90' lang='lat' dir='ltr'><strong>ﬁdes,</strong></span> <span class='ocrx_word' id='word_1_488' title='bbox 1169 3901 1188 3934; x_wconf 77' lang='grc' dir='ltr'><strong><em>ι</em></strong></span> <span class='ocrx_word' id='word_1_489' title='bbox 1221 3883 1459 3939; x_wconf 90' lang='lat' dir='ltr'><strong>ostendit</strong></span> <span class='ocrx_word' id='word_1_490' title='bbox 1479 3885 1588 3953; x_wconf 89' lang='lat' dir='ltr'><strong>jam</strong></span> <span class='ocrx_word' id='word_1_491' title='bbox 1618 3885 1745 3938; x_wconf 87' lang='lat' dir='ltr'><strong>olim</strong></span> <span class='ocrx_word' id='word_1_492' title='bbox 1795 3893 1920 3940; x_wconf 91' lang='lat' dir='ltr'><strong>ante</strong></span> <span class='ocrx_word' id='word_1_493' title='bbox 1945 3894 2165 3942; x_wconf 86' lang='lat' dir='ltr'><strong>exertos</strong></span> 
     </span>
    </p>
   </div>
   <div class='ocr_carea' id='block_1_69' title="bbox 565 3972 2164 4047">
    <p class='ocr_par' dir='ltr' id='par_1_69' title="bbox 565 3972 2164 4047">
     <span class='ocr_line' id='line_1_69' title="bbox 565 3972 2164 4047; baseline 0.003 -19"><span class='ocrx_word' id='word_1_494' title='bbox 565 3972 883 4043; x_wconf 89' lang='lat' dir='ltr'><strong>Pelagianos</strong></span> <span class='ocrx_word' id='word_1_495' title='bbox 932 3976 1121 4030; x_wconf 88' lang='lat' dir='ltr'><strong>eadem</strong></span> <span class='ocrx_word' id='word_1_496' title='bbox 1174 3990 1234 4032; x_wconf 88' lang='lat' dir='ltr'><strong>se</strong></span> <span class='ocrx_word' id='word_1_497' title='bbox 1265 3975 1515 4032; x_wconf 91' lang='lat' dir='ltr'><strong>docuisse</strong></span> <span class='ocrx_word' id='word_1_498' title='bbox 1547 4017 1563 4041; x_wconf 92' lang='lat'><strong>,</strong></span> <span class='ocrx_word' id='word_1_499' title='bbox 1594 3991 1713 4047; x_wconf 91' lang='lat' dir='ltr'><strong>qua</strong></span> <span class='ocrx_word' id='word_1_500' title='bbox 1745 3986 1933 4046; x_wconf 88' lang='lat' dir='ltr'><strong>postea</strong></span> <span class='ocrx_word' id='word_1_501' title='bbox 1974 3987 2164 4033; x_wconf 87' lang='lat' dir='ltr'><strong>contra</strong></span> 
     </span>
    </p>
   </div>
   <div class='ocr_carea' id='block_1_70' title="bbox 565 4065 2168 4136">
    <p class='ocr_par' dir='ltr' id='par_1_70' title="bbox 565 4065 2168 4136">
     <span class='ocr_line' id='line_1_70' title="bbox 565 4065 2168 4136; baseline 0.003 -16"><span class='ocrx_word' id='word_1_502' title='bbox 565 4065 786 4121; x_wconf 90' lang='lat' dir='ltr'><strong>eosdem</strong></span> <span class='ocrx_word' id='word_1_503' title='bbox 830 4066 1113 4135; x_wconf 85' lang='lat' dir='ltr'><strong>operosius</strong></span> <span class='ocrx_word' id='word_1_504' title='bbox 1159 4075 1217 4122; x_wconf 91' lang='lat' dir='ltr'><strong>et</strong></span> <span class='ocrx_word' id='word_1_505' title='bbox 1245 4067 1558 4136; x_wconf 86' lang='lat' dir='ltr'><strong>diligentius</strong></span> <span class='ocrx_word' id='word_1_506' title='bbox 1601 4067 1978 4124; x_wconf 90' lang='lat' dir='ltr'><strong>demonstrare</strong></span> <span class='ocrx_word' id='word_1_507' title='bbox 2017 4082 2168 4124; x_wconf 89' lang='lat' dir='ltr'><strong>com-</strong></span> 
     </span>
    </p>
   </div>
   <div class='ocr_carea' id='block_1_71' title="bbox 567 4158 2168 4230">
    <p class='ocr_par' dir='ltr' id='par_1_71' title="bbox 567 4158 2168 4230">
     <span class='ocr_line' id='line_1_71' title="bbox 567 4158 2168 4230; baseline 0.001 -18"><span class='ocrx_word' id='word_1_508' title='bbox 567 4159 758 4227; x_wconf 87' lang='lat' dir='ltr'><strong>pulsus</strong></span> <span class='ocrx_word' id='word_1_509' title='bbox 787 4158 966 4213; x_wconf 88' lang='lat' dir='ltr'><strong>fuerat</strong></span> <span class='ocrx_word' id='word_1_510' title='bbox 999 4175 1014 4215; x_wconf 86' lang='lat'><strong>:</strong></span> <span class='ocrx_word' id='word_1_511' title='bbox 1059 4176 1078 4210; x_wconf 69' lang='grc' dir='ltr'>ι</span> <span class='ocrx_word' id='word_1_512' title='bbox 1119 4159 1532 4216; x_wconf 84' lang='lat' dir='ltr'><strong>Pradestinatio</strong></span> <span class='ocrx_word' id='word_1_513' title='bbox 1555 4201 1570 4225; x_wconf 95' lang='lat'><strong>,</strong></span> <span class='ocrx_word' id='word_1_514' title='bbox 1604 4161 1796 4230; x_wconf 89' lang='lat' dir='ltr'><strong>inquit,</strong></span> <span class='ocrx_word' id='word_1_515' title='bbox 1829 4160 2168 4230; x_wconf 87' lang='lat' dir='ltr'><strong>pradicanda</strong></span> 
     </span>
    </p>
   </div>
   <div class='ocr_carea' id='block_1_72' title="bbox 569 4251 2168 4324">
    <p class='ocr_par' dir='ltr' id='par_1_72' title="bbox 569 4251 2168 4324">
     <span class='ocr_line' id='line_1_72' title="bbox 569 4251 2168 4324; baseline 0.003 -18"><span class='ocrx_word' id='word_1_516' title='bbox 569 4259 676 4316; x_wconf 90' lang='lat' dir='ltr'><strong>est,</strong></span> <span class='ocrx_word' id='word_1_517' title='bbox 729 4261 786 4305; x_wconf 90' lang='lat' dir='ltr'><strong>ut</strong></span> <span class='ocrx_word' id='word_1_518' title='bbox 814 4253 985 4321; x_wconf 89' lang='lat' dir='ltr'><strong>possit</strong></span> <span class='ocrx_word' id='word_1_519' title='bbox 1033 4265 1164 4307; x_wconf 87' lang='lat' dir='ltr'><strong>vera</strong></span> <span class='ocrx_word' id='word_1_520' title='bbox 1192 4251 1286 4307; x_wconf 93' lang='lat' dir='ltr'><strong>Dei</strong></span> <span class='ocrx_word' id='word_1_521' title='bbox 1319 4254 1513 4322; x_wconf 85' lang='lat' dir='ltr'><strong>gratia,</strong></span> <span class='ocrx_word' id='word_1_522' title='bbox 1539 4253 1643 4308; x_wconf 89' lang='lat' dir='ltr'><strong>hoc</strong></span> <span class='ocrx_word' id='word_1_523' title='bbox 1672 4262 1757 4309; x_wconf 91' lang='lat' dir='ltr'><strong>est</strong></span> <span class='ocrx_word' id='word_1_524' title='bbox 1807 4269 1927 4324; x_wconf 87' lang='lat' dir='ltr'><strong>qtta</strong></span> <span class='ocrx_word' id='word_1_525' title='bbox 1957 4269 2063 4309; x_wconf 92' lang='lat' dir='ltr'><strong>non</strong></span> <span class='ocrx_word' id='word_1_526' title='bbox 2093 4269 2168 4310; x_wconf 88' lang='lat' dir='ltr'><strong>se-</strong></span> 
     </span>
    </p>
   </div>
   <div class='ocr_carea' id='block_1_73' title="bbox 568 4340 2162 4414">
    <p class='ocr_par' dir='ltr' id='par_1_73' title="bbox 568 4340 2162 4414">
     <span class='ocr_line' id='line_1_73' title="bbox 568 4340 2162 4414; baseline 0.001 -14"><span class='ocrx_word' id='word_1_527' title='bbox 568 4340 804 4400; x_wconf 72' lang='lat' dir='ltr'><strong>cundum</strong></span> <span class='ocrx_word' id='word_1_528' title='bbox 837 4344 1026 4399; x_wconf 87' lang='lat' dir='ltr'><strong>merita</strong></span> <span class='ocrx_word' id='word_1_529' title='bbox 1057 4352 1239 4399; x_wconf 85' lang='lat' dir='ltr'><strong>nostra</strong></span> <span class='ocrx_word' id='word_1_530' title='bbox 1270 4344 1448 4411; x_wconf 91' lang='lat' dir='ltr'><strong>datur,</strong></span> <span class='ocrx_word' id='word_1_531' title='bbox 1474 4345 1823 4414; x_wconf 89' lang='lat' dir='ltr'><strong>insuperabili</strong></span> <span class='ocrx_word' id='word_1_532' title='bbox 1858 4347 2162 4402; x_wconf 88' lang='lat' dir='ltr'><strong>munitione</strong></span> 
     </span>
    </p>
   </div>
   <div class='ocr_carea' id='block_1_74' title="bbox 568 4435 2166 4506">
    <p class='ocr_par' dir='ltr' id='par_1_74' title="bbox 568 4435 2166 4506">
     <span class='ocr_line' id='line_1_74' title="bbox 568 4435 2166 4506; baseline 0.001 -15"><span class='ocrx_word' id='word_1_533' title='bbox 568 4435 808 4503; x_wconf 87' lang='lat' dir='ltr'><strong>defendi,</strong></span> <span class='ocrx_word' id='word_1_534' title='bbox 850 4456 868 4488; x_wconf 72' lang='grc' dir='ltr'><strong>ι</strong></span> <span class='ocrx_word' id='word_1_535' title='bbox 903 4451 1024 4506; x_wconf 91' lang='lat' dir='ltr'><strong>cap.</strong></span> <span class='ocrx_word' id='word_1_536' title='bbox 1066 4436 1157 4490; x_wconf 72' lang='lat' dir='ltr'><strong>2L</strong></span> <span class='ocrx_word' id='word_1_537' title='bbox 1212 4435 1282 4490; x_wconf 86' lang='lat' dir='ltr'><strong>Et</strong></span> <span class='ocrx_word' id='word_1_538' title='bbox 1325 4435 1542 4506; x_wconf 89' lang='lat' dir='ltr'><strong>quidem</strong></span> <span class='ocrx_word' id='word_1_539' title='bbox 1584 4445 1804 4493; x_wconf 88' lang='lat' dir='ltr'><strong>sanctus</strong></span> <span class='ocrx_word' id='word_1_540' title='bbox 1834 4439 2022 4493; x_wconf 89' lang='lat' dir='ltr'><strong>doctor</strong></span> <span class='ocrx_word' id='word_1_541' title='bbox 2063 4439 2166 4493; x_wconf 83' lang='lat' dir='ltr'><strong>do-</strong></span> 
     </span>
    </p>
   </div>
   <div class='ocr_carea' id='block_1_75' title="bbox 569 4527 2167 4598">
    <p class='ocr_par' dir='ltr' id='par_1_75' title="bbox 569 4527 2167 4598">
     <span class='ocr_line' id='line_1_75' title="bbox 569 4527 2167 4598; baseline 0.001 -16"><span class='ocrx_word' id='word_1_542' title='bbox 569 4545 696 4583; x_wconf 88' lang='lat' dir='ltr'><strong>num</strong></span> <span class='ocrx_word' id='word_1_543' title='bbox 730 4528 851 4584; x_wconf 85' lang='lat' dir='ltr'><strong>tidei</strong></span> <span class='ocrx_word' id='word_1_544' title='bbox 881 4536 936 4583; x_wconf 88' lang='lat' dir='ltr'><strong>et</strong></span> <span class='ocrx_word' id='word_1_545' title='bbox 974 4527 1199 4598; x_wconf 90' lang='lat' dir='ltr'><strong>primam</strong></span> <span class='ocrx_word' id='word_1_546' title='bbox 1250 4527 1481 4598; x_wconf 91' lang='lat' dir='ltr'><strong>gratiam</strong></span> <span class='ocrx_word' id='word_1_547' title='bbox 1532 4542 1604 4583; x_wconf 82' lang='lat' dir='ltr'><strong>ex</strong></span> <span class='ocrx_word' id='word_1_548' title='bbox 1656 4529 1905 4585; x_wconf 88' lang='lat' dir='ltr'><strong>absoluto</strong></span> <span class='ocrx_word' id='word_1_549' title='bbox 1948 4529 2167 4586; x_wconf 89' lang='lat' dir='ltr'><strong>decreto</strong></span> 
     </span>
    </p>
   </div>
   <div class='ocr_carea' id='block_1_76' title="bbox 2267 3323 3797 3398">
    <p class='ocr_par' dir='ltr' id='par_1_76' title="bbox 2267 3323 3797 3398">
     <span class='ocr_line' id='line_1_76' title="bbox 2267 3323 3797 3398; baseline -0.011 -14"><span class='ocrx_word' id='word_1_550' title='bbox 2267 3339 2393 3384; x_wconf 89' lang='lat' dir='ltr'><strong>sunt</strong></span> <span class='ocrx_word' id='word_1_551' title='bbox 2423 3332 2710 3398; x_wconf 89' lang='lat' dir='ltr'><strong>pharmaca</strong></span> <span class='ocrx_word' id='word_1_552' title='bbox 2765 3326 2910 3395; x_wconf 93' lang='lat' dir='ltr'><strong>quod</strong></span> <span class='ocrx_word' id='word_1_553' title='bbox 2966 3324 3117 3380; x_wconf 89' lang='lat' dir='ltr'><strong>initio</strong></span> <span class='ocrx_word' id='word_1_554' title='bbox 3146 3323 3370 3394; x_wconf 90' lang='lat' dir='ltr'><strong>quidem</strong></span> <span class='ocrx_word' id='word_1_555' title='bbox 3428 3328 3605 3388; x_wconf 89' lang='lat' dir='ltr'><strong>sorpta</strong></span> <span class='ocrx_word' id='word_1_556' title='bbox 3653 3326 3797 3372; x_wconf 88' lang='lat' dir='ltr'><strong>stoma-</strong></span> 
     </span>
    </p>
   </div>
   <div class='ocr_carea' id='block_1_77' title="bbox 2268 3407 3795 3478">
    <p class='ocr_par' dir='ltr' id='par_1_77' title="bbox 2268 3407 3795 3478">
     <span class='ocr_line' id='line_1_77' title="bbox 2268 3407 3795 3478; baseline -0.013 0"><span class='ocrx_word' id='word_1_557' title='bbox 2268 3423 2432 3478; x_wconf 90' lang='lat' dir='ltr'><strong>chum</strong></span> <span class='ocrx_word' id='word_1_558' title='bbox 2464 3422 2830 3477; x_wconf 89' lang='lat' dir='ltr'><strong>delicatiorem</strong></span> <span class='ocrx_word' id='word_1_559' title='bbox 2864 3418 3082 3473; x_wconf 89' lang='lat' dir='ltr'><strong>turbare</strong></span> <span class='ocrx_word' id='word_1_560' title='bbox 3120 3419 3320 3472; x_wconf 88' lang='lat' dir='ltr'><strong>solent.</strong></span> <span class='ocrx_word' id='word_1_561' title='bbox 3375 3412 3526 3468; x_wconf 88' lang='lat' dir='ltr'><strong>Haud</strong></span> <span class='ocrx_word' id='word_1_562' title='bbox 3549 3411 3680 3466; x_wconf 90' lang='lat' dir='ltr'><strong>salus</strong></span> <span class='ocrx_word' id='word_1_563' title='bbox 3716 3407 3795 3461; x_wconf 76' lang='lat' dir='ltr'><strong>illo-</strong></span> 
     </span>
    </p>
   </div>
   <div class='ocr_carea' id='block_1_78' title="bbox 2269 3496 3800 3584">
    <p class='ocr_par' dir='ltr' id='par_1_78' title="bbox 2269 3496 3800 3584">
     <span class='ocr_line' id='line_1_78' title="bbox 2269 3496 3800 3584; baseline -0.016 -13"><span class='ocrx_word' id='word_1_564' title='bbox 2269 3531 2388 3571; x_wconf 90' lang='lat' dir='ltr'><strong>rum</strong></span> <span class='ocrx_word' id='word_1_565' title='bbox 2446 3513 2746 3584; x_wconf 90' lang='lat' dir='ltr'><strong>periclitata</strong></span> <span class='ocrx_word' id='word_1_566' title='bbox 2793 3518 2897 3573; x_wconf 88' lang='lat' dir='ltr'><strong>est,</strong></span> <span class='ocrx_word' id='word_1_567' title='bbox 2945 3509 3036 3578; x_wconf 94' lang='lat' dir='ltr'><strong>qui</strong></span> <span class='ocrx_word' id='word_1_568' title='bbox 3086 3510 3138 3563; x_wconf 91' lang='lat' dir='ltr'><strong>in</strong></span> <span class='ocrx_word' id='word_1_569' title='bbox 3173 3496 3480 3578; x_wconf 81' lang='lat' dir='ltr'><strong>quastione</strong></span> <span class='ocrx_word' id='word_1_570' title='bbox 3537 3502 3735 3558; x_wconf 78' lang='lat' dir='ltr'><strong>nondum</strong></span> <span class='ocrx_word' id='word_1_571' title='bbox 3758 3496 3800 3548; x_wconf 84' lang='lat' dir='ltr'><strong>ab</strong></span> 
     </span>
    </p>
   </div>
   <div class='ocr_carea' id='block_1_79' title="bbox 2271 3590 3800 3676">
    <p class='ocr_par' dir='ltr' id='par_1_79' title="bbox 2271 3590 3800 3676">
     <span class='ocr_line' id='line_1_79' title="bbox 2271 3590 3800 3676; baseline -0.015 -14"><span class='ocrx_word' id='word_1_572' title='bbox 2271 3605 2570 3676; x_wconf 88' lang='lat' dir='ltr'><strong>apostolica</strong></span> <span class='ocrx_word' id='word_1_573' title='bbox 2611 3603 2741 3657; x_wconf 91' lang='lat' dir='ltr'><strong>sede</strong></span> <span class='ocrx_word' id='word_1_574' title='bbox 2769 3601 2950 3655; x_wconf 87' lang='lat' dir='ltr'><strong>decisa</strong></span> <span class='ocrx_word' id='word_1_575' title='bbox 2983 3616 3090 3654; x_wconf 84' lang='lat' dir='ltr'><strong>non</strong></span> <span class='ocrx_word' id='word_1_576' title='bbox 3134 3599 3203 3652; x_wconf 89' lang='lat' dir='ltr'><strong>ita</strong></span> <span class='ocrx_word' id='word_1_577' title='bbox 3234 3612 3295 3654; x_wconf 89' lang='lat' dir='ltr'><strong>se</strong></span> <span class='ocrx_word' id='word_1_578' title='bbox 3337 3597 3526 3652; x_wconf 92' lang='lat' dir='ltr'><strong>faciles</strong></span> <span class='ocrx_word' id='word_1_579' title='bbox 3556 3590 3800 3663; x_wconf 73' lang='lat' dir='ltr'><strong>praebebant</strong></span> 
     </span>
    </p>
   </div>
   <div class='ocr_carea' id='block_1_80' title="bbox 2270 3686 3799 3767">
    <p class='ocr_par' dir='ltr' id='par_1_80' title="bbox 2270 3686 3799 3767">
     <span class='ocr_line' id='line_1_80' title="bbox 2270 3686 3799 3767; baseline -0.014 -12"><span class='ocrx_word' id='word_1_580' title='bbox 2270 3701 2338 3755; x_wconf 87' lang='lat' dir='ltr'><strong>ad</strong></span> <span class='ocrx_word' id='word_1_581' title='bbox 2370 3696 2814 3767; x_wconf 83' lang='lat' dir='ltr'><strong>Augustinianam</strong></span> <span class='ocrx_word' id='word_1_582' title='bbox 2848 3695 3167 3749; x_wconf 91' lang='lat' dir='ltr'><strong>sententiam</strong></span> <span class='ocrx_word' id='word_1_583' title='bbox 3226 3689 3618 3761; x_wconf 89' lang='lat' dir='ltr'><strong>recipiendam;</strong></span> <span class='ocrx_word' id='word_1_584' title='bbox 3657 3686 3799 3740; x_wconf 87' lang='lat' dir='ltr'><strong>scimus</strong></span> 
     </span>
    </p>
   </div>
   <div class='ocr_carea' id='block_1_81' title="bbox 2270 3782 3798 3856">
    <p class='ocr_par' dir='ltr' id='par_1_81' title="bbox 2270 3782 3798 3856">
     <span class='ocr_line' id='line_1_81' title="bbox 2270 3782 3798 3856; baseline -0.013 -8"><span class='ocrx_word' id='word_1_585' title='bbox 2270 3795 2417 3848; x_wconf 85' lang='lat' dir='ltr'><strong>enim</strong></span> <span class='ocrx_word' id='word_1_586' title='bbox 2445 3792 2783 3856; x_wconf 87' lang='lat' dir='ltr'><strong>Cassianum,</strong></span> <span class='ocrx_word' id='word_1_587' title='bbox 2843 3790 3125 3854; x_wconf 88' lang='lat' dir='ltr'><strong>Faustum,</strong></span> <span class='ocrx_word' id='word_1_588' title='bbox 3179 3785 3445 3840; x_wconf 90' lang='lat' dir='ltr'><strong>Hilarium</strong></span> <span class='ocrx_word' id='word_1_589' title='bbox 3502 3782 3798 3839; x_wconf 82' lang='lat' dir='ltr'><strong>Arelatensem</strong></span> 
     </span>
    </p>
   </div>
   <div class='ocr_carea' id='block_1_82' title="bbox 2271 3873 3798 3954">
    <p class='ocr_par' dir='ltr' id='par_1_82' title="bbox 2271 3873 3798 3954">
     <span class='ocr_line' id='line_1_82' title="bbox 2271 3873 3798 3954; baseline -0.011 -14"><span class='ocrx_word' id='word_1_590' title='bbox 2271 3887 2608 3954; x_wconf 90' lang='lat' dir='ltr'><strong>episcopum,</strong></span> <span class='ocrx_word' id='word_1_591' title='bbox 2634 3883 2724 3952; x_wconf 91' lang='lat' dir='ltr'><strong>qui</strong></span> <span class='ocrx_word' id='word_1_592' title='bbox 2753 3881 3352 3951; x_wconf 85' lang='lat' dir='ltr'><strong>Semi-Pelagianorum</strong></span> <span class='ocrx_word' id='word_1_593' title='bbox 3395 3877 3651 3948; x_wconf 89' lang='lat' dir='ltr'><strong>principes</strong></span> <span class='ocrx_word' id='word_1_594' title='bbox 3679 3873 3798 3932; x_wconf 82' lang='lat' dir='ltr'><strong>fuere,</strong></span> 
     </span>
    </p>
   </div>
   <div class='ocr_carea' id='block_1_83' title="bbox 2272 3960 3798 4040">
    <p class='ocr_par' dir='ltr' id='par_1_83' title="bbox 2272 3960 3798 4040">
     <span class='ocr_line' id='line_1_83' title="bbox 2272 3960 3798 4040; baseline -0.013 -9"><span class='ocrx_word' id='word_1_595' title='bbox 2272 3978 2351 4031; x_wconf 92' lang='lat' dir='ltr'><strong>uti</strong></span> <span class='ocrx_word' id='word_1_596' title='bbox 2377 3985 2596 4031; x_wconf 91' lang='lat' dir='ltr'><strong>sanctos</strong></span> <span class='ocrx_word' id='word_1_597' title='bbox 2629 3975 2681 4028; x_wconf 91' lang='lat' dir='ltr'><strong>in</strong></span> <span class='ocrx_word' id='word_1_598' title='bbox 2711 3974 2902 4030; x_wconf 89' lang='lat' dir='ltr'><strong>Galliis</strong></span> <span class='ocrx_word' id='word_1_599' title='bbox 2932 3973 3059 4038; x_wconf 90' lang='lat' dir='ltr'><strong>coli,</strong></span> <span class='ocrx_word' id='word_1_600' title='bbox 3097 3981 3152 4025; x_wconf 91' lang='lat' dir='ltr'><strong>ut</strong></span> <span class='ocrx_word' id='word_1_601' title='bbox 3195 3972 3246 4025; x_wconf 93' lang='lat' dir='ltr'><strong>in</strong></span> <span class='ocrx_word' id='word_1_602' title='bbox 3278 3969 3560 4040; x_wconf 87' lang='lat' dir='ltr'><strong>Pelagiana</strong></span> <span class='ocrx_word' id='word_1_603' title='bbox 3607 3960 3798 4020; x_wconf 77' lang='lat' dir='ltr'><strong>Historia,</strong></span> 
     </span>
    </p>
   </div>
   <div class='ocr_carea' id='block_1_84' title="bbox 2271 4060 3799 4136">
    <p class='ocr_par' dir='ltr' id='par_1_84' title="bbox 2271 4060 3799 4136">
     <span class='ocr_line' id='line_1_84' title="bbox 2271 4060 3799 4136; baseline -0.012 -13"><span class='ocrx_word' id='word_1_604' title='bbox 2271 4069 2366 4124; x_wconf 93' lang='lat' dir='ltr'><strong>lib.</strong></span> <span class='ocrx_word' id='word_1_605' title='bbox 2427 4084 2484 4134; x_wconf 90' lang='lat' dir='ltr'><strong>ll,</strong></span> <span class='ocrx_word' id='word_1_606' title='bbox 2520 4081 2639 4136; x_wconf 92' lang='lat' dir='ltr'><strong>cap.</strong></span> <span class='ocrx_word' id='word_1_607' title='bbox 2688 4066 2774 4131; x_wconf 73' lang='grc'><strong>12,</strong></span> <span class='ocrx_word' id='word_1_608' title='bbox 2810 4066 2964 4120; x_wconf 90' lang='lat' dir='ltr'><strong>nobis</strong></span> <span class='ocrx_word' id='word_1_609' title='bbox 3009 4065 3340 4133; x_wconf 88' lang='lat' dir='ltr'><strong>descriptum</strong></span> <span class='ocrx_word' id='word_1_610' title='bbox 3375 4070 3481 4117; x_wconf 89' lang='lat' dir='ltr'><strong>est.</strong></span> <span class='ocrx_word' id='word_1_611' title='bbox 3531 4060 3649 4127; x_wconf 88' lang='lat' dir='ltr'><strong>Quis</strong></span> <span class='ocrx_word' id='word_1_612' title='bbox 3672 4066 3799 4110; x_wconf 86' lang='lat' dir='ltr'><strong>autem</strong></span> 
     </span>
    </p>
   </div>
   <div class='ocr_carea' id='block_1_85' title="bbox 2274 4149 3801 4227">
    <p class='ocr_par' dir='ltr' id='par_1_85' title="bbox 2274 4149 3801 4227">
     <span class='ocr_line' id='line_1_85' title="bbox 2274 4149 3801 4227; baseline -0.012 -12"><span class='ocrx_word' id='word_1_613' title='bbox 2274 4176 2385 4215; x_wconf 92' lang='lat' dir='ltr'><strong>non</strong></span> <span class='ocrx_word' id='word_1_614' title='bbox 2417 4162 2645 4216; x_wconf 91' lang='lat' dir='ltr'><strong>moleste</strong></span> <span class='ocrx_word' id='word_1_615' title='bbox 2702 4159 2838 4214; x_wconf 87' lang='lat' dir='ltr'><strong>lerat</strong></span> <span class='ocrx_word' id='word_1_616' title='bbox 2869 4158 3200 4213; x_wconf 88' lang='lat' dir='ltr'><strong>recentiores</strong></span> <span class='ocrx_word' id='word_1_617' title='bbox 3235 4155 3518 4227; x_wconf 79' lang='lat' dir='ltr'><strong>Augustini</strong></span> <span class='ocrx_word' id='word_1_618' title='bbox 3569 4149 3801 4206; x_wconf 82' lang='lat' dir='ltr'><strong>doctrinam</strong></span> 
     </span>
    </p>
   </div>
   <div class='ocr_carea' id='block_1_86' title="bbox 2272 4245 3800 4306">
    <p class='ocr_par' dir='ltr' id='par_1_86' title="bbox 2272 4245 3800 4306">
     <span class='ocr_line' id='line_1_86' title="bbox 2272 4245 3800 4306; baseline -0.008 -1"><span class='ocrx_word' id='word_1_619' title='bbox 2272 4252 2351 4306; x_wconf 90' lang='lat' dir='ltr'><strong>uti</strong></span> <span class='ocrx_word' id='word_1_620' title='bbox 2383 4251 2778 4305; x_wconf 90' lang='lat' dir='ltr'><strong>Gallicanarum</strong></span> <span class='ocrx_word' id='word_1_621' title='bbox 2829 4251 3063 4304; x_wconf 86' lang='lat' dir='ltr'><strong>rixarum</strong></span> <span class='ocrx_word' id='word_1_622' title='bbox 3118 4262 3340 4303; x_wconf 90' lang='lat' dir='ltr'><strong>causam</strong></span> <span class='ocrx_word' id='word_1_623' title='bbox 3394 4245 3677 4306; x_wconf 84' lang='lat' dir='ltr'><strong>traducere,</strong></span> <span class='ocrx_word' id='word_1_624' title='bbox 3717 4250 3800 4293; x_wconf 85' lang='lat' dir='ltr'><strong>cum</strong></span> 
     </span>
    </p>
   </div>
   <div class='ocr_carea' id='block_1_87' title="bbox 2274 4333 3800 4410">
    <p class='ocr_par' dir='ltr' id='par_1_87' title="bbox 2274 4333 3800 4410">
     <span class='ocr_line' id='line_1_87' title="bbox 2274 4333 3800 4410; baseline -0.011 -12"><span class='ocrx_word' id='word_1_625' title='bbox 2274 4343 2496 4398; x_wconf 88' lang='lat' dir='ltr'><strong>easdem</strong></span> <span class='ocrx_word' id='word_1_626' title='bbox 2538 4344 2759 4397; x_wconf 91' lang='lat' dir='ltr'><strong>omnino</strong></span> <span class='ocrx_word' id='word_1_627' title='bbox 2805 4341 3180 4398; x_wconf 88' lang='lat' dir='ltr'><strong>contentiones</strong></span> <span class='ocrx_word' id='word_1_628' title='bbox 3209 4356 3314 4396; x_wconf 90' lang='lat' dir='ltr'><strong>una</strong></span> <span class='ocrx_word' id='word_1_629' title='bbox 3345 4342 3462 4410; x_wconf 90' lang='lat' dir='ltr'><strong>ipsa</strong></span> <span class='ocrx_word' id='word_1_630' title='bbox 3491 4333 3728 4394; x_wconf 83' lang='lat' dir='ltr'><strong>sedaverit</strong></span> <span class='ocrx_word' id='word_1_631' title='bbox 3747 4340 3800 4382; x_wconf 84' lang='lat' dir='ltr'><strong>at-</strong></span> 
     </span>
    </p>
   </div>
   <div class='ocr_carea' id='block_1_88' title="bbox 2273 4432 3800 4504">
    <p class='ocr_par' dir='ltr' id='par_1_88' title="bbox 2273 4432 3800 4504">
     <span class='ocr_line' id='line_1_88' title="bbox 2273 4432 3800 4504; baseline -0.009 -15"><span class='ocrx_word' id='word_1_632' title='bbox 2273 4449 2380 4504; x_wconf 90' lang='lat' dir='ltr'><strong>que</strong></span> <span class='ocrx_word' id='word_1_633' title='bbox 2405 4435 2708 4502; x_wconf 86' lang='lat' dir='ltr'><strong>sustulerit,</strong></span> <span class='ocrx_word' id='word_1_634' title='bbox 2753 4433 3191 4504; x_wconf 89' lang='lat' dir='ltr'><strong>quandoquidem</strong></span> <span class='ocrx_word' id='word_1_635' title='bbox 3247 4432 3564 4488; x_wconf 86' lang='lat' dir='ltr'><strong>Arausicani</strong></span> <span class='ocrx_word' id='word_1_636' title='bbox 3605 4435 3800 4486; x_wconf 85' lang='lat' dir='ltr'><strong>canones,</strong></span> 
     </span>
    </p>
   </div>
   <div class='ocr_carea' id='block_1_89' title="bbox 2273 4517 3801 4596">
    <p class='ocr_par' dir='ltr' id='par_1_89' title="bbox 2273 4517 3801 4596">
     <span class='ocr_line' id='line_1_89' title="bbox 2273 4517 3801 4596; baseline -0.009 -15"><span class='ocrx_word' id='word_1_637' title='bbox 2273 4527 2365 4596; x_wconf 92' lang='lat' dir='ltr'><strong>qui</strong></span> <span class='ocrx_word' id='word_1_638' title='bbox 2396 4541 2581 4596; x_wconf 91' lang='lat' dir='ltr'><strong>pacem</strong></span> <span class='ocrx_word' id='word_1_639' title='bbox 2612 4525 2805 4580; x_wconf 90' lang='lat' dir='ltr'><strong>Galliis</strong></span> <span class='ocrx_word' id='word_1_640' title='bbox 2835 4524 3056 4590; x_wconf 90' lang='lat' dir='ltr'><strong>dedere,</strong></span> <span class='ocrx_word' id='word_1_641' title='bbox 3088 4523 3378 4592; x_wconf 85' lang='lat' dir='ltr'><strong>exscripta</strong></span> <span class='ocrx_word' id='word_1_642' title='bbox 3409 4523 3476 4576; x_wconf 92' lang='lat' dir='ltr'><strong>ad</strong></span> <span class='ocrx_word' id='word_1_643' title='bbox 3505 4520 3702 4576; x_wconf 82' lang='lat' dir='ltr'><strong>verbum</strong></span> <span class='ocrx_word' id='word_1_644' title='bbox 3726 4517 3801 4569; x_wconf 81' lang='lat' dir='ltr'><strong>Au-</strong></span> 
     </span>
    </p>
   </div>
   <div class='ocr_carea' id='block_1_90' title="bbox 568 4611 3797 4691">
    <p class='ocr_par' dir='ltr' id='par_1_90' title="bbox 568 4611 3797 4691">
     <span class='ocr_line' id='line_1_90' title="bbox 568 4611 3797 4691; baseline -0.006 -15"><span class='ocrx_word' id='word_1_645' title='bbox 568 4620 667 4677; x_wconf 87' lang='lat' dir='ltr'><strong>Dei</strong></span> <span class='ocrx_word' id='word_1_646' title='bbox 722 4619 1024 4690; x_wconf 76' lang='lat' dir='ltr'><strong>Suspendit,</strong></span> <span class='ocrx_word' id='word_1_647' title='bbox 1076 4634 1182 4689; x_wconf 92' lang='lat' dir='ltr'><strong>quo</strong></span> <span class='ocrx_word' id='word_1_648' title='bbox 1237 4619 1416 4676; x_wconf 90' lang='lat' dir='ltr'><strong>omnia</strong></span> <span class='ocrx_word' id='word_1_649' title='bbox 1473 4635 1692 4689; x_wconf 91' lang='lat' dir='ltr'><strong>prorsus</strong></span> <span class='ocrx_word' id='word_1_650' title='bbox 1748 4621 1941 4678; x_wconf 89' lang='lat' dir='ltr'><strong>merita</strong></span> <span class='ocrx_word' id='word_1_651' title='bbox 1988 4621 2164 4676; x_wconf 91' lang='lat' dir='ltr'><strong>divina</strong></span> <span class='ocrx_word' id='word_1_652' title='bbox 2192 4632 2246 4691; x_wconf 82' lang='grc' dir='ltr'><strong>ι)</strong></span> <span class='ocrx_word' id='word_1_653' title='bbox 2273 4618 2479 4688; x_wconf 87' lang='lat' dir='ltr'><strong>gustini</strong></span> <span class='ocrx_word' id='word_1_654' title='bbox 2528 4617 2810 4672; x_wconf 86' lang='lat' dir='ltr'><strong>sententia</strong></span> <span class='ocrx_word' id='word_1_655' title='bbox 2838 4616 2998 4670; x_wconf 86' lang='lat' dir='ltr'><strong>sunt?</strong></span> <span class='ocrx_word' id='word_1_656' title='bbox 3038 4616 3192 4682; x_wconf 85' lang='lat' dir='ltr'><strong>Quod</strong></span> <span class='ocrx_word' id='word_1_657' title='bbox 3234 4615 3389 4669; x_wconf 91' lang='lat' dir='ltr'><strong>initio</strong></span> <span class='ocrx_word' id='word_1_658' title='bbox 3419 4614 3624 4683; x_wconf 88' lang='lat' dir='ltr'><strong>quidem</strong></span> <span class='ocrx_word' id='word_1_659' title='bbox 3654 4611 3797 4662; x_wconf 86' lang='lat' dir='ltr'><strong>factum</strong></span> 
     </span>
    </p>
   </div>
   <div class='ocr_carea' id='block_1_91' title="bbox 566 4713 2165 4788">
    <p class='ocr_par' dir='ltr' id='par_1_91' title="bbox 566 4713 2165 4788">
     <span class='ocr_line' id='line_1_91' title="bbox 566 4713 2165 4788; baseline 0 -18"><span class='ocrx_word' id='word_1_660' title='bbox 566 4715 740 4786; x_wconf 88' lang='lat' dir='ltr'><strong>gratia</strong></span> <span class='ocrx_word' id='word_1_661' title='bbox 769 4714 1129 4771; x_wconf 89' lang='lat' dir='ltr'><strong>antecederet.</strong></span> <span class='ocrx_word' id='word_1_662' title='bbox 1185 4713 1319 4769; x_wconf 89' lang='lat' dir='ltr'><strong>Hinc</strong></span> <span class='ocrx_word' id='word_1_663' title='bbox 1363 4714 1814 4784; x_wconf 85' lang='lat' dir='ltr'><strong>Semi-Pelagiani</strong></span> <span class='ocrx_word' id='word_1_664' title='bbox 1865 4715 2165 4788; x_wconf 87' lang='lat' dir='ltr'><strong>Augustino</strong></span> 
     </span>
    </p>
   </div>
   <div class='ocr_carea' id='block_1_92' title="bbox 571 4803 2165 4877">
    <p class='ocr_par' dir='ltr' id='par_1_92' title="bbox 571 4803 2165 4877">
     <span class='ocr_line' id='line_1_92' title="bbox 571 4803 2165 4877; baseline -0.002 -15"><span class='ocrx_word' id='word_1_665' title='bbox 571 4806 757 4863; x_wconf 85' lang='lat' dir='ltr'><strong>hostes</strong></span> <span class='ocrx_word' id='word_1_666' title='bbox 807 4807 935 4862; x_wconf 83' lang='lat' dir='ltr'><strong>facti</strong></span> <span class='ocrx_word' id='word_1_667' title='bbox 966 4821 1064 4877; x_wconf 89' lang='lat' dir='ltr'><strong>per</strong></span> <span class='ocrx_word' id='word_1_668' title='bbox 1093 4815 1308 4861; x_wconf 91' lang='lat' dir='ltr'><strong>centum</strong></span> <span class='ocrx_word' id='word_1_669' title='bbox 1342 4803 1456 4862; x_wconf 89' lang='lat' dir='ltr'><strong>fere</strong></span> <span class='ocrx_word' id='word_1_670' title='bbox 1506 4819 1677 4862; x_wconf 90' lang='lat' dir='ltr'><strong>annos</strong></span> <span class='ocrx_word' id='word_1_671' title='bbox 1727 4806 1895 4862; x_wconf 91' lang='lat' dir='ltr'><strong>variis</strong></span> <span class='ocrx_word' id='word_1_672' title='bbox 1926 4805 2165 4860; x_wconf 90' lang='lat' dir='ltr'><strong>dissidiis</strong></span> 
     </span>
    </p>
   </div>
   <div class='ocr_carea' id='block_1_93' title="bbox 570 4895 2168 4968">
    <p class='ocr_par' dir='ltr' id='par_1_93' title="bbox 570 4895 2168 4968">
     <span class='ocr_line' id='line_1_93' title="bbox 570 4895 2168 4968; baseline -0.001 -14"><span class='ocrx_word' id='word_1_673' title='bbox 570 4897 774 4954; x_wconf 86' lang='lat' dir='ltr'><strong>Gallias</strong></span> <span class='ocrx_word' id='word_1_674' title='bbox 803 4895 1118 4967; x_wconf 84' lang='lat' dir='ltr'><strong>fatigarunt,</strong></span> <span class='ocrx_word' id='word_1_675' title='bbox 1150 4897 1324 4952; x_wconf 87' lang='lat' dir='ltr'><strong>donec</strong></span> <span class='ocrx_word' id='word_1_676' title='bbox 1353 4897 1407 4951; x_wconf 91' lang='lat' dir='ltr'><strong>in</strong></span> <span class='ocrx_word' id='word_1_677' title='bbox 1438 4898 1772 4952; x_wconf 86' lang='lat' dir='ltr'><strong>Arausicaua</strong></span> <span class='ocrx_word' id='word_1_678' title='bbox 1801 4898 2008 4968; x_wconf 81' lang='lat' dir='ltr'><strong>synodo</strong></span> <span class='ocrx_word' id='word_1_679' title='bbox 2042 4912 2076 4950; x_wconf 91' lang='lat' dir='ltr'><strong>n</strong></span> <span class='ocrx_word' id='word_1_680' title='bbox 2099 4912 2168 4952; x_wconf 78' lang='lat' dir='ltr'><strong>ex</strong></span> 
     </span>
    </p>
   </div>
   <div class='ocr_carea' id='block_1_94' title="bbox 573 4989 2194 5061">
    <p class='ocr_par' dir='ltr' id='par_1_94' title="bbox 573 4989 2194 5061">
     <span class='ocr_line' id='line_1_94' title="bbox 573 4989 2194 5061; baseline -0.003 -15"><span class='ocrx_word' id='word_1_681' title='bbox 573 4991 861 5061; x_wconf 84' lang='lat' dir='ltr'><strong>Augustini</strong></span> <span class='ocrx_word' id='word_1_682' title='bbox 891 4990 1046 5045; x_wconf 90' lang='lat' dir='ltr'><strong>libris</strong></span> <span class='ocrx_word' id='word_1_683' title='bbox 1092 4989 1233 5044; x_wconf 88' lang='lat' dir='ltr'><strong>datis</strong></span> <span class='ocrx_word' id='word_1_684' title='bbox 1285 4989 1566 5058; x_wconf 89' lang='lat' dir='ltr'><strong>responsis</strong></span> <span class='ocrx_word' id='word_1_685' title='bbox 1597 4991 1864 5044; x_wconf 88' lang='lat' dir='ltr'><strong>diuturna</strong></span> <span class='ocrx_word' id='word_1_686' title='bbox 1894 4990 1999 5043; x_wconf 88' lang='lat' dir='ltr'><strong>illa</strong></span> <span class='ocrx_word' id='word_1_687' title='bbox 2029 4989 2194 5043; x_wconf 76' lang='lat' dir='ltr'><strong>inter‘</strong></span> 
     </span>
    </p>
   </div>
   <div class='ocr_carea' id='block_1_95' title="bbox 578 5080 2168 5150">
    <p class='ocr_par' dir='ltr' id='par_1_95' title="bbox 578 5080 2168 5150">
     <span class='ocr_line' id='line_1_95' title="bbox 578 5080 2168 5150; baseline -0.001 -14"><span class='ocrx_word' id='word_1_688' title='bbox 578 5082 770 5136; x_wconf 81' lang='lat' dir='ltr'><strong>doctos</strong></span> <span class='ocrx_word' id='word_1_689' title='bbox 800 5082 1052 5137; x_wconf 88' lang='lat' dir='ltr'><strong>homines</strong></span> <span class='ocrx_word' id='word_1_690' title='bbox 1100 5080 1316 5150; x_wconf 86' lang='lat' dir='ltr'><strong>agitata</strong></span> <span class='ocrx_word' id='word_1_691' title='bbox 1345 5081 1718 5135; x_wconf 89' lang='lat' dir='ltr'><strong>contentiones</strong></span> <span class='ocrx_word' id='word_1_692' title='bbox 1767 5080 1933 5142; x_wconf 80' lang='lat' dir='ltr'><strong>ﬁnem</strong></span> <span class='ocrx_word' id='word_1_693' title='bbox 1965 5085 2168 5135; x_wconf 88' lang='lat' dir='ltr'><strong>sortita</strong></span> 
     </span>
    </p>
   </div>
   <div class='ocr_carea' id='block_1_96' title="bbox 576 5172 2168 5242">
    <p class='ocr_par' dir='ltr' id='par_1_96' title="bbox 576 5172 2168 5242">
     <span class='ocr_line' id='line_1_96' title="bbox 576 5172 2168 5242; baseline 0.001 -17"><span class='ocrx_word' id='word_1_694' title='bbox 576 5181 725 5226; x_wconf 85' lang='lat' dir='ltr'><strong>sunt.</strong></span> <span class='ocrx_word' id='word_1_695' title='bbox 759 5172 967 5227; x_wconf 78' lang='lat' dir='ltr'><strong>Nullius</strong></span> <span class='ocrx_word' id='word_1_696' title='bbox 997 5187 1132 5227; x_wconf 89' lang='lat' dir='ltr'><strong>sane</strong></span> <span class='ocrx_word' id='word_1_697' title='bbox 1160 5172 1335 5241; x_wconf 87' lang='lat' dir='ltr'><strong>culpa</strong></span> <span class='ocrx_word' id='word_1_698' title='bbox 1365 5173 1698 5242; x_wconf 90' lang='lat' dir='ltr'><strong>Augustinus</strong></span> <span class='ocrx_word' id='word_1_699' title='bbox 1739 5186 1864 5228; x_wconf 89' lang='lat' dir='ltr'><strong>reus</strong></span> <span class='ocrx_word' id='word_1_700' title='bbox 1902 5172 2027 5226; x_wconf 90' lang='lat' dir='ltr'><strong>inde</strong></span> <span class='ocrx_word' id='word_1_701' title='bbox 2058 5183 2168 5226; x_wconf 68' lang='lat' dir='ltr'><strong>tra«</strong></span> 
     </span>
    </p>
   </div>
   <div class='ocr_carea' id='block_1_97' title="bbox 578 5261 2166 5329">
    <p class='ocr_par' dir='ltr' id='par_1_97' title="bbox 578 5261 2166 5329">
     <span class='ocr_line' id='line_1_97' title="bbox 578 5261 2166 5329; baseline 0.001 -13"><span class='ocrx_word' id='word_1_702' title='bbox 578 5261 858 5317; x_wconf 88' lang='lat' dir='ltr'><strong>ducendus</strong></span> <span class='ocrx_word' id='word_1_703' title='bbox 886 5273 989 5329; x_wconf 92' lang='lat' dir='ltr'><strong>est,</strong></span> <span class='ocrx_word' id='word_1_704' title='bbox 1024 5265 1134 5318; x_wconf 87' lang='lat' dir='ltr'><strong>imo</strong></span> <span class='ocrx_word' id='word_1_705' title='bbox 1167 5264 1394 5318; x_wconf 90' lang='lat' dir='ltr'><strong>summis</strong></span> <span class='ocrx_word' id='word_1_706' title='bbox 1424 5263 1565 5318; x_wconf 84' lang='lat' dir='ltr'><strong>idem</strong></span> <span class='ocrx_word' id='word_1_707' title='bbox 1598 5263 1843 5316; x_wconf 88' lang='lat' dir='ltr'><strong>laudibus</strong></span> <span class='ocrx_word' id='word_1_708' title='bbox 1887 5277 2166 5317; x_wconf 86' lang='lat' dir='ltr'><strong>commen-</strong></span> 
     </span>
    </p>
   </div>
   <div class='ocr_carea' id='block_1_98' title="bbox 580 5352 2170 5425">
    <p class='ocr_par' dir='ltr' id='par_1_98' title="bbox 580 5352 2170 5425">
     <span class='ocr_line' id='line_1_98' title="bbox 580 5352 2170 5425; baseline 0.003 -19"><span class='ocrx_word' id='word_1_709' title='bbox 580 5352 789 5407; x_wconf 84' lang='lat' dir='ltr'><strong>dandus</strong></span> <span class='ocrx_word' id='word_1_710' title='bbox 819 5356 984 5420; x_wconf 90' lang='lat' dir='ltr'><strong>venit,</strong></span> <span class='ocrx_word' id='word_1_711' title='bbox 1019 5356 1109 5424; x_wconf 91' lang='lat' dir='ltr'><strong>qui</strong></span> <span class='ocrx_word' id='word_1_712' title='bbox 1172 5354 1759 5424; x_wconf 75' lang='lat' dir='ltr'><strong>Semi-Pelagianorum</strong></span> <span class='ocrx_word' id='word_1_713' title='bbox 1803 5369 1906 5410; x_wconf 91' lang='lat' dir='ltr'><strong>nec</strong></span> <span class='ocrx_word' id='word_1_714' title='bbox 1954 5355 2170 5425; x_wconf 86' lang='lat' dir='ltr'><strong>sapien-</strong></span> 
     </span>
    </p>
   </div>
   <div class='ocr_carea' id='block_1_99' title="bbox 582 5445 2172 5516">
    <p class='ocr_par' dir='ltr' id='par_1_99' title="bbox 582 5445 2172 5516">
     <span class='ocr_line' id='line_1_99' title="bbox 582 5445 2172 5516; baseline 0.003 -19"><span class='ocrx_word' id='word_1_715' title='bbox 582 5445 659 5498; x_wconf 86' lang='lat' dir='ltr'><strong>tia</strong></span> <span class='ocrx_word' id='word_1_716' title='bbox 689 5461 787 5501; x_wconf 85' lang='lat' dir='ltr'><strong>nec</strong></span> <span class='ocrx_word' id='word_1_717' title='bbox 842 5449 1163 5503; x_wconf 87' lang='lat' dir='ltr'><strong>auctoritate</strong></span> <span class='ocrx_word' id='word_1_718' title='bbox 1220 5449 1533 5516; x_wconf 82' lang='lat' dir='ltr'><strong>deterritus,</strong></span> <span class='ocrx_word' id='word_1_719' title='bbox 1591 5448 1838 5503; x_wconf 84' lang='lat' dir='ltr'><strong>traditam</strong></span> <span class='ocrx_word' id='word_1_720' title='bbox 1886 5448 2053 5502; x_wconf 86' lang='lat' dir='ltr'><strong>semel</strong></span> <span class='ocrx_word' id='word_1_721' title='bbox 2101 5448 2172 5502; x_wconf 88' lang='lat' dir='ltr'><strong>de</strong></span> 
     </span>
    </p>
   </div>
   <div class='ocr_carea' id='block_1_100' title="bbox 581 5537 2169 5610">
    <p class='ocr_par' dir='ltr' id='par_1_100' title="bbox 581 5537 2169 5610">
     <span class='ocr_line' id='line_1_100' title="bbox 581 5537 2169 5610; baseline 0.001 -19"><span class='ocrx_word' id='word_1_722' title='bbox 581 5537 762 5592; x_wconf 87' lang='lat' dir='ltr'><strong>divina</strong></span> <span class='ocrx_word' id='word_1_723' title='bbox 805 5541 972 5607; x_wconf 89' lang='lat' dir='ltr'><strong>gratia</strong></span> <span class='ocrx_word' id='word_1_724' title='bbox 1004 5549 1167 5610; x_wconf 84' lang='lat' dir='ltr'><strong>atque</strong></span> <span class='ocrx_word' id='word_1_725' title='bbox 1197 5540 1670 5606; x_wconf 83' lang='lat' dir='ltr'><strong>pradestinatione</strong></span> <span class='ocrx_word' id='word_1_726' title='bbox 1703 5539 1770 5593; x_wconf 92' lang='lat' dir='ltr'><strong>ad</strong></span> <span class='ocrx_word' id='word_1_727' title='bbox 1818 5539 2028 5593; x_wconf 90' lang='lat' dir='ltr'><strong>initium</strong></span> <span class='ocrx_word' id='word_1_728' title='bbox 2061 5539 2169 5594; x_wconf 89' lang='lat' dir='ltr'><strong>sal-</strong></span> 
     </span>
    </p>
   </div>
   <div class='ocr_carea' id='block_1_101' title="bbox 584 5632 2170 5703">
    <p class='ocr_par' dir='ltr' id='par_1_101' title="bbox 584 5632 2170 5703">
     <span class='ocr_line' id='line_1_101' title="bbox 584 5632 2170 5703; baseline -0.001 -15"><span class='ocrx_word' id='word_1_729' title='bbox 584 5642 693 5689; x_wconf 89' lang='lat' dir='ltr'><strong>tem</strong></span> <span class='ocrx_word' id='word_1_730' title='bbox 725 5632 846 5688; x_wconf 88' lang='lat' dir='ltr'><strong>ﬁdei</strong></span> <span class='ocrx_word' id='word_1_731' title='bbox 879 5633 1040 5703; x_wconf 84' lang='lat' dir='ltr'><strong>(quod</strong></span> <span class='ocrx_word' id='word_1_732' title='bbox 1078 5636 1131 5688; x_wconf 90' lang='lat' dir='ltr'><strong>in</strong></span> <span class='ocrx_word' id='word_1_733' title='bbox 1161 5634 1409 5689; x_wconf 90' lang='lat' dir='ltr'><strong>confesso</strong></span> <span class='ocrx_word' id='word_1_734' title='bbox 1439 5644 1522 5690; x_wconf 90' lang='lat' dir='ltr'><strong>est</strong></span> <span class='ocrx_word' id='word_1_735' title='bbox 1541 5632 1682 5702; x_wconf 89' lang='lat' dir='ltr'><strong>apud</strong></span> <span class='ocrx_word' id='word_1_736' title='bbox 1711 5637 1922 5701; x_wconf 84' lang='lat' dir='ltr'><strong>omnes)</strong></span> <span class='ocrx_word' id='word_1_737' title='bbox 1953 5642 2170 5687; x_wconf 87' lang='lat' dir='ltr'><strong>senten-</strong></span> 
     </span>
    </p>
   </div>
   <div class='ocr_carea' id='block_1_102' title="bbox 587 5725 2167 5796">
    <p class='ocr_par' dir='ltr' id='par_1_102' title="bbox 587 5725 2167 5796">
     <span class='ocr_line' id='line_1_102' title="bbox 587 5725 2167 5796; baseline 0.001 -18"><span class='ocrx_word' id='word_1_738' title='bbox 587 5727 716 5780; x_wconf 91' lang='lat' dir='ltr'><strong>tiam</strong></span> <span class='ocrx_word' id='word_1_739' title='bbox 751 5725 986 5795; x_wconf 88' lang='lat' dir='ltr'><strong>pluribus</strong></span> <span class='ocrx_word' id='word_1_740' title='bbox 1036 5726 1444 5792; x_wconf 81' lang='lat' dir='ltr'><strong>demonstravit,</strong></span> <span class='ocrx_word' id='word_1_741' title='bbox 1480 5741 1654 5794; x_wconf 86' lang='lat' dir='ltr'><strong>neque</strong></span> <span class='ocrx_word' id='word_1_742' title='bbox 1709 5741 1803 5794; x_wconf 89' lang='lat' dir='ltr'><strong>per</strong></span> <span class='ocrx_word' id='word_1_743' title='bbox 1831 5726 2004 5796; x_wconf 89' lang='lat' dir='ltr'><strong>ipsum</strong></span> <span class='ocrx_word' id='word_1_744' title='bbox 2058 5725 2167 5780; x_wconf 94' lang='lat' dir='ltr'><strong>ullo</strong></span> 
     </span>
    </p>
   </div>
   <div class='ocr_carea' id='block_1_103' title="bbox 592 5818 2165 5891">
    <p class='ocr_par' dir='ltr' id='par_1_103' title="bbox 592 5818 2165 5891">
     <span class='ocr_line' id='line_1_103' title="bbox 592 5818 2165 5891; baseline 0.004 -17"><span class='ocrx_word' id='word_1_745' title='bbox 592 5823 754 5877; x_wconf 85' lang='lat' dir='ltr'><strong>modo</strong></span> <span class='ocrx_word' id='word_1_746' title='bbox 805 5822 952 5876; x_wconf 85' lang='lat' dir='ltr'><strong>stetit</strong></span> <span class='ocrx_word' id='word_1_747' title='bbox 979 5823 1104 5891; x_wconf 88' lang='lat' dir='ltr'><strong>quin</strong></span> <span class='ocrx_word' id='word_1_748' title='bbox 1137 5823 1314 5880; x_wconf 89' lang='lat' dir='ltr'><strong>missis</strong></span> <span class='ocrx_word' id='word_1_749' title='bbox 1345 5823 1396 5878; x_wconf 85' lang='lat' dir='ltr'><strong>in</strong></span> <span class='ocrx_word' id='word_1_750' title='bbox 1440 5820 1669 5876; x_wconf 87' lang='lat' dir='ltr'><strong>Galliam</strong></span> <span class='ocrx_word' id='word_1_751' title='bbox 1699 5818 1908 5876; x_wconf 90' lang='lat' dir='ltr'><strong>duobus</strong></span> <span class='ocrx_word' id='word_1_752' title='bbox 1938 5821 2165 5889; x_wconf 81' lang='lat' dir='ltr'><strong>pracla-</strong></span> 
     </span>
    </p>
   </div>
   <div class='ocr_carea' id='block_1_104' title="bbox 2273 4699 3800 4782">
    <p class='ocr_par' dir='ltr' id='par_1_104' title="bbox 2273 4699 3800 4782">
     <span class='ocr_line' id='line_1_104' title="bbox 2273 4699 3800 4782; baseline -0.01 -14"><span class='ocrx_word' id='word_1_753' title='bbox 2273 4715 2482 4780; x_wconf 87' lang='lat' dir='ltr'><strong>fuisset,</strong></span> <span class='ocrx_word' id='word_1_754' title='bbox 2514 4711 2560 4767; x_wconf 90' lang='lat' dir='ltr'><strong>si</strong></span> <span class='ocrx_word' id='word_1_755' title='bbox 2606 4710 3055 4782; x_wconf 87' lang='lat' dir='ltr'><strong>Semi-Pelagiani</strong></span> <span class='ocrx_word' id='word_1_756' title='bbox 3084 4711 3254 4765; x_wconf 88' lang='lat' dir='ltr'><strong>sancti</strong></span> <span class='ocrx_word' id='word_1_757' title='bbox 3288 4709 3523 4765; x_wconf 86' lang='lat' dir='ltr'><strong>doctoris</strong></span> <span class='ocrx_word' id='word_1_758' title='bbox 3569 4699 3800 4760; x_wconf 78' lang='lat' dir='ltr'><strong>sententias</strong></span> 
     </span>
    </p>
   </div>
   <div class='ocr_carea' id='block_1_105' title="bbox 2273 4788 3798 4875">
    <p class='ocr_par' dir='ltr' id='par_1_105' title="bbox 2273 4788 3798 4875">
     <span class='ocr_line' id='line_1_105' title="bbox 2273 4788 3798 4875; baseline -0.014 -13"><span class='ocrx_word' id='word_1_759' title='bbox 2273 4808 2514 4875; x_wconf 90' lang='lat' dir='ltr'><strong>recipere</strong></span> <span class='ocrx_word' id='word_1_760' title='bbox 2572 4804 2910 4868; x_wconf 88' lang='lat' dir='ltr'><strong>maluissent,</strong></span> <span class='ocrx_word' id='word_1_761' title='bbox 2969 4817 3130 4871; x_wconf 88' lang='lat' dir='ltr'><strong>quam</strong></span> <span class='ocrx_word' id='word_1_762' title='bbox 3188 4802 3395 4857; x_wconf 90' lang='lat' dir='ltr'><strong>eisdem</strong></span> <span class='ocrx_word' id='word_1_763' title='bbox 3448 4788 3798 4855; x_wconf 86' lang='lat' dir='ltr'><strong>contradicendo</strong></span> 
     </span>
    </p>
   </div>
   <div class='ocr_carea' id='block_1_106' title="bbox 2275 4891 3797 4969">
    <p class='ocr_par' dir='ltr' id='par_1_106' title="bbox 2275 4891 3797 4969">
     <span class='ocr_line' id='line_1_106' title="bbox 2275 4891 3797 4969; baseline -0.011 -16"><span class='ocrx_word' id='word_1_764' title='bbox 2275 4899 2608 4969; x_wconf 90' lang='lat' dir='ltr'><strong>provinciam</strong></span> <span class='ocrx_word' id='word_1_765' title='bbox 2638 4894 3069 4950; x_wconf 88' lang='lat' dir='ltr'><strong>dissensionibus</strong></span> <span class='ocrx_word' id='word_1_766' title='bbox 3095 4894 3391 4949; x_wconf 90' lang='lat' dir='ltr'><strong>involvere.</strong></span> <span class='ocrx_word' id='word_1_767' title='bbox 3426 4893 3500 4947; x_wconf 81' lang='lat' dir='ltr'><strong>Ex</strong></span> <span class='ocrx_word' id='word_1_768' title='bbox 3533 4892 3626 4956; x_wconf 91' lang='lat' dir='ltr'><strong>his,</strong></span> <span class='ocrx_word' id='word_1_769' title='bbox 3651 4897 3696 4940; x_wconf 93' lang='lat' dir='ltr'><strong>ut</strong></span> <span class='ocrx_word' id='word_1_770' title='bbox 3715 4891 3797 4937; x_wconf 82' lang='lat' dir='ltr'><strong>ante</strong></span> 
     </span>
    </p>
   </div>
   <div class='ocr_carea' id='block_1_107' title="bbox 2275 4979 3798 5055">
    <p class='ocr_par' dir='ltr' id='par_1_107' title="bbox 2275 4979 3798 5055">
     <span class='ocr_line' id='line_1_107' title="bbox 2275 4979 3798 5055; baseline -0.009 -11"><span class='ocrx_word' id='word_1_771' title='bbox 2275 4990 2661 5053; x_wconf 89' lang='lat' dir='ltr'><strong>inferebamus,</strong></span> <span class='ocrx_word' id='word_1_772' title='bbox 2697 4987 2906 5041; x_wconf 91' lang='lat' dir='ltr'><strong>illarum</strong></span> <span class='ocrx_word' id='word_1_773' title='bbox 2933 4987 3212 5040; x_wconf 90' lang='lat' dir='ltr'><strong>turbarum</strong></span> <span class='ocrx_word' id='word_1_774' title='bbox 3243 4986 3395 5055; x_wconf 84' lang='lat' dir='ltr'><strong>origo</strong></span> <span class='ocrx_word' id='word_1_775' title='bbox 3425 4999 3528 5040; x_wconf 94' lang='lat' dir='ltr'><strong>non</strong></span> <span class='ocrx_word' id='word_1_776' title='bbox 3560 4984 3608 5037; x_wconf 92' lang='lat' dir='ltr'><strong>in</strong></span> <span class='ocrx_word' id='word_1_777' title='bbox 3645 4979 3798 5045; x_wconf 80' lang='lat' dir='ltr'><strong>Augus-</strong></span> 
     </span>
    </p>
   </div>
   <div class='ocr_carea' id='block_1_108' title="bbox 2275 5072 3796 5150">
    <p class='ocr_par' dir='ltr' id='par_1_108' title="bbox 2275 5072 3796 5150">
     <span class='ocr_line' id='line_1_108' title="bbox 2275 5072 3796 5150; baseline -0.007 -14"><span class='ocrx_word' id='word_1_778' title='bbox 2275 5085 2444 5137; x_wconf 91' lang='lat' dir='ltr'><strong>tinum</strong></span> <span class='ocrx_word' id='word_1_779' title='bbox 2464 5123 2478 5147; x_wconf 95' lang='lat'><strong>,</strong></span> <span class='ocrx_word' id='word_1_780' title='bbox 2509 5082 2604 5136; x_wconf 88' lang='lat' dir='ltr'><strong>sed</strong></span> <span class='ocrx_word' id='word_1_781' title='bbox 2637 5084 2690 5136; x_wconf 93' lang='lat' dir='ltr'><strong>in</strong></span> <span class='ocrx_word' id='word_1_782' title='bbox 2732 5080 2977 5150; x_wconf 86' lang='lat' dir='ltr'><strong>ejusdem</strong></span> <span class='ocrx_word' id='word_1_783' title='bbox 3029 5080 3213 5134; x_wconf 91' lang='lat' dir='ltr'><strong>hostes</strong></span> <span class='ocrx_word' id='word_1_784' title='bbox 3241 5078 3531 5149; x_wconf 85' lang='lat' dir='ltr'><strong>rejicienda</strong></span> <span class='ocrx_word' id='word_1_785' title='bbox 3560 5083 3651 5131; x_wconf 91' lang='lat' dir='ltr'><strong>est.</strong></span> <span class='ocrx_word' id='word_1_786' title='bbox 3676 5072 3796 5125; x_wconf 76' lang='lat' dir='ltr'><strong>Porro</strong></span> 
     </span>
    </p>
   </div>
   <div class='ocr_carea' id='block_1_109' title="bbox 2275 5169 3795 5243">
    <p class='ocr_par' dir='ltr' id='par_1_109' title="bbox 2275 5169 3795 5243">
     <span class='ocr_line' id='line_1_109' title="bbox 2275 5169 3795 5243; baseline -0.011 -14"><span class='ocrx_word' id='word_1_787' title='bbox 2275 5175 2468 5229; x_wconf 79' lang='lat' dir='ltr'><strong>falsum</strong></span> <span class='ocrx_word' id='word_1_788' title='bbox 2495 5183 2596 5238; x_wconf 87' lang='lat' dir='ltr'><strong>est,</strong></span> <span class='ocrx_word' id='word_1_789' title='bbox 2625 5173 2769 5243; x_wconf 90' lang='lat' dir='ltr'><strong>quod</strong></span> <span class='ocrx_word' id='word_1_790' title='bbox 2797 5173 2982 5228; x_wconf 88' lang='lat' dir='ltr'><strong>scribit</strong></span> <span class='ocrx_word' id='word_1_791' title='bbox 3009 5173 3248 5227; x_wconf 74' lang='lat' dir='ltr'><strong>Adam&#39;us</strong></span> <span class='ocrx_word' id='word_1_792' title='bbox 3280 5187 3398 5243; x_wconf 86' lang='lat' dir='ltr'><strong>pag.</strong></span> <span class='ocrx_word' id='word_1_793' title='bbox 3453 5170 3574 5237; x_wconf 84' lang='lat' dir='ltr'><strong>6l0,</strong></span> <span class='ocrx_word' id='word_1_794' title='bbox 3603 5169 3648 5221; x_wconf 90' lang='lat' dir='ltr'><strong>in</strong></span> <span class='ocrx_word' id='word_1_795' title='bbox 3675 5169 3795 5218; x_wconf 86' lang='lat' dir='ltr'><strong>mate-</strong></span> 
     </span>
    </p>
   </div>
   <div class='ocr_carea' id='block_1_110' title="bbox 2276 5262 3793 5337">
    <p class='ocr_par' dir='ltr' id='par_1_110' title="bbox 2276 5262 3793 5337">
     <span class='ocr_line' id='line_1_110' title="bbox 2276 5262 3793 5337; baseline -0.009 -14"><span class='ocrx_word' id='word_1_796' title='bbox 2276 5269 2353 5323; x_wconf 89' lang='lat' dir='ltr'><strong>ria</strong></span> <span class='ocrx_word' id='word_1_797' title='bbox 2406 5268 2474 5323; x_wconf 91' lang='lat' dir='ltr'><strong>de</strong></span> <span class='ocrx_word' id='word_1_798' title='bbox 2501 5270 2668 5337; x_wconf 88' lang='lat' dir='ltr'><strong>gratia</strong></span> <span class='ocrx_word' id='word_1_799' title='bbox 2700 5277 2756 5323; x_wconf 92' lang='lat' dir='ltr'><strong>et</strong></span> <span class='ocrx_word' id='word_1_800' title='bbox 2794 5266 3270 5337; x_wconf 83' lang='lat' dir='ltr'><strong>pradestinatione</strong></span> <span class='ocrx_word' id='word_1_801' title='bbox 3300 5265 3580 5320; x_wconf 87' lang='lat' dir='ltr'><strong>nonnullos</strong></span> <span class='ocrx_word' id='word_1_802' title='bbox 3620 5262 3793 5314; x_wconf 52' lang='lat' dir='ltr'><strong>sectalo&#39;</strong></span> 
     </span>
    </p>
   </div>
   <div class='ocr_carea' id='block_1_111' title="bbox 2276 5356 3809 5430">
    <p class='ocr_par' dir='ltr' id='par_1_111' title="bbox 2276 5356 3809 5430">
     <span class='ocr_line' id='line_1_111' title="bbox 2276 5356 3809 5430; baseline -0.011 -14"><span class='ocrx_word' id='word_1_803' title='bbox 2276 5377 2394 5416; x_wconf 88' lang='lat' dir='ltr'><strong>rum</strong></span> <span class='ocrx_word' id='word_1_804' title='bbox 2425 5364 2596 5417; x_wconf 83' lang='lat' dir='ltr'><strong>sancti</strong></span> <span class='ocrx_word' id='word_1_805' title='bbox 2627 5361 2908 5430; x_wconf 87' lang='lat' dir='ltr'><strong>Augustini</strong></span> <span class='ocrx_word' id='word_1_806' title='bbox 2939 5361 3114 5430; x_wconf 88' lang='lat' dir='ltr'><strong>ipsttm</strong></span> <span class='ocrx_word' id='word_1_807' title='bbox 3159 5360 3478 5422; x_wconf 80' lang='lat' dir='ltr'><strong>deseruisse,</strong></span> <span class='ocrx_word' id='word_1_808' title='bbox 3511 5356 3588 5412; x_wconf 88' lang='lat' dir='ltr'><strong>vel</strong></span> <span class='ocrx_word' id='word_1_809' title='bbox 3620 5366 3704 5408; x_wconf 91' lang='lat' dir='ltr'><strong>non</strong></span> <span class='ocrx_word' id='word_1_810' title='bbox 3729 5359 3809 5418; x_wconf 66' lang='grc' dir='ltr'><strong>δυσ,</strong></span> 
     </span>
    </p>
   </div>
   <div class='ocr_carea' id='block_1_112' title="bbox 2276 5444 3788 5523">
    <p class='ocr_par' dir='ltr' id='par_1_112' title="bbox 2276 5444 3788 5523">
     <span class='ocr_line' id='line_1_112' title="bbox 2276 5444 3788 5523; baseline -0.01 -15"><span class='ocrx_word' id='word_1_811' title='bbox 2276 5469 2365 5509; x_wconf 90' lang='lat' dir='ltr'><strong>sos</strong></span> <span class='ocrx_word' id='word_1_812' title='bbox 2391 5470 2511 5510; x_wconf 92' lang='lat' dir='ltr'><strong>eum</strong></span> <span class='ocrx_word' id='word_1_813' title='bbox 2547 5455 2755 5522; x_wconf 83' lang='lat' dir='ltr'><strong>publice</strong></span> <span class='ocrx_word' id='word_1_814' title='bbox 2801 5465 2908 5509; x_wconf 88' lang='lat' dir='ltr'><strong>tum</strong></span> <span class='ocrx_word' id='word_1_815' title='bbox 2941 5456 3199 5523; x_wconf 71' lang='lat' dir='ltr'><strong>temporis</strong></span> <span class='ocrx_word' id='word_1_816' title='bbox 3234 5456 3286 5509; x_wconf 90' lang='lat' dir='ltr'><strong>in</strong></span> <span class='ocrx_word' id='word_1_817' title='bbox 3337 5453 3519 5509; x_wconf 82' lang='lat' dir='ltr'><strong>Galliis</strong></span> <span class='ocrx_word' id='word_1_818' title='bbox 3547 5444 3788 5503; x_wconf 83' lang='lat' dir='ltr'><strong>defendere.</strong></span> 
     </span>
    </p>
   </div>
   <div class='ocr_carea' id='block_1_113' title="bbox 2276 5530 3788 5616">
    <p class='ocr_par' dir='ltr' id='par_1_113' title="bbox 2276 5530 3788 5616">
     <span class='ocr_line' id='line_1_113' title="bbox 2276 5530 3788 5616; baseline -0.01 -14"><span class='ocrx_word' id='word_1_819' title='bbox 2276 5547 2620 5602; x_wconf 88' lang='lat' dir='ltr'><strong>Contrarium</strong></span> <span class='ocrx_word' id='word_1_820' title='bbox 2676 5549 2817 5599; x_wconf 90' lang='lat' dir='ltr'><strong>enim</strong></span> <span class='ocrx_word' id='word_1_821' title='bbox 2870 5557 3136 5600; x_wconf 88' lang='lat' dir='ltr'><strong>testantur</strong></span> <span class='ocrx_word' id='word_1_822' title='bbox 3170 5548 3400 5616; x_wconf 84' lang='lat' dir='ltr'><strong>Prosper</strong></span> <span class='ocrx_word' id='word_1_823' title='bbox 3436 5554 3489 5600; x_wconf 91' lang='lat' dir='ltr'><strong>et</strong></span> <span class='ocrx_word' id='word_1_824' title='bbox 3537 5539 3734 5598; x_wconf 85' lang='lat' dir='ltr'><strong>Hilarius</strong></span> <span class='ocrx_word' id='word_1_825' title='bbox 3753 5530 3788 5582; x_wconf 86' lang='lat' dir='ltr'><strong>in</strong></span> 
     </span>
    </p>
   </div>
   <div class='ocr_carea' id='block_1_114' title="bbox 2276 5627 3787 5710">
    <p class='ocr_par' dir='ltr' id='par_1_114' title="bbox 2276 5627 3787 5710">
     <span class='ocr_line' id='line_1_114' title="bbox 2276 5627 3787 5710; baseline -0.003 -18"><span class='ocrx_word' id='word_1_826' title='bbox 2276 5640 2523 5708; x_wconf 89' lang='lat' dir='ltr'><strong>epistolis</strong></span> <span class='ocrx_word' id='word_1_827' title='bbox 2551 5655 2614 5694; x_wconf 90' lang='lat' dir='ltr'><strong>ea</strong></span> <span class='ocrx_word' id='word_1_828' title='bbox 2647 5639 2713 5694; x_wconf 90' lang='lat' dir='ltr'><strong>de</strong></span> <span class='ocrx_word' id='word_1_829' title='bbox 2745 5655 2802 5693; x_wconf 86' lang='lat' dir='ltr'><strong>re</strong></span> <span class='ocrx_word' id='word_1_830' title='bbox 2833 5640 2970 5695; x_wconf 89' lang='lat' dir='ltr'><strong>datis</strong></span> <span class='ocrx_word' id='word_1_831' title='bbox 3000 5640 3065 5692; x_wconf 90' lang='lat' dir='ltr'><strong>ad</strong></span> <span class='ocrx_word' id='word_1_832' title='bbox 3097 5643 3446 5710; x_wconf 80' lang='lat' dir='ltr'><strong>Augustinum</strong></span> <span class='ocrx_word' id='word_1_833' title='bbox 3480 5656 3493 5694; x_wconf 85' lang='lat'><strong>:</strong></span> <span class='ocrx_word' id='word_1_834' title='bbox 3531 5656 3547 5689; x_wconf 76' lang='grc' dir='ltr'>ί</span> <span class='ocrx_word' id='word_1_835' title='bbox 3567 5627 3787 5689; x_wconf 71' lang='grc' dir='ltr'><strong>Βθςεηεῑιο</strong></span> 
     </span>
    </p>
   </div>
   <div class='ocr_carea' id='block_1_115' title="bbox 2275 5721 3783 5802">
    <p class='ocr_par' dir='ltr' id='par_1_115' title="bbox 2275 5721 3783 5802">
     <span class='ocr_line' id='line_1_115' title="bbox 2275 5721 3783 5802; baseline -0.01 -17"><span class='ocrx_word' id='word_1_836' title='bbox 2275 5741 2477 5798; x_wconf 84' lang='lat' dir='ltr'><strong>autem,</strong></span> <span class='ocrx_word' id='word_1_837' title='bbox 2509 5731 2681 5801; x_wconf 86' lang='lat' dir='ltr'><strong>inquit</strong></span> <span class='ocrx_word' id='word_1_838' title='bbox 2712 5731 2967 5802; x_wconf 87' lang='lat' dir='ltr'><strong>Prosper,</strong></span> <span class='ocrx_word' id='word_1_839' title='bbox 3027 5733 3129 5787; x_wconf 80' lang='lat' dir='ltr'><strong>hoc</strong></span> <span class='ocrx_word' id='word_1_840' title='bbox 3178 5732 3522 5787; x_wconf 83' lang='lat' dir='ltr'><strong>Beatitudinis</strong></span> <span class='ocrx_word' id='word_1_841' title='bbox 3564 5737 3650 5782; x_wconf 81' lang='lat' dir='ltr'><strong>tua</strong></span> <span class='ocrx_word' id='word_1_842' title='bbox 3672 5721 3783 5775; x_wconf 81' lang='lat' dir='ltr'><strong>libro,</strong></span> 
     </span>
    </p>
   </div>
   <div class='ocr_carea' id='block_1_116' title="bbox 2273 5819 3784 5894">
    <p class='ocr_par' dir='ltr' id='par_1_116' title="bbox 2273 5819 3784 5894">
     <span class='ocr_line' id='line_1_116' title="bbox 2273 5819 3784 5894; baseline -0.004 -17"><span class='ocrx_word' id='word_1_843' title='bbox 2273 5823 2412 5879; x_wconf 90' lang='lat' dir='ltr'><strong>sicut</strong></span> <span class='ocrx_word' id='word_1_844' title='bbox 2433 5825 2521 5892; x_wconf 88' lang='lat' dir='ltr'><strong>qui</strong></span> <span class='ocrx_word' id='word_1_845' title='bbox 2553 5830 2792 5880; x_wconf 85' lang='lat' dir='ltr'><strong>sanctam</strong></span> <span class='ocrx_word' id='word_1_846' title='bbox 2836 5834 2996 5894; x_wconf 89' lang='lat' dir='ltr'><strong>atque</strong></span> <span class='ocrx_word' id='word_1_847' title='bbox 3045 5827 3391 5894; x_wconf 81' lang='lat' dir='ltr'><strong>apostolicam</strong></span> <span class='ocrx_word' id='word_1_848' title='bbox 3444 5819 3672 5878; x_wconf 76' lang='lat' dir='ltr'><strong>doctrina</strong></span> <span class='ocrx_word' id='word_1_849' title='bbox 3711 5821 3784 5863; x_wconf 65' lang='grc' dir='ltr'><strong>ιυτ</strong></span> 
     </span>
    </p>
   </div>
  </div>
