3974 6356
203 416 319 473 585

1392 392 1712 482 ‘v-ttvntcua
1748 419 2306 488 AUGUSTINIANAS.

3376 447 3479 505 580'

199 530 581 587 auctoritatem
660 539 823 589 antea
897 536 1279 608 sequebantur,
1346 539 1788 612 intelligentiores
1815 545 2131 605 Avitiarum
2160 550 2422 617 sapientia:
2474 562 2520 606 cl
2565 554 2789 611 εεὶεηιὶω
2812 555 2905 612 Dei
2932 558 2950 610 ,ν
2976 568 3076 614 etc.
3120 580 3137 612 υ
3173 561 3247 616 lta
3284 568 3477 621 summi

199 625 378 681 multo
407 624 886 700 instructioresque
933 640 1059 687 sunt
1088 632 1237 702 facti,
1270 634 1341 691 ita
1370 636 1793 707 qui'persuasio-

200 718 292 773 nis
325 733 437 776 sua:
478 719 917 789 impediebantur
967 726 1201 784 obscuro
1225 770 1240 794 ,
1303 730 1603 787 aversiores
1634 747 1791 801 quam

196 810 419 869 fuerant
474 827 837 875 recesserunt.
876 839 896 873 ι
956 820 1110 878 Unde
1159 824 1442 897 Augustini
1498 835 1792 884 sectatores

192 907 361 963 novis
388 907 616 966 subinde
640 925 671 967 a
699 922 888 969 sancto
916 914 1138 971 doctore
1186 915 1338 973 libris
1384 921 1643 990 acceptis,
1677 922 1793 977 ani-

194 998 407 1054 mosius
435 1000 677 1069 ejusdem
711 1014 890 1073 partes
920 1007 1276 1064 sustinebant.
1313 1009 1543 1067 Hilarius
1559 1026 1689 1068 vero
1718 1013 1791 1068 ita

190 1087 345 1145 fatur
375 1109 388 1144 :
427 1109 444 1143 ι
480 1092 615 1148 Sunt
654 1110 719 1151 ex
750 1107 907 1165 parte
946 1099 1077 1156 tales
1109 1116 1351 1171 personae
1382 1104 1601 1175 (nempe
1626 1105 1793 1162 Semi-

191 1180 519 1255 Pelagiani),
554 1195 610 1242 ut
641 1186 725 1243 his
775 1192 1164 1250 consuetudine
1198 1192 1576 1253 Ecclesiastica
1623 1198 1793 1256 laicos

191 1288 462 1332 summam
516 1283 872 1339 reverentiam
916 1300 1139 1342 necesse
1188 1287 1260 1341 sit
1303 1287 1582 1345 exhibere.
1636 1289 1790 1358 Quod

191 1367 412 1437 quidem
442 1369 516 1425 ita
538 1373 861 1443 curavimus,
889 1375 1259 1447 Deojuvante,
1288 1395 1529 1449 servare,
1562 1392 1641 1450 ut,
1668 1398 1790 1441 cum

188 1472 337 1529 Opus
368 1461 488 1528 fuit,
522 1478 628 1518 non
657 1476 956 1524 taceremus
987 1484 1107 1540 qua:
1144 1470 1213 1526 ad
1268 1475 1579 1542 quaestionis
1630 1474 1792 1547 hujus

187 1554 554 1612 assertionem
584 1556 847 1629 exiguitas
879 1570 1182 1619 nostrarum
1198 1565 1389 1623 virium
1420 1578 1784 1640 suggereret.»

186 1646 326 1705 Scio
353 1648 678 1721 Prosperum
731 1653 786 1710 in
829 1654 1057 1725 epistola
1113 1658 1299 1714 eadem
1345 1658 1498 1737 fateri
1529 1663 1789 1732 quosdam

185 1755 304 1797 non
336 1758 496 1799 ausos
527 1746 740 1814 publice
768 1748 1160 1819 Augustiniana
1213 1753 1552 1822 pronuntiata
1603 1756 1791 1813 defen-

187 1836 349 1904 dere,
381 1839 523 1910 quod
556 1856 666 1898 non
719 1840 844 1900 inde
891 1844 1090 1901 factum
1121 1856 1204 1904 est
1248 1851 1391 1919 quod
1441 1850 1534 1906 illa
1579 1851 1789 1908 creditu

1894 635 2093 707 ingenii
2124 639 2296 698 fasces
2337 647 2560 702 secretis
2587 648 2784 705 divinae
2834 653 3190 729 Providentia:
3240 660 3479 716 consiliis

1894 730 2221 803 Augustinus
2261 739 2535 807 submisit,
2565 744 2707 812 quod
2730 754 2785 800 et
2824 749 3153 804 recentiores
3183 750 3335 806 fateri
3389 768 3481 809 co-

1893 837 2112 896 guntur,
2146 830 2191 885 si
2230 843 2489 902 rogentur
2531 852 2626 893 cur
2650 839 2792 897 Deus
2819 841 2943 898 huic
2970 841 3063 900 det
3087 846 3313 914 gratiam
3351 861 3481 902 con-

1892 931 2098 987 gruam,
2132 923 2287 980 alteri
2318 940 2444 982 vero
2468 930 2661 999 neget?

1963 1013 2115 1079 Quod
2154 1016 2322 1085 addit,
2374 1022 2730 1091 Augustinum
2785 1025 3153 1097 imperfectam
3196 1030 3479 1102 reliquisse

1892 1102 2197 1163 inchoatam
2230 1125 2259 1164 a
2292 1127 2352 1166 se
2378 1111 2435 1168 in
2470 1114 2765 1184 Epistolam
2800 1120 2948 1175 Pauli
2986 1121 3054 1178 ad
3076 1122 3349 1180 Romanos
3375 1125 3479 1180 Ex-

1891 1198 2235 1267 positionem,
2280 1204 2465 1276 inqua
2510 1208 2575 1263 tle
2616 1212 2885 1282 mysteriis
2937 1217 3125 1285 gratiae
3175 1218 3474 1283 disseritur,

1894 1291 2045 1360 quasi
2079 1294 2155 1348 rei
2186 1294 2484 1355 difficultati
2539 1305 2900 1373 succubuerit,
2926 1322 3033 1362 non
3066 1310 3340 1367 convincit
3371 1314 3481 1367 Au-

1905 1386 2103 1455 gustini
2135 1388 2435 1448 doctrinam
2460 1409 2580 1451 esse
2608 1397 2905 1467 difficilem,
2932 1412 2988 1457 ut
3013 1401 3116 1458 sibi
3145 1404 3478 1474 probandum

1893 1478 2134 1537 Adamus
2159 1485 2300 1540 eoin
2331 1489 2509 1558 capite
2554 1504 2929 1561 proposuerat.
2971 1496 3253 1552 Rationem
3307 1498 3473 1553 inter-

1893 1574 2177 1632 missorum
2201 1579 2721 1643 Commentariorum
2753 1587 2891 1643 hanc
2913 1587 3075 1644 tradit
3095 1597 3312 1644 sanctus
3342 1589 3473 1644 doc-

1896 1679 1978 1723 tor
2006 1669 2098 1725 lib.
2134 1688 2146 1725 l
2177 1672 2435 1742 Retract.,
2468 1692 2586 1749 cap.
2611 1680 2681 1736 25
2712 1698 2723 1733 ε
2761 1700 2780 1733 t
2819 1682 2990 1752 ipsius
3010 1684 3190 1754 operis
3220 1685 3481 1755 magnitu-

1892 1759 2019 1818 dine
2044 1778 2105 1818 ac
2136 1763 2321 1821 labore
2352 1767 2640 1826 deterritus
2664 1782 2718 1828 et
2749 1774 2803 1829 in
2840 1775 2944 1831 alia
2966 1774 3206 1830 faciliora
3235 1776 3479 1832 deﬂexus

1894 1869 2044 1919 sum;
2086 1876 2104 1908 ι
2135 1873 2239 1912 non
2281 1862 2421 1929 quod
2444 1863 2715 1932 ignoraret
2756 1866 2885 1936 quid
2915 1867 2982 1923 de
3004 1868 3479 1938 prmdestinatione

186 1926 437 1987 difficilia
459 1946 523 1989 ac
550 1934 823 2004 paradoxa
849 1938 1270 2008 arbitrabantur,
1302 1951 1359 1997 ut
1386 1944 1666 2000 contendit
1694 1944 1789 2000 ad-
1818 1928 1866 1991 Β
1894 1956 1946 2005 et
1967 1951 2138 2021 gratia
2162 1926 2313 2020 juxta
2332 1926 2572 2024 Aposloli
2598 1926 2918 2015 sententiam
2935 1926 3279 2017 statuendum
3308 1971 3474 2027 esset,

188 2026 489 2091 versarius,
512 2028 609 2084 sed
630 2030 774 2100 quod
804 2030 995 2088 Hilarii
1024 2034 1263 2107 episcopi
1300 2037 1634 2094 Arelatensis
1659 2038 1792 2095 alio-

184 2134 430 2193 rumque
454 2121 891 2183 doctissimorum
921 2128 1213 2200 AuguStini
1240 2130 1472 2187 hostium
1492 2133 1718 2205 dignitas
1744 2140 1791 2187 et

185 2216 499 2283 reverentia,
532 2224 672 2274 teste
720 2219 915 2277 eodem
967 2220 1256 2293 Prospero,
1304 2223 1553 2282 timorem
1585 2224 1789 2281 eisdem

186 2305 537 2377 injiciebant.

258 2414 383 2471 Jam
407 2430 537 2472 vero
581 2417 913 2474 discutienda
942 2418 1165 2476 veniunt
1205 2436 1324 2491 quae
1347 2420 1415 2477 ad
1442 2424 1790 2494 Augustinia-

185 2523 388 2566 norum
418 2510 726 2580 dogmatum
753 2512 1133 2569 difﬁcultatem
1193 2516 1620 2586 persuadendam
1649 2518 1790 2574 idem

185 2604 619 2660 comminiscitur
636 2620 756 2676 pag.
784 2605 910 2672 6H,
948 2606 1041 2662 ubi
1081 2607 1156 2662 ait
1189 2625 1203 2661 :
1238 2626 1257 2661 ‹
1299 2611 1624 2679 Augustinus
1646 2626 1791 2683 saepe

185 2693 475 2750 confessus
532 2704 635 2759 est,
686 2694 1031 2753 difficultates
1083 2698 1222 2753 vela
1259 2700 1436 2769 seipso
1482 2700 1566 2755 vel
1598 2702 1665 2755 ab
1695 2700 1792 2756 ad-

182 2789 453 2844 versariis
474 2790 781 2860 propositas
818 2790 871 2845 in
906 2790 1004 2846 hac
1035 2791 1259 2846 materia
1308 2791 1465 2847 datas
1492 2808 1521 2846 a
1549 2807 1609 2848 se
1638 2793 1787 2849 solu-

184 2882 370 2939 tiones
391 2883 681 2952 excedere,
711 2899 878 2956 seque
903 2885 1023 2955 plus
1040 2886 1435 2955 objectionibus
1459 2898 1789 2945 commotum

183 2990 360 3047 quam
404 2977 844 3045 responsionibus
880 2977 1148 3052 sedatum.
1184 2997 1204 3030 ι
1248 2980 1518 3053 Additque
1547 3000 1562 3037 :
1599 3001 1619 3035 ι
1655 2982 1789 3039 Cum

185 3084 326 3125 vero
358 3069 535 3140 aliqua
564 3070 877 3127 difficultate
918 3072 1266 3143 insuperabili
1315 3089 1535 3144 pressus
1586 3085 1690 3143 est,
1720 3077 1789 3133 ad

185 3160 280 3217 illa
313 3163 607 3234 Scriptura:
635 3164 796 3220 verba
844 3164 1083 3237 confugit
1116 3183 1131 3222 :
1161 3152 1207 3221 Ο
1247 3167 1469 3222 altitudo
1493 3169 1791 3224 divitiarum

187 3257 514 3327 sapientiae“
537 3258 758 3313 scientia:
785 3258 882 3314 Dei
904 3261 923 3312 .'
949 3269 1053 3316 etc.
1083 3260 1262 3330 (Rom.
1288 3264 1386 3332 χι).
1410 3283 1428 3315 ι
1468 3264 1716 3337 Peream,
1740 3263 1785 3319 si

186 3316 433 3419 unquam
461 3350 791 3419 Augustinus
829 3365 893 3406 ea
931 3316 1214 3408 affirmavit
1242 3316 1361 3424 qua;
1414 3316 1493 3410 illi
1810 3316 1859 3380 C

189 3439 462 3510 imponit;
492 3439 753 3496 debuerat
798 3442 851 3495 in
874 3456 934 3498 re
982 3443 1299 3513 gravissima
1351 3445 1583 3516 aliquem
1617 3449 1787 3505 sancti

188 3530 435 3586 doctoris
459 3539 661 3589 textum
702 3534 995 3603 appellare.
1029 3534 1137 3591 Sed
1186 3552 1295 3590 non
1321 3538 1509 3604 itaest,
1540 3541 1783 3610 Adame;

186 3624 357 3680 audio
383 3622 527 3680 enim
566 3626 928 3697 Augustinum
975 3626 1090 3683 haec
1120 3638 1309 3685 contra
1358 3630 1628 3699 lulianum
1671 3651 1786 3690 om-

189 3719 345 3774 nium
388 3719 817 3776 adversariorum
868 3723 1238 3781 acutissimum
1284 3734 1339 3781 et
1369 3728 1783 3797 ferocissimum,

190 3813 464 3869 dicentem
513 3815 565 3870 in
610 3816 717 3872 fine
742 3816 835 3872 lib.
867 3832 918 3872 vt
954 3836 966 3871 :
1003 3837 1022 3870 ι
1071 3820 1154 3875 Ad
1191 3821 1371 3876 omnia
1425 3838 1511 3879 me
1551 3824 1645 3879 tibi
1677 3840 1788 3881 res-

192 3906 476 3977 pondisse,
502 3907 733 3974 Juliane,
756 3909 1000 3965 etomnia
1028 3912 1310 3980 refellisse,
1337 3923 1467 3984 etc.,
1496 3926 1621 3985 puto
1643 3920 1786 3987 quod

192 4001 488 4071 prospicis,
509 4004 554 4057 si
571 4002 825 4071 pervicax
841 4020 946 4059 non
964 4005 1060 4060 sis.
1098 4026 1115 4057 ι
1141 4010 1208 4061 Et
1230 4008 1283 4061 in
1310 4008 1526 4063 finelib.
1556 4026 1572 4064 ι
1600 4027 1613 4065 :
1644 4028 1660 4061 ι
1695 4011 1785 4066 Vi-

192 4105 343 4151 treas
367 4098 605 4166 argutias
638 4105 778 4164 tuas,
801 4106 858 4154 et
915 4098 1148 4170 fragilia,
1180 4101 1375 4172 quibus
1425 4103 1519 4159 tibi
1563 4105 1787 4161 multum

191 4186 402 4243 videris
430 4197 617 4245 acutus
641 4198 701 4245 et
739 4189 963 4261 nitidus,
1007 4204 1321 4264 argumenta
1371 4196 1727 4269 confringam.
1761 4218 1781 4252 ι

192 4277 263 4334 Et
290 4278 390 4335 lib.
422 4294 516 4349 ut,
548 4294 668 4352 cap.
703 4281 775 4336 ὃς
810 4300 827 4334 ι
854 4281 1089 4339 Tuarum
1115 4286 1258 4342 velut
1296 4296 1575 4345 acutarum
1629 4307 1789 4359 argu-

190 4372 591 4429 mentationum
633 4374 767 4431 nihil
794 4389 900 4432 non
953 4378 1184 4433 solutum
1233 4380 1673 4454 destructumque
1700 4384 1785 4439 di-

191 4468 433 4523 mittam.
474 4488 493 4522 i
532 4468 667 4525 Hinc
688 4478 908 4526 sanctus
938 4471 1172 4542 Prosper
1201 4474 1255 4529 in
1278 4488 1400 4544 cap.
1430 4474 1466 4528 2
1492 4486 1681 4534 contra
1701 4478 1788 4534 ln-

192 4570 379 4633 gratos
407 4561 552 4617 canit
579 4562 785 4619 nullum
824 4558 1200 4636 argumentum
1243 4566 1653 4639 Pelagianorum
1680 4587 1786 4628 non

191 4651 426 4708 dilutum
449 4652 634 4711 fuisse.

663 4755 982 4829 Nullamque
1002 4760 1209 4815 omnino
1232 4762 1466 4817 relictum

302 4824 474 4879 Docta
494 4827 644 4897 ﬁdes,
670 4828 808 4898 quod
836 4824 938 4883 non
973 4831 1268 4887 dissolveret
1298 4844 1673 4905 argumentum.

195 4921 267 4976 Et
317 4930 539 4976 sanctus
590 4920 914 4979 Prudentius
965 4923 1020 4980 in
1062 4925 1289 4995 epistola
1323 4927 1392 4982 ad
1445 4928 1789 4984 Hincmarum

192 5026 250 5075 et
291 5017 580 5075 Pardulum
624 5020 939 5076 eorumdem
980 5020 1361 5089 hereticorum
1400 5024 1730 5096 argumentis
1756 5040 1785 5080 a

191 5120 388 5166 sancto
416 5113 717 5184 Augustino
752 5114 1194 5170 abundantissime
1238 5126 1285 5170 et
1335 5118 1789 5187 competentissime

190 5207 528 5278 satisfactum
570 5223 693 5265 esse
724 5208 931 5264 scribit.
966 5207 1264 5265 Videantur
1312 5210 1457 5266 dicta
1481 5226 1603 5281 cap.
1641 5213 1786 5281 lap-

194 5299 445 5368 pendicis
472 5298 540 5354 ad
568 5299 1003 5365 dissertationetn
1033 5302 1101 5359 de
1123 5302 1329 5372 synodo
1352 5306 1555 5375 quinta.
1586 5305 1679 5362 Illa
1711 5317 1790 5362 ta-

194 5406 325 5449 men
355 5393 731 5461 insuperabilis
771 5395 997 5466 quaestio
1034 5394 1329 5467 Augustino
1385 5398 1499 5453 visa
1546 5398 1667 5469 fuit,
1693 5414 1790 5457 cur

196 5481 345 5538 Deus
366 5481 514 5537 hunc
542 5494 723 5553 potius
760 5499 920 5555 quam
956 5486 1107 5541 illum
1131 5487 1562 5557 praedestinaret,
1594 5485 1663 5547 de
1684 5505 1790 5562 qua

195 5574 410 5631 erudite
430 5575 541 5645 agit
577 5590 743 5631 serm.
779 5576 865 5633 11.
896 5577 965 5632 de
1009 5577 1172 5634 Verb.
1203 5583 1416 5649 Apost.,
1452 5597 1570 5652 cap.
1614 5583 1703 5650 14,
1736 5593 1790 5640 et

195 5668 362 5738 epist.
405 5667 512 5723 105
551 5668 617 5742 ad
668 5668 896 5740 Sixtum,
928 5678 982 5726 et
1009 5670 1101 5726 lib.
1134 5688 1186 5728 ιν
1234 5674 1301 5729 ad
1354 5675 1552 5743 Bonif.,
1580 5691 1699 5746 cap.
1731 5676 1788 5745 6,

196 5759 293 5817 ubi
320 5762 427 5816 ait:
447 5777 469 5813 ‹
504 5761 623 5832 ipsa
646 5769 728 5816 est
755 5763 1004 5832 quaestio,
1033 5779 1154 5833 quae
1184 5765 1249 5819 ad
1272 5765 1417 5821 illam
1450 5770 1685 5837 pertinet
1712 5768 1789 5826 al-

197 5853 514 5922 titudinem,
541 5870 700 5925 quam
735 5855 1045 5926 perspicere
1085 5856 1273 5915 volens
1325 5858 1466 5916 idem
1497 5865 1789 5934 Apostolus

196 5946 607 6016 quodammodo
634 5948 869 6018 expavit,
906 5956 961 6004 et
991 5950 1312 6010 exclamavit
1343 5970 1355 6007 :
1395 5953 1440 6011 0
1470 5956 1685 6013 altitudo
1707 5958 1788 6011 di-

526 6042 799 6105 Parnox.
848 6043 1102 6108 XLVII.

1892 2056 2014 2095 cum
2046 2041 2095 2096 id
2116 2052 2168 2097 et
2210 2044 2259 2097 in
2292 2045 2465 2114 libris,
2492 2058 2545 2104 et
2580 2049 2631 2104 in
2662 2052 2927 2121 epistolis,
2959 2064 3014 2109 et
3047 2056 3095 2109 in
3138 2055 3478 2110 sermonibus

1891 2131 2026 2187 adeo
2047 2148 2189 2202 szepe
2217 2149 2281 2189 ex
2305 2136 2493 2194 eadem
2521 2144 2756 2211 Epistola
2784 2143 2933 2201 Pauli
2961 2147 3027 2202 ad
3061 2148 3333 2203 Romanos
3383 2148 3479 2203 de-

1892 2224 2127 2294 duxerit,
2157 2236 2213 2283 ut
2238 2230 2399 2300 Beda,
2428 2233 2640 2303 Florus,
2660 2239 2842 2294 Victor
2862 2239 3249 2311 Tripolitanus,
3281 2243 3479 2313 aliique

1890 2334 1956 2374 ex
1988 2323 2121 2379 solis
2148 2328 2625 2400 sanctiAugustini
2670 2332 3201 2403 interpretationibus
3247 2336 3300 2391 in
3356 2351 3479 2392 eam

1892 2415 2042 2472 Pauli
2067 2418 2365 2488 Epistolam
2388 2425 2620 2492 sparsim
2666 2425 2907 2495 ejusdem
2962 2428 3217 2497 operibus
3262 2428 3480 2483 insertis

1892 2506 2098 2579 integra
2149 2512 2551 2572 Commentaria
2593 2517 2650 2571 in
2700 2526 2986 2575 centonem
3035 2524 3368 2588 consuerint,
3418 2533 3481 2575 ac

1897 2602 2057 2670 plane
2097 2614 2262 2662 totam
2293 2608 2591 2679 Epistolam
2631 2611 3035 2681 Augustinianis
3079 2612 3257 2668 verbis
3312 2627 3481 2681 expo-

1892 2696 2121 2752 suerint.
2164 2700 2403 2770 Denique
2432 2701 2626 2758 falsum
2670 2713 2774 2771 est,
2805 2706 2949 2775 quod
3007 2704 3245 2760 Adamus
3293 2704 3481 2761 scribit

1892 2808 2015 2865 pag.
2048 2794 2173 2862 612,
2202 2798 2412 2856 dixisse
2434 2800 2790 2871 Augustinum
2843 2816 2992 2857 suam
3018 2802 3085 2857 de
3132 2802 3481 2871 praedestina-

1895 2887 2041 2943 tione
2100 2894 2423 2947 sententiam
2479 2912 2580 2948 non
2647 2911 2755 2949 esse
2808 2895 3012 2966 papulis
3070 2894 3477 2964 praedicandam.

1898 2979 2121 3047 Quodve
2148 2997 2374 3039 summae
2398 2985 2644 3041 falsitatis
2670 2995 2772 3052 est,
2808 2987 2859 3042 id
2892 2986 3126 3057 probans
3156 3000 3221 3041 ex
3258 3000 3381 3055 cap.
3412 2984 3482 3040 15

1894 3073 1961 3127 de
1984 3074 2135 3129 Dono
2191 3077 2611 3145 perseverantiae
2647 3096 2659 3130 :
2689 3078 2894 3135 etenim
2944 3078 3145 3134 ibidem
3187 3092 3282 3147 per
3329 3076 3483 3147 plura

1893 3166 2065 3234 capita
2090 3165 2345 3235 inculcat,
2374 3176 2428 3224 et
2454 3168 2855 3237 praedicandam
2886 3184 3009 3226 esse
3057 3170 3376 3224 sententiam
3416 3167 3484 3223 de

1893 3259 2125 3327 gratuita
2154 3260 2721 3329 prmdestinatione,et
2744 3262 2961 3317 modum
2992 3276 3097 3331 quo
3119 3261 3251 3315 citra
3270 3259 3483 3315 rudium

1891 3350 2357 3407 conturbationem
2391 3354 2672 3424 praedicari
2716 3355 2907 3423 possit,
2932 3355 3188 3423 assignat.
3221 3353 3482 3409 Audiatur

1891 3451 2112 3498 sanctus
2143 3443 2334 3500 doctor
2354 3444 2429 3501 ita
2456 3445 2713 3501 inchoans
2731 3460 2852 3515 cap.
2876 3446 2944 3501 14
2973 3446 3041 3500 de
3060 3445 3209 3501 Dono
3227 3459 3440 3515 persev.
3467 3462 3481 3498 :

1898 3552 1917 3583 ι
1951 3532 2055 3589 Sed
2096 3536 2247 3591 aiunt
2296 3537 2788 3607 praedestinationis
2845 3537 3216 3593 definitionem
3268 3535 3483 3591 utilitati

1892 3629 2292 3698 praedicationis
2315 3634 2618 3690 adversam.
2635 3654 2653 3688 ι
2686 3635 2902 3703 Audin’,
2923 3634 3152 3701 Adame,
3178 3633 3326 3689 illam
3352 3646 3481 3688 sen-

1892 3723 2114 3779 tentiam
2164 3726 2329 3781 fuisse
2371 3726 2989 3798 Semi-Pelagianorum,
3020 3743 3156 3799 quos
3194 3728 3265 3782 ibi
3308 3724 3481 3796 rejicit

1890 3825 2111 3872 sanctus
2139 3817 2319 3884 Pater,
2353 3835 2511 3889 quam
2558 3821 2690 3876 satis
2713 3822 3069 3893 negligenter,
3108 3830 3167 3876 ut
3195 3821 3378 3875 mitius
3407 3820 3477 3876 lo-

1891 3921 2045 3977 quar,
2074 3908 2250 3965 eidem
2284 3911 2521 3967 afl‘ricas.
2564 3912 2767 3982 Accipe
2794 3912 3007 3968 interim
3058 3911 3343 3982 Augustini
3379 3926 3481 3967 res.

1892 4016 2120 4070 ponsum
2156 4020 2167 4055 :
2202 4022 2221 4055 ι
2254 4003 2415 4071 Quasi
2447 4019 2577 4060 vero
2605 4003 2888 4062 adversata
2944 4006 3013 4059 sit
3036 4005 3300 4076 Apostolo
3341 4018 3481 4074 prte-

1889 4093 2111 4148 dicanti.
2133 4094 2323 4150 Nonne
2351 4096 2441 4151 ille
2473 4096 2669 4151 Ductor
2698 4097 2939 4166 gentium
2970 4097 3024 4151 in
3054 4097 3160 4152 [ide
3183 4107 3235 4152 et
3261 4098 3481 4152 veritate

1890 4187 2423 4255 praedestinationem
2480 4188 2638 4245 toties
2694 4189 3120 4257 commendavit,
3168 4199 3221 4248 et
3259 4192 3481 4248 verbum

1891 4279 1987 4336 Dei
2010 4282 2305 4351 praedicare
2332 4299 2438 4340 non
2464 4283 2712 4341 destitit?
2740 4305 2760 4339 ι

1962 4374 2090 4429 limo
2115 4376 2270 4432 nobis
2316 4377 2675 4433 scribentibus
2728 4389 3033 4450 opportune
3089 4378 3149 4436 S.
3180 4378 3480 4435 D.N.Cle-

1894 4482 2051 4525 mens
2078 4467 2123 4523 X
2150 4484 2249 4539 pro
2277 4471 2580 4541 Augustino
2609 4474 2932 4529 sententiam
2972 4475 3359 4546 pronuntiavit,
3390 4489 3481 4530 au-

1891 4559 2001 4616 reis
2030 4560 2187 4631 plane
2215 4562 2614 4619 characteribns
2637 4566 2759 4620 imis
2780 4568 3094 4637 praacordiis
3117 4566 3478 4623 incidendam.

1893 4650 2105 4708 Etenim
2153 4654 2207 4709 in
2257 4655 2547 4725 diplomate
2576 4674 2698 4714 raro
2738 4673 2801 4713 ac
2821 4660 3095 4731 singulari,
3127 4661 3254 4716 dato
3295 4660 3383 4715 die
3412 4662 3480 4715 18

1813 4719 1868 4781 Ῑ)
1894 4747 2227 4817 Decembris,
2244 4719 2387 4807 anno
2412 4752 2572 4818 iti7l,
2603 4769 2708 4824 quo
2729 4719 2995 4810 universis
3009 4719 3209 4810 Christi
3234 4754 3481 4811 fidelibus

1892 4838 2029 4897 festa
2072 4843 2245 4898 sancti
2301 4846 2583 4914 AuguStini
2630 4845 2716 4901 die
2783 4856 2982 4903 nostrae
3026 4846 3239 4902 familiae
3284 4849 3479 4917 templa

1893 4934 2236 5002 adeuntibus,
2262 4936 2443 5007 ibique
2468 4939 2550 5007 pie
2600 4933 3024 5008 supplicantibus
3072 4941 3366 5010 plenariam
3397 4941 3480 4996 in-

1893 5027 2222 5098 dulgentiam
2250 5030 2582 5100 impertitur,
2609 5035 2721 5088 haec
2752 5033 2909 5089 habet
2941 5050 2953 5085 :
2993 5051 3014 5085 ι
3045 5033 3229 5103 Itaque
3256 5035 3476 5105 eximia,

1893 5121 2175 5191 omnisque
2216 5122 2463 5180 humanae
2513 5125 2685 5180 laudis
2720 5125 3045 5194 praeconium
3089 5126 3246 5197 longe
3290 5142 3478 5200 super-

1896 5228 2081 5283 gressa
2111 5218 2280 5271 sancti
2312 5219 2593 5288 Augustini
2615 5220 2852 5289 episcopi
2882 5229 2937 5277 et
2992 5220 3339 5291 confessoris,
3375 5226 3478 5281 Ec-

1895 5304 2078 5360 clesiae
2098 5306 2333 5363 doctoris
2363 5309 2869 5379 prcecellentissimi,
2898 5311 2990 5382 qui
3019 5313 3215 5382 Spiritu
3239 5314 3333 5371 Dei
3366 5317 3479 5387 ple-

1895 5413 1997 5453 nus
2028 5398 2292 5456 haeresum
2333 5415 2680 5471 erroremque
2708 5403 2959 5458 tenebras
2992 5414 3240 5476 tanquam
3266 5407 3479 5481 fulgen-

1895 5493 2159 5548 tissimum
2201 5494 2517 5551 Christianae
2566 5496 2885 5553 eruditionis
2917 5499 3075 5569 jubar
3120 5502 3477 5572 profundissi-

1894 5585 2018 5650 rnis,
2043 5586 2313 5655 simulque
2342 5587 2457 5642 sole
2488 5588 2803 5644 clarioribus
2831 5591 3043 5661 scriptis
3074 5594 3396 5664 profligavit,
3422 5606 3478 5651 et

1896 5680 2173 5734 hominum
2201 5682 2366 5736 corda
2395 5696 2480 5750 eo,
2512 5697 2618 5753 quo
2646 5683 2759 5754 ipse
2788 5686 3162 5743 ardentissime
3191 5688 3474 5759 ﬂagrabat,

1894 5772 2168 5828 charitatis
2214 5772 2335 5845 igne
2382 5774 2690 5842 succendit,
2739 5776 2932 5834 decora
2977 5787 3129 5848 grato
3176 5779 3476 5849 devotoque

1897 5871 2088 5925 utentis
2114 5869 2306 5924 affectu
2334 5871 2655 5940 recolentes,
2687 5890 2706 5925 ι
2732 5881 2837 5928 etc.
2864 5871 2974 5928 Hac
2998 5872 3309 5944 apostolicae
3333 5873 3473 5928 sedis

1894 5962 2155 6019 sententia
2185 5962 2743 6032 honorificentissima,
2773 5966 3083 6040 gravissima
3112 5964 3474 6022 sanctissima-

2922 6060 2994 6123 19
