3974 6356
506 486 610 540 587

506 614 612 671 que
642 610 831 654 omnes
856 608 887 648 a
915 590 1324 663 quibuscunque
1348 581 1671 639 adversariis
1695 574 2098 650 Augustinianis
2127 572 2179 636 Α

509 669 665 747 libris
693 688 916 758 objectae
940 680 1218 739 nubeculae
1240 676 1485 749 fugantur
1510 674 1723 746 penitus
1750 687 1812 728 ac
1833 669 2099 739 dissipan-

510 793 618 840 tur.
644 783 757 838 ﬂoc
784 779 1015 849 diploma
1048 776 1103 830 in
1134 773 1303 829 forma
1332 769 1542 834 Brevis,
1571 777 1630 823 ut
1664 766 1834 832 aiunt,
1861 760 2103 820 exaravit

514 872 908 932 illustrissimus
930 869 993 926 D.
1009 869 1243 924 Joannes
1267 861 1572 920 Gualterius
1593 858 1823 923 Slusius,
1845 862 2100 927 spectata:

513 966 770 1024 doctrinae
797 962 1014 1036 praesul,
1040 944 1162 1015 urbi
1186 967 1241 1015 et
1262 954 1379 1013 orbi
1408 952 1740 1017 notissimus,
1762 936 2026 1005 Clementi
2054 942 2099 999 Χ

508 1070 660 1134 pont.
691 1077 833 1116 max.
864 1074 895 1114 a
927 1055 1151 1113 secretis
1177 1052 1441 1109 brevium.
1470 1046 1605 1104 Illud
1640 1058 1770 1099 vero
1796 1038 2103 1113 apostolicae

514 1170 746 1213 camera:
772 1152 913 1226 typis
940 1162 1199 1206 excusum
1228 1146 1295 1201 ad
1323 1142 1568 1200 eumdem
1599 1152 1865 1194 summum
1893 1132 2106 1206 pontifi-

512 1261 629 1305 cem
660 1243 853 1301 detulit
881 1241 1275 1297 illustrissimus
1302 1236 1367 1291 D.
1391 1233 1657 1303 .loseplius
1689 1226 1950 1294 Eusapius
1979 1241 2107 1296 apo-

513 1338 694 1399 stolici
747 1335 967 1394 sacrarii
1024 1329 1352 1404 prmfectus,
1405 1325 1653 1394 idemque
1705 1317 2107 1392 Augustinianze

512 1436 690 1508 gentis
714 1434 900 1501 decus,
917 1444 1077 1502 quam
1102 1426 1179 1483 uti
1204 1425 1331 1481 olim
1356 1422 1409 1476 in
1434 1428 1686 1491 suggestu
1709 1425 1763 1472 et
1786 1412 2109 1470 scholastica

518 1528 772 1587 cathedra
803 1523 1117 1589 illustravit,
1146 1520 1218 1574 ita
1249 1515 1492 1573 eamdem
1526 1510 2111 1578 continuispropemo—

519 1621 648 1677 dum
698 1615 975 1675 beneﬁciis
1022 1604 1526 1674 exornat;detulit,
1560 1604 1806 1670 inquam,
1840 1597 2108 1654 laudatum

515 1714 689 1770 Breve
716 1712 804 1767 die
830 1711 900 1765 24
930 1707 1129 1763 mensis
1154 1703 1416 1774 ejusdem,
1444 1702 1573 1754 liora
1608 1695 1696 1762 li,
1721 1710 1841 1750 cum
1873 1704 2112 1749 summus

512 1804 755 1879 pontifex
785 1808 1126 1859 sacrosancta
1156 1794 1412 1867 mysteria
1439 1790 1758 1864 peregisset.
1784 1787 1983 1842 Horum
2016 1800 2112 1839 au-

514 1878 624 1962 tem
658 1900 888 1954 lectores
917 1892 1263 1965 praemonitos
1286 1887 1451 1953 volui,
1472 1900 1539 1941 ne
1568 1883 1687 1956 quis
1719 1892 1903 1953 postea
1936 1878 2113 1949 diplo-

1399 461 1962 526 SUPPLEMENTUM
2002 458 2093 516 AD
2131 452 2361 513 OPEBA
2401 449 2461 507 S.
2506 440 2896 507 AUGUSTINI.

3691 413 3788 469 588

2205 567 2498 624 Galliarum
2532 561 2842 635 praesulem,
2864 552 2952 628 qui
2978 550 3126 625 gravi
3156 542 3420 604 sententia
3444 532 3644 593 Adami
3666 532 3789 586 scri-

2204 622 2375 734 ptoris
2408 622 2548 716 Galli
2578 622 2962 726 prmposterum
2986 622 3063 701 de
3089 634 3371 711 Augustini
3403 627 3627 734 scriptis
3657 622 3793 695 judi-

2205 723 2346 813 cium
2390 723 2635 827 perculit,
2664 723 2724 807 ut
2766 748 2946 821 pateat
2982 737 3142 797 allata
3184 734 3251 791 ab
3288 723 3601 825 adversario
3642 733 3793 825 argn-

2205 813 2402 907 menta'
2447 813 2787 902 nihili'fieri-
2813 840 2880 896 ab
2924 830 3147 894 eruditis
3190 824 3343 884 viris.
3390 813 3795 877 lllustrissimus

2206 941 2405 1015 Joseph
2457 938 2622 995 Maria
2667 932 2970 1000 Suaresius,
3011 926 3297 1000 epiSCOpus
3337 908 3715 976 Vasionensis,
3748 906 3795 961 in

2208 1035 2586 1095 dissertatione
2633 1030 2797 1104 priori
2838 1028 2908 1085 de
2949 1018 3305 1091 Chronologia
3355 1024 3585 1086 operum
3635 1004 3799 1060 saneti

2208 1128 2514 1203 Augustini,
2539 1099 2654 1183 hazc
2681 1125 2757 1179 ait
2788 1141 2801 1177 :
2840 1140 2860 1175 ι
2897 1118 3005 1178 Sed
3034 1113 3180 1190 quod
3209 1104 3584 1169 sanctissimus
3615 1099 3801 1203 f’etru‘s

2210 1186 2580 1295 apJStolorum
2621 1218 2874 1290 princeps
2902 1213 2969 1268 de
3004 1186 3302 1278 coapostoli
3336 1198 3422 1258 sui
3452 1192 3632 1253 sancti
3646 1186 3803 1295 -Pauli

2210 1284 2381 1374 sensit
2422 1284 2712 1386 Epistolis,
2743 1284 3002 1379 usurpare
3030 1300 3100 1360 de
3129 1296 3386 1371 operibus
3423 1286 3600 1347 sancti
3634 1284 3807 1353 Augu-

2211 1411 2339 1470 stini
2370 1374 2562 1476 audeo,
2589 1374 2796 1462 scilicet
2826 1374 3015 1457 in-illis
3042 1402 3287 1451 sanctum
3322 1385 3468 1457 loqui
3497 1381 3725 1438 Patrem
3754 1374 3809 1426 de

2214 1510 2292 1565 his
2318 1509 2369 1563 in
2394 1472 2577 1578 quibus
2604 1510 2725 1558 sunt
2752 1498 2989 1572 quasdam
3016 1488 3255 1563 difﬁcilia
3281 1480 3714 1578 intellectu,
3740 1472 3809 1521 in-

2214 1602 2351 1657 docti
2378 1565 2427 1656 et
2456 1595 2719 1654 instabiles
2750 1565 3051 1665 depravant,
3080 1585 3209 1641 sicut
3245 1588 3294 1636 et
3324 1584 3533 1632 caeteras
3576 1565 3813 1634 Scriptu-

2194 1716 2320 1766 ras,
2349 1697 2417 1752 ad
2446 1710 2590 1751 suam
2616 1693 2845 1766 ipsorum
2874 1682 3232 1758 perditionem.
3261 1672 3373 1730 Nec
3400 1665 3551 1725 enim
3581 1656 3813 1716 auctoris

2215 1752 2326 1849 ulla
2369 1791 2423 1847 id
2467 1752 2660 1845 accidit
2698 1752 2885 1856 culpa,
2912 1778 3007 1836 sed
3052 1777 3312 1833 lectorum
3359 1762 3512 1831 vitio,
3551 1756 3649 1828 qui
3701 1752 3811 1856 sive

2217 1888 2393 1943 minus
2420 1882 2783 1957 perspicaees,
2812 1892 2907 1935 seu
2936 1873 3084 1945 vagis
3114 1865 3303 1924 imbuti
3334 1860 3484 1933 prius
3509 1845 3814 1951 erroribus,

516 2006 602 2049 ma
632 1989 765 2046 illud
797 2004 827 2043 ει
858 1985 1107 2058 pontiﬁce
1150 1998 1249 2039 nec
1294 1980 1463 2036 visum
1512 1992 1609 2033 nec
1656 1975 1856 2032 lecwm
1887 1972 2113 2028 commi-
2144 1988 2195 2049 Β
2220 1940 2463 2036 ordinem
2488 1940 2826 2046 po‘tissimu'm
2850 1940 3112 2023 librorum
3135 1969 3191 2018 et
3213 1950 3650 2029 disputationum
3675 1940 3817 2009 igno-

515 2086 797 2150 niscatur,
842 2077 1292 2152 quemadmodum
1349 2074 1417 2129 de
1476 2072 1646 2127 altero
1695 2068 1991 2139 diplomate
2048 2064 2115 2120 ab

519 2175 831 2235 Alexandro
861 2173 949 2227 Vll
980 2171 1045 2226 ad
1076 2168 1439 2224 Levanienses
1466 2165 1613 2229 dato,
1658 2164 1707 2217 in
1752 2174 1856 2233 q-no
1898 2166 2117 2213 sanctus

521 2271 849 2343 Augustinus
876 2266 1102 2337 ejusque
1141 2262 1389 2319 doctrina
1418 2258 1615 2317 eximie
1645 2252 2116 2318 commendantur,

522 2364 739 2438 quidam
794 2362 1064 2418 recentior
1108 2365 1371 2425 concepto
1427 2354 1735 2424 jnramento
1796 2345 2117 2417 publicavit,

523 2459 674 2530 cujus
701 2453 914 2529 quidem
942 2450 1179 2509 hominis
1206 2461 1364 2505 voces
1386 2444 1610 2501 inferius
1638 2441 1811 2512 capite
1836 2437 1869 2493 6
1891 2438 2121 2508 castiga-

522 2564 661 2606 mus.
695 2548 788 2603 llaz
815 2543 1031 2617 quidem
1063 2538 1355 2598 Clementis
1394 2535 1445 2591 Χ
1483 2535 1679 2590 litterae
1708 2530 1995 2603 quotannis
2026 2541 2123 2588 pro

525 2640 805 2713 Augustini
852 2634 1133 2693 solemniis
1174 2632 1242 2689 de
1291 2644 1461 2695 more,
1490 2642 1593 2699 qua
1643 2627 1749 2681 late
1795 2639 1889 2696 per
1936 2621 2124 2676 orbem

526 2712 915 2806 Augustiniana
960 2725 1258 2797 respublica
1308 2720 1550 2777 colonias
1609 2716 1865 2782 deduxit,
1915 2712 2125 2786 populis

526 2805 889 2896 exponentur,
940 2822 1002 2875 ac
1052 2816 1230 2887 magni
1282 2812 1523 2869 doctoris
1571 2826 1636 2865 ex
1682 2805 1963 2879 apostolici
2014 2806 2126 2860 oris

524 2917 790 2977 sententia
819 2915 925 2971 sole
964 2912 1187 2967 clariora
1228 2906 1425 2977 scripta
1455 2902 1811 2975 apparebunt,
1842 2898 2128 2967 nullusque

528 3009 753 3084 posthac
791 3021 900 3063 non
930 3004 1091 3059 falsas
1129 3016 1193 3057 ac
1228 3012 1448 3071 prorsus
1480 2998 1667 3051 inanes
1698 2993 1839 3049 illius
1867 2988 2131 3047 recentio-

528 3106 609 3161 ris
655 3115 819 3159 voces
858 3097 1142 3167 intelliget,
1173 3092 1264 3166 qui
1313 3106 1475 3146 ausus
1523 3097 1604 3144 est
1650 3087 1911 3143 blaterare
1959 3080 2131 3155 sancti

524 3190 817 3267 Augustini
862 3192 1043 3247 libros.
1072 3202 1194 3244 esse
1235 3184 1451 3241 tenebris
1501 3198 1565 3236 ac
1607 3179 1822 3235 nubibus
1864 3177 2130 3241 obductos,

533 3289 660 3345 dum
690 3303 757 3345 ex
796 3285 1105 3359 apostolicae
1151 3278 1297 3337 sedis
1335 3276 1554 3334 oraculo
1582 3274 1698 3331 sole
1727 3271 1984 3328 clariores
2020 3268 2134 3322 elu-

534 3391 679 3440 cent.

608 3472 812 3530 Omitto
842 3467 1088 3526 consulto
1116 3464 1271 3537 plura
1297 3468 1608 3519 sanctorum
1636 3457 1853 3512 Patrum
1889 3454 2132 3509 testimo-

540 3569 628 3625 nia
647 3613 662 3640 ,
693 3565 884 3639 quibus
913 3560 1243 3633 Augustinus
1269 3555 1337 3612 ab
1363 3553 1572 3625 objecta
1602 3548 1929 3605 obscuritate
1958 3543 2133 3600 vindi-

539 3638 729 3729 catur;
759 3658 852 3715 illa
881 3656 1026 3713 enim
1067 3650 1361 3724 producam
1401 3647 1454 3703 in
1485 3645 1635 3701 calce
1659 3641 1823 3712 hujus
1854 3638 2053 3709 operis,
2077 3643 2134 3691 et

539 3755 752 3830 quidem
780 3749 1135 3809 nobilissima.
1160 3746 1258 3803 llic
1284 3754 1463 3801 tamen
1493 3740 1663 3798 sancti
1693 3736 1943 3807 Prosperi
1968 3732 2134 3788 verba

537 3851 591 3907 in
620 3846 874 3922 presenti
904 3852 1148 3917 repetere
1174 3840 1327 3913 juvat
1357 3839 1409 3893 in
1444 3833 1756 3908 praefatione
1786 3831 1854 3887 ad
1885 3834 2137 3898 excerpta

541 3945 929 4011 Genuensium,
961 3942 1115 3997 initio
1144 3936 1299 4007 cujus
1325 3935 1442 3989 haec
1471 3931 1549 3987 ait
1577 3947 1591 3985 :
1631 3947 1653 3982 t
1689 3926 1748 3983 ln
1775 3926 1929 3982 libris
1964 3923 2137 3978 beatas

545 4037 824 4099 memoriae
852 4030 1141 4106 Augustini
1170 4025 1439 4101 episcopi,
1462 4031 1592 4091 etc.,
1619 4020 1665 4077 si
1690 4019 1869 4088 aliqua
1894 4029 1993 4071 vos
2022 4026 2138 4069 mo-

539 4134 763 4192 rabatur
804 4126 1126 4195 obscuritas,
1154 4123 1450 4181 decurrere
1487 4114 1769 4174 debebatis
1812 4110 1879 4167 ad
1923 4108 2137 4164 Patrem

542 4227 829 4293 luminum,
860 4238 889 4276 a
918 4235 1025 4293 quo
1062 4214 1346 4275 descendit
1373 4225 1536 4271 omne
1578 4207 1761 4265 datum
1792 4202 2053 4273 optimum
2084 4205 2140 4255 et

545 4332 709 4377 omne
735 4316 936 4373 donum
966 4310 1288 4384 perfectum,
1320 4313 1377 4365 et
1414 4320 1445 4361 ιι
1483 4314 1592 4375 quo
1623 4300 1781 4357 datur
1809 4293 2028 4366 spiritus
2054 4306 2137 4347 sa-

545 4416 764 4492 pientiae
793 4421 847 4470 et
875 4408 1200 4468 intellectus.
1238 4423 1257 4458 ι
1292 4403 1423 4461 Haec
1458 4406 1639 4458 autem
1665 4392 1828 4461 dixit,
1859 4404 1968 4447 non
1997 4386 2140 4459 quod

545 4479 766 4585 putaret
807 4502 1091 4578 Augustini
1130 4500 1275 4557 dicta
1319 4509 1442 4554 esse
1484 4492 1747 4557 obscura,
1777 4484 1870 4543 sed
1900 4480 2039 4556 quod
2071 4479 2141 4536 ob

544 4578 811 4664 minutam
855 4595 1269 4669 intelligentiam
1298 4590 1404 4648 illis
1434 4588 1500 4645 ad
1532 4599 1667 4658 quos
1697 4581 1883 4641 scribit
1913 4578 2142 4633 obseura

546 4702 661 4761 visa
689 4704 843 4757 erant
876 4710 895 4751 :
926 4706 1049 4750 nam
1080 4690 1229 4745 hisce
1272 4686 1431 4758 plane
1456 4680 1653 4738 'verbis
1685 4676 1812 4734 illud
1844 4684 1978 4745 opus
2005 4684 2139 4727 con-

2157 3389 2207 3454 C

2218 2079 2424 2137 rantes,
2449 2075 2686 2124 mentem
2710 2060 3078 2120 acutissimam
3103 2063 3157 2111 et
3182 2049 3494 2107 sanissimus
3522 2029 3821 2094 sententias

2220 2161 2518 2219 doctissimi
2548 2158 2721 2216 Patris
2751 2153 2967 2225 assequi
2997 2164 3100 2207 non
3138 2146 3454 2218 potuerunt;
3487 2147 3556 2189 ex
3586 2126 3819 2204 somni;

2221 2255 2476 2315 occaecati
2508 2253 2608 2310 sibi
2647 2251 2870 2308 nebulas
2897 2223 3212 2305 votl‘undunt,
3246 2244 3302 2293 et
3343 2228 3526 2288 inania
3574 2223 3817 2315 portenta

2222 2351 2726 2409 comminiscuntur.
2769 2365 2789 2397 ι
2825 2343 2953 2397 11ωο
2979 2336 3196 2410 quidem
3228 2329 3318 2387 ille
3359 2332 3485 2380 ante
3524 2309 3819 2410 triennium

2225 2446 2477 2518 scripsit,
2509 2443 2664 2515 cujus
2702 2436 2974 2496 sententia
3012 2440 3159 2489 tanto
3194 2422 3431 2501 praesule
3462 2417 3638 2486 digna
3672 2402 3820 2480 priori

2227 2541 2351 2598 huic
2379 2538 2539 2611 capiti
2566 2536 2725 2592 tinem
2757 2534 3015 2605 imponet.

2876 2660 3102 2721 CAPUT
3142 2657 3206 2714 ll.

2230 2792 2551 2850 Recentiores
2572 2791 2814 2842 accusant
2841 2780 3072 2836 eamdem
3095 2771 3278 2850 _sane_ti
3307 2760 3591 2850 Augustini
3639 2751 3817 2812 doctri-

2621 2874 2743 2913 nam
2768 2851 3050 2924 antt'logite.
3087 2844 3428 2915 Rejiciuntur.

2298 2983 2621 3041 Graviorem
2649 2974 2875 3029 alteram
2905 2963 3155 3036 injuriam
3190 2956 3350 3013 iidem
3388 2948 3700 3021 scriptores
3723 2941 3823 2996 Aur

2234 3076 2448 3151 gustino
2477 3072 2755 3129 inferunt:
2810 3060 3061 3132 inquiunt
3105 3051 3247 3109 enim
3281 3044 3533 3104 eumdem

2233 3123 2508 3229 doctorem
2537 3171 2617 3220 tot
2642 3123 2910 3227 tantisque
2931 3146 3202 3218 antilogiis
3233 3141 3504 3201 laborare,
3536 3138 3603 3186 ut
3630 3142 3702 3186 ex

2236 3259 2550 3337 pragrande
2578 3255 2707 3313 satis
2734 3249 2987 3307 volumen
3016 3247 3238 3314 possent
3262 3228 3675 3291 consarcinare.
3726 3219 3826 3274 Ao-

2238 3324 2569 3415 cusaitionern
2586 3351 2940 3422 ipsorummet
2952 3337 3130 3396 verbis
3147 3331 3409 3391 recitabo.
3433 3324 3707 3381 Adamus,
3720 3328 3825 3383 cap.

2237 3409 2739 3524 (virpagttiuxhaac
2766 3439 2900 3499 citra
2924 3434 3183 3509 pudorem
3219 3430 3466 3485 eructat:
3499 3436 3518 3469 ι
3550 3412 3689 3472 Mihi

2237 3504 2436 3605 addet;
2461 3540 2605 3615 quod
2645 3539 2690 3596 si
2737 3504 2981 3592 diversas
3020 3504 3193 3585 sancti
3225 3514 3509 3590 Augustini
3536 3504 3827 3568 sententias

2239 3644 2291 3698 in
2334 3641 2436 3696 hac
2464 3604 2688 3693 materia
2713 3629 2966 3698 colligere
2993 3620 3211 3684 vellem,
3242 3624 3437 3683 corpus
3465 3604 3827 3698 quoddam-ex

2238 3726 2616 3791 diversissimis
2664 3690 2906 3793 partibus
2952 3720 3287 3783 coaptarem.
3340 3704 3459 3760 Uno
3527 3702 3655 3754 loco

2239 3834 2476 3883 nostram
2490 3779 2718 3877 salutem
2740 3813 2988 3870 absoluto
3003 3779 3222 3863 decreto
3242 3812 3363 3856 esse
3377 3792 3692 3854 deﬁnitam,
3715 3779 3827 3839 alibi

2243 3917 2589 3976 nihilominus
2615 3912 2851 3968 affirmat
2876 3904 3112 3977 pendere
3139 3898 3285 3953 illam
3310 3907 3341 3948 a
3367 3898 3559 3948 nostra
3590 3882 3826 3940 volunta-

2240 4024 2328 4080 te;
2363 4005 2756 4082 praescientiam
2781 3973 2904 4057 esse
2935 3993 3288 4069 posteriorem
3314 3987 3540 4042 decreto
3580 3973 3825 4047 reproba-

2240 4077 2425 4175 tionis,
2452 4112 2507 4163 et
2527 4115 2648 4160 esse
2673 4098 2802 4156 item
2828 4092 3149 4151 anteriorem
3178 4103 3193 4153 ;
3222 4092 3406 4141 nostra
3436 4077 3699 4134 libertate
3720 4081 3828 4139 gra-

2384 4162 2697 4268 a'dimpleri,
2717 4199 2771 4249 et
2786 4190 3093 4245 libertatem
3114 4182 3170 4238 in
3192 4192 3352 4236 usum
3369 4189 3400 4229 a
3418 4170 3593 4243 gratia
3613 4162 3824 4226 deduci;

2242 4295 2466 4371 gratiam
2493 4261 2615 4349 esse
2642 4284 2947 4347 victricem,
2977 4279 3072 4336 sed
3096 4284 3151 4335 et
3180 4274 3355 4331 eidem
3383 4274 3632 4325 nostram
3672 4261 3829 4315 liberx

2243 4350 2406 4447 ratem
2430 4383 2725 4449 resistere;
2758 4376 2933 4435 solum
2964 4378 3244 4444 peccatum
3289 4360 3518 4434 originis
3560 4356 3746 4428 plures
3782 4350 3828 4405 in

2243 4477 2641 4540 damnationem
2705 4444 3022 4545 perpetuam
3080 4459 3349 4531 conjicere
3376 4498 3390 4521 ,
3455 4461 3516 4509 et
3594 4444 3826 4545 homines

2243 4534 2584 4634 damnariob
2611 4534 2829 4640 propria
2850 4569 3059 4619 tantum
3086 4553 3279 4612 delicta
3307 4558 3360 4606 et
3378 4541 3651 4603 libertatis

2244 4671 2463 4728 lionem.
2518 4627 2631 4720 Hic'
2661 4627 2811 4716 arma
2860 4652 3089 4723 sumpsit
3117 4654 3303 4705 contra
3352 4639 3608 4712 gratiam,
3655 4641 3712 4687 et
3753 4627 3828 4683 hic

549 4726 661 4761 VIIII
689 4726 843 4757 υῐᾱιη
876 4734 895 4751 ο
926 4726 1049 4750 nam
1082 4726 1229 4745 ιιιςιυυ
1273 4726 1431 4758 γιιυιυ
1482 4726 1653 4738 ενι-ι.-
1686 4726 1812 4734 -.μ-ν.
1851 4726 1903 4745 -τ
1926 4726 1935 4727 κ
2020 4726 2023 4727 ,
2246 4726 2259 4728 ν
2300 4726 2303 4727 ν

549 4796 723 4855 cludit
755 4812 770 4849 :
808 4811 827 4846 ι
864 4790 920 4848 In
959 4786 1155 4861 quibus
1198 4783 1348 4839 nulla
1393 4788 1466 4837 est
1510 4776 1812 4841 obscuritas,
1844 4772 1887 4827 si
1927 4769 1994 4825 dc
2038 4765 2143 4822 fide
2166 4762 2491 4859 Deamdem
2521 4755 2719 4815 evexit.
2771 4750 2909 4806 Hinc
2955 4742 3220 4803 concludo
3258 4735 3403 4861 quod
3447 4726 3685 4832 sihmihi
3734 4735 3828 4777 non

2248 4858 2279 4861 ί-
2417 4854 2452 4861 ··
2742 4854 2867 4861 Ar“-
2915 4835 3260 4861 l--~..-.:_..m
3324 4843 3355 4861 η
3404 4836 3573 4861 πείνης
3622 4828 3825 4861 snnrum

548 4882 1036 4964 pradestinationis
1073 4888 1128 4937 et
1165 4879 1348 4951 gratiae
1389 4875 1502 4941 Dei,
1531 4888 1593 4928 ex
1638 4884 1740 4943 qua
1779 4874 1862 4924 est
1901 4862 2140 4919 omnium

546 4985 814 5042 bonorum
844 4979 1016 5051 origo,
1040 4971 1546 5047 perseverantiaque
1574 4964 1909 5028 meritorum,
1937 4959 2037 5013 hoc
2065 4964 2143 5011 te-

547 5085 738 5133 neatur
766 5072 912 5144 quod
936 5050 1102 5126 habet
1130 5068 1351 5124 veritas.
1382 5084 1401 5116 »
1433 5063 1554 5132 Ipse
1578 5056 1927 5129 Augustinus,
1952 5052 2005 5105 in
2039 5050 2142 5103 fine

547 5169 670 5225 libri
693 5168 761 5222 de
782 5142 965 5223 Gratia
991 5172 1049 5220 et
1071 5160 1240 5217 libero
1268 5155 1492 5213 arbitrio
1509 5197 1523 5223 ,
1545 5154 1661 5208 haec
1684 5149 1827 5206 serio
1855 5142 2144 5202 lectoribus

548 5262 837 5319 inculcavit
877 5277 891 5315 :
929 5279 948 5312 ε
986 5256 1233 5328 Repetite
1272 5251 1490 5309 assidue
1532 5248 1730 5303 librum
1780 5244 1971 5306 istum,
2004 5246 2057 5292 et
2096 5236 2144 5291 si

551 5354 875 5426 intelligitis,
908 5352 1017 5408 Deo
1046 5326 1243 5420 gratias
1272 5345 1443 5417 agite;
1478 5340 1566 5396 ubi
1596 5344 1777 5393 autem
1816 5346 1921 5387 non
1950 5326 2145 5384 intelli-

548 5448 698 5520 gitis,
726 5422 875 5503 orate
905 5452 964 5500 ut
994 5438 1323 5512 intelligetis,
1349 5434 1498 5493 dabit
1524 5431 1668 5487 enim
1696 5427 1850 5484 vobis
1881 5422 2141 5479 Dominus

550 5512 909 5600 intellectum.
948 5556 968 5589 ›
1008 5536 1077 5591 Et
1105 5534 1171 5590 de
1209 5530 1400 5589 eodem
1430 5524 1705 5583 volumine
1734 5519 1961 5589 loquens
1989 5512 2145 5569 initio

548 5636 677 5697 libri
706 5634 775 5692 de
804 5630 1156 5700 Correptione
1185 5634 1239 5684 et
1271 5623 1441 5697 gratia
1477 5640 1486 5674 :
1528 5638 1546 5672 ι
1586 5614 1767 5675 Semel
1796 5614 2027 5676 lectum,
2058 5607 2142 5661 in-

460 5751 466 5760 '
550 5732 691 5805 quit,
722 5726 871 5785 nullo
896 5723 1059 5781 modo
1088 5715 1427 5778 arbitremini
1464 5712 1594 5770 satis
1621 5708 1773 5767 vobis
1806 5709 2144 5761 innotescere

550 5826 816 5900 potuisse.
834 5821 890 5879 Si
920 5833 1047 5891 ergo
1074 5831 1197 5874 eum
1224 5809 1709 5869 fructuosissimum
1741 5802 1936 5857 habere
1954 5795 2137 5859 vultis,

552 5888 662 5976 non
694 5932 788 5975 vos
817 5888 1004 5987 pigeat
1023 5907 1308 5980 relegendo
1338 5904 1538 5961 habere
1567 5897 1925 5955 notissimum.
1958 5911 1976 5945 ι
2004 5888 2139 5943 Volo

556 6022 736 6070 autem
784 5986 1049 6080 Prospero
1091 6014 1378 6076 supparem
1425 5997 1721 6069 producere
1768 5986 2138 6045 doctissimum

2246 4858 2373 4915 licet
2402 4854 2601 4919 dicere,
2631 4854 2875 4904 sanctum
2906 4835 3262 4909 Augustinum
3300 4827 3356 4883 in
3404 4821 3573 4879 variis
3622 4828 3825 4872 suorum

2241 4952 2503 5008 librorum
2533 4906 2669 5001 locis
2690 4939 2793 4999 sibi
2820 4906 3237 4995 contradixisse,
3273 4922 3464 4979 saltem
3488 4916 3569 4971 fas
3600 4922 3686 4968 est
3712 4906 3828 4964 mihi

2248 5137 2393 5195 nulla
2422 5096 2648 5205 reperiri
2673 5126 2841 5199 possit
2882 5117 3204 5181 intricatior,
3246 5124 3406 5183 quam
3436 5120 3557 5177 quae
3604 5102 3707 5159 sibi
3738 5096 3826 5167 ipsi

2248 5190 2547 5303 repugnai'e
2572 5190 2800 5280 videtur.
2840 5237 2860 5271 ι
2908 5216 2988 5271 lta
3027 5206 3298 5268 recentior
3337 5198 3509 5259 sancti
3559 5190 3827 5266 Augustini

2247 5286 2520 5383 defensor.
2567 5319 2694 5375 Haec
2728 5329 2795 5373 eo
2840 5309 3122 5369 eollimant
3164 5312 3223 5360 ut
3262 5309 3538 5358 summum
3588 5286 3827 5348 Ecclesia:

2249 5418 2565 5490 magistrum
2588 5411 2731 5469 omni
2763 5418 2988 5481 prorsus
3008 5407 3213 5458 exuant
3237 5391 3580 5451 auctoritate.
3611 5386 3826 5452 Quotus-

2248 5470 2472 5584 quigque
2518 5508 2662 5564 enim
2693 5470 2782 5559 esi
2815 5499 2906 5569 qui
2955 5492 3141 5553 credat
3183 5489 3303 5545 viro
3344 5483 3423 5541 illi
3459 5478 3554 5553 qui
3592 5490 3692 5535 nec
3739 5470 3827 5527 sibi

2248 5563 2463 5661 credit?
2508 5599 2740 5656 Certane
2768 5563 2900 5651 mihi
2931 5597 3090 5648 erunt
3118 5587 3209 5644 illa
3238 5597 3358 5655 quae
3396 5577 3616 5652 ipsimet
3636 5563 3825 5629 auctori

2246 5693 2605 5757 incertissima
2627 5691 2741 5747 visa
2765 5686 2927 5745 sunt?
2948 5683 3053 5740 Ubi
3075 5690 3130 5738 et
3150 5676 3345 5736 divisio
3365 5685 3431 5729 ac
3453 5667 3823 5729 sententiarum

2253 5790 2486 5847 varietas
2512 5793 2614 5852 est,
2646 5779 2771 5839 inde
2797 5775 2985 5852 procul
3013 5772 3211 5831 veritas
3236 5766 3407 5839 degit,
3426 5779 3569 5835 quae,
3597 5774 3711 5818 cum
3734 5765 3825 5852 una

2256 5842 2563 5954 litium.
2581 5842 2637 5934 in
2662 5842 2843 5947 partes
2871 5867 3059 5927 dividi.
3090 5863 3195 5935 Qui
3219 5856 3468 5933 opposita
3500 5854 3676 5954 docet,
3704 5842 3821 5902 nihil

2254 5945 2385 6036 sane
2410 5945 2586 6039 docet,
2619 5945 2893 6029 enimvero
2922 5962 3087 6024 diruit
3114 5956 3471 6027 aediﬁcatque.
3500 5945 3660 6010 Solus
3686 5948 3820 6000 error
