3974 6356
145 401 259 463 589

1335 402 1659 460 VlNDlCl/E
1698 402 2256 461 AUGUSTINIANIE.

3344 415 3447 471 530

146 519 255 575 sibi
291 533 392 575 nec
411 517 645 575 cohaeret
674 531 772 575 nec
795 526 1025 575 constat.
1053 519 1205 587 Quod
1230 521 1272 576 si
1304 536 1426 576 vera
1452 529 1594 586 sunt,
1622 535 1742 591 quae
1773 525 1826 584 Α
1852 520 2085 576 maximo
2131 520 2387 579 Ecclesiae
2431 523 2635 579 doctori
2696 524 2953 581 audacter
2995 526 3259 583 all‘ricant.
3315 530 3446 597 Quis

145 610 500 667 adversarius
530 610 827 681 Augustino
866 610 1070 681 objicit,
1121 611 1222 667 erit
1266 612 1589 684 Augustinus
1640 613 1743 668 im-

148 720 344 778 postor
369 719 424 766 et
453 708 705 776 mendax,
756 718 810 764 et
837 709 963 767 dum
995 710 1061 766 de
1104 725 1209 766 uno
1255 710 1311 764 in
1341 708 1485 765 aliud
1519 708 1751 765 transilit

144 799 443 858 immemor
466 814 653 856 eorum
685 815 804 872 qua:
843 801 1073 867 dixerat,
1108 810 1159 855 et
1189 799 1372 854 tibiam
1400 798 1501 853 sibi
1540 809 1596 854 et
1626 815 1749 855 cer-

144 893 331 949 vicem
380 893 596 969 frangit.
629 892 688 951 Si
737 895 1062 965 Augustinus
1095 909 1266 966 usque
1310 893 1444 948 adeo
1484 893 1751 964 antilogiis

141 994 350 1053 scatet,
382 986 741 1057 utquodlibet
784 987 961 1057 potius
1012 988 1222 1058 enigma
1278 986 1541 1057 intelligas
1590 1000 1749 1059 quam

142 1094 336 1139 veram
364 1079 480 1152 ejus
508 1094 926 1152 germanamque
971 1079 1291 1151 sententiam
1321 1076 1613 1149 expisceris
1640 1095 1654 1145 ;
1705 1077 1750 1132 si

143 1172 405 1229 obscuris
426 1172 716 1229 verborum
741 1171 1031 1228 involucris
1054 1170 1354 1236 veritatem,
1383 1185 1541 1241 quam
1572 1168 1750 1240 expli-

146 1266 382 1322 candam
426 1274 760 1335 susceperat,
797 1265 1124 1337 implicuisse
1164 1264 1465 1339 credendus
1495 1273 1597 1329 est,
1644 1278 1751 1333 quo

144 1358 271 1430 jure
292 1374 469 1432 quove
513 1359 668 1415 titulo
711 1359 962 1415 Clemens
994 1357 1109 1413 Vlll
1154 1358 1205 1411 in
1258 1356 1501 1413 maximis
1532 1354 1637 1411 illis
1684 1357 1752 1411 de

145 1452 369 1509 auxiliis
395 1452 589 1508 divina:
617 1454 800 1525 gratiae
830 1451 1014 1522 litigiis
1045 1466 1209 1506 unum
1241 1450 1599 1521 Augustinum
1622 1464 1752 1503 con-

145 1544 441 1600 sulendum
468 1544 648 1616 jussit,
680 1559 708 1599 a
741 1557 848 1615 quo
878 1542 1121 1599 veritatis
1162 1552 1368 1597 secreta
1400 1538 1752 1611 peterentur?

146 1635 398 1692 Pessima
449 1651 579 1692 sane
609 1635 835 1692 consilio
875 1636 929 1691 in
980 1635 1225 1691 obscuris
1276 1634 1472 1701 lucem,
1516 1642 1571 1688 et
1613 1632 1753 1687 inter

145 1743 341 1784 secum
368 1730 596 1784 invicem
623 1736 919 1800 pugnantes
949 1725 1231 1798 Augustini
1261 1723 1555 1782 sententias
1582 1721 1746 1778 dissi-

146 1821 238 1877 dia
270 1821 631 1893 componendi
658 1820 874 1877 modum
905 1820 1266 1892 quaesivisset.

1852 611 1997 666 enim
2028 613 2387 673 recentiorum
2416 629 2480 671 ea
2506 624 2687 672 mente
2714 618 2888 672 sancti
2911 617 3150 677 doctoris
3171 621 3445 679 volumina

1851 706 2040 776 aperit,
2076 714 2135 761 ut
2165 706 2369 776 ejurata
2398 709 2558 764 etiam
2588 710 2801 779 prepria
2839 711 3111 781 opinione,
3146 714 3305 770 unius
3335 717 3449 771 Au-

1856 799 2053 869 gustini
2081 801 2362 856 sententiae
2392 802 2760 859 inhaerendum
2778 804 2879 861 sibi
2896 805 3192 863 decernat?
3221 808 3327 864 Sed
3352 825 3448 865 ve-

1854 891 1917 949 lit
1944 894 2098 959 nolit,
2131 895 2459 965 Augustinus
2488 896 2543 951 in
2588 905 2765 966 partes
2796 898 2881 955 vel
2922 900 3185 959 machinis
3226 902 3448 959 trahen-

1854 987 1955 1043 dus
1984 998 2086 1057 est,
2120 999 2281 1065 atque
2307 991 2565 1051 Ecclesiae
2602 995 2866 1068 nagister,
2904 998 2950 1065 si
2995 999 3206 1070 superis
3252 1001 3430 1071 placet

1856 1081 2094 1152 ipsorum
2125 1084 2419 1156 discipulus
2448 1087 2822 1156 publicandus.

1928 1174 2075 1231 Hanc
2098 1176 2345 1235 eamdem
2377 1180 2777 1237 accusationem
2820 1194 3150 1253 prosequens
3192 1186 3451 1242 adversa-

1857 1263 1967 1321 rius
1987 1280 2037 1321 c.
2068 1266 2121 1333 6,
2146 1282 2269 1339 pag.
2290 1268 2416 1338 611,
2438 1270 2608 1342 inquit
2632 1288 2645 1325 :
2674 1289 2691 1322 ι
2718 1271 3061 1329 Ostendimus
3097 1275 3258 1331 etiam
3300 1292 3455 1332 sanc-

1860 1369 1969 1417 tum
1998 1362 2357 1435 Augustinum
2391 1366 2443 1421 in
2478 1364 2578 1423 hac
2609 1367 2832 1423 materia
2864 1375 2947 1424 ter
2976 1370 3301 1426 sententiam
3339 1388 3455 1427 ιιιιι-

1860 1464 2021 1514 lassc.
2052 1474 2072 1509 ι
2108 1456 2251 1513 Citat
2278 1466 2458 1515 autem
2492 1459 2544 1515 in
2578 1462 2820 1531 margine
2845 1475 2963 1535 cap.
2997 1462 3031 1518 5
3061 1464 3128 1520 de
3179 1464 3455 1536 praedesti-

1859 1547 2075 1603 natione
2105 1560 2438 1608 sanctorum.
2480 1551 2671 1610 Verum
2704 1555 2867 1611 semel
2903 1564 3108 1613 tantum
3138 1570 3198 1615 se
3220 1568 3460 1623 mutasse

1858 1640 2184 1696 sententiam
2215 1652 2433 1699 sanctus
2472 1644 2660 1701 doctor
2690 1646 2886 1703 ibidem
2925 1649 3150 1717 scribit;
3183 1665 3305 1705 nam
3355 1650 3457 1707 ini-

1860 1734 1995 1789 tium
2028 1734 2153 1790 fidei
2192 1751 2257 1792 ex
2286 1738 2462 1805 nobis,
2493 1755 2597 1795 non
2627 1756 2693 1795 ex
2722 1740 2833 1797 Deo
2862 1755 2981 1799 esse
3012 1742 3137 1799 olim
3161 1744 3461 1803 arbitraba-

1864 1832 1968 1892 tur,
2022 1841 2180 1897 quem
2240 1838 2425 1898 postea
2474 1844 2710 1887 errorem
2764 1847 2821 1888 re
2867 1832 3059 1889 melius
3104 1850 3168 1891 ex
3198 1838 3460 1907 Apostolo

220 1913 498 1984 Pelagiani
528 1913 679 1981 olim,
716 1928 779 1969 ae
810 1920 991 1983 postea
1032 1908 1503 1980 Serui-Pelagiani,
1530 1905 1749 1963 easdem
1781 1911 1831 1987 Β
1856 1916 2070 1985 cognita
2117 1919 2440 1989 repudiavit.
2490 1920 2619 1990 Qum
2665 1931 2841 1979 tamen
2900 1927 3123 1981 mutatio
3174 1905 3460 1988 sententia

146 2006 455 2062 calumnias
484 2005 539 2060 in
593 2005 943 2078 Augustinum
986 2005 1284 2077 projecere,
1316 2017 1541 2074 quorum
1587 1998 1749 2055 verba

149 2098 280 2153 alibi
332 2097 457 2153 data
494 2108 662 2163 sunt,
717 2113 812 2153 eos
863 2108 1041 2153 autem
1090 2096 1353 2153 acerrime
1404 2093 1752 2166 reprehendit

145 2200 375 2247 sanctus
408 2190 635 2261 Prosper
665 2200 852 2246 contra
882 2189 1209 2245 Collatorem
1234 2204 1354 2267 cap.
1395 2186 1485 2253 41,
1533 2197 1586 2241 ut
1618 2185 1751 2241 nihil

146 2283 219 2337 ab
266 2282 478 2338 Adamo
518 2292 705 2339 contra
756 2292 1004 2349 sanctum
1056 2284 1331 2340 doctorem
1380 2288 1748 2353 proponatur,

147 2376 295 2448 quod
326 2393 431 2435 non
457 2392 522 2433 ex
551 2386 790 2433 veterum
818 2378 1059 2450 ejusdem
1086 2378 1319 2434 hostium
1348 2391 1441 2431 ore
1471 2373 1746 2447 prodierit,

146 2483 286 2539 quos
319 2477 497 2525 tamen
529 2485 714 2526 omnes
746 2470 896 2527 brevi
920 2469 1011 2527 illo
1034 2470 1179 2525 dicto
1201 2470 1534 2539 Augustinus
1563 2468 1751 2525 confu-

144 2561 281 2616 tavit
308 2577 325 2617 :
362 2581 380 2615 ι
422 2563 553 2617 Hinc
582 2571 664 2619 est
691 2563 831 2634 quod
861 2564 1157 2619 sententias
1184 2577 1332 2619 meas
1360 2564 1502 2618 inter
1534 2577 1592 2617 se
1622 2575 1754 2616 con-

144 2648 344 2710 trarias
355 2658 623 2726 putas,vel
639 2658 809 2727 putari
832 2658 1002 2728 cupis,
1024 2666 1274 2727 tanquam
1292 2656 1593 2727 improbem
1609 2653 1752 2724 quod

142 2756 274 2803 ante
286 2748 519 2819 approba
529 2750 693 2804 verim
704 2790 718 2815 ,
733 2758 825 2804 aut
840 2765 922 2803 am
930 2751 1132 2821 plectar
1142 2749 1283 2820 quod
1297 2757 1419 2804 ante
1430 2750 1725 2818 respuerim
1736 2785 1749 2801 .

143 2839 289 2896 Audi
321 2857 450 2913 ergo
476 2850 713 2914 apertam
743 2844 1065 2901 sententiam
1097 2860 1295 2913 meam,
1321 2852 1379 2900 et
1400 2843 1641 2913 intellige
1668 2840 1752 2897 vel

142 2936 267 2993 sine
292 2938 599 3008 intelligere
628 2937 782 3008 alios,
812 2954 919 2995 non
948 2938 1276 2996 oﬂundendo
1306 2939 1565 3010 caligines
1581 2938 1751 2994 nebu—

142 3029 282 3087 losae
308 3032 690 3104 disputationis
710 3033 988 3091 serenitati
1010 3032 1394 3090 sincerissima;
1425 3032 1685 3090 veritatis.
1727 3052 1746 3084 ι

142 3124 264 3181 Lib.
291 3143 350 3193 v,
366 3138 551 3184 contra
571 3128 769 3185 Julian.
784 3143 903 3201 cap.
917 3129 970 3185 9.
987 3128 1053 3184 Et
1070 3128 1288 3200 quidem
1305 3127 1605 3199 Augustino
1623 3124 1753 3196 quid

145 3236 451 3278 commune
476 3238 598 3281 cum
628 3223 848 3294 reliquis
875 3222 1092 3293 accidit,
1125 3222 1215 3293 qui
1260 3224 1330 3279 ob
1358 3222 1630 3293 singulare
1670 3222 1751 3277 in-

1855 2022 1960 2063 non
1989 2008 2139 2075 vitio,
2174 2011 2267 2065 sed
2294 2011 2435 2066 laudi
2456 2012 2529 2067 illi
2555 2014 2859 2085 deputanda
2890 2026 2994 2085 est,
3026 2034 3147 2074 cum
3179 2022 3246 2078 ab
3275 2038 3461 2082 errore

1854 2100 1920 2156 ad
1951 2103 2231 2161 veritatem
2280 2106 2559 2162 deﬂexerit
2588 2125 2603 2175 ;
2636 2108 2745 2171 imo
2790 2112 3078 2168 revelante
3109 2113 3223 2170 Deo
3249 2130 3368 2171 eam
3394 2130 3458 2174 se

1853 2192 2086 2261 priorem
2118 2196 2427 2264 opinionem
2476 2196 2694 2254 exuisse
2740 2201 2930 2257 scribit
2980 2219 3101 2274 cap.
3146 2205 3217 2259 4:
3258 2224 3277 2259 ί
3318 2206 3461 2266 Ecce

1852 2284 2045 2359 inquit,
2070 2306 2237 2362 quare
2286 2292 2398 2349 dixi
2427 2295 2675 2365 superius
2722 2297 2822 2352 hoc
2869 2298 3163 2365 apostolico
3194 2303 3462 2375 praecipue

1854 2382 2166 2439 testimonio
2225 2386 2387 2442 etiam
2430 2402 2520 2443 me
2568 2390 2744 2460 ipsum
2775 2388 2938 2448 fuisse
2965 2394 3295 2465 convictum,
3340 2413 3463 2456 cum

1854 2473 1922 2529 de
1951 2474 2049 2531 hac
2080 2490 2140 2533 re
2177 2476 2336 2534 aliter
2366 2494 2637 2551 saperem,
2692 2498 2848 2553 quam
2888 2485 3019 2541 mihi
3068 2486 3209 2544 Deus
3258 2489 3311 2545 in
3361 2491 3462 2549 hac

1854 2568 2154 2636 quaestione
2184 2572 2467 2641 solvenda,
2522 2589 2645 2630 cum
2689 2576 2756 2632 ad
2798 2578 3109 2649 episc0pum
3152 2581 3461 2655 Simplicia-

1856 2674 2004 2728 num,
2038 2664 2178 2718 sicut
2197 2663 2331 2735 dixi,
2358 2665 2676 2736 scriberem,
2704 2670 3016 2728 revelavit.»
3037 2673 3265 2749 Sapiens
3296 2678 3460 2749 igitur

1858 2751 1943 2806 vir
1974 2751 2085 2809 Deo
2127 2758 2406 2815 revelante
2436 2762 2671 2817 monitus
2700 2762 2802 2817 sibi
2841 2766 3045 2821 erranti
3092 2770 3457 2841 contradixit,

1857 2850 1911 2899 et
1936 2843 2100 2914 priori
2124 2861 2312 2905 errore
2334 2853 2623 2921 posteriori
2655 2855 2925 2911 sententia
2956 2859 3263 2927 emendato,
3295 2878 3459 2922 unam

1856 2949 1977 2993 esse
1997 2938 2185 3007 voluit,
2239 2942 2348 2998 imo
2399 2944 2522 3001 fecit
2551 2944 2616 3001 de
2667 2948 2839 3018 gratia
2884 2963 2947 3005 ac
2977 2952 3455 3020 praedestinutione

1856 3029 2156 3088 doctrinam
2187 3034 2240 3090 in
2266 3037 2515 3094 omnibus
2541 3039 2645 3095 sibi
2673 3041 3059 3100 cohmreutern.
3111 3047 3324 3105 Scimus
3376 3061 3457 3107 ta-

1860 3136 1984 3177 men
2011 3123 2079 3179 de
2109 3127 2388 3198 Augustini
2414 3132 2679 3187 sententia
2712 3134 2989 3205 theologos
3012 3137 3151 3195 inter
3179 3155 3239 3195 se
3286 3140 3457 3212 digla-

1864 3214 2034 3285 diari;
2065 3228 2117 3274 at
2140 3220 2175 3275 ii
2206 3222 2308 3292 ipsi
2329 3226 2571 3279 certatim
2603 3240 2782 3282 sacras
2824 3228 3029 3285 litteras
3068 3232 3165 3287 sibi
3214 3233 3457 3295 faventes

145 3319 375 3388 genium
402 3332 559 3388 supra
583 3328 810 3375 caeteros
832 3318 1198 3375 doctrinarum
1220 3318 1373 3388 copia
1400 3317 1570 3373 evecti
1594 3315 1750 3371 scho-
1780 3313 1825 3377 C
1856 3308 2175 3381 Ρτοάαουηι,
2228 3329 2401 3387 neque
2445 3318 2653 3375 minore
2683 3323 3031 3380 contentione
3060 3324 3128 3381 de
3158 3325 3453 3398 Scripturae

145 3406 325 3463 larum
380 3412 618 3480 magistri
675 3426 919 3467 evasere.
990 3412 1198 3467 Etenim
1256 3418 1569 3474 sectatores,
1628 3424 1749 3465 cum

149 3500 407 3556 certatim
437 3501 830 3574 diligentiorem
862 3519 1083 3575 operam
1116 3504 1168 3559 in
1202 3514 1364 3561 sectae
1404 3514 1631 3577 patrono
1672 3504 1752 3560 le-

148 3598 334 3669 gendo
363 3614 562 3669 ponere
585 3602 855 3668 studeant,
880 3616 978 3656 suo
1002 3611 1177 3656 tamen
1206 3600 1323 3671 plus
1347 3600 1512 3656 nimio
1539 3601 1754 3670 ingenio

150 3692 523 3765 indulgentes,
554 3694 765 3752 diversa
796 3696 1039 3755 docendo
1062 3698 1348 3767 magistros
1374 3697 1428 3752 in
1460 3695 1755 3752 contradic-

150 3788 316 3846 tionis
374 3791 734 3862 suspicionem
785 3792 1025 3850 trahunt.
1093 3793 1206 3850 Hoc
1280 3792 1597 3859 Aristoteli,
1655 3789 1757 3846 hoc

150 3880 373 3939 Platoni
399 3885 641 3954 contigit,
672 3885 776 3943 hoc
806 3896 993 3943 sancto
1021 3886 1242 3942 Thomae
1278 3894 1460 3956 postea
1490 3900 1553 3940 ac
1592 3884 1757 3941 Scoto

153 3978 620 4035 nobilissimarum
651 3981 962 4037 scholarum
989 3980 1322 4053 principibus
1352 3978 1573 4047 accidit,
1600 3979 1758 4035 toties

148 4072 441 4144 discipulis
480 4077 546 4132 de
577 4078 927 4147 praeceptoris
975 4086 1154 4132 mente
1203 4076 1467 4132 acerrime
1522 4076 1659 4130 inter
1702 4088 1761 4132 se

149 4164 616 4223 conflictantibus.
641 4167 831 4231 Nullus
863 4176 1038 4225 tamen
1061 4177 1390 4224 sectatorum
1412 4165 1635 4223 summis
1658 4165 1760 4219 illis

149 4258 286 4316 viris
316 4260 763 4318 contradictionis
784 4260 993 4319 crimen
1020 4262 1284 4330 impingit,
1313 4260 1408 4316 sed
1437 4273 1557 4329 quae
1580 4257 1648 4313 ab
1668 4258 1762 4310 ad-

155 4344 421 4407 versa'riis
490 4351 851 4423 adducuntur,
930 4354 1183 4423 congruis
1270 4351 1762 4423 interpretamentis

155 4443 435 4513 explicare
462 4453 750 4502 conantur.
777 4446 955 4512 Quare
981 4460 1103 4502 cum
1137 4446 1467 4515 Augustinus
1499 4445 1763 4502 librorum

153 4535 337 4605 capia,
368 4535 628 4593 doctrina:
651 4536 962 4607 subtilitate,
996 4547 1071 4604 et,
1105 4537 1249 4609 quod
1271 4546 1435 4607 caput
1459 4549 1561 4602 est,
1598 4553 1756 4610 argu-

154 4637 466 4685 mentorum
520 4645 684 4699 prope
726 4630 1119 4689 contrariorum
1149 4641 1569 4703 pertractatione
1599 4643 1761 4690 caste-

1858 3420 2017 3475 quam
2070 3407 2138 3463 de
2168 3409 2452 3481 Augustini
2485 3428 2650 3470 sensu
2679 3415 2976 3473 decertant.
3025 3417 3194 3476 Porro
3226 3424 3346 3493 quis
3395 3437 3461 3481 eo

1856 3498 2141 3556 dementia:
2173 3502 2373 3574 impetu
2404 3503 2630 3574 feratur,
2662 3516 2724 3563 ut
2748 3509 2930 3565 dicere
2960 3513 3101 3567 ausit
3130 3515 3267 3569 sacri
3309 3515 3461 3573 codi-

1857 3591 1936 3647 οἷς
1965 3595 2265 3651 sententias
2313 3611 2432 3653 esse
2473 3598 2930 3671 intricatissimas,
2966 3604 3148 3660 turbas
3201 3604 3459 3667 Ecclesia:

1860 3685 2097 3756 dedisse,
2123 3687 2312 3745 doctos
2344 3690 2485 3747 viros
2518 3691 2571 3746 in
2599 3692 2862 3751 factiones
2886 3695 3155 3765 divisisse,
3183 3698 3360 3756 aliave
3388 3699 3461 3757 si-

1860 3778 2036 3846 milia,
2094 3794 2215 3850 quae
2270 3782 2338 3838 de
2387 3785 2685 3855 Augustino
2732 3788 2966 3842 Adamus
3006 3789 3315 3860 scripturit?
3344 3791 3461 3850 Non

1862 3869 2084 3927 defuere
2121 3882 2298 3929 tamen
2332 3875 2649 3945 nebulones,
2682 3878 3002 3934 Christian
3033 3880 3303 3951 religionis
3336 3883 3461 3941 hos-

1864 3969 1964 4027 tes,
2012 3963 2101 4034 qui
2150 3978 2333 4021 sacras
2374 3966 2582 4025 litteras
2632 3971 3079 4027 contradictionis
3142 3984 3456 4046 arguerent,

1863 4073 1998 4129 quos
2027 4067 2253 4116 caeteros
2282 4061 2427 4119 inter
2460 4062 2655 4119 refellit
2688 4074 2904 4121 sanctus
2946 4067 3270 4141 Augustinus
3300 4071 3353 4126 in
3397 4072 3461 4127 liv

1864 4153 1963 4208 bro
1993 4154 2059 4210 de
2086 4153 2363 4212 Consensu
2395 4158 2863 4227 evangelistarnm.

1939 4249 2006 4301 At
2054 4262 2174 4317 quae
2217 4248 2553 4306 adversarius
2595 4250 2661 4305 ad
2711 4252 3130 4322 Augustinianas
3175 4256 3459 4329 antilogias

1866 4340 2168 4397 suadendas
2207 4342 2441 4412 adducit,
2471 4343 2643 4399 iutilia
2674 4360 2897 4416 prorsus
2928 4356 3069 4415 sunt,
3108 4349 3300 4421 visque
3322 4351 3458 4408 citra

1869 4448 2122 4489 nauseam
2154 4435 2320 4503 repeti
2357 4446 2596 4504 possunt.
2646 4437 2880 4506 Opponit
2927 4439 3069 4494 enim
3121 4442 3297 4510 primo
3341 4444 3460 4500 loco

1870 4528 2227 4615 Augustinum
2251 4530 2501 4586 docuisse
2532 4538 2768 4587 nostram
2803 4532 3030 4589 salutem
3066 4533 3314 4593 absoluto
3364 4538 3460 4595 Dei

1870 4619 2087 4676 decreto
2118 4620 2390 4677 deﬁnitam
2414 4637 2554 4691 esse,
2586 4632 2640 4680 et
2666 4624 2795 4680 alibi
2822 4626 3108 4693 tradidisse
3155 4644 3273 4685 eam
3319 4631 3458 4686 nihi-

154 4734 246 4776 τοῦ
274 4720 439 4792 longo
464 4732 585 4792 post
611 4736 671 4781 se
704 4722 982 4781 intervallo
1023 4725 1323 4795 reliquerit,
1367 4726 1539 4781 eidem
1591 4725 1751 4780 etiam
1782 4716 1836 4783 1)
1862 4710 2092 4767 lominus
2124 4730 2151 4767 a
2184 4723 2368 4771 nostra
2394 4717 2668 4772 voluntate
2696 4717 2950 4785 pendere.
2985 4722 3053 4776 At
3081 4721 3195 4777 hazc
3216 4723 3331 4793 ipsa
3371 4733 3457 4780 est

154 4812 399 4883 periculo
428 4816 705 4884 proximus
733 4818 903 4873 factus
932 4826 1035 4884 est,
1067 4833 1259 4889 nempe
1288 4827 1344 4875 ut
1366 4817 1634 4875 contraria
1662 4818 1756 4872 do-

157 4906 337 4961 cuisse
381 4908 651 4976 credatur,
709 4910 834 4966 dum
867 4927 897 4965 a
946 4913 1231 4968 contrariis
1269 4927 1332 4969 ac
1379 4912 1479 4968 sibi
1524 4912 1754 4967 invicem

154 5001 583 5070 repugnantibus
611 5004 964 5074 scriptoribus
992 5006 1238 5061 certatim
1278 5007 1381 5063 sibi
1432 5006 1612 5063 favens
1658 5021 1755 5077 pu-

154 5088 410 5149 blicatur.
446 5093 657 5164 Maligni
687 5103 863 5153 tamen
891 5111 955 5153 ac
978 5096 1263 5168 irreligiosi
1296 5112 1511 5169 prorsus
1540 5098 1754 5154 lectoris

157 5185 249 5252 sit,
290 5185 567 5244 afﬁrmare
604 5199 808 5247 tantum
855 5192 1133 5248 doctorem
1179 5193 1445 5248 contraria
1481 5193 1750 5250 docuisse.

162 5278 365 5339 Verum
394 5281 631 5341 Adamus
658 5284 799 5341 haud
832 5285 899 5343 iis
926 5286 1195 5355 scrupulis
1225 5287 1540 5356 perstrictus
1562 5288 1757 5342 clamat

160 5385 281 5446 pag.
306 5372 437 5443 590,
471 5395 491 5430 ι
517 5378 874 5449 Augustinum
905 5378 1278 5451 theologorum
1308 5378 1522 5435 scholas
1552 5380 1607 5434 in
1628 5394 1756 5449 par-

162 5470 264 5532 tes,
323 5478 389 5527 ac
442 5466 690 5527 doctores
738 5469 792 5525 in
836 5468 1103 5527 factiones
1148 5470 1426 5526 divisisse.
1486 5490 1504 5523 ι
1551 5469 1754 5527 Erras:

161 5573 284 5615 nam
337 5574 369 5617 e
430 5569 623 5618 contra
653 5563 831 5633 potius
879 5563 1126 5620 ~diversac
1178 5562 1484 5620 scholarum
1532 5577 1595 5618 ac
1627 5563 1757 5620 doc-

162 5662 341 5712 torum
388 5656 647 5715 factiones
703 5658 987 5730 Augustini
1059 5658 1357 5715 doctrinam
1412 5657 1466 5713 in
1534 5666 1750 5713 caetra-

161 5750 270 5803 rias
297 5757 479 5818 partes
500 5748 859 5807 dilaniarunt:
888 5750 1088 5808 etenim
1132 5746 1259 5807 dum
1299 5749 1367 5805 ad
1395 5749 1750 5819 Augustinum

164 5840 450 5910 legendum
479 5844 865 5916 praeoccupatis
891 5844 1086 5903 animis
1106 5843 1389 5909 accedunt,
1418 5858 1516 5899 nec
1540 5844 1654 5912 ejus
1676 5842 1753 5896 uti

166 5933 358 5991 volunt
385 5937 717 6012 magiSterio,
745 5938 842 5997 sed
872 5925 1190 6010 patrocinio,
1221 5952 1344 5995 suas
1374 5936 1751 6008 npiniunculas

1863 4807 2033 4867 sancti
2056 4805 2277 4863 Thomas
2307 4812 2593 4877 sententia,
2620 4826 2779 4881 quam
2809 4827 2915 4868 non
2938 4815 3110 4871 solum
3135 4826 3453 4887 sectatores,

1861 4898 1956 4953 sed
1985 4898 2221 4953 melioris
2244 4900 2411 4971 etiam
2445 4909 2587 4958 notae
2606 4901 2839 4974 theologi
2868 4906 3243 4976 subscribam,
3271 4908 3455 4966 dicen-

1864 5002 1942 5045 tes
1966 4991 2186 5061 gloriam
2219 4993 2271 5046 in
2302 4993 2602 5049 intentione
2632 4995 2879 5052 absoluto
2926 4998 3017 5053 Dei
3055 4999 3276 5055 decreto
3318 5016 3450 5071 prae-

1860 5085 2149 5141 destinatis
2180 5087 2452 5158 prmtixam
2488 5088 2676 5156 fuisse,
2709 5101 2763 5145 at
2793 5091 2846 5147 in
2882 5094 3225 5149 exsecutione
3255 5095 3321 5149 ab
3362 5109 3452 5149 ro—

1862 5178 2107 5234 rumdem
2153 5180 2363 5235 meritis
2406 5180 2678 5249 pendere;
2706 5182 2773 5237 de
2796 5198 2901 5251 qua
2926 5198 2987 5239 re
3003 5184 3330 5255 Augustinus
3356 5187 3446 5241 lib.

1863 5272 1928 5329 de
1957 5274 2104 5335 Grat.
2137 5280 2190 5327 et
2217 5274 2309 5328 lib.
2342 5274 2485 5339 arb.,
2519 5290 2639 5343 cap.
2693 5275 2780 5340 18,
2815 5275 2905 5331 ubi
2948 5280 3139 5346 quaerit
3182 5281 3452 5349 quomodo

1863 5365 1966 5420 vita
1991 5374 2193 5421 aeterna
2224 5368 2377 5421 detur
2408 5368 2610 5422 nostris
2634 5368 2843 5423 meritis
2869 5377 3121 5440 tanquam
3146 5354 3449 5443 praemium,

1863 5469 1917 5513 et
1948 5458 2108 5513 simul
2158 5458 2315 5513 detur
2346 5474 2411 5513 ex
2442 5460 2613 5527 gratia
2654 5460 2797 5515 nulla
2849 5462 3039 5527 merita
3093 5475 3451 5534 supponente.

1865 5552 2105 5613 Alteram
2153 5552 2637 5607 contradictionem
2684 5555 2925 5623 opponit,
2960 5570 3152 5626 nempe
3201 5546 3451 5613 docuisse

1858 5647 2210 5717 Augustinum
2242 5646 2637 5715 praescientiam
2687 5662 2809 5703 esse
2844 5650 3199 5720 posteriorem
3234 5652 3453 5705 decreto

1857 5740 2271 5809 reprobationis,
2299 5749 2352 5795 et
2378 5754 2498 5796 esse
2523 5742 2685 5797 etiam
2711 5743 3057 5799 anteriorem.
3094 5742 3200 5797 Sed
3233 5742 3450 5796 debuis-

1858 5845 1938 5889 set
1964 5834 2049 5888 hic
2081 5834 2349 5889 recentior
2379 5835 2620 5892 indicare
2662 5838 2826 5892 libros
2874 5846 2928 5893 et
2956 5837 3129 5907 capita
3164 5837 3249 5892 ubi
3286 5837 3450 5890 hasce

1860 5928 2275 5999 Augustinianas
2302 5928 2583 6000 antilogias
2606 5940 2844 5988 notasset
2867 5947 2884 5989 :
2908 5946 3078 6002 neque
3100 5932 3241 5986 enim
3279 5936 3439 5985 tanta:
