3974 6356
538 423 723 485 5917-

1430 411 1989 475 SUPPLEMENTUM
2028 418 2120 472 AD
2157 417 2388 479 OPERA
2427 423 2488 480 S.
2528 423 2921 484 AUGUSTINI.

3725 421 3824 477 592

536 542 665 597 fidei
697 538 869 594 virum
901 536 1047 592 illum
1076 540 1346 604 putamus,
1377 540 1434 588 ut
1485 532 1687 589 dicenti
1724 540 1779 590 et
1809 533 1953 589 nullo
1979 532 2129 589 testi-
2156 539 2209 599 A
2236 538 2330 594 lib.
2361 540 2503 612 arb.,
2538 558 2656 614 cap.
2693 543 2758 597 16
2785 560 2800 609 ;
2832 541 3198 610 occultissima,
3246 540 3608 612 efﬁcacissima
3660 550 3824 610 potes-

534 633 716 690 monio
743 630 985 701 probanti
1015 628 1240 684 credere
1268 627 1586 696 debeamus,
1636 626 1689 681 in
1717 642 1777 683 re
1824 628 2122 697 prmserzim

530 727 871 799 gravissima,
905 722 992 779 ubi
1022 731 1330 779 sanctorum
1356 721 1656 777 doctrinam
1687 730 1848 791 atque
1888 723 2124 776 auctori-

532 828 694 874 tatem
720 819 772 873 in
815 815 1169 887 quaestionem
1224 816 1414 870 trahit.
1457 815 1676 870 Interim
1718 814 1944 869 dicimus
1992 813 2125 870 falso

530 911 699 965 asseri
729 917 975 965 sanctum
1005 908 1363 979 Augustinum
1418 904 1661 978 posuisse
1690 907 2123 976 reprobationem

527 1012 653 1057 ante
681 1000 1064 1056 demeritorum
1089 999 1518 1069 pnzescientiam;
1549 1008 1672 1053 nota
1705 1006 1788 1053 est
1838 997 1928 1054 illa
1977 998 2124 1067 ejus-

525 1094 649 1149 dem
677 1094 946 1150 sententia
988 1093 1144 1147 toties
1182 1092 1445 1161 repetita:
1485 1109 1503 1143 (
1560 1091 1736 1146 Bonus
1793 1099 1878 1146 est
1939 1090 2079 1147 Deus
2105 1132 2122 1159 ,

522 1189 701 1263 justus
730 1200 813 1245 est
855 1190 1017 1256 Deus,
1048 1196 1229 1259 potest
1257 1189 1373 1242 sine
1423 1188 1577 1243 bonis
1612 1188 1821 1242 meritis
1868 1186 2121 1255 liberare,

526 1281 652 1351 quia
679 1282 851 1337 bonus
877 1288 959 1336 est
984 1295 999 1345 ;
1034 1294 1140 1334 non
1169 1287 1345 1349 potest
1376 1278 1492 1334 sine
1522 1278 1678 1333 malis
1715 1277 1920 1332 meritis
1967 1277 2122 1332 dam-

527 1391 682 1443 nare,
715 1375 839 1446 quia
860 1372 1041 1445 justus
1069 1372 1357 1428 est.iHinc
1379 1382 1566 1427 contra
1591 1371 1909 1441 Pelagianos
1931 1372 2123 1442 probat

522 1466 697 1522 Deum
725 1464 966 1521 futurum
995 1464 1277 1536 injustum,
1305 1464 1351 1519 si
1381 1464 1634 1534 rejiceret
1659 1478 1687 1518 a
1719 1464 1888 1534 gloria
1922 1478 2121 1534 pueros

523 1561 659 1617 nulli
686 1570 912 1632 peccato
934 1559 1218 1626 obnoxios,
1256 1559 1417 1627 idque
1445 1558 1559 1614 fere
1587 1557 1786 1629 ubique
1817 1565 2038 1628 praestat
2068 1558 2122 1612 in

523 1669 693 1726 opere
724 1653 1010 1724 posteriori
1041 1662 1226 1707 contra
1254 1651 1551 1720 lulianum,
1582 1660 1637 1707 et
1668 1652 1722 1706 in
1755 1650 1919 1722 priori
1959 1651 2119 1707 etiam

520 1748 619 1803 lib.
655 1763 734 1815 tu,
761 1761 880 1817 cap.
911 1745 945 1798 4
969 1756 1022 1801 et
1052 1745 1116 1800 i9.
1138 1764 1153 1812 ;
1178 1760 1343 1800 serm.
1378 1743 1446 1800 14
1476 1744 1544 1800 de
1584 1743 1751 1799 Verb.
1803 1747 2017 1813 Apost.,
2068 1751 2123 1798 et

522 1841 681 1911 epist.
714 1839 840 1897 106.
869 1839 979 1896 Nec
1007 1838 1175 1893 ullum
1224 1839 1400 1894 locum
1445 1836 1596 1894 dabit
1644 1838 1988 1893 adversarius
2031 1836 2119 1892 ubi

2229 643 2350 699 fate,
2387 636 2479 691 lib.
2510 652 2527 690 ι
2557 637 2622 692 ad
2656 620 2853 704 Bonif.,
2885 652 3004 707 cap.
3053 636 3159 692 20:
3190 651 3335 703 cum,
3387 638 3631 707 inquam,
3669 649 3819 690 sanc-

2230 733 2313 781 tus
2340 726 2526 783 doctor
2553 728 2636 783 his
2665 728 2893 798 aliisque
2918 728 3169 800 epithetis
3194 727 3432 783 victricis
3456 727 3647 798 gratiae
3670 741 3822 781 ener-

2225 823 2365 896 giam
2392 825 2661 896 exprimit,
2693 826 2760 882 de
2780 842 3013 897 congrua
3042 836 3096 883 et
3117 826 3321 883 efficaci
3348 824 3700 893 accipiendos
3722 832 3819 887 est;

2226 926 2282 974 at
2309 932 2428 973 cum
2460 918 2620 974 debili
2645 919 2855 976 cuidam
2895 921 3081 992 gratiae
3122 929 3361 977 nostram
3394 918 3707 975 libertatem
3740 931 3823 970 re-

2226 1009 2420 1066 sistere
2451 1011 2631 1079 tradit,
2658 1022 2714 1067 ut
2742 1021 2979 1084 patetex
3014 1014 3109 1070 lib.
3152 1029 3191 1081 ι,
3237 1021 3428 1085 quast.
3460 1012 3515 1079 2,
3564 1012 3633 1067 ad
3685 1010 3825 1068 Sim-

2227 1103 2535 1171 plicianum,
2570 1120 2636 1160 ex
2678 1120 2797 1177 cap.
2847 1107 2879 1161 9
2935 1107 3002 1163 de
3040 1107 3297 1163 Prtedest.
3346 1116 3687 1169 sanctorum,
3739 1102 3825 1159 ubi

2225 1196 2339 1250 ait:
2383 1216 2401 1248 ι
2436 1197 2514 1252 Ex
2542 1198 2751 1253 duobus
2779 1207 2941 1255 mtate
2986 1199 3097 1270 jam
3158 1198 3448 1270 grandibus
3494 1198 3684 1269 impiis
3734 1212 3827 1251 cur

2225 1290 2327 1345 iste
2358 1300 2607 1359 vocetur,
2636 1300 2696 1347 ut
2722 1301 3005 1348 vocantem
3058 1305 3336 1364 sequatur,
3368 1293 3457 1350 ille
3498 1303 3688 1349 autem
3739 1300 3829 1347 aut

2226 1397 2333 1437 non
2366 1392 2604 1450 vocetur,
2620 1393 2712 1439 aut
2740 1400 2848 1440 non
2872 1386 2944 1441 ita
2967 1396 3214 1452 vocetur,
3233 1397 3292 1441 ut
3315 1397 3593 1443 vocantem
3620 1400 3829 1460 sequa:

2227 1482 2331 1541 tur,
2364 1476 2732 1532 inscrutabilia
2764 1485 2891 1533 sunt
2912 1477 3114 1547 judicia
3144 1477 3238 1535 Dei
3262 1486 3287 1546 ;‘
3317 1498 3336 1531 ι
3370 1479 3539 1548 palam
3568 1482 3627 1532 tit
3659 1492 3829 1547 quos-

2223 1566 2344 1623 dam
2376 1569 2584 1624 vocanti
2615 1569 2727 1625 Deo
2757 1570 3036 1629 resistere.
3071 1586 3190 1641 quae
3221 1569 3386 1627 etiam
3416 1584 3479 1626 ex
3507 1584 3627 1639 cap.
3660 1568 3729 1623 11
3763 1568 3831 1625 de

2222 1658 2470 1727 Corrept.
2502 1669 2555 1716 et
2582 1672 2720 1731 grat.
2753 1661 3113 1730 deducuntur,
3144 1665 3285 1718 ’cum
3332 1661 3659 1732 adjutorium
3723 1658 3829 1714 mi-

2224 1754 2504 1807 nistratum
2537 1754 2741 1823 angelis
2789 1764 2914 1810 ante
2947 1754 3155 1825 lapsum
3200 1754 3316 1811 dari
3365 1755 3520 1809 etiam
3566 1754 3619 1808 in
3679 1759 3831 1807 statu

2224 1852 2430 1900 naturae
2463 1845 2628 1915 lapsae
2668 1844 3018 1915 quibusdam,
3067 1846 3190 1902 aliis
3241 1847 3297 1901 in
3348 1860 3559 1917 plenam
3599 1844 3831 1916 peccati

446 1994 452 1999 ,
520 1934 714 1991 doceat
742 1933 1075 2005 Augustinus
1105 1930 1388 2003 reprobari
1416 1931 1719 2002 quempiam
1764 1946 1795 1985 a
1843 1930 1975 1997 Dec.
2022 1946 2117 1985 ευ·
2146 1934 2195 1995 Β
2220 1952 2327 1993 non
2357 1937 2474 1993 dari
2503 1938 2729 2006 scribit;
2759 1954 2881 1994 cum
2908 1939 3151 2009 inquam,
3182 1941 3283 1995 ista
3312 1940 3487 2005 docet,
3532 1939 3595 1994 de
3649 1938 3831 1993 altera

519 2025 606 2099 jus
634 2026 835 2083 nullum
868 2026 1011 2081 Deus
1041 2023 1365 2081 demeritum
1397 2022 1725 2093 praeviderit.
1763 2023 1926 2079 Addit
1954 2022 2115 2079 tertio

520 2117 640 2176 loco
662 2119 874 2174 tradere
897 2117 1275 2188 Augustinum,
1306 2134 1327 2169 ι
1357 2119 1400 2175 A
1420 2124 1602 2171 nostra
1625 2116 1874 2173 libertate
1890 2117 2114 2187 gratiam

519 2210 800 2281 compleri,
825 2219 879 2265 et
895 2224 925 2264 a
951 2211 1124 2280 gratia
1142 2209 1447 2265 libertatem
1468 2210 1520 2264 in
1541 2224 1696 2264 usum
1721 2209 1932 2265 deduci.
1956 2228 1975 2261 ι
2008 2209 2115 2265 Sed

418 2368 431 2373 ἵ
518 2301 637 2361 haec
668 2306 805 2361 bene
834 2303 975 2360 inter
1002 2319 1061 2360 se
1088 2303 1453 2360 conveniunt:
1494 2317 1620 2358 nam
1661 2303 1772 2358 sola
1802 2304 1973 2373 gratia
2007 2318 2113 2358 non

519 2398 668 2470 ponit
683 2408 861 2453 actum
878 2397 1076 2454 bonum
1096 2397 1148 2451 in
1164 2395 1337 2463 nobis,
1364 2395 1460 2451 sed
1476 2411 1575 2451 una
1597 2410 1719 2451 cum
1737 2395 1902 2452 libera
1921 2394 2113 2450 volun-

518 2501 654 2560 tate,
681 2507 843 2560 quam
875 2492 989 2562 ipsa
1012 2498 1307 2562 praemovet
1331 2499 1386 2545 et
1412 2490 1467 2544 in
1488 2499 1667 2544 actum
1690 2488 1913 2545 deducit
1937 2506 1948 2540 :
1975 2489 2115 2543 unde

516 2600 582 2642 ex
615 2585 786 2656 gratia
814 2596 867 2640 et
892 2584 1065 2641 libero
1092 2584 1317 2640 arbitrio
1345 2582 1405 2638 ﬁt
1432 2584 1757 2653 completum
1788 2581 2109 2653 principium

516 2687 735 2734 actuum
766 2677 1057 2746 bonorum,
1090 2676 1162 2732 ita
1194 2686 1375 2732 tamen
1401 2684 1459 2732 ut
1490 2676 1710 2731 libertas
1738 2676 1923 2745 gratiae
1947 2675 2117 2730 ancil-

514 2772 676 2829 letur.
712 2771 783 2828 Et
803 2786 935 2828 sane
964 2786 1087 2829 cum
1121 2771 1240 2827 sine
1269 2771 1439 2842 gratia
1469 2769 1603 2824 nihil
1628 2769 1743 2825 lieri
1765 2771 1936 2840 possit
1960 2778 2117 2839 prout

515 2873 731 2936 Oportet
761 2865 827 2921 ad
857 2864 1108 2928 salutem,
1138 2879 1169 2918 a
1200 2862 1311 2918 sola
1340 2863 1513 2934 gratia
1540 2861 1771 2916 humana
1802 2860 2026 2916 libertas
2060 2859 2115 2915 in

515 2957 716 3015 bonum
768 2965 825 3014 et
851 2957 1187 3014 meritorium
1220 2971 1374 3013 usum
1402 2956 1485 3026 agi
1518 2964 1712 3025 potest.
1744 2954 1863 3010 Non
1887 2954 1958 3010 do
1997 2955 2114 3012 Au-

513 3052 710 3124 gustini
742 3061 939 3120 textus,
972 3051 1098 3124 quia
1118 3067 1205 3109 res
1235 3052 1289 3106 in
1316 3051 1462 3109 omni
1488 3051 1675 3107 schola
1700 3058 1785 3107 est
1807 3050 2113 3119 manifesta,

513 3144 645 3203 licet
669 3147 736 3203 de
758 3147 921 3203 modo
949 3161 1057 3217 quo
1110 3146 1218 3203 illae
1267 3147 1538 3202 motiones
1583 3145 1716 3200 ﬁant
1761 3145 2112 3216 disceptetur.

515 3238 754 3296 Primum
777 3242 881 3311 legi
913 3248 1087 3309 potest
1113 3240 1166 3295 in
1196 3240 1492 3310 Augustino
1517 3252 1699 3295 sermo
1741 3237 1808 3293 15
1838 3239 1907 3294 de
1932 3237 2113 3293 verbis

2218 2032 2407 2101 gratia:
2429 2031 2611 2099 specie
2639 2031 2831 2097 debili,
2883 2032 3178 2103 incongrua
3208 2041 3262 2088 et
3289 2040 3495 2088 remote
3522 2030 3829 2087 sufﬁcienti

2219 2118 2473 2190 loquitur,
2505 2120 2647 2178 unde
2676 2121 2824 2179 nulla
2863 2121 2950 2179 hic
2976 2123 3420 2180 contradictionis
3441 2122 3687 2194 suspicio
3718 2126 3831 2178 Au-

2216 2215 2486 2286 gustinum
2516 2217 2703 2285 tangit.

2292 2303 2484 2370 Quinta
2532 2302 2885 2359 contradictio
2926 2312 3012 2361 est
3062 2322 3076 2359 :
3137 2322 3158 2358 ι
3203 2303 3396 2361 Plures
3446 2303 3704 2359 damnari
3767 2302 3834 2357 ob

2218 2396 2391 2453 solum
2423 2408 2703 2468 peccatum
2735 2398 2978 2469 originis,
3014 2418 3034 2451 ι
3066 2408 3122 2456 et
3147 2399 3276 2456 item
3306 2400 3483 2468 docet,
3510 2419 3531 2453 ι
3565 2398 3832 2454 homines

2218 2503 2325 2545 non
2354 2488 2597 2544 damnari
2628 2489 2731 2545 nisi
2762 2490 2832 2545 ob
2884 2500 3105 2560 peccata
3138 2492 3458 2561 personalia,
3489 2500 3543 2546 et
3580 2490 3831 2561 propriae

2219 2583 2486 2640 libertatis
2514 2584 2890 2642 rebellionem.
2927 2605 2947 2639 ι
2994 2585 3111 2642 Non
3142 2588 3213 2642 ita
3243 2595 3348 2653 est,
3378 2587 3599 2643 Adams.
3653 2586 3831 2642 Docet

2218 2678 2550 2747 Augustinus
2589 2692 2785 2749 pueros
2833 2678 3160 2735 decedentes
3203 2679 3324 2735 sine
3365 2680 3628 2751 baptismo
3665 2679 3830 2734 dann-

2218 2772 2335 2827 nari
2368 2772 2439 2827 ob
2470 2771 2646 2827 solum
2677 2780 2957 2842 peccatum
2994 2771 3241 2844 originis,
3273 2772 3506 2843 majores
3532 2787 3667 2829 vero
3701 2783 3829 2828 natu

2221 2864 2488 2932 homines,
2536 2874 2593 2923 et
2644 2875 2864 2937 propter
2911 2876 3188 2936 peccatum
3225 2868 3468 2939 originis,
3497 2876 3552 2923 et
3592 2876 3831 2938 propter

2218 2958 2344 3024 alia,
2394 2973 2515 3030 qua:
2562 2959 2806 3028 ipsorum
2854 2960 3056 3017 malitia
3096 2960 3493 3031 superaddidit;
3537 2959 3590 3015 in
3618 2960 3832 3030 quibus

2219 3052 2367 3107 nulla
2426 3052 2830 3109 contrarietatis
2890 3054 3079 3110 umbra
3146 3054 3492 3124 conspicitur.
3550 3053 3833 3109 Audiatnr

2219 3154 2436 3203 sanctus
2484 3146 2677 3202 doctor
2719 3147 2811 3203 lib.
2860 3147 2930 3204 de
2975 3148 3224 3218 Corrept.
3270 3158 3327 3206 et
3379 3159 3513 3220 grat.
3544 3162 3671 3219 cap.
3714 3148 3827 3205 13:

2226 3255 2246 3291 ι
2285 3239 2348 3296 li
2379 3254 2510 3310 ergo
2534 3240 2625 3310 qui
2652 3254 2758 3295 non
2786 3239 3062 3311 pertinent
3089 3243 3158 3298 ad
3190 3244 3345 3298 istum
3375 3241 3752 3299 certissimum
3782 3252 3830 3299 et

515 3333 784 3404 Apostoli,
816 3347 936 3402 cap.
976 3333 1065 3399 11,
1116 3332 1403 3404 §Agnosce
1429 3331 1555 3401 quid
1599 3347 1801 3400 poscas,
1843 3338 1975 3397 etc.,
2018 3330 2110 3386 ubi
2141 3322 2188 3388 C
2218 3328 2587 3388 felicissimum
2618 3347 2922 3402 numerum,
2956 3349 3055 3404 pro
3090 3334 3303 3391 meritis
3334 3334 3630 3405 justissime
3677 3335 3829 3406 judi-

515 3434 656 3481 tnter
683 3425 789 3480 alia
813 3422 1039 3479 scribit:
1073 3440 1093 3475 ‹
1122 3423 1180 3479 Si
1213 3438 1320 3479 non
1363 3437 1518 3479 esses
1546 3430 1821 3492 operator,
1873 3421 1963 3477 ille
2004 3437 2111 3478 non

514 3525 657 3573 esset
685 3522 1042 3585 cooperator;
1083 3531 1102 3566 ι
1135 3513 1230 3571 lib.
1290 3529 1331 3568 ιι
1376 3514 1446 3570 de
1485 3522 1824 3584 peccatorum
1878 3512 2104 3580 Meritis,

513 3621 633 3677 cap.
665 3604 720 3673 5,
749 3616 805 3660 et
830 3604 980 3662 alibi.
1002 3606 1242 3662 Alterum
1268 3620 1400 3662 vero
1430 3606 1484 3662 in
1516 3606 1664 3661 omni
1702 3602 1898 3677 pagina
1942 3606 2110 3663 libro-

513 3708 636 3753 rum
666 3707 856 3754 contra
885 3697 1222 3768 Pelagianos,
1254 3697 1347 3754 ubi
1376 3698 1706 3755 catholicum
1739 3698 1873 3754 illud
1919 3698 2111 3769 dogma

513 3805 733 3862 semper
761 3790 1021 3858 inculcat,
1042 3790 1177 3847 nihil
1220 3790 1349 3848 boni
1382 3790 1647 3848 meritorii
1676 3791 1794 3848 fieri
1817 3805 1977 3863 posse
1996 3792 2114 3849 sine

511 3886 708 3956 gratia.

588 3982 791 4049 Quarta
852 3981 1095 4052 sequitur
1136 3980 1352 4051 objecta
1380 3982 1681 4053 Augustino
1710 3981 2065 4039 contradictio
2094 4000 2107 4036 :

519 4092 537 4128 ε
576 4074 817 4131 Gratiam
845 4090 969 4132 esse
1000 4076 1297 4145 victricem,
1326 4077 1425 4132 sed
1455 4086 1510 4132 et
1544 4078 1721 4133 eidem
1768 4087 2008 4132 nostram
2046 4076 2111 4131 li-

511 4168 774 4224 bertatem
802 4167 1080 4226 resistere.
1122 4187 1141 4221 »
1159 4171 1228 4224 At
1251 4168 1322 4226 de
1346 4169 1538 4226 eadem
1554 4158 1724 4239 gratia
1756 4171 1809 4223 in
1834 4169 2112 4224 individuo

512 4272 787 4329 nunquam
821 4259 924 4314 hoc
954 4259 1284 4329 Augustinus
1313 4259 1626 4327 somniavit,
1651 4268 1710 4315 ut
1731 4260 1919 4315 eadem
1952 4260 2113 4315 simul

512 4359 568 4406 et
599 4350 839 4406 vinceret
865 4350 1191 4417 libertatem,
1222 4366 1452 4420 eamque
1481 4352 1583 4407 sibi
1612 4352 1892 4420 subderet,
1922 4362 1978 4409 et
2026 4352 2110 4408 ni-

510 4442 808 4500 hilominus
855 4458 887 4498 a
918 4442 1167 4499 libertate
1194 4444 1550 4514 rejiccretur;
1594 4445 1639 4500 si
1668 4445 1811 4501 enim
1847 4445 2108 4515 rejicitur,

512 4536 626 4607 jam
652 4551 760 4592 non
790 4543 875 4592 est
898 4536 1112 4601 victrix.
1146 4534 1241 4592 sed
1269 4536 1411 4591 victa
1440 4536 1740 4607 repellitur.
1776 4538 1930 4605 Quod
1957 4539 2003 4595 si
2043 4538 2112 4595 de

514 4629 726 4688 diversa
753 4645 818 4687 ac
845 4630 1101 4687 distincta
1131 4630 1306 4700 gratia
1331 4644 1397 4687 ea
1440 4630 1769 4701 Augustinus
1791 4630 1946 4698 dixit,
1996 4647 2112 4688 om-

2218 3435 2433 3481 cantur.
2468 3427 2577 3482 Aut
2606 3425 2749 3481 enim
2783 3426 2968 3498 jacent
2996 3428 3097 3484 sub
3137 3437 3362 3499 peccato
3402 3430 3541 3499 quod
3581 3430 3829 3500 origina-

2218 3516 2344 3574 liter
2364 3518 2433 3575 de
2452 3521 2802 3589 generatione
2823 3530 3123 3591 traxerunt,
3149 3531 3205 3578 et
3220 3537 3342 3578 cum
3365 3522 3457 3578 illo
3477 3522 3828 3579 haereditario

2215 3611 2399 3668 debito
2430 3612 2557 3669 hinc
2600 3622 2823 3680 exeunt,
2854 3613 2999 3685 quod
3047 3628 3154 3670 non
3186 3624 3273 3671 est
3299 3615 3722 3686 regeneratione
3754 3616 3828 3670 di-

2217 3705 2463 3771 missum,
2496 3713 2589 3760 aut
2625 3721 2723 3775 per
2764 3706 2987 3762 liberum
3017 3706 3300 3762 arbitrium
3336 3708 3440 3761 alia
3472 3707 3705 3776 insuper
3736 3709 3828 3764 ad-

2217 3796 2488 3862 diderunt,
2517 3798 2821 3865 arbitrium,
2846 3798 3081 3869 inquam,
3122 3800 3375 3867 liberum,
3417 3799 3511 3857 sed
3541 3815 3648 3856 non
3684 3802 3826 3857 libe-

2217 3898 2414 3955 ratum,
2448 3890 2677 3946 liberum
2706 3890 2951 3959 justitiaa,
2986 3892 3190 3960 peccati
3220 3901 3399 3947 autem
3434 3906 3684 3959 servum,
3719 3909 3825 3965 quo

2216 3980 2504 4036 volvuntur
2527 3994 2621 4050 per
2652 3981 2893 4037 diversas
2914 3982 3109 4037 noxias
3132 3981 3475 4052 cupiditates,
3498 3983 3589 4038 alii
3621 3988 3822 4056 magn,

2216 4073 2307 4128 alii
2347 4073 2545 4140 minus,
2588 4074 2685 4130 sed
2714 4089 2903 4131 omnes
2930 4075 3081 4143 mali,
3112 4084 3167 4132 et
3208 4091 3307 4147 pro
3347 4077 3465 4147 ipsa
3502 4077 3821 4135 diversitate

2217 4165 2447 4223 diversis
2490 4167 2769 4237 suppliciis
2810 4167 3104 4238 judicandi.
3146 4187 3167 4221 ι
3211 4168 3418 4225 Rursus
3459 4172 3745 4241 quomodo
3785 4173 3820 4229 ii

2216 4258 2411 4327 quibus
2440 4258 2497 4313 in
2527 4259 2797 4329 baptismo
2824 4260 3107 4317 dimissum
3138 4270 3221 4317 est
3250 4270 3524 4331 peccatum
3550 4263 3819 4343 originale

2220 4347 2426 4417 possint
2450 4347 2557 4404 dici
2588 4350 2657 4406 ob
2696 4360 2974 4421 peccatum
3016 4351 3278 4421 originale
3318 4353 3491 4411 relicti
3534 4355 3587 4410 in
3634 4370 3817 4414 massa

2218 4441 2559 4513 perditionis,
2591 4445 2755 4499 tradit
2797 4454 3015 4501 sanctus
3054 4446 3245 4501 doctor
3269 4460 3388 4515 cap.
3419 4447 3471 4513 7,
3502 4456 3557 4503 et
3602 4462 3707 4504 nos
3735 4452 3817 4504 in-

2218 4534 2387 4590 ferius
2415 4536 2678 4600 dicemus,
2710 4536 2798 4592 ubi
2828 4535 2897 4591 de
2936 4536 3212 4593 erroribus
3252 4537 3552 4609 Augustino
3584 4538 3815 4609 objectis

2218 4640 2525 4683 sermonem
2554 4625 2916 4695 instituemus,
2950 4636 3006 4682 et
3031 4639 3181 4683 certe
3210 4627 3267 4683 hi
3300 4627 3448 4683 nullo
3474 4636 3633 4699 pacto
3660 4630 3811 4686 dam-

514 4726 600 4780 nis
628 4723 1073 4781 contradictionis
1102 4724 1291 4780 umbra
1319 4724 1389 4779 ab
1432 4722 1679 4795 ejusdem
1722 4724 1880 4781 dictis
1920 4726 2107 4796 procul
2132 4723 2187 4785 D
2220 4718 2335 4775 Ilal‘i
2379 4728 2604 4790 possunt
2647 4719 2719 4775 οι)
2763 4728 2971 4776 reatum
3020 4719 3229 4790 peccati
3269 4719 3512 4789 originiS,
3541 4728 3599 4776 et
3627 4719 3697 4776 de
3726 4721 3810 4778 his

516 4817 691 4873 abest.
721 4815 866 4873 Sane
894 4815 1225 4871 recentiores
1255 4814 1417 4885 pleno
1450 4828 1547 4870 ore
1576 4816 1846 4870 affirmant
1880 4814 2107 4886 gratiam

517 4924 809 4980 congruam
838 4924 1053 4980 semper
1083 4923 1204 4966 esse
1218 4909 1519 4977 victricem,
1537 4925 1645 4966 non
1666 4925 1959 4982 congruam
1976 4925 2107 4969 vero

516 5002 790 5074 repulsam
820 5001 933 5071 pati
953 5015 985 5056 a
1010 5000 1184 5058 libero
1211 5002 1455 5069 arbitrio,
1490 5002 1630 5072 quod
1657 5010 1713 5057 et
1742 5017 1927 5059 eorum
1950 5014 2107 5060 anta-

516 5094 745 5165 gonistae
770 5092 839 5149 de
866 5092 1039 5164 gratia
1063 5093 1567 5163 praedeterminante
1588 5102 1642 5149 et
1662 5108 1795 5162 pure
1820 5094 2108 5151 sufﬁcienti

515 5187 766 5254 tradunt;
789 5203 910 5257 quae
939 5188 985 5244 si
1028 5187 1508 5243 contradictionem
1541 5188 1840 5256 involvunt,
1885 5188 2107 5256 publica:

514 5281 701 5351 gratia:
727 5279 950 5351 agenda:
969 5279 1177 5337 Adamo
1195 5288 1373 5347 erunt,
1400 5280 1491 5349 qui
1512 5278 1793 5334 universos
1820 5279 2106 5335 scholasti-

519 5383 617 5426 cos
646 5370 715 5427 ab
735 5374 1031 5427 inveterato
1059 5385 1247 5428 errore
1273 5369 1603 5427 liberaverit.
1633 5369 1815 5442 Itaque
1844 5384 1966 5426 cum
1997 5371 2111 5427 Au-

512 5460 765 5532 gustinus
790 5462 976 5518 scribit
1002 5463 1093 5517 lib.
1124 5462 1193 5519 de
1245 5461 1723 5519 Praedestinatione
1773 5471 2103 5531 sanctorum,

514 5568 635 5624 cap.
671 5554 744 5609 8:
781 5571 801 5605 ι
835 5552 961 5609 Haec
986 5554 1167 5625 itaque
1194 5555 1386 5625 gratia,
1435 5568 1556 5624 qua:
1597 5555 1807 5610 occulte
1855 5555 2107 5613 humanis

518 5645 775 5704 cordibus
801 5644 980 5701 divina
1011 5647 1259 5717 largitate
1282 5647 1552 5713 tribuitur,
1580 5662 1611 5701 a
1642 5648 1788 5703 nullo
1815 5647 1949 5703 duro
1987 5664 2109 5705 cor-

514 5738 585 5796 de
612 5739 885 5809 respuitur
911 5756 925 5805 ;
966 5758 986 5792 »
1020 5754 1141 5794 cum
1171 5740 1413 5797 eamdem
1435 5740 1565 5797 dicit
1586 5756 1802 5798 movere
1824 5743 2109 5797 indeeliua—

516 5829 707 5899 biliter,
734 5830 1166 5900 insuperabiliter,
1217 5831 1571 5899 invictissime,
1601 5847 1721 5903 cap.
1767 5832 1836 5888 12
1863 5832 1931 5888 de
1976 5830 2108 5889 Cor-

519 5930 661 5993 rept.
690 5930 745 5980 et
768 5930 937 5993 grat.;
970 5922 1335 5996 efficacissimis
1368 5922 1577 5993 viribus,
1611 5924 1703 5980 lib.
1746 5924 1816 5980 de
1855 5922 2004 5979 Grat.
2054 5933 2107 5981 et

2218 4812 2455 4883 loquitur
2489 4813 2841 4884 Augustinus,
2870 4811 2998 4868 dum
3025 4813 3101 4869 ait
3128 4813 3398 4871 neminem
3423 4812 3670 4871 damnari
3700 4816 3806 4872 nisi

2212 4909 2282 4965 ob
2308 4908 2525 4979 propria
2552 4906 2797 4962 crimina.

2288 5001 2507 5057 Sextum
2533 4998 3011 5056 contradictionem
3041 4998 3113 5056 ita
3143 4998 3394 5056 et'format
3426 5017 3441 5053 :
3478 5018 3500 5055 ι
3530 5000 3629 5057 llic
3654 5015 3805 5057 arma

2214 5093 2444 5163 sumpsit
2466 5092 2797 5163 Augustinus
2817 5100 3007 5148 contra
3037 5092 3290 5165 gratiam,
3321 5100 3378 5149 et
3406 5091 3534 5149 alibi
3556 5094 3802 5150 eamdem

2213 5186 2410 5240 evexit.
2442 5202 2462 5237 ι
2490 5186 2559 5240 At
2586 5184 2795 5239 nullum
2820 5184 3108 5256 Augustini
3130 5183 3352 5241 verbum
3378 5184 3669 5254 proferenti
3686 5200 3801 5241 non

2214 5274 2286 5330 ita
2332 5274 2543 5330 facilem
2589 5289 2866 5331 assensum
2916 5274 3128 5330 damus.
3180 5273 3410 5331 Ubinam
3473 5276 3801 5348 Augustinus

2182 5377 2402 5452 .contra
2439 5367 2677 5423 divinam
2725 5366 2953 5439 gratiam
3010 5381 3159 5423 arma
3207 5366 3415 5423 induit?
3464 5369 3670 5423 ubinam
3718 5367 3799 5423 illi

2212 5462 2440 5531 injurius
2462 5461 2558 5518 fuit
2569 5462 2593 5517 ?
2604 5477 2708 5533 quo
2724 5462 2892 5519 verbo
2907 5460 3053 5517 illam
3075 5461 3160 5518 vel
3178 5461 3449 5517 tantillum
3466 5461 3600 5517 laesit
3614 5460 3638 5516 2
3652 5460 3799 5517 Sane

2208 5553 2268 5611 in
2296 5554 2450 5610 libris
2486 5564 2674 5610 contra
2703 5553 3028 5611 Manichaeos
3057 5552 3124 5608 de
3156 5555 3374 5609 humani
3402 5553 3605 5611 arbitrii
3634 5553 3796 5608 liber-

2214 5654 2327 5703 tate
2368 5647 2621 5715 exaratis,
2678 5646 2920 5702 nondum
2956 5645 3158 5702 exortis
3211 5644 3548 5718 Pelagianis,
3602 5645 3795 5701 divina:

2214 5739 2401 5810 gratiae
2442 5738 2768 5795 mentionem
2820 5738 2964 5808 fecit,
3026 5738 3275 5808 illiusque
3317 5738 3387 5794 ad
3426 5739 3567 5808 juste
3603 5738 3792 5808 pieque

2214 5830 2499 5887 vivendum
2529 5832 2904 5888 necessitatem
2935 5829 3273 5888 memorabili
3302 5830 3450 5888 dicto
3488 5828 3785 5903 pronuntia-

2216 5924 2314 5994 vit,
2342 5939 2405 5981 ac
2432 5922 2480 5981 si
2509 5922 2716 5984 futuros
2746 5922 2988 5995 ejusdem
3014 5922 3203 5994 gratiae
3230 5921 3417 5981 hostes
3442 5920 3768 5994 pravidisset
