3974 6356
160 407 277 465 593

1356 399 1683 460 VINDICI‘E
1721 398 2287 461 AUGUSTINIANAE.

3364 403 3469 462 ὅθι

157 518 347 588 Quare
375 514 471 572 lib.
505 530 524 572 ι
552 514 820 585 Retract.,
850 526 973 585 cap.
1011 513 1072 583 9,
1107 511 1348 571 recitatis
1370 512 1613 584 pluribus
1643 520 1762 570 tex-
1794 518 1848 580 Α
1872 522 2008 571 aestu
2033 514 2412 586 disputationis
2446 517 2752 588 abreptum,
2790 536 2810 571 ο
2841 518 3143 576 excessisse
3169 517 3341 575 lineas
3372 538 3468 581 ne-

160 612 312 667 tibus
336 625 401 667 ex
434 609 586 667 libris
608 609 677 665 de
708 609 906 667 Libero
935 609 1197 676 Arbitrio,
1227 610 1282 665 in
1307 607 1546 664 favorem
1578 609 1767 679 gratia:

161 705 445 762 concludit
477 722 490 758 :
531 723 550 757 ε
596 704 737 761 Ecce
763 719 919 775 quam
966 704 1125 776 longe
1160 711 1446 773 antequam
1477 703 1763 774 Pelagiana

157 796 395 854 haeresis
414 796 730 866 exstitisset,
752 796 831 852 sic
852 795 1262 866 disputavimus,
1285 794 1431 851 velut
1444 793 1767 865 jam'contra

157 888 294 945 illos
341 887 767 957 disputaremus.
800 904 820 940 ι
854 886 991 943 llinc
1042 901 1163 942 cum
1214 885 1268 940 in
1312 885 1451 941 libro
1482 887 1655 956 primo
1697 885 1767 941 ad

156 981 572 1052 Simplicianum
625 981 796 1036 multa
861 995 960 1053 pro
1012 980 1185 1037 libero
1231 980 1762 1050 arbitrio'dixisset,

157 1075 306 1132 illud
344 1086 522 1132 tamen
553 1070 739 1148 gratiae
783 1074 1032 1153 subjecit,
1078 1089 1185 1130 non
1215 1088 1377 1144 supra
1401 1074 1643 1147 eamdem
1673 1087 1768 1130 ex-

159 1168 316 1237 tulit,
344 1169 489 1226 unde
518 1168 613 1224 lib.
645 1168 714 1225 de
742 1151 1002 1224 Praadest.
1034 1166 1381 1236 Sanctorum,
1415 1180 1535 1237 cap.
1564 1164 1619 1231 4,
1647 1166 1725 1221 ait
1749 1184 1762 1219 :

167 1279 190 1314 α
228 1260 289 1317 ln
323 1260 477 1333 cujus
506 1261 823 1333 quastionis
862 1260 1133 1317 solutione
1162 1259 1494 1317 elaboratum
1526 1266 1607 1315 est
1650 1259 1767 1328 qui-

159 1353 296 1411 dem
328 1368 425 1423 pro
453 1353 625 1410 libero
649 1354 871 1410 arbitrio
895 1353 1190 1409 voluntatis
1214 1353 1484 1417 humanae,
1518 1351 1611 1408 sed
1638 1352 1769 1407 vicit

159 1448 263 1505 Dei
296 1447 484 1520 gratia.
524 1467 543 1502 ι
578 1448 719 1519 Ergo
746 1448 790 1503 si
829 1446 1158 1519 Augustinus
1186 1447 1270 1502 vel
1299 1461 1421 1502 eum
1459 1460 1558 1517 pro
1585 1446 1769 1502 delen-

157 1542 326 1599 sione
367 1541 521 1597 liberi
550 1540 758 1598 arbitrii
788 1540 1091 1597 deeretoria
1137 1553 1286 1595 arma
1320 1541 1602 1608 tractabat,
1647 1555 1771 1610 gra-

158 1633 256 1689 tia:
287 1634 570 1692 victoriam
616 1633 798 1701 dabat,
843 1634 1067 1691 ubinam
1106 1642 1296 1690 contra
1341 1633 1488 1689 illam
1529 1632 1767 1704 gladium

157 1723 390 1781 eduxit?

236 1817 445 1874 Harum
489 1817 711 1888 quidem
742 1817 1195 1874 contradictiones
1225 1817 1612 1874 sententiarum
1659 1817 1770 1874 Au-

1867 612 2122 666 cessarias
2147 610 2414 679 veritatis,
2448 620 2503 667 ut
2534 613 2605 669 sit
2633 612 2796 669 nimia
2838 614 3084 684 quaedam
3125 617 3386 672 severitas
3412 628 3470 675 et

1871 700 2053 772 iniqua
2075 702 2313 769 vexatio,
2331 717 2453 773 quae
2475 704 2710 759 medium
2734 704 2869 758 illud
2896 706 2948 761 in
2971 720 3078 776 quo
3099 706 3297 763 veritas
3318 708 3472 764 sedet
3522 731 3537 795 ι

1869 795 2172 866 transgredi
2203 794 2379 865 jubet,
2406 795 2452 851 si
2482 806 2684 864 prateat
2716 798 3065 868 Augustinus.
3100 818 3119 852 ι
3154 799 3332 856 Verba
3360 803 3469 856 An-

1868 889 1979 944 nati
2024 895 2151 943 sunt
2192 887 2291 943 lib.
2325 903 2415 943 vm
2448 889 2531 944 sui
2578 889 2885 962 Augustini,
2918 907 3040 964 cap.
3077 892 3135 961 2,
3185 910 3304 964 pag.
3340 895 3466 950 862.

1867 977 2108 1035 Adamus
2140 977 2285 1033 hunc
2310 979 2473 1050 capiti
2496 981 2731 1050 septimo
2764 982 2975 1038 titulum
2999 984 3144 1040 dedit
3172 1003 3188 1039 :
3219 985 3471 1041 Sanctum

1868 1071 2215 1143 Augustinum
2262 1073 2553 1143 permisisse
2598 1091 2653 1129 se
2698 1077 2914 1131 nimium
2964 1077 3133 1148 abripi
3180 1086 3310 1134 cestu
3353 1082 3469 1135 dis-
3520 1074 3532 1143 Ξ

1868 1166 2151 1237 putationis
2177 1175 2359 1221 contra
2391 1165 2731 1240 Pelagianos,
2763 1178 2808 1224 et
2839 1172 3044 1242 longius
3084 1188 3240 1243 quam
3270 1172 3472 1229 uolebat

1868 1266 2290 1329 prsetergressum
2359 1275 2487 1316 esse.
2567 1259 2775 1318 Celebre
2849 1266 3017 1318 sancti
3092 1264 3470 1325 Bonaventura:

1869 1348 2062 1402 dictum
2091 1349 2189 1403 hac
2230 1349 2295 1404 de
2333 1367 2388 1404 re
2428 1345 2741 1424 Explicatur,
2793 1368 2916 1424 pag.
2952 1355 3079 1411 616.
3122 1356 3266 1425 Quas
3311 1372 3470 1416 voces

1868 1441 2160 1525 Moraines,
2184 1444 2538 1516 Decampsius
2558 1447 2850 1518 caeterique
2873 1450 3205 1506 recentiores
3232 1450 3470 1522 integras

1870 1536 2125 1593 reddunt.
2154 1536 2337 1608 Neque
2375 1554 2506 1595 vero
2536 1540 2703 1595 semel
2744 1540 3007 1597 iterumve
3037 1541 3140 1598 hoc
3170 1542 3470 1612 Augustino

1872 1629 2165 1699 contigisse
2197 1638 2409 1700 putant,
2452 1632 2549 1688 sed
2582 1632 2636 1686 in
2683 1632 2933 1688 omnibus
2974 1633 3088 1690 fere
3127 1635 3238 1690 suis
3281 1643 3471 1692 contra

1872 1723 2191 1794 Pelagianos
2214 1724 2697 1794 disputationibus.
2726 1726 2901 1783 Iniere
2921 1727 3137 1797 quidem
3162 1730 3299 1784 hanc
3321 1728 3471 1785 facil-

1873 1816 2055 1872 limam
2106 1817 2369 1873 evadendi
2420 1818 2584 1886 viam,
2640 1833 2708 1874 ne
2761 1820 2812 1873 in
2854 1819 3157 1892 Augustino
3206 1821 3470 1892 interpre-

159 1912 387 1983 gustino
432 1911 703 1968 recentior
748 1911 839 1967 ille
884 1912 1119 1982 scriptor
1159 1911 1403 1981 opponit,
1453 1911 1542 1982 qui
1586 1918 1768 1967 tamen
1796 1907 1847 1971 B
1876 1908 2040 1964 tando
2063 1908 2266 1964 diutius
2284 1896 2497 1979 ingenia
2524 1920 2884 1967 macerarent.
2907 1910 3105 1968 Verum
3128 1913 3470 1970 nilmoderni

161 2003 313 2060 haud
344 2017 507 2059 ausus
534 2012 618 2060 est
663 2011 872 2060 tantum
901 2004 1108 2060 erroris
1152 2005 1454 2075 AuguStino
1499 2002 1767 2073 ati'ricare,

159 2098 262 2154 sed
315 2112 438 2154 cum
486 2097 589 2153 hoc
636 2097 711 2153 illi
762 2098 817 2153 in
866 2097 1178 2168 religionem
1220 2098 1468 2163 veniret,
1524 2096 1765 2169 adjecit:

164 2209 186 2246 s
247 2190 394 2246 Hinc
436 2191 704 2247 concludo
760 2192 905 2263 quod
957 2191 1003 2248 si
1059 2192 1190 2247 mihi
1253 2206 1361 2247 non
1419 2191 1543 2247 licet
1591 2191 1772 2249 dicere

156 2291 416 2337 sanctum
441 2280 796 2353 Augustinum
821 2282 875 2337 in
905 2281 1069 2337 variis
1096 2296 1315 2338 suorum
1342 2283 1605 2339 librorum
1631 2282 1769 2339 locis

159 2372 270 2429 sibi
302 2372 718 2440 contradixisse,
750 2373 939 2428 saltem
970 2373 1051 2429 fas
1074 2381 1158 2430 est
1186 2373 1317 2429 mihi
1348 2374 1575 2431 credere
1600 2374 1770 2445 ipsius

160 2465 471 2521 doctrinam
531 2480 650 2522 esse
702 2466 1192 2535 intricatlssima‘m,
1233 2486 1252 2521 ι
1323 2475 1429 2524 etc.
1485 2468 1603 2524 Non
1658 2470 1768 2536 ait,

161 2559 315 2615 Hinc
338 2560 613 2627 concludo,
646 2577 760 2615 cum
792 2561 917 2615 mihi
954 2578 1057 2616 non
1087 2560 1238 2617 liccat
1268 2562 1456 2632 dicere,
1498 2571 1627 2631 etc.,
1672 2562 1769 2619 sed

160 2654 325 2724 quasi
352 2654 728 2723 subdubitans,
760 2653 987 2711 liceatne
1028 2655 1131 2711 sibi
1163 2656 1520 2728 Augustinum
1554 2665 1770 2712 contra-

162 2750 426 2806 dictionis
454 2751 722 2821 incusare,
750 2765 796 2807 st
827 2751 978 2819 mihi,
1010 2752 1204 2823 inquit,
1227 2766 1331 2809 non
1366 2767 1547 2809 LICET.
1572 2753 1641 2807 At
1668 2766 1770 2809 nec

161 2844 409 2914 primum
440 2844 537 2900 tibi
569 2844 693 2901 licet
720 2845 923 2913 dicere,
955 2860 1132 2916 neque
1161 2847 1387 2901 alterum
1425 2845 1507 2901 fas
1534 2855 1618 2902 est
1653 2859 1771 2901 cre-

159 2936 325 3003 dere,
355 2954 551 3010 nempe
579 2938 877 2996 doctrinam
904 2938 1077 2995 sancti
1104 2939 1392 3012 Augustini
1418 2955 1527 2994 asse
1554 2939 1771 2994 intrica-

161 3032 446 3105 tissimam,
492 3034 685 3106 insigni
716 3034 861 3091 enim
908 3042 1033 3089 nota
1078 3032 1475 3105 praeclarissimi
1515 3031 1772 3089 Ecclesiae

162 3125 421 3195 magistri
452 3113 619 3181 libros
657 3125 848 3195 efﬁcis,
880 3142 1041 3197 quam
1073 3134 1166 3182 tuo
1191 3125 1385 3181 Suario
1419 3126 1505 3181 vel
1537 3124 1772 3196 Vasquio

161 3216 363 3273 inferri
410 3232 441 3272 a
493 3218 741 3290 quopiam
792 3218 1013 3275 minime
1063 3218 1345 3289 patereris.
1397 3215 1567 3274 Crede
1614 3217 1769 3286 mihi,

1871 2003 1961 2058 isti
2014 2004 2296 2075 Augustini
2326 2018 2583 2061 censores
2630 2006 2956 2073 producunt,
3006 2009 3148 2079 quod
3198 2008 3469 2081 Pelagiani

1869 2111 1935 2152 ac
1958 2097 2406 2169 Semi-Pelagiani
2436 2107 2563 2154 ante
2585 2098 2869 2155 duodecim
2900 2102 3095 2156 saecula
3128 2111 3315 2158 sancto
3341 2103 3471 2160 doc-

1872 2187 1975 2244 tori
2005 2202 2113 2243 non
2159 2188 2528 2257 opposuerint.
2572 2188 2820 2245 Julianus
2864 2191 3273 2261 Pelagianorum
3320 2193 3471 2249 inso-

1871 2280 2205 2338 lentissimus
2232 2279 2337 2335 hoc
2365 2280 2664 2350 Augustino
2693 2281 2879 2337 vitium
2917 2282 3179 2352 objiciens
3208 2283 3421 2341 dicebat
3449 2303 3464 2340 :

1877 2392 1898 2426 ι
1930 2374 1985 2431 Si
2017 2373 2138 2444 quis
2183 2380 2275 2428 aut
2318 2372 2548 2429 liberum
2608 2373 2663 2428 in
2713 2373 3020 2431 hominibus
3049 2375 3332 2431 arbitrium
3380 2386 3471 2434 aut

1870 2467 2039 2524 Deum
2059 2481 2180 2523 esse
2210 2466 2547 2522 nascentium
2578 2466 2914 2523 conditorem
2947 2466 3160 2534 dixerit,
3193 2468 3471 2526 leestia-

1870 2576 1973 2616 nus
2004 2568 2059 2615 et
2090 2558 2413 2629 Pelagianus
2443 2568 2682 2615 vocatur.
2717 2559 2796 2617 Ne
2831 2561 2992 2631 igitur
3012 2572 3269 2619 vocentur
3299 2563 3469 2621 haere-

1872 2653 1984 2720 tici,
2020 2654 2155 2709 fiunt
2194 2653 2499 2720 Manicbati,
2536 2664 2592 2710 et
2637 2654 2766 2710 dum
2816 2655 3004 2711 falsam
3054 2666 3308 2713 verentur
3335 2657 3470 2714 infa-

1872 2746 2060 2813 miam,
2091 2761 2277 2803 verum
2305 2747 2511 2803 crimen
2536 2747 2840 2815 incurrunt,
2867 2750 3036 2804 instar
3060 2746 3318 2818 ferarum,
3350 2767 3472 2822 qua:

1873 2842 2276 2897 circumdantur
2306 2843 2505 2912 pinnis,
2536 2850 2596 2898 ut
2649 2852 2911 2914 cogantur
2954 2846 3005 2900 in
3055 2845 3210 2901 retia.
3243 2864 3263 2898 ι
3314 2845 3471 2916 Apud

1873 2935 2231 3004 Augustinum
2294 2934 2385 2990 lib.
2441 2950 2478 2989 ιι
2535 2934 2602 2990 de
2644 2933 2851 3005 Nuptiis
2912 2944 2967 2993 et
3013 2938 3468 3008 concupiscentia,

1877 3042 1993 3098 cap.
2035 3031 2091 3094 3,
2123 3043 2280 3099 quam
2311 3044 2341 3083 a
2385 3043 2446 3084 se
2487 3036 2545 3085 et
2582 3031 2794 3085 cmteris
2834 3030 3112 3087 catholicis
3145 3033 3469 3090 calumniam

1874 3120 2088 3178 erudite
2130 3121 2326 3177 ibidem
2358 3131 2579 3177 sanctus
2615 3121 2805 3177 doctor
2844 3125 3097 3181 excussit.
3146 3123 3258 3180 Hoc
3293 3126 3471 3195 ipsum

1876 3212 2323 3285 Semi-Pelagiani
2344 3213 2708 3285 publicabant,
2743 3222 2799 3269 ut
2825 3215 3068 3285 ejusdem
3094 3214 3469 3274 anetoritatem

162 3309 318 3365 haud
351 3308 444 3365 tibi
473 3310 674 3366 licitum
702 3319 788 3367 est
819 3319 925 3365 tam
955 3310 1163 3381 abjecte
1206 3309 1274 3367 de
1315 3310 1614 3381 Augustino
1647 3322 1772 3366 sen-
1799 3313 1846 3378 ο
1876 3308 2267 3365 convellerent.
2321 3308 2448 3363 Haec
2498 3317 2623 3364 sunt
2679 3307 2920 3365 Cassiani
2968 3312 3156 3382 verba,
3207 3327 3327 3381 cap.
3379 3315 3469 3383 ll,

165 3404 296 3460 tire.
349 3403 485 3470 Quid
517 3405 659 3459 enim
705 3404 1060 3475 irreligiosius
1104 3403 1222 3460 fieri
1251 3411 1428 3474 potest
1473 3419 1634 3474 quam
1666 3404 1773 3458 Au-

164 3496 448 3567 gustinum
478 3495 643 3551 veluti
672 3496 1055 3552 multiformem
1086 3495 1140 3552 in
1167 3496 1451 3553 sentiendo
1478 3494 1767 3552 Protheum

164 3589 458 3658 Inducere,
488 3590 649 3646 modo
676 3591 1057 3658 affirmantem,
1085 3590 1245 3647 modo
1271 3599 1578 3662 negantem,
1610 3587 1772 3643 modo

166 3683 379 3749 album,
412 3681 573 3738 modo
613 3683 841 3753 nigrum,
878 3692 956 3738 tot
994 3684 1047 3738 in
1074 3682 1263 3739 eadem
1298 3697 1455 3739 scena
1481 3681 1773 3738 cothurnos

167 3774 410 3830 subinde
451 3776 790 3831 mutantem?
830 3775 948 3833 Non
989 3776 1154 3847 igitur
1206 3776 1506 3831 contrarius
1546 3774 1647 3830 sibi
1689 3782 1774 3831 est

168 3867 530 3937 Augustinus,
561 3868 653 3925 sed
690 3869 930 3924 Adamus
969 3878 1158 3925 contra
1199 3883 1259 3924 se
1287 3878 1505 3939 pugnat,
1533 3867 1621 3937 qui
1650 3882 1772 3922 cum

169 3961 221 4015 in
248 3960 401 4015 libro
433 3962 767 4032 inscripserit
801 3962 1014 4019 titulum
1052 3980 1064 4015 :
1103 3959 1347 4017 Calvinus
1374 3961 1539 4015 sancti
1572 3961 1775 4031 Augus-

170 4054 270 4106 tini
333 4054 491 4107 armis
539 4054 858 4120 destructus,
910 4054 1144 4109 mirabili
1191 4053 1488 4109 constantia
1541 4052 1775 4109 afﬁrmat

170 4159 296 4215 cap.
336 4144 391 4212 4,
426 4161 548 4216 pag.
581 4144 706 4213 596,
747 4147 942 4215 scripta
986 4148 1155 4202 sancti
1201 4146 1482 4216 Augustini
1521 4161 1624 4202 non
1655 4159 1776 4202 esse

172 4240 311 4293 sstis
357 4247 482 4309 apta
530 4241 600 4293 ad
647 4241 988 4296 exarmandos
1028 4239 1353 4296 Calvinistas.
1401 4240 1555 4296 Unde
1601 4239 1777 4310 lepida

173 4333 363 4403 magni
384 4332 624 4390 doctoris
645 4336 931 4403 sententia,
961 4335 1055 4390 lib.
1083 4351 1117 4390 v
1138 4343 1322 4391 contra
1351 4334 1545 4390 Julian.
1575 4349 1693 4404 cap.
1721 4334 1775 4402 5,

176 4423 351 4480 hocce
400 4433 563 4497 caput
587 4427 903 4483 claudamus
947 4446 1017 4484 τι
1065 4426 1179 4483 Non
1225 4439 1348 4483 sunt
1385 4443 1535 4499 ergo,
1582 4429 1775 4500 inquit,

176 4519 347 4573 verba
392 4533 513 4572 mea
546 4521 685 4573 inter
712 4534 772 4575 se
809 4521 1096 4586 contraria,
1129 4521 1373 4592 quamvis
1407 4529 1458 4576 te
1487 4520 1774 4589 patiantur,

179 4614 257 4667 vel
292 4628 402 4666 non
428 4611 796 4683 intelligendo,
820 4614 906 4669 vel
935 4614 1069 4668 alios
1096 4614 1395 4685 intelligere
1419 4630 1524 4669 non
1552 4614 1777 4671 sinendo

1878 3400 2057 3456 collat.
2108 3401 2175 3456 15
2226 3415 2241 3455 :
2293 3399 2444 3455 Multi
2473 3400 2614 3455 enim
2664 3401 2871 3472 singula
2918 3401 3035 3458 haec
3064 3404 3366 3472 credentes,
3408 3420 3473 3462 ac

1872 3490 2021 3561 jusm
2066 3490 2299 3560 amplius
2348 3500 2676 3559 asserentes,
2722 3494 2886 3548 variis
2934 3493 3143 3565 sibique
3186 3497 3472 3553 contrariis

1876 3594 2003 3640 sunt
2030 3584 2308 3640 erroribus
2332 3584 2578 3640 involuti.
2617 3605 2637 3640 ι
2669 3585 2815 3642 Idem
2841 3587 3009 3645 habet
3039 3588 3267 3645 Faustus
3301 3591 3390 3647 lib.
3422 3607 3464 3657 ι,

1876 3692 1996 3748 cap.
2031 3679 2083 3744 l,
2136 3677 2169 3733 6
2214 3686 2269 3733 et
2301 3678 2387 3732 l7.
2422 3678 2489 3734 Et
2534 3678 2588 3733 hi
2632 3680 2848 3750 quidem
2895 3680 2972 3736 uti
3021 3681 3472 3752 impudentissimi

1876 3769 2218 3826 oblocutores
2244 3767 2444 3825 acriter
2469 3770 2942 3841 reprehenduntur
2970 3772 3024 3826 in
3058 3773 3284 3842 epistola
3310 3788 3471 3843 quam

1875 3862 2174 3920 Caelestino
2208 3877 2364 3935 papae
2400 3867 2732 3921 recentiores
2780 3865 3098 3935 quibuscum
3136 3865 3472 3936 disputamus

1876 3961 2195 4017 ascribunt:
2233 3979 2252 4013 σ
2303 3962 2439 4030 Quia
2475 3960 2747 4027 nonnulli,
2806 3962 3015 4032 inquit,
3069 3961 3158 4033 qui
3207 3960 3473 4018 catholico

1880 4053 2101 4110 nomine
2126 4054 2449 4124 gloriantur,
2482 4055 2537 4109 in
2568 4055 2836 4110 damnatis
2874 4062 3055 4110 autem
3096 4054 3471 4111 haereticorum

1878 4145 2149 4211 sensibus,
2184 4161 2277 4202 seu
2324 4147 2589 4216 pravitate
2635 4147 2750 4203 sive
2790 4147 3061 4217 imperitia
3106 4148 3471 4217 demorantes,

1881 4242 2139 4313 piissimis
2172 4241 2596 4312 disputatoribus
2626 4242 2848 4298 obviare
2887 4250 3238 4312 pressumunt,
3270 4250 3474 4298 etcum

1883 4331 2157 4404 Pelagium
2186 4345 2346 4405 atque
2371 4336 2685 4392 Caelestium
2713 4336 3170 4394 anathematizare
3197 4351 3304 4393 non
3321 4337 3477 4394 dubi-

1884 4434 2018 4494 tent,
2052 4425 2320 4497 magistris
2360 4436 2539 4483 tamen
2582 4428 2781 4483 nostris
2818 4437 3073 4499 tanquam
3113 4428 3515 4487 necessarium.

1885 4519 2103 4574 modum
2152 4521 2529 4591 excesserint,
2578 4521 2962 4592 obloquuntur.
3002 4541 3021 4575 ι
3074 4521 3146 4578 Ut
3191 4522 3262 4578 sit
3314 4523 3480 4577 nimia

1885 4612 2129 4683 quaedam
2171 4615 2534 4670 recentiorum
2565 4615 2903 4679 animositas,
2945 4615 3197 4670 damnata
3236 4614 3479 4670 convicia
3510 4668 3517 4669 ,

181 4705 544 4761 contrarium.
580 4725 599 4758 ›
637 4706 951 4775 Additque:
988 4725 1007 4758 ι
1038 4706 1118 4762 Tu
1143 4721 1294 4777 ergo,
1319 4707 1410 4775 qui
1436 4708 1489 4761 in
1520 4723 1606 4763 me
1627 4707 1778 4778 quasi
1808 4716 1861 4778 1)
1884 4706 2079 4762 iterum
2134 4704 2187 4760 in
2239 4706 2600 4775 Augustinum
2646 4708 2804 4775 pleno
2844 4720 2940 4787 ore
2986 4707 3363 4763 eructantium.
3413 4708 3483 4766 Et

182 4800 491 4855 sententias
521 4799 659 4854 inter
683 4815 742 4855 se
765 4808 1061 4870 pugnantes
1093 4800 1309 4868 notasti,
1343 4810 1397 4856 et
1422 4801 1776 4868 momordisti,

183 4905 401 4960 expone
432 4891 885 4961 quemadmodum
920 4892 1012 4948 tibi
1045 4893 1162 4962 ipse
1191 4893 1517 4958 constiteris,
1555 4907 1655 4948 nec
1689 4890 1781 4948 tibi

185 4982 304 5054 ipse
328 4981 618 5040 restiteris.
651 5002 670 5037 ι

809 5075 1039 5137 CAPUT
1076 5076 1163 5135 Ill.

188 5195 520 5253 Recentiores
555 5196 720 5251 sancti
769 5195 1045 5266 Augustini
1085 5196 1372 5250 doctrinam
1414 5203 1593 5250 contra
1630 5194 1791 5253 Pela-

588 5268 767 5338 gianos
802 5283 1037 5322 excessus
1073 5267 1395 5321 insimulant.

267 5359 535 5414 Nonnulli
563 5360 858 5431 scriptores
886 5369 1155 5427 recentes,
1189 5360 1277 5429 qui
1309 5360 1377 5417 de
1402 5375 1461 5416 re
1489 5361 1791 5433 theologica

193 5452 366 5508 libros
392 5450 638 5518 edidere,
669 5466 791 5513 cum
831 5453 999 5508 sancti
1036 5453 1319 5522 Augustini
1363 5454 1682 5510 auctoritate
1712 5454 1790 5509 ni-

196 5548 369 5603 mium
405 5560 466 5603 se
494 5547 663 5617 premi
707 5560 831 5602 sero
851 5546 963 5618 jam
994 5546 1208 5602 tandem
1250 5548 1502 5614 sentiant,
1541 5549 1793 5619 illamque

198 5643 379 5714 palam
406 5641 638 5713 rejicere
665 5642 1044 5711 reformident,
1070 5657 1139 5699 ne
1159 5657 1224 5717 eo
1254 5642 1306 5697 in
1332 5657 1522 5714 campo
1551 5642 1792 5700 hostibus

201 5735 295 5805 qui
340 5736 619 5805 Augustini
666 5750 859 5792 nomen
893 5735 1090 5805 ubique
1134 5735 1444 5801 inclamant,
1490 5732 1685 5793 cedere
1712 5738 1795 5792 vi-

206 5827 462 5895 deantur,
491 5842 631 5884 novo
651 5830 879 5885 crimine
902 5839 1091 5885 sancto
1113 5826 1318 5883 doctori
1343 5829 1597 5901 impacto,
1621 5828 1793 5884 cidem

211 5936 275 5979 se
303 5922 599 5982 subducere
622 5933 888 5983 conantur
922 5939 937 5982 :
963 5918 1211 5997 inquiunt
1237 5920 1382 5977 enim
1423 5920 1794 5992 Augustinum.

1884 4798 2098 4870 quidem
2146 4799 2501 4868 Augustinus,
2542 4812 2665 4854 cum
2709 4798 2957 4855 universa
3005 4800 3101 4856 abs
3154 4815 3216 4857 se
3259 4810 3482 4857 exarata

1887 4891 2161 4947 volumina
2206 4892 2449 4948 censoria
2497 4893 2786 4949 severitate
2835 4894 3164 4964 corrigeret,
3216 4904 3376 4965 atque
3426 4897 3480 4953 in

1885 4984 2170 5041 laudandis
2215 4984 2506 5041 Platonicis
2548 4985 2766 5042 modum
2807 5000 2868 5042 se
2912 4987 3214 5044 excessisse
3250 4989 3485 5059 ingenue

1888 5079 2152 5135 fateretur
2180 5078 2276 5134 lib.
2322 5095 2340 5135 ι
2382 5079 2622 5137 Retract.
2664 5096 2785 5150 cap.
2818 5082 2873 5148 l,
2917 5089 2993 5137 tot
3034 5082 3087 5136 in
3117 5082 3486 5153 expugnandis

1890 5170 2195 5242 Pelagianis
2220 5185 2476 5228 excessus
2498 5187 2627 5229 suos
2647 5188 2752 5230 non
2780 5173 3181 5241 animadvertit,
3205 5189 3323 5230 eam
3347 5173 3485 5231 forte

1892 5278 2177 5321 censuram
2202 5265 2597 5322 recentioribus
2619 5266 2956 5337 relinquens,
2980 5281 3138 5337 quam
3170 5268 3247 5323 uti
3270 5258 3484 5339 appen-

1893 5355 2067 5412 dicem
2110 5356 2572 5421 Retraetationum
2614 5356 2769 5413 libris
2799 5367 3154 5428 apponerent.
3200 5359 3341 5416 Sane
3382 5360 3489 5417 hoc

1894 5451 2085 5523 clypeo
2112 5466 2170 5508 se
2202 5454 2376 5507 munit
2403 5450 2655 5507 Calvinus
2688 5462 2879 5508 contra
2908 5452 3127 5508 Patrum
3157 5454 3485 5510 testimonia.

1898 5546 2044 5602 lllius
2080 5547 2241 5603 verba
2285 5555 2410 5602 sunt
2455 5546 2595 5616 apud
2636 5547 2903 5618 Taperum
2949 5557 3052 5604 art.
3104 5548 3135 5602 7
3180 5549 3248 5604 de
3293 5548 3491 5605 Libero

1899 5641 2138 5698 Arbitrio
2171 5658 2184 5694 :
2223 5658 2243 5692 ι
2272 5641 2465 5706 Graeci,
2491 5649 2545 5697 et
2567 5655 2677 5710 pre
2697 5641 2817 5697 aliis
2847 5650 3005 5713 atque
3035 5643 3176 5698 inter
3194 5656 3288 5698 eos
3310 5642 3464 5713 singu
3488 5680 3491 5683 ν
3516 5700 3521 5711 λ

1903 5735 2089 5789 lariter
2117 5734 2563 5805 Chrysostomus,
2596 5732 2651 5788 in
2676 5732 2985 5790 extollenda
3026 5734 3274 5789 humanae
3303 5734 3481 5789 volun—
3514 5724 3519 5745 ί

1905 5826 2029 5882 tatis
2052 5826 2307 5882 facultate
2327 5842 2509 5883 uonuu
2538 5842 2863 5884 excusans.
2888 5847 2909 5880 ι
2939 5828 3008 5884 Et
3028 5828 3151 5883 licet
3174 5828 3491 5899 quandoque

1907 5932 2051 5991 tegre
2093 5920 2275 5978 tulerit
2304 5920 2447 5978 hunc
2480 5932 2760 5981 excessum
2792 5937 2820 5977 a
2870 5919 3061 5989 Pighio
3108 5921 3158 5974 in
3197 5919 3491 5991 Augustino
