3974 6356
482 368 587 427 595

1385 358 1959 417 SUPPLEMENTUM
1999 356 2093 415 AD
2118 356 2350 417 OPERA
2388 358 2448 417 S.
2490 356 2882 425 AUGUSTINI.

3676 357 3787 415 596

482 498 696 557 quoque
742 481 968 553 culpari,
1015 485 1256 533 attamen
1302 474 1493 532 eodem
1541 475 1671 533 vitio
1718 478 2074 549 Augustinum
2103 483 2158 546 Α
2181 477 2307 532 sarii
2333 483 2517 531 contra
2546 476 2684 532 duos
2709 476 2948 533 illustres
2971 474 3231 533 Ecclesiae
3251 473 3506 533 doctores
3530 484 3782 535 sanctum

480 577 646 636 etiam
674 576 949 631 laborasse
969 570 1159 628 eadem
1185 568 1408 625 audacia
1434 579 1771 627 commentus
1802 581 1906 641 est,
1937 575 2075 629 scri-

484 672 619 731 bens
667 669 808 741 quod
857 686 878 721 t
932 682 1002 723 ne
1051 664 1331 736 Augustini
1387 664 1605 736 quidem
1657 668 1922 724 sententia
1976 684 2076 724 pen

487 780 649 821 0mm
698 760 1006 833 recipienda
1055 768 1156 817 est.
1194 777 1215 812 ι
1272 758 1477 827 Quibus
1527 761 1703 830 palam
1752 762 2078 831 significavit

490 857 609 926 plus
640 854 928 925 aliquando
960 862 1207 911 sanctum
1236 852 1513 909 doctorem
1555 852 1756 909 dixisse
1791 869 1949 923 quam
1981 868 2076 911 ve-

484 949 654 1014 ritati,
697 962 756 1004 se
780 948 985 1019 judice,
1036 948 1388 1021 congruebat.
1433 946 1684 1004 Profecto
1732 948 1778 1003 si
1822 960 2077 1004 excessus

486 1043 597 1111 isri,
628 1052 682 1099 et
712 1043 928 1113 quidem
955 1043 1107 1115 juxta
1142 1042 1486 1098 adversarios
1518 1041 1650 1098 satis
1689 1042 1741 1095 in
1782 1035 2079 1109 Augustino

486 1135 818 1205 frequentes,
850 1135 1223 1202 admittantur,
1256 1135 1543 1205 eidemque
1573 1134 1703 1189 vitio
1740 1133 1831 1189 alii
1865 1147 2079 1204 quoque

488 1230 677 1288 Patres
726 1230 1101 1303 subiiciantur,
1153 1231 1302 1287 nullo
1342 1228 1730 1300 propemodum
1768 1238 2079 1287 sanctorum

488 1323 799 1380 testimonio
845 1324 1084 1380 bmretici
1148 1322 1393 1380 convinci
1454 1328 1736 1392 poterunt;
1788 1320 1881 1375 ubi
1933 1320 2079 1375 enim

488 1417 669 1488 aliqua
704 1417 924 1473 Palmm
960 1418 1230 1482 sententia
1271 1431 1332 1472 se
1368 1414 1537 1485 premi
1571 1414 1861 1484 senserint,
1895 1426 2080 1469 exces-

490 1511 632 1569 sisse
669 1512 892 1569 eosdem
934 1513 1255 1578 clamabunt,
1303 1525 1406 1581 qua
1446 1510 1650 1566 ratione
1696 1508 1935 1564 omnium
1978 1520 2081 1562 ve-

494 1612 670 1662 terum
711 1606 1001 1661 auctoritas
1032 1604 1275 1671 labascit,
1318 1610 1373 1659 et
1400 1602 1575 1659 omnis
1604 1600 1673 1658 ad
1722 1600 2081 1657 heterodoxos

491 1698 890 1755 convincendos
914 1699 999 1755 via
1027 1697 1394 1768 praecluditur.

493 1833 522 1905 §
566 1835 607 1891 Ι.
656 1835 793 1902 Quid
826 1836 1031 1891 nomine
1060 1850 1312 1891 excessus
1347 1836 1653 1905 recentiores
1681 1831 1972 1902 intelligant
2004 1831 2086 1905 in-

559 1908 807 1978 quiritur.
838 1907 1149 1963 Sanctorum
1183 1905 1391 1961 Thoma:
1417 1924 1478 1961 ac
1518 1904 1890 1960 Bonavenlurm
1942 1903 2083 1957 testi-

562 1977 735 2032 ntonia
791 1979 979 2033 eisdem
1027 1995 1129 2033 non
1181 1979 1477 2049 suffragari.
1531 1977 1783 2032 Excessus
1816 1990 2082 2045 perperam

563 2050 851 2121 Augustino
882 2051 1056 2120 objici.

563 2163 620 2220 Si
650 2166 981 2221 recentiores
1009 2166 1399 2235 interrogemus
1422 2165 1548 2235 quid
1577 2164 2083 2235 Augustinianorum

494 2273 816 2316 excessnum
859 2259 1076 2314 nomine
1124 2259 1442 2329 intelligant,
1485 2258 1775 2326 reSpondet
1822 2256 2080 2323 Adamus,

494 2364 619 2423 pag.
644 2352 772 2418 626,
802 2352 1155 2421 Augustinum
1181 2354 1315 2407 ultra
1341 2353 1568 2409 veritatis
1589 2352 1773 2406 limites
1804 2352 2086 2407 excurrisse

495 2446 655 2500 nimio
681 2446 1041 2517 disputationis
1071 2457 1199 2503 azstu
1230 2464 1516 2515 accensum,
1547 2449 1807 2517 visumque
1834 2446 2086 2501 hmreticis

498 2542 683 2611 favere.
727 2539 892 2595 Addit
920 2540 1183 2607 Annalus,
1228 2559 1343 2614 pag.
1393 2541 1497 2597 869.
1536 2559 1548 2594 :
1586 2540 1653 2596 Ut
1681 2541 1745 2595 sit
1777 2542 1933 2595 nimia
1959 2554 2086 2595 seve-

495 2633 622 2690 ritas
676 2643 721 2686 et
771 2632 949 2702 iniqua
996 2637 1228 2705 vexatio,
1274 2650 1386 2707 qua:
1434 2635 1660 2690 medium
1709 2634 1840 2688 illud
1885 2635 1938 2686 in
1986 2648 2087 2704 qua

496 2726 681 2780 veritas
718 2725 855 2779 sedet
903 2727 1190 2799 transgredi
1214 2729 1381 2799 jubet,
1434 2729 1478 2782 si
1528 2736 1716 2799 prweat
1748 2727 2083 2799 Augustinus.

496 2816 756 2873 Fatentur
784 2827 959 2874 tamen
1010 2835 1116 2875 non
1154 2821 1222 2875 ob
1273 2820 1374 2876 hoc
1420 2820 1772 2890 Augustinum
1806 2822 2086 2876 mentitum

497 2924 637 2978 esse,
659 2910 776 2979 sed,
806 2921 864 2966 ut
882 2913 1094 2984 egregie
1128 2913 1393 2968 Moraiues
1422 2894 1828 2983 interpretatur,
1855 2929 2088 2969 lNSOlEN-

497 3018 600 3057 'rsn
629 3002 881 3075 loquendo
910 3005 1137 3075 quidem,
1182 3015 1236 3059 ut
1275 3006 1541 3072 sentiebat,
1574 3006 1661 3059 sed
1699 3014 1823 3059 cestu
1856 3006 2090 3074 disputa-

499 3098 652 3150 tionis
681 3108 731 3151 et
753 3098 1067 3153 vehementia
1106 3100 1319 3168 spiritus
1349 3100 1415 3152 ad
1449 3100 1672 3153 alterum
1702 3107 1982 3153 extremum
2010 3099 2090 3153 in-

501 3193 701 3245 terdum
732 3193 1017 3248 declinasse
1046 3209 1381 3248 lNTELLECTU
1426 3210 1577 3258 ,ΕΩοΕ
1620 3210 1682 3248 ac
1715 3208 1921 3261 VERBIS,
1950 3192 2088 3265 quod

2180 568 2440 625 Thomam
2479 576 2535 625 et
2577 579 2825 625 sanctum
2860 570 3311 637 Bonaventuram,
3351 570 3445 642 qui
3477 570 3649 625 hosce
3679 590 3784 626 εχ-
3844 564 3850 569 ’

2180 678 2367 719 cessus
2415 664 2468 718 in
2521 663 2672 719 libris
2720 665 2890 719 sancti
2948 663 3230 734 Augustini
3277 663 3513 720 confessi
3561 665 3728 720 sunt?
3764 684 3781 717 ι

2182 758 2313 831 Pag.
2342 757 2469 815 629.
2518 760 3008 829 Erigat‘utramque
3042 774 3228 815 aurem
3274 758 3535 825 Adamus,
3569 757 3789 814 audiat-

2181 864 2285 923 que
2313 854 2440 922 quid
2480 866 2824 922 reponamus.
2875 851 2983 907 Vos
3026 852 3385 923 Augustinum
3430 852 3485 907 in
3524 866 3791 908 excessus

2181 944 2488 1016 prolapsum
2520 944 2797 1011 dictitatis,
2818 946 2960 1015 quod
2990 952 3097 1012 est,
3132 945 3374 1001 veritatis
3404 945 3607 1001 limites
3640 960 3792 1016 prte-

2182 1045 2508 1109 tergressum
2538 1036 2722 1103 fuisse,
2750 1039 3013 1093 intellectu
3041 1053 3183 1108 teque
3211 1055 3271 1092 ac
3298 1039 3480 1104 verbis,
3508 1040 3657 1110 quod
3688 1053 3795 1093 non

2181 1138 2254 1185 est
2285 1130 2509 1198 mentiri,
2540 1131 2629 1185 sed
2673 1131 2812 1200 falli,
2855 1146 2974 1201 qua:
3004 1130 3250 1187 Morainii
3278 1132 3546 1189 confessio
3574 1140 3707 1195 est;
3743 1134 3796 1186 at

2182 1221 2513 1293 Seraphicus
2556 1222 2753 1279 Doctor
2797 1232 3079 1281 excessum
3123 1225 3269 1281 illum
3312 1238 3417 1280 non
3460 1222 3794 1290 intellectui,

2181 1318 2274 1374 sed
2303 1317 2484 1374 verbis
2527 1326 2733 1373 tantum
2773 1317 3058 1389 Augustini
3090 1318 3385 1388 deputavit,
3429 1318 3545 1388 plus
3576 1318 3796 1385 dicens,

2183 1411 2376 1481 inquit,
2407 1411 2576 1465 minus
2605 1409 2776 1465 volens
2811 1412 3047 1482 intelligi,
3077 1411 3218 1481 quod
3250 1420 3354 1479 est,
3389 1419 3647 1467 sanctum
3680 1408 3798 1465 Au-

2182 1510 2454 1578 gustinum
2495 1521 2603 1562 non
2642 1516 2845 1572 mente,
2890 1506 2985 1561 sed
3038 1505 3365 1561 verbotenus
3408 1503 3795 1571 solummodo,

2184 1613 2293 1654 non
2340 1612 2553 1668 reapse,
2604 1598 2700 1655 sed
2741 1608 3064 1669 apparenter
3111 1599 3244 1654 citra
3288 1598 3444 1653 ullam
3489 1596 3799 1653 falsitatem

2186 1689 2514 1760 expressiori
2544 1691 2775 1761 quodam
2806 1691 3069 1747 vocabulo
3100 1706 3281 1758 usum,
3314 1705 3505 1759 nempe
3530 1691 3690 1764 ignis
3731 1690 3799 1744 ad

2188 1786 2472 1841 infantium
2517 1800 2703 1855 poenas
2732 1787 3098 1858 explicandas,
3138 1803 3258 1843 cum
3293 1796 3467 1845 tamen
3497 1787 3549 1843 id
3586 1803 3671 1843 ex
3706 1785 3800 1842 Se-

2115 1882 2161 1943 B
2189 1878 2391 1950 raphici
2425 1879 2680 1949 opinione
2729 1880 2869 1935 haud
2912 1879 3002 1935 ille
3051 1891 3232 1937 mente
3278 1880 3520 1937 sentiret.
3568 1878 3803 1936 Adver-

2185 1973 2314 2028 sarii
2343 1982 2520 2030 autem
2550 1975 2903 2043 Augustinum
2938 1989 3273 2032 INTELLECTU
3309 1990 3458 2038 aqua
3488 1989 3551 2031 ac
3590 1988 3802 2030 vannis

2184 2064 2380 2121 falsum
2410 2067 2645 2123 tenuisse
2672 2066 3025 2123 contendunt.

2258 2161 2372 2225 Qua
2403 2174 2535 2217 vero
2586 2162 2795 2217 ratione
2832 2175 2928 2217 eos
2980 2161 3370 2219 Bonaventuraz
3412 2162 3803 2219 teStimonium

2186 2251 2355 2323 juvet,
2403 2254 2559 2323 plane
2604 2269 2711 2309 non
2768 2255 2943 2321 video,
2994 2271 3115 2310 cum
3172 2272 3330 2326 quam
3376 2256 3804 2328 Augustiniana

2189 2352 2352 2407 menti
2396 2350 2679 2408 falsitatem
2720 2352 2821 2421 ipsi
2856 2354 3166 2423 important,
3202 2353 3271 2409 ab
3299 2352 3485 2410 eadem
3519 2352 3801 2423 Seraphi-

2186 2458 2283 2501 cus
2318 2444 2500 2511 procul
2531 2453 2803 2501 amoveat.
2858 2444 2974 2501 Non
3006 2453 3088 2501 est
3119 2445 3283 2516 igitur
3328 2462 3424 2502 cur
3451 2447 3591 2502 illius
3645 2447 3806 2503 cele-

2188 2534 2409 2592 berrimi
2436 2536 2672 2592 doctoris
2703 2537 3016 2609 suffragium
3042 2537 3292 2609 jactetis;
3326 2538 3417 2595 ille
3445 2542 3615 2608 enim,
3648 2540 3802 2611 quod

2192 2627 2259 2682 ad
2312 2628 2595 2699 Augustini
2643 2644 2900 2687 excessus
2928 2632 3183 2701 pertinet,
3235 2631 3380 2686 nullo
3420 2643 3573 2701 pacto
3596 2633 3804 2690 vobis-

2191 2737 2312 2778 cum
2341 2724 2592 2779 concinit.
2636 2724 2741 2781 Sed
2786 2738 2959 2795 neque
2989 2726 3161 2781 sancti
3191 2724 3415 2781 Thomas
3457 2724 3675 2781 dictum
3717 2742 3805 2783 vo-

2191 2815 2274 2871 bis
2326 2816 2693 2889 suffragatur:
2730 2832 2852 2872 nam
2905 2818 3030 2872 dum
3074 2818 3201 2873 dicit
3240 2820 3594 2889 Augustinum
3657 2820 3806 2891 large

2193 2909 2451 2977 locutum,
2503 2909 2699 2967 indicat
2750 2910 2899 2965 illum
2949 2910 3257 2981 expressius
3307 2920 3507 2966 tantum
3564 2911 3805 2987 verbum

2193 3004 2531 3073 adhibuisse,
2590 3021 2699 3061 non
2753 3006 2999 3062 eumdem
3050 3006 3292 3062 veritatis
3344 3005 3510 3061 lineas
3565 3016 3805 3077 praeter-

2196 3114 2462 3170 gressum.
2520 3099 2691 3170 Large
2722 3100 3093 3170 accipiendum
3121 3100 3342 3155 verbum
3377 3100 3503 3155 illud
3533 3101 3803 3169 affirmat,

2194 3206 2300 3260 qua
2350 3191 2561 3248 ratione
2608 3192 2676 3247 ab
2726 3192 3025 3261 Augusuno
3073 3201 3350 3262 acceptum
3391 3191 3646 3247 credidit.
3712 3193 3805 3247 Et-

502 3298 603 3336 non
643 3291 716 3337 est
758 3286 980 3353 mentiri,
1021 3287 1107 3340 sed
1153 3302 1335 3353 FALLI,
1379 3303 1449 3341 ετ
1496 3302 1684 3341 DlCl;RE
1738 3302 1942 3342 FALSUM
1980 3287 2087 3341 sine
2113 3273 2161 3340 Ο
2192 3288 2335 3342 enim
2356 3297 2411 3341 ut
2441 3287 2648 3342 dicatur
2674 3286 3001 3357 Augustinus
3027 3287 3163 3341 ultra
3194 3288 3452 3341 veritatem
3482 3290 3807 3357 processisse

504 3379 787 3433 mendacio.
820 3380 965 3450 Disp.
1009 3381 1077 3437 40
1109 3382 1526 3449 Anti-Jansenii,
1560 3391 1692 3439 sect.
1726 3381 1783 3448 6,
1817 3398 1964 3436 num.
1998 3380 2087 3436 65.

506 3471 669 3540 Igitur
700 3472 744 3526 si
778 3487 882 3526 non
924 3474 1213 3541 mendacii,
1248 3474 1492 3530 falsitatis
1525 3485 1700 3529 tamen
1740 3482 1937 3546 apertae
1967 3488 2090 3531 reus

506 3566 836 3633 Augustinus
872 3567 1010 3637 apud
1057 3568 1416 3623 recentiorum
1460 3566 1691 3624 tribunal
1732 3569 2087 3624 convincitur.

506 3656 621 3723 Quo
650 3672 776 3712 vero
796 3658 939 3728 justo
968 3674 1025 3713 se
1056 3660 1124 3715 ita
1157 3660 1225 3717 de
1250 3661 1547 3733 Augustino
1573 3660 1843 3732 judicasse
1876 3676 2094 3732 persua-

506 3751 684 3817 deant,
734 3755 1021 3809 nonnullos
1062 3769 1160 3811 nec
1209 3756 1373 3811 infimi
1424 3754 1659 3813 subsellii
1714 3757 1990 3828 theologos
2040 3757 2091 3813 in

506 3853 669 3900 testes
698 3858 911 3915 vocant,
940 3850 1029 3919 qui
1076 3849 1261 3905 dixere
1305 3860 1545 3905 sanctum
1590 3850 1866 3907 doctorem
1905 3862 2093 3908 contra

508 3938 819 4010 Pelagianos
864 3941 1223 4011 disputantem
1276 3943 1596 4013 excessisse,
1648 3958 1874 4015 quorum
1929 3944 2093 4000 verba

504 4044 621 4101 cap.
654 4030 687 4083 5
719 4046 785 4087 ex
815 4034 1058 4102 professo
1082 4036 1539 4103 examinabimus;
1570 4035 1638 4092 de
1664 4036 1861 4092 sanctis
1889 4036 2095 4092 Thoma

504 4139 568 4178 ac
599 4124 969 4181 Bonaventura
1000 4127 1127 4199 (hos
1168 4128 1309 4182 enim
1341 4129 1420 4184 illi
1462 4128 1760 4200 opponunt)
1811 4142 1975 4198 pauca
2009 4128 2097 4183 hic

507 4217 846 4274 adnotamus.
894 4219 1024 4274 Cum
1055 4223 1155 4276 sub
1201 4224 1478 4293 Augustini
1526 4224 1741 4279 nomine
1769 4222 2039 4295 legeretur
2066 4240 2095 4279 a

509 4310 779 4378 prioribus
808 4310 1141 4369 scholasticis
1172 4314 1309 4369 liber
1352 4317 1521 4371 sancti
1568 4316 1837 4386 Fulgentii
1869 4318 1936 4372 de
1968 4318 2097 4373 Fide

506 4398 572 4452 ad
622 4400 857 4470 Petrum,
904 4400 956 4455 in
997 4403 1150 4471 cujus
1198 4418 1316 4473 cap.
1348 4405 1415 4459 27
1462 4408 1723 4462 asseritur
1751 4423 1944 4477 pueros
1976 4423 2095 4464 cum

505 4491 623 4545 solo
651 4492 893 4561 originali
923 4502 1145 4562 peccato
1165 4495 1445 4552 defunctos
1472 4498 1605 4568 ignis
1629 4499 1940 4567 sempiterni
1972 4514 2099 4568 sup-

504 4584 668 4652 plicio
692 4584 887 4654 puniri,
929 4595 1146 4641 sanctus
1167 4586 1404 4645 Thomas
1438 4591 1599 4647 verba
1643 4593 1774 4660 ignis
1811 4607 1873 4645 ac
1899 4591 2101 4661 suppli-

2197 3381 2325 3452 (quo
2348 3380 2505 3435 modo
2530 3393 2782 3435 excessus
2804 3379 2944 3434 illius
2969 3379 3201 3448 explicat
3226 3378 3463 3433 Adamus
3485 3393 3607 3449 pag.
3634 3380 3803 3449 6‘26),

2196 3475 2403 3545 stricte,
2462 3489 2645 3545 presse
2690 3490 2753 3529 ac
2798 3474 3017 3529 omnino
3057 3474 3299 3543 rigorosc
3344 3473 3604 3529 dicendus
3659 3473 3806 3530 foret

2197 3569 2493 3639 sumpsisse
2534 3582 2729 3623 nomen
2760 3564 2890 3621 illud
2932 3566 3198 3636 supplicii,
3246 3566 3481 3636 itemque
3518 3565 3804 3635 gehennae,

2197 3669 2473 3730 cruciatus,
2509 3672 2650 3729 etc.;
2702 3642 2836 3717 alias
2866 3663 2910 3718 si
2941 3662 3088 3732 large
3117 3662 3345 3731 accepit,
3380 3662 3516 3716 intra
3548 3663 3805 3717 veritatis

2198 3757 2468 3812 cancellos
2513 3768 2635 3811 sese
2673 3755 2932 3810 cohibuit.
2990 3754 3154 3824 igitur
3207 3754 3380 3809 sancti
3416 3754 3494 3809 illi
3544 3752 3806 3811 doctores

2199 3857 2384 3905 contra
2434 3848 2793 3904 recentiorum
2851 3846 3043 3918 placita
3093 3846 3229 3903 adeo
3268 3855 3451 3917 aperte
3504 3856 3691 3917 stant,
3751 3857 3805 3903 ut

2200 3942 2397 3996 mirum
2429 3940 2499 3995 sit
2527 3938 2663 3994 adeo
2696 3938 3095 3994 inconsiderate
3118 3938 3269 4008 juxta
3299 3952 3361 3993 ac
3384 3950 3576 3995 secure
3605 3949 3803 3995 contra

2201 4033 2556 4107 Augusdnum
2575 4030 2788 4097 adduci,
2823 4030 3059 4102 atquein
3090 4045 3276 4086 eorum
3308 4030 3488 4086 verbis
3521 4036 3709 4088 tantos
3732 4031 3798 4087 ab

2201 4124 2408 4182 Adamo
2457 4138 2700 4180 rumores
2748 4130 2859 4178 toto
2903 4123 3076 4192 capite
3115 4121 3344 4191 septimo
3375 4122 3630 4177 excitari.
3666 4122 3797 4179 lllud

2202 4234 2332 4275 vero
2373 4218 2592 4273 minime
2624 4215 2977 4272 omittendum
3007 4218 3109 4283 est,
3144 4226 3309 4285 penes
3343 4216 3557 4271 unicam
3606 4218 3800 4273 dietio-

2203 4328 2325 4368 nem
2354 4318 2409 4367 et
2434 4310 2600 4367 semel
2634 4319 2839 4366 tantum
2871 4310 3041 4366 asseri
3070 4309 3141 4364 ab
3181 4309 3290 4365 illis
3322 4320 3571 4365 sanctum
3608 4311 3801 4367 Docto-

2204 4422 2319 4463 rem
2350 4406 2662 4476 expressius
2690 4405 2947 4461 locutum.
2977 4406 3046 4461 At
3075 4422 3183 4475 quo
3213 4408 3441 4464 crimine
3467 4423 3525 4464 se
3556 4408 3800 4466 involvet

2205 4501 2556 4556 ducentorum
2586 4510 2637 4555 et
2672 4498 2901 4569 amplius
2931 4500 3269 4554 voluminum
3309 4500 3560 4569 scriptor,
3594 4501 3641 4557 si
3676 4518 3799 4557 ver-

2146 4652 2149 4655 ,
2207 4592 2330 4648 bum
2365 4607 2468 4648 non
2514 4593 2584 4647 ita
2621 4592 2835 4661 proprie
2875 4592 3041 4647 semel
3073 4601 3277 4647 tantum
3312 4594 3638 4662 usurpavit?
3687 4592 3796 4649 Sed

503 4675 591 4741 cii,
626 4684 753 4743 etc.,
804 4676 949 4745 large
990 4678 1299 4746 accipienda
1339 4693 1459 4735 esse
1506 4680 1663 4748 dixit,
1703 4693 1897 4752 quaest.
1950 4684 1985 4739 5
2032 4683 2099 4740 de
2128 4680 2183 4743 D
2207 4684 2294 4741 hic
2320 4684 2657 4741 adversarios
2696 4698 2949 4755 rogamus
2975 4682 3211 4740 verbone
3257 4700 3363 4739 uno
3393 4693 3595 4740 tantum
3640 4694 3796 4743 tenus

504 4770 663 4835 Malo,
689 4778 787 4825 art.
814 4770 871 4839 2,
902 4780 957 4824 ut
978 4781 1209 4841 portatur
1230 4773 1435 4843 species
1458 4789 1553 4844 pro
1578 4789 1813 4846 genere;
1840 4777 2043 4834 addens
2080 4795 2092 4831 :

511 4881 529 4915 ι
566 4861 690 4917 Ideo
718 4873 897 4918 autem
937 4864 1111 4918 saneti
1142 4865 1231 4919 tali
1272 4866 1430 4921 modo
1474 4868 1721 4938 loquendi
1755 4871 1833 4924 usi
1866 4878 2007 4937 sunt,
2040 4879 2099 4927 ut

503 4955 877 5011 detestabilem
928 4956 1216 5013 redderent
1266 4974 1504 5015 errorem
1550 4963 1976 5033 Pelagianorum,
2008 4964 2101 5033 qui

505 5050 821 5105 asserebant
868 5051 921 5105 in
954 5050 1188 5120 parvulis
1227 5053 1432 5108 nullunt
1481 5068 1602 5111 esse
1652 5066 1948 5127 peccatum,
2000 5070 2100 5113 nec

505 5141 584 5195 eis
622 5154 833 5211 poenam
875 5143 1109 5213 aliquam
1152 5144 1359 5201 deberi.
1398 5165 1417 5198 ι
1462 5146 1689 5205 Sanctus
1724 5149 2100 5205 Bonaventura

506 5232 671 5287 etiam
724 5234 863 5289 idem
898 5236 1287 5305 testimonium,
1332 5239 1473 5309 quod
1517 5242 1959 5312 Augustinianum
2005 5259 2102 5314 pu-

510 5326 664 5389 tavit,
689 5328 985 5397 explicans,
1010 5329 1145 5384 dixit
1174 5333 1315 5400 quod
1340 5348 1402 5388 ea
1429 5335 1607 5403 posuit
1634 5336 1958 5406 Augustinus
1985 5341 2099 5411 plus

508 5421 703 5489 dicens,
754 5432 802 5476 et
842 5423 1012 5477 minus
1052 5427 1226 5481 volens
1271 5428 1518 5498 intelligi,
1572 5428 1623 5483 in
1676 5431 1869 5499 quibus
1916 5435 2098 5491 verbis

510 5512 841 5581 triumphum
889 5516 987 5570 sibi
1042 5528 1239 5571 canunt
1285 5510 1599 5576 adversarii.
1654 5522 1858 5579 iNSlGNE
1906 5542 2097 5582 DICTUM

512 5605 811 5674 appellatur
842 5606 911 5661 ab
939 5605 1167 5675 Adamo,
1200 5611 1251 5665 in
1276 5612 1431 5670 titulo
1455 5627 1573 5683 cap.
1609 5615 1661 5669 7.
1709 5616 1906 5674 Eadem
1937 5622 2092 5676 verba

519 5698 782 5763 Annatus,
836 5700 929 5754 lib.
961 5716 1074 5766 vni,
1107 5718 1157 5758 c.
1203 5703 1256 5773 2,
1288 5707 1663 5774 grandioribus
1702 5710 2100 5769 characteribus

511 5794 800 5860 expressit,
842 5806 949 5863 quo
998 5797 1181 5850 statim
1231 5799 1519 5868 legentium
1551 5802 1736 5857 oculos
1782 5805 2096 5875 implerent;
2146 5806 2150 5811 ’

517 5884 637 5937 hinc
663 5883 859 5940 clamat
886 5886 1120 5944 Adamus
1148 5907 1160 5943 :
1199 5910 1216 5941 t
1249 5891 1386 5961 Quid
1413 5900 1679 5961 reponem
1708 5897 1875 5951 nostri
1906 5897 2099 5955 adver-

2204 4780 2446 4834 docuerit
2487 4778 2817 4847 Augustinus
2849 4776 3381 4847 praedestinationetn
3413 4787 3538 4835 ante
3566 4781 3793 4849 praevisa

2205 4876 2418 4938 merita,
2474 4871 2745 4928 libidinem
2789 4887 2909 4928 esse
2940 4871 3158 4944 malam;
3208 4873 3379 4943 legem
3408 4883 3645 4930 veterem
3674 4875 3796 4930 sine

2205 4962 2583 5034 Redemptoris
2601 4964 2769 5031 gratia
2800 4977 2924 5018 reos
2952 4972 3154 5018 tantum
3181 4962 3381 5030 facere,
3399 4981 3504 5020 non
3532 4979 3651 5021 esse
3669 4966 3794 5020 abs-

2205 5072 2309 5125 que
2348 5057 2511 5124 gratin
2548 5070 2700 5109 veras
2734 5056 2957 5109 virtutes
3006 5056 3060 5109 in
3115 5056 3457 5124 infidelibus,
3508 5057 3559 5111 in
3597 5057 3793 5127 quibus

2208 5150 2431 5218 aliisque
2464 5149 2709 5218 plurimis
2749 5151 3046 5205 excessisse
3091 5150 3242 5205 illum
3288 5151 3607 5220 publicant?
3639 5152 3791 5205 Hand

2208 5243 2451 5314 equidem
2507 5242 2671 5297 credo
2718 5242 2767 5298 id
2823 5258 2917 5299 eos
2963 5243 3365 5311 aflirmaturos,
3414 5261 3533 5302 cum
3574 5256 3791 5301 sanctus

2208 5338 2398 5393 doctor
2430 5352 2532 5393 non
2586 5338 2756 5392 solum
2808 5338 3052 5407 pluribus
3096 5341 3429 5408 argumentis
3458 5356 3547 5396 eas
3575 5351 3790 5395 senten-

2209 5432 2307 5485 tias
2364 5432 2601 5487 stabilire
2661 5442 2882 5487 conatus
2937 5433 3041 5499 sit,
3094 5434 3189 5487 sed
3238 5432 3518 5490 universas
3576 5449 3787 5503 quoque

2207 5527 2399 5579 summi
2451 5526 2649 5597 ingenii
2683 5527 2821 5579 vires
2870 5524 2935 5580 ad
2978 5525 3195 5581 easdem
3238 5527 3631 5595 persuadendas
3658 5542 3788 5579 exe-

2204 5619 2391 5684 ruerit,
2423 5617 2531 5673 imo
2553 5628 2606 5673 et
2642 5616 2897 5689 quasdam
2941 5619 3014 5673 uti
3047 5614 3340 5673 catholicas
3370 5617 3634 5675 habendas
3663 5633 3785 5672 esse

2204 5713 2557 5769 ccutenderit.
2586 5713 2701 5768 Non
2731 5714 2834 5767 hoc
2861 5712 2962 5778 est,
2994 5712 3119 5768 boni
3149 5710 3419 5781 homines,
3453 5717 3565 5785 plus
3597 5713 3779 5775 dicere,

2202 5818 2247 5859 et
2281 5808 2447 5860 minus
2482 5805 2606 5859 velle
2644 5805 2902 5873 intelligi;
2932 5821 3035 5861 non
3070 5802 3170 5861 hoc
3198 5813 3281 5862 est
3321 5794 3462 5878 large
3493 5806 3628 5859 unica
3658 5812 3781 5855 tan-

2202 5907 2312 5954 tnm
2336 5913 2492 5965 voce,
2541 5906 2593 5955 et
2619 5898 2788 5954 semel
2834 5898 3053 5969 quidem
3106 5897 3218 5964 uti;
3270 5897 3369 5955 sed
3404 5898 3532 5971 quid
3560 5897 3637 5957 sit,
3663 5894 3778 5963 jam
