3974 6356
227 312 334 369 597

1410 305 1726 365 VINDICUE
1766 307 2322 370 AUGUSTINIANE.

3395 316 3501 394 sua

220 440 374 502 puto,
407 443 501 486 vos
531 426 746 495 videtis,
777 426 903 482 dum
936 431 1243 481 sanctorum
1288 422 1511 481 Thomas
1540 434 1597 483 et
1634 427 1809 484 Bona-
1835 430 1889 492 Α
1912 442 2067 485 suum
2098 432 2250 502 origo
2281 431 2508 489 dicenda
2535 442 2616 489 est
2652 450 2663 487 :
2693 436 2889 492 etenim
2916 436 2962 491 si
2990 434 3316 507 Augustinus
3337 448 3367 491 e
3388 450 3502 492 ros-

218 536 463 584 venturae
493 524 759 597 suffragiis
788 521 1031 580 destituti
1058 520 1459 579 convincimini.

296 620 487 679 Risum
529 633 661 677 sane
693 617 825 675 mihi
870 622 1088 673 movent
1135 614 1310 689 lepida
1336 614 1580 688 exempla
1624 629 1812 673 recen-

225 713 424 771 tiorum
454 711 737 785 Augustini
786 723 1040 767 excessus
1083 706 1484 781 explicantium,
1536 709 1643 765 imo
1674 708 1813 766 forte

221 807 628 863 excusantium:
661 802 780 863 rUti
800 802 1039 860 viridarii
1067 803 1321 873 cultores,
1353 803 1525 875 inquit
1549 802 1810 871 Adamus,

223 915 346 973 cap.
376 899 427 970 8,
462 915 583 973 pag.
618 897 739 967 111,
770 898 1053 956 distortam
1088 899 1321 970 plantam
1352 898 1605 971 erecturi,
1636 898 1688 955 in
1719 914 1813 971 op-

180 988 187 1007 ⁴
222 997 455 1068 positam
498 1005 702 1069 partem
740 996 983 1053 eamdem
1032 994 1281 1063 ﬂectunt,
1328 1011 1436 1052 non
1480 994 1621 1068 quod
1652 1009 1717 1052 eo
1760 995 1811 1051 in

221 1090 330 1146 situ
360 1101 501 1148 stare
531 1089 678 1147 illam
708 1090 914 1159 volunt,
948 1090 1041 1147 sed
1087 1099 1145 1147 ut
1188 1090 1397 1147 facilius
1439 1090 1492 1147 in
1530 1090 1809 1149 rectitudi-

223 1198 348 1238 nem
380 1183 672 1251 attollatur,
704 1182 775 1238 ita
806 1181 1011 1255 pariter
1037 1180 1393 1257 Augustinus,
1422 1181 1594 1254 inquit
1618 1182 1814 1239 Morai-

225 1278 371 1346 nius,
391 1279 529 1352 disp.
556 1280 641 1347 19,
665 1294 815 1335 num.
837 1277 1265 1350 55,disputando
1276 1286 1461 1335 contra
1476 1277 1811 1350 Pelagianos,

221 1371 463 1443 quicum
504 1370 663 1429 nimis
692 1370 1012 1429 extollerent
1048 1371 1188 1429 vires
1221 1372 1496 1429 naturales
1539 1369 1697 1429 liberi
1728 1386 1815 1427 ar-

222 1462 393 1534 bitrii,
428 1462 864 1536 afﬁrmarentque
894 1463 1144 1522 sufﬁcere
1174 1465 1291 1521 sine
1317 1464 1488 1539 gratia
1520 1480 1625 1521 non
1653 1464 1815 1522 modo

221 1564 290 1619 ad
324 1564 545 1619 virtutes
574 1562 845 1618 naturales
874 1577 1219 1635 quascunque
1240 1605 1254 1632 ,
1299 1560 1393 1617 sed
1442 1562 1602 1618 etiam
1634 1560 1701 1617 ad
1729 1575 1815 1616 sa-

222 1659 415 1724 lutem,
448 1656 779 1728 Augustinus
807 1666 863 1712 ut
919 1657 1037 1712 illos
1067 1655 1136 1712 ab
1165 1670 1231 1712 eo
1259 1670 1444 1713 errore
1471 1655 1715 1724 abducat,
1760 1654 1813 1709 in

1918 524 2015 581 tris
2043 534 2231 583 contra
2264 525 2583 601 Pelagianos
2610 528 2987 599 declamasset,
3036 544 3187 586 more
3224 528 3502 586 rhetorum

1915 636 2022 677 non
2052 632 2155 676 tam
2201 622 2471 679 rationum
2502 625 2791 681 momentis
2824 640 2985 697 quam
3024 624 3311 681 verborum
3348 625 3504 693 copia

1914 715 2198 784 insultans,
2254 725 2525 788 utcunque
2568 719 2881 790 hyperbole,
2930 719 3034 776 hoc
3078 726 3184 786 est,
3223 718 3507 775 veritatem

1916 810 2187 865 sententia
2216 810 2517 867 excedente
2561 812 2639 867 uti
2690 812 2972 883 potuisset,
3019 826 3083 867 ac
3112 812 3367 869 nonnulla
3409 827 3508 883 per

1913 903 2389 974 exaggerationem
2418 903 2638 972 addere,
2686 919 2809 976 quae
2845 915 3120 961 oratorum
3151 905 3367 962 licentia
3396 915 3501 962 est.

1915 996 1985 1051 At
2015 1012 2139 1053 cum
2172 995 2420 1068 dogmata
2443 1039 2457 1066 ,
2487 1012 2608 1068 quae
2636 1012 2733 1068 per
2763 1012 3044 1055 excessum
3079 998 3377 1070 Augustino
3412 1013 3506 1055 ex-

1915 1090 2112 1148 cidisse
2142 1090 2351 1159 dicunt,
2388 1099 2467 1147 tot
2496 1092 2825 1163 argumentis
2862 1091 3211 1159 confirmarit,
3241 1100 3401 1162 atque
3440 1106 3509 1147 ex

1916 1187 2082 1243 sacris
2127 1185 2338 1242 arcanis
2366 1187 2547 1257 petitis
2588 1186 2909 1242 testimoniis
2939 1194 3087 1242 tanto
3112 1194 3310 1243 conatu
3336 1185 3506 1243 stabi-

1914 1283 2112 1351 liverit,
2152 1294 2208 1341 ut
2236 1294 2519 1340 sexcentos
2547 1291 2601 1339 et
2638 1283 2869 1355 amplius
2906 1296 3094 1339 versus
3131 1280 3335 1339 eisdem
3374 1296 3503 1339 sua-

1915 1378 2107 1435 dendis
2153 1394 2259 1435 non
2290 1379 2460 1435 semel
2488 1378 2808 1446 exaraverit,
2854 1375 2999 1433 haud
3029 1375 3280 1448 equidem
3311 1389 3506 1432 vanam

1916 1473 2149 1531 oratoris
2197 1487 2450 1543 pompam
2483 1487 2577 1543 per
2606 1469 2957 1545 hyperbolem
2997 1470 3279 1527 aﬂ‘ectasse
3326 1467 3511 1525 dicen-

1917 1566 2017 1622 dus
2046 1574 2149 1633 est,
2198 1564 2291 1622 sed
2341 1564 2517 1635 potius
2564 1565 2709 1635 ipsas
2741 1562 3013 1635 periodos,
3062 1563 3169 1619 imo
3202 1562 3367 1620 verba
3396 1562 3515 1633 ipsa

1918 1661 2051 1715 satis
2096 1666 2305 1714 mature
2354 1656 2705 1727 ponderasse,
2746 1656 2827 1713 uti
2873 1656 2951 1712 rei
2985 1655 3238 1726 dignitas,
3272 1653 3515 1726 tantique

222 1752 560 1807 contrarium
606 1759 909 1807 extremum
941 1758 1075 1806 testu
1104 1748 1486 1820 disputationis
1529 1747 1703 1820 abripi
1736 1748 1816 1804 in-
1919 1752 2157 1808 doctoris
2186 1750 2419 1822 gravitas
2447 1760 2496 1805 et
2530 1748 2791 1820 sapientia
2822 1748 3132 1819 exigebant.
3175 1747 3347 1804 Porro
3368 1755 3421 1803 et
3444 1745 3511 1803 il-

223 1844 436 1901 terdum
478 1843 705 1900 videtur.
740 1862 757 1896 ι
786 1840 919 1898 Cum
946 1857 1052 1914 quo
1081 1841 1373 1899 concinens
1402 1839 1545 1896 idem
1576 1839 1812 1896 Adamus
1839 1852 1889 1915 Β
1916 1844 2008 1901 lud
2040 1843 2321 1900 ridiculum
2354 1852 2458 1913 est,
2510 1859 2573 1898 ex
2617 1841 3009 1897 Platonicorum
3048 1856 3220 1896 amore
3256 1840 3514 1911 Augusti-

220 1938 437 2007 scribit,
464 1955 581 2011 cap.
610 1940 663 2006 7,
692 1954 817 2011 pag.
846 1937 989 2006 651,
1030 1956 1049 1990 ι
1086 1934 1438 2008 Augustinum
1478 1950 1603 1991 suos
1628 1934 1813 1990 hostes
1916 1952 2043 1992 num
2080 1935 2135 1991 in
2180 1950 2272 1992 eos
2304 1949 2561 1991 excessus
2612 1935 2941 2006 prolapsum.
2998 1934 3245 2005 Impense
3294 1933 3513 2006 quidem

222 2034 279 2089 in
330 2043 569 2091 extrema
600 2032 903 2103 periculosa
933 2030 1255 2102 conjecisse,
1299 2044 1406 2085 non
1438 2037 1493 2084 ut
1514 2043 1608 2084 eos
1640 2027 1711 2083 ibi
1732 2042 1817 2083 re-

220 2126 512 2198 linqueret,
537 2124 632 2183 sed
655 2138 707 2180 ut
740 2126 959 2181 eosdem
992 2123 1058 2180 ad
1090 2122 1537 2188 mediocritatem,
1570 2120 1712 2177 unde
1744 2120 1813 2175 il—

222 2222 307 2278 los
340 2223 563 2278 haeresis
602 2222 961 2289 abstraxerat,
994 2227 1328 2275 revocaret.»
1364 2218 1431 2273 At
1461 2218 1582 2289 quis
1612 2216 1818 2274 nesciat

222 2314 461 2372 futurum
485 2313 651 2371 fuisse
676 2329 745 2371 eo
765 2323 918 2384 paeto
941 2312 1296 2385 Augustinum
1327 2312 1563 2381 ineptum
1594 2327 1817 2383 prorsus

222 2419 384 2479 atque
431 2406 823 2479 imprudentem
868 2407 1276 2476 disputatorem,
1306 2408 1350 2462 si
1385 2414 1496 2462 toto
1540 2406 1680 2463 caelo
1716 2421 1816 2477 op-

226 2502 459 2571 positam
486 2500 809 2559 sententiam
838 2510 1028 2557 contra
1052 2499 1370 2571 Pelagianos
1403 2507 1816 2571 pr0pugnasset,

222 2608 332 2665 quo
363 2592 433 2649 ab
463 2608 649 2650 errore
705 2591 827 2649 illos
867 2592 1189 2673 reduceret?
1229 2593 1442 2649 Etenim
1484 2608 1607 2649 cum
1638 2594 1819 2650 omnia

225 2689 309 2745 illi
338 2689 508 2746 libero
537 2687 762 2746 arbitrio
791 2687 1006 2756 darent,
1046 2688 1194 2745 nullo
1224 2689 1411 2759 gratim
1435 2688 1555 2743 loco
1579 2700 1817 2758 servato,

226 2782 375 2838 illam
402 2796 433 2837 e
460 2781 724 2838 diametro
750 2782 1037 2853 Augustini
1065 2782 1410 2850 sententiam,
1459 2795 1564 2853 qua
1592 2796 1687 2853 per
1726 2796 1821 2839 ex-

225 2889 444 2934 cessum
473 2874 608 2932 nihil
636 2874 808 2931 libero
829 2875 1053 2930 arbitrio
1082 2876 1400 2941 concedere,
1439 2876 1535 2932 sed
1564 2877 1744 2932 omnia
1768 2878 1819 2933 in

224 2970 345 3042 iure
372 2968 555 3041 gratia:
594 2982 861 3040 reponere
894 2968 1194 3035 videbatur,
1238 2968 1658 3025 obstinatissime
1697 2971 1822 3027 sub-

226 3061 470 3119 scribere
513 3068 877 3118 recusassent.
916 3060 1097 3131 Longe
1129 3060 1318 3117 melius
1352 3059 1568 3116 fecisset
1607 3060 1821 3132 Augus-

227 3156 401 3224 tinus,
456 3156 499 3212 si
530 3154 772 3227 qutedam
800 3155 972 3213 libero
1023 3153 1246 3212 arbitrio
1280 3164 1334 3212 et
1362 3155 1605 3227 quaedam
1636 3155 1823 3226 gratire

1914 2031 2247 2104 Augustinus
2276 2030 2587 2087 Platonicos
2626 2030 2809 2097 coluit,
2858 2039 3019 2101 atque
3062 2029 3116 2085 in
3158 2045 3345 2087 eorum
3373 2032 3516 2091 scri-

1920 2125 2026 2196 ptis
2052 2139 2262 2180 summa
2302 2137 2427 2179 cum
2460 2122 2617 2180 laude
2658 2130 2901 2179 versatus
2930 2122 3050 2190 fuit,
3078 2122 3220 2193 quod
3250 2137 3318 2179 ex
3358 2121 3516 2192 libris

1922 2225 2107 2274 contra
2137 2215 2489 2273 Academicos
2510 2216 2747 2273 exaratis
2770 2216 3106 2286 intelligitur.
3140 2216 3210 2272 At
3238 2216 3513 2289 quomodo

1921 2324 1987 2367 ex
2015 2324 2202 2366 eorum
2228 2310 2462 2366 lectione
2492 2309 2545 2365 in
2572 2308 3031 2381 disputationibus
3068 2308 3136 2366 de
3159 2308 3341 2365 divina
3379 2324 3514 2381 gra-

1921 2406 1995 2460 tia
2023 2403 2163 2460 ultra
2207 2404 2375 2461 lineas
2398 2403 2721 2461 necessaria:
2746 2404 2984 2461 veritatis
3033 2404 3406 2473 exundaverit,
3448 2420 3521 2465 ne

1922 2497 2187 2569 suspicari
2214 2497 2433 2567 quidem
2465 2511 2787 2568 possumus;
2821 2498 2930 2554 imo
2964 2512 3064 2553 nec
3091 2497 3143 2553 id
3174 2496 3421 2566 Adamo,
3450 2496 3517 2553 li-

1923 2599 2009 2647 cet
2038 2592 2290 2647 audacter
2330 2589 2649 2659 aifirmanti,
2682 2589 2954 2660 cognitum
2985 2588 3151 2646 fuisse
3190 2597 3343 2660 puto.
3384 2589 3520 2657 Quas

1923 2688 2065 2746 enim
2093 2688 2281 2759 gratiae
2310 2686 2482 2745 virtus
2507 2703 2577 2744 ex
2623 2686 3026 2744 Platonicorum
3060 2685 3215 2743 libris
3256 2685 3520 2743 habetur!

1923 2782 2034 2839 Nisi
2072 2784 2226 2839 malit
2255 2782 2513 2853 impetum
2565 2782 2716 2837 illum
2760 2781 3073 2853 disputandi
3104 2779 3426 2853 Augustino,
3456 2786 3521 2838 ut

1924 2879 2019 2946 ait,
2070 2877 2393 2934 familiarem
2442 2895 2474 2934 e
2525 2877 2927 2935 Platonicorum
2978 2876 3165 2933 schola
3219 2876 3518 2947 derivasse,

1927 2972 2067 3041 quod
2113 2986 2234 3027 cum
2264 2988 2330 3027 ex
2358 2986 2547 3027 eorum
2580 2970 2731 3027 libris
2776 2985 2877 3027 nec
2907 2969 3171 3037 Plotinus,
3212 2983 3314 3025 nec
3341 2967 3521 3038 Philo,

1929 3079 2025 3119 uec
2055 3062 2269 3119 Ficinus
2298 3062 2643 3131 tradiderint,
2693 3062 2761 3119 ab
2788 3060 2907 3133 ipso
2934 3061 3143 3117 Adamo
3172 3058 3229 3116 id
3268 3072 3523 3132 compr0<

1927 3158 2160 3215 bandum
2194 3166 2297 3227 est,
2328 3158 2526 3214 veteris
2575 3156 2879 3213 Academiae
2907 3156 3061 3212 libris
3090 3155 3353 3212 excussis.
3405 3153 3521 3213 Sed

228 3253 393 3309 etiam
422 3250 681 3315 dedisset,
731 3258 788 3305 ut
829 3249 945 3305 illos
988 3248 1059 3323 ab
1099 3264 1283 3306 errore
1314 3258 1652 3308 removeret:
1692 3249 1817 3304 faci-
1848 3254 1893 3317 C
1927 3268 2099 3323 neque
2125 3266 2379 3308 excessus
2412 3250 2489 3306 illi
2520 3267 2583 3306 ex
2609 3251 2747 3318 odio,
2778 3266 2877 3323 quo
2918 3250 3236 3323 Augustinus
3285 3248 3521 3305 veritatis

228 3346 334 3401 lius
362 3343 506 3400 enim
535 3343 765 3415 quisque
807 3340 875 3397 ab
899 3350 1143 3399 extremo
1183 3342 1249 3397 ad
1281 3343 1535 3407 medium,
1568 3357 1725 3413 quam
1755 3341 1822 3398 ad

226 3452 535 3498 extremum
557 3440 787 3496 alterum
812 3437 1163 3509 propellitur.
1192 3438 1326 3494 Hinc
1351 3447 1565 3494 sanctus
1590 3439 1824 3497 Thomas

227 3535 479 3607 superius
500 3533 637 3591 dixit
665 3532 1026 3604 Augustinum
1058 3532 1201 3603 large
1227 3530 1490 3599 locutum,
1542 3548 1647 3589 non
1677 3541 1732 3589 ut
1757 3547 1823 3590 ea

226 3630 502 3686 locutione
541 3626 826 3684 haereticos
867 3625 921 3680 in
956 3640 1107 3681 suam
1161 3624 1489 3681 sententiam
1546 3625 1819 3693 traheret,

227 3724 328 3782 sed
356 3732 415 3780 ut
447 3721 820 3779 haereticorum
848 3734 1089 3777 errorem
1120 3720 1373 3779 redderet
1403 3722 1684 3779 catholicis
1712 3738 1825 3777 ma-

228 3821 313 3892 gis
342 3816 735 3875 detestabilem.
782 3814 856 3870 lta
894 3814 941 3869 si
976 3815 1304 3871 recentiores
1340 3825 1577 3871 veterem
1617 3816 1825 3885 opinio-

229 3927 358 3968 nem
392 3910 459 3967 de
498 3907 710 3964 auxiliis
735 3921 935 3963 exuere
962 3915 1301 3978 cogerentur,
1351 3908 1558 3965 facilius
1606 3909 1827 3965 descen-

230 4005 425 4061 derent
452 4004 507 4059 in
536 4000 857 4060 sententiam
902 4000 1177 4057 moraliter
1206 4000 1484 4055 arbitrium
1528 4000 1823 4070 praedeter-

228 4104 553 4172 minantem,
574 4119 735 4175 quam
759 4104 810 4160 in
836 4102 980 4159 illam
1010 4116 1128 4173 quas
1150 4098 1421 4171 physicum
1454 4096 1823 4167 prtedetermio

230 4200 507 4255 nationem
530 4200 744 4268 astruit,
786 4198 925 4254 hanc
947 4198 1089 4254 enim
1114 4195 1335 4251 nimium
1360 4192 1543 4248 odere.
1568 4189 1827 4245 Ridendaa

230 4294 397 4350 etiam
428 4294 655 4351 veniunt
692 4308 870 4351 causae
900 4293 967 4349 ab
997 4289 1316 4348 adversariis
1360 4288 1665 4358 assignatas,
1709 4300 1827 4357 quas

231 4388 592 4459 Augustinum
628 4388 683 4445 in
719 4401 975 4444 excessus
1005 4386 1127 4442 illos
1169 4382 1452 4454 impulere.
1489 4383 1613 4437 Haec
1650 4380 1823 4451 loqui-

228 4494 322 4541 tur
346 4482 610 4553 Adamus,
657 4496 782 4555 pag.
812 4482 957 4539 624:
994 4499 1013 4533 ε
1046 4481 1219 4551 Ipsius
1257 4478 1499 4548 corporis
1555 4485 1824 4543 tempera-

232 4586 500 4641 mentum,
545 4574 714 4646 ipsius
748 4575 985 4646 genium,
1020 4573 1190 4644 ipsius
1211 4571 1541 4642 eloquentia,
1572 4569 1825 4623 veritates

1929 3351 2095 3405 hostes
2122 3348 2539 3419 prosequebatur,
2558 3347 2818 3419 originem
2843 3346 3082 3402 habuere
3106 3364 3118 3400 :
3144 3358 3269 3401 nam
3298 3350 3525 3407 sanctus

1930 3443 2107 3511 Pater,
2140 3458 2260 3498 cum
2304 3453 2491 3497 contra
2522 3440 2804 3496 haereticos
2848 3438 3141 3505 scribebat,
3173 3449 3362 3493 omnes
3410 3434 3525 3497 odii

1927 3550 2119 3593 causas
2152 3551 2211 3592 se
2239 3534 2423 3606 procul
2464 3533 2665 3590 habere
2708 3532 3128 3605 protestabatur.
3158 3530 3350 3587 Nullus
3378 3542 3515 3587 con-

1929 3643 2010 3689 tra
2039 3630 2397 3702 Augustinum
2429 3643 2607 3701 neque
2630 3626 2911 3695 infensior,
2943 3640 3115 3697 neque
3147 3624 3395 3681 infestior
3422 3622 3521 3680 Ju—

1929 3726 2074 3785 liano
2103 3724 2276 3780 hostis
2308 3722 2619 3790 insurrexit,
2654 3729 2713 3778 ut
2742 3720 2901 3792 plane
2932 3718 3239 3775 universum
3270 3715 3521 3788 Pelagia-

1930 3835 2119 3877 norum
2146 3821 2297 3875 virus
2324 3818 2480 3874 unius
2506 3817 2705 3874 Juliani
2728 3832 2822 3872 ore
2844 3815 2898 3870 in
2926 3814 3281 3887 Augustinum
3308 3819 3523 3873 eructa-

1932 3924 2041 3969 tum
2064 3913 2230 3969 fuisse
2259 3911 2524 3969 videatur.
2576 3912 2644 3966 At
2672 3924 2777 3966 non
2807 3909 2982 3965 solum
3013 3908 3151 3963 citra
3177 3906 3360 3963 odium
3396 3912 3517 3979 sty-

1928 4009 2039 4064 lum
2094 4018 2282 4064 contra
2338 4005 2587 4063 eumdem
2638 4004 2969 4075 Augustinus
3021 4000 3277 4067 strinxit,
3332 4016 3522 4057 verum

1929 4102 2090 4157 etiam
2134 4100 2251 4155 haec
2280 4112 2520 4154 amorem
2564 4111 2692 4167 erga
2744 4097 2957 4151 hostem
3001 4102 3057 4147 et
3086 4090 3305 4161 quidem
3353 4088 3524 4146 maxi-

1930 4212 2077 4252 mum
2128 4194 2479 4265 exprimentia
2530 4190 2751 4262 scripsit
2798 4189 2895 4244 lib.
2936 4195 3173 4243 tcontra
3219 4184 3516 4252 Julianum,

1930 4309 2049 4364 cap.
2075 4294 2105 4348 7
2142 4308 2156 4347 :
2193 4311 2212 4343 ‹
2252 4292 2365 4361 Ego
2397 4289 2616 4361 quidem
2655 4302 2752 4359 pro
2792 4284 3081 4342 dilectione
3109 4297 3232 4354 quas
3276 4281 3409 4338 mihi
3440 4290 3525 4338 est

1932 4402 2059 4458 erga
2082 4395 2156 4451 te,
2194 4400 2353 4456 quam
2377 4384 2490 4439 Deo
2519 4380 2753 4452 propitio
2789 4375 3119 4450 quibuslibet
3143 4372 3403 4430 conviciis
3423 4370 3525 4427 ab-

1931 4484 2023 4548 sit,
2070 4491 2128 4539 ut
2164 4480 2233 4537 de
2272 4478 2523 4535 medullis
2572 4476 2677 4533 mel
2720 4474 2900 4532 cordis
2939 4470 3229 4541 exstirpes,
3279 4466 3521 4535 mallem,

1936 4576 2010 4630 ﬁli
2062 4574 2295 4641 Juliane,
2335 4593 2355 4626 ι
2409 4581 2515 4629 etc.
2566 4571 2745 4639 Quare
2793 4581 2916 4623 cum
2967 4576 3157 4620 omnes
3202 4574 3526 4618 excessuum

233 4667 363 4723 fidei
406 4665 771 4739 pertractandi
811 4666 1002 4722 modus
1035 4666 1211 4724 eidem
1254 4665 1551 4734 familiaris,
1607 4674 1828 4735 magnus
1855 4656 2145 4732 Dcau‘sas,
2178 4678 2308 4734 quas
2337 4665 2391 4720 in
2433 4663 2735 4734 Augustino
2774 4657 3013 4717 Adamus
3054 4655 3343 4728 indagavit,
3392 4667 3521 4709 san-

232 4775 364 4833 erga
388 4760 695 4817 Platonicos
714 4774 890 4827 amor,
923 4774 1149 4832 quorum
1180 4758 1481 4832 excogitata
1514 4758 1828 4827 plerumque

234 4855 430 4910 altiora
477 4863 625 4921 sunt,
667 4853 958 4926 odiumque
1008 4855 1062 4909 in
1115 4848 1305 4910 omnes
1350 4852 1594 4908 veritatis
1643 4850 1827 4907 hostes

234 4947 603 5019 Augustinum
644 4947 699 5003 in
729 4948 1129 5019 propositiones
1156 4947 1292 5004 adeo
1325 4954 1644 5017 apparenter
1685 4946 1828 5001 inso-

235 5042 417 5097 lentes
464 5042 767 5111 conjeeere.
797 5060 817 5095 ι
886 5040 1049 5096 Afros
1110 5039 1418 5095 fervidioris
1470 5047 1674 5093 natura:
1728 5037 1827 5093 sub

237 5134 382 5191 cmlo
408 5132 651 5189 calidiori
677 5133 948 5198 novimus,
981 5141 1037 5188 at
1054 5146 1120 5187 an
1143 5132 1469 5203 Augustinus
1491 5129 1664 5186 calido
1692 5140 1825 5186 tem-

188 5224 191 5227 ⁷
238 5236 556 5299 peramento
599 5226 777 5294 fuerit,
821 5241 958 5282 unus
982 5226 1218 5282 Adamus
1254 5226 1368 5281 sine
1402 5234 1536 5281 teste
1558 5224 1828 5291 affirmet;

237 5336 339 5391 ego
361 5319 581 5391 quidem
605 5333 712 5375 non
743 5320 929 5390 ignoro
954 5328 1200 5375 sanctum
1223 5318 1503 5374 doctorem
1535 5320 1711 5373 minus
1741 5317 1831 5372 fri-

240 5412 388 5482 goris
446 5412 733 5480 patientem
787 5410 952 5467 fuisse
1004 5426 1070 5467 ex
1125 5411 1284 5479 epist.
1345 5408 1479 5477 227,
1537 5420 1591 5464 at
1643 5417 1833 5478 pacato

240 5504 426 5557 animo
453 5510 510 5559 et
556 5502 744 5559 sedato
780 5503 979 5575 stylum
1008 5511 1194 5558 contra
1224 5500 1507 5558 haereticos
1556 5502 1835 5557 strinxisse

239 5606 577 5668 compertum
608 5606 712 5663 est,
760 5598 835 5653 uti
881 5612 1007 5653 mox
1038 5596 1441 5655 demonstrabo.
1488 5596 1705 5652 Interim
1736 5598 1834 5651 mi-

242 5693 347 5746 rari
398 5692 521 5746 licet
562 5690 842 5762 Augustini
884 5690 1099 5761 genium
1140 5689 1343 5746 homini
1383 5699 1505 5759 post
1549 5688 1829 5744 duodecim

240 5784 443 5841 saecula
484 5786 550 5841 ab
594 5784 736 5840 illius
780 5785 929 5840 obitu
960 5784 1160 5839 viventi
1208 5792 1314 5838 tam
1361 5790 1550 5839 exacte
1593 5783 1831 5837 innotes-

242 5892 368 5936 cere
412 5877 650 5951 potuisse
702 5876 855 5934 tSed
899 5890 999 5933 nec
1044 5876 1344 5951 eloquentia
1387 5876 1598 5935 illorum
1636 5889 1827 5934 exces-

1936 4768 2055 4815 ctus
2086 4760 2274 4815 doctor
2299 4756 2485 4828 procul
2512 4754 2778 4822 habuerit,
2808 4755 2964 4825 longe
2994 4756 3155 4811 etiam
3196 4749 3264 4805 ab
3284 4744 3524 4806 excessi-

1935 4856 2036 4910 bus
2066 4853 2206 4909 idem
2232 4850 2577 4908 collocandus
2607 4850 2775 4906 venit.

2008 4946 2172 5001 Instat
2201 4944 2437 4999 Adamus
2478 4956 2599 5013 esp.
2632 4940 2723 5010 l6,
2753 4954 2873 5012 pag.
2908 4938 3012 4995 760
3043 4957 3055 4994 :
3086 4956 3107 4992 ι
3140 4934 3369 5006 Quando
3405 4934 3525 4992 Διι-

1934 5039 2177 5109 gustinus
2196 5036 2439 5093 defendit
2466 5036 2767 5093 libertatem
2789 5043 2975 5090 contra
2997 5031 3339 5099 Manichacus,
3363 5028 3516 5086 vide-

1940 5140 2025 5187 tur
2070 5131 2257 5202 gratim
2302 5129 2678 5187 necessitatem
2730 5127 3050 5191 destruere;
3084 5140 3207 5182 cum
3251 5138 3383 5180 vero
3417 5138 3519 5194 pro

1935 5225 2108 5296 gratia
2134 5231 2321 5280 contra
2365 5222 2681 5293 Pelagianos
2718 5221 2977 5284 decertat,
3024 5218 3325 5275 libertatem
3364 5231 3521 5273 ever-

1938 5331 2072 5377 tere.
2109 5338 2129 5372 s
2169 5320 2235 5375 Et
2281 5332 2400 5389 pag.
2435 5317 2559 5382 659,
2608 5317 2661 5371 in
2700 5316 2805 5371 fine
2844 5329 2962 5383 cap.
3000 5315 3054 5381 7,
3085 5313 3309 5370 miratur
3349 5325 3514 5384 quos-

1936 5411 2061 5469 dam
2092 5430 2110 5466 ι
2140 5426 2412 5483 nunquam
2440 5408 2664 5465 scivisse
2688 5409 2977 5477 ipsummet
3000 5415 3245 5463 sanctum
3272 5405 3525 5477 Augusti-

1942 5518 2067 5559 num
2109 5504 2250 5559 hunc
2276 5502 2361 5560 sui
2389 5502 2612 5572 spiritus
2646 5501 2904 5571 impetum
2936 5500 2990 5554 in
3020 5499 3261 5569 pluribus
3299 5512 3524 5556 suorum

1942 5600 2200 5654 librorum
2246 5598 2381 5652 locis
2420 5594 2726 5652 confessum
2778 5594 2961 5649 fuisse.
2999 5612 3017 5646 ι
3046 5594 3234 5649 Libeat
3271 5592 3358 5648 hic
3398 5606 3519 5647 cum

1938 5691 2233 5759 Augustino
2263 5690 2569 5745 exclamare
2600 5706 2612 5743 :
2651 5706 2671 5741 α
2707 5688 2841 5756 Quis
2872 5702 2975 5742 non
3006 5694 3283 5757 exspectet
3307 5685 3520 5754 sapien-

1938 5786 2065 5838 tiam
2092 5782 2429 5852 disserentis,
2453 5784 2545 5853 qui
2578 5781 2734 5838 iidem
2765 5780 3081 5851 cognoverit
3110 5776 3463 5834 mentientis?
3494 5792 3515 5828 s

1935 5878 2031 5935 lib.
2057 5892 2109 5934 tv
2136 5875 2646 5952 contrainlianum,
2679 5890 2799 5950 cap.
2824 5873 2877 5933 8.
2911 5871 3049 5947 Quid
3084 5874 3228 5935 enim
3265 5870 3518 5949 frequen-
