3974 6356
510 315 611 373 50‘.)

1399 318 1954 380 SUPPLEMENTUM
1995 324 2089 381 AD
2124 322 2354 383 OPERA
2394 325 2449 386 Ξ.
2493 326 2883 389 AUGUSTINI.

3684 337 3782 387 (uti)

507 440 614 491 tius
643 452 672 491 a
703 436 1000 509 Pelagianis
1046 438 1344 508 AuguStino
1390 439 1744 509 objiciebatur
1764 485 1777 510 ,
1821 456 1980 510 quam
2022 442 2088 496 il-
2114 448 2170 510 Α
2195 458 2372 500 cessu.
2420 444 2573 513 Quod
2597 460 2726 503 vero
2751 446 2937 518 negari
2960 445 3205 504 videatur
3230 448 3402 519 gratia
3439 452 3781 506 commenda-

499 531 613 585 lum
640 532 1013 602 Pclagianismi
1038 531 1162 587 odio
1190 533 1241 586 in
1277 534 1737 591 Manichzeismum
1776 536 2088 592 declinare?

503 623 577 678 At
606 626 978 681 sanctissimus
1023 627 1278 695 magister
1324 627 1483 684 hasce
1510 643 1540 682 a
1571 644 1630 684 se
1665 630 1956 685 calumnias
1983 645 2089 686 sa:-

504 716 725 784 pissime
747 718 1003 772 excussit.
1038 719 1269 789 Legatur
1295 719 1390 774 lib.
1415 736 1452 775 n
1476 720 1542 776 de
1564 720 1724 791 Nupt.
1754 730 1808 777 et
1833 736 2087 793 concup.,

503 824 622 877 cap.
658 806 769 864 5‘et
797 808 888 876 9.3,
923 810 1019 865 lib.
1073 812 1206 867 uad
1247 812 1449 879 Bonif.,
1497 829 1617 885 cap.
1643 816 1667 869 1
1696 826 1749 871 et
1779 815 1835 882 Ξ,
1878 817 1968 871 ubi
2009 818 2090 871 fu-

501 898 712 955 sissime
756 902 1036 958 recensitis
1080 906 1338 961 extremis
1379 906 1789 977 Pelagianorum
1829 923 1892 963 ac
1919 909 2090 965 Mani-

501 997 770 1055 chaeorum
814 1005 1111 1071 erroribus,
1143 1006 1320 1062 media
1346 1007 1603 1064 Ecclesiae
1643 1009 1922 1066 catholica:
1951 1012 2091 1069 inter

498 1101 759 1161 utrosque
809 1099 1074 1151 sententia
1122 1098 1437 1154 concludit:
1477 1121 1495 1154 ‹
1526 1101 1762 1157 Possunt
1807 1104 1952 1159 enim
1982 1103 2091 1161 duo

500 1199 715 1241 errores
764 1188 900 1243 inter
929 1205 988 1246 se
1018 1205 1139 1247 esse
1170 1194 1463 1263 contrarii,
1509 1194 1604 1250 sed
1636 1197 1792 1251 ambo
1832 1206 1957 1252 sunt
1997 1198 2091 1255 de-

498 1278 756 1346 testandi,
791 1281 911 1351 quia
960 1292 1084 1337 sunt
1128 1284 1286 1339 ambo
1314 1287 1569 1340 contrarii
1599 1287 1834 1341 veritati.
1887 1288 2017 1343 Nam
2044 1289 2089 1346 si

498 1382 784 1443 propterea
840 1384 964 1429 sunt
1016 1377 1272 1448 diligendi
1327 1377 1633 1447 Pelagiani,
1680 1381 1800 1450 quia
1859 1379 2090 1437 oderunt

498 1464 832 1522 Manichaeos
853 1508 867 1533 ,
918 1466 1174 1538 diligendi
1205 1478 1328 1524 sunt
1359 1478 1413 1525 et
1442 1470 1752 1535 Manicliari,
1799 1472 1922 1541 quia
1960 1471 2089 1527 ode-

500 1567 632 1611 runt
675 1559 1015 1629 Pelagianos.
1065 1559 1169 1617 Sed
1201 1562 1344 1615 absit
1373 1572 1429 1616 ut
1458 1563 1723 1618 catholica
1765 1572 1936 1619 mater
1967 1580 2091 1635 pro-

499 1657 621 1719 pter
669 1650 957 1708 alterorum
1004 1653 1186 1707 odium
1238 1654 1439 1710 alteros
1483 1654 1647 1725 eligat
1694 1670 1896 1722 amare,
1940 1672 2087 1725 cum,

499 1756 755 1802 monente
794 1757 951 1817 atque
994 1749 1279 1819 adjuvante
1321 1752 1571 1821 Domino,
1606 1755 1798 1810 debeat
1832 1765 2090 1826 utrosque

2196 539 2343 595 tione
2372 539 2528 595 liberi
2568 540 2814 610 arbitrii,
2860 550 3068 611 prapter
3095 544 3386 612 quastionis
3418 543 3780 615 difﬁcultatem

2192 631 2373 687 minus
2401 632 2824 703 intelligentibus
2854 634 2908 689 id
2932 634 3102 691 videri
3140 650 3302 708 posse
3332 636 3488 691 dixit.
3516 636 3782 694 Praeterea

2191 722 2425 793 appellat
2467 723 2562 780 lib.
2592 740 2646 791 v,
2671 740 2792 797 cap.
2819 725 2872 793 9,
2904 735 3092 783 contra
3121 727 3413 795 Julianum,
3458 738 3515 786 et
3544 728 3639 784 lib.
3667 745 3683 784 ι
3718 731 3783 787 de

2190 816 2412 888 Origine
2439 820 2655 888 animae,
2704 834 2824 891 cap.
2871 820 2961 881 15.
3007 822 3077 878 At
3104 822 3159 878 in
3186 823 3356 893 priori
3398 822 3523 880 loco
3562 823 3633 878 de
3661 837 3780 878 con-

2191 912 2521 979 cupiscentia
2554 920 2759 968 tantum
2790 913 3052 982 disputat,
3079 916 3131 970 in
3160 916 3450 986 posteriori
3476 917 3548 972 de
3576 916 3779 986 origine

2191 1002 2405 1069 anima},
2438 1012 2494 1059 et
2535 1004 2894 1075 nentrobique
2923 1006 2990 1062 de
3032 1007 3198 1062 animi
3236 1008 3319 1063 sui
3360 1008 3591 1080 impetu,
3644 1009 3778 1078 zelo,

2192 1094 2423 1163 fervore,
2455 1113 2680 1154 excessu
2709 1100 2931 1156 verbum
2958 1100 3128 1156 ullum
3166 1100 3348 1157 habet.

2263 1191 2529 1247 Cteterum
2559 1202 2816 1262 quantum
2850 1194 3075 1263 periculi
3103 1210 3171 1250 ex
3216 1194 3444 1265 objectis
3471 1195 3782 1250 excessibus

2191 1284 2472 1355 Augustini
2503 1286 2747 1343 doctrina
2774 1287 2987 1359 subeat,
3023 1304 3183 1345 nemo
3212 1305 3317 1345 non
3349 1289 3534 1357 videt;
3590 1292 3783 1345 etenim

2191 1377 2235 1431 si
2260 1378 2314 1431 in
2347 1377 2455 1432 illis
2484 1378 2799 1434 excessibus
2838 1381 3179 1449 Augustinus
3208 1381 3366 1437 liberi
3390 1382 3613 1437 arbitrii
3648 1381 3783 1437 vines

2191 1472 2311 1541 plus
2333 1471 2481 1543 justo
2522 1473 2811 1544 depressit,
2850 1490 2916 1530 ac
2952 1476 3097 1531 vires
3137 1477 3322 1547 gratia:
3366 1476 3531 1531 altius
3573 1474 3785 1541 extulit,

2192 1573 2321 1621 tunc
2361 1562 2614 1620 Calvinus
2653 1568 2999 1624 concinuisse
3044 1583 3164 1622 cum
3208 1568 3507 1639 Augustino
3558 1567 3785 1631 dicetur,

2192 1656 2356 1725 quiin
2388 1657 2495 1713 illis
2520 1660 2831 1715 excessibus
2855 1675 3010 1715 suum
3034 1661 3228 1731 dogma
3258 1660 3527 1717 fundavit.
3575 1660 3787 1716 Scimus

2193 1748 2473 1806 Calvinum
2524 1752 2659 1807 falso
2697 1768 2847 1823 aeque
2894 1769 2955 1808 ac
3002 1756 3235 1825 superbe
3281 1753 3499 1825 gloriari
3546 1754 3785 1823 solitum,

501 1838 697 1906 vitare,
732 1849 787 1895 et
830 1841 1011 1911 cupiat
1052 1853 1311 1915 utrosque
1340 1847 1564 1902 sanare!
1607 1866 1624 1898 ι
1661 1847 1865 1903 Rursus
1894 1850 1988 1905 lib.
2013 1866 2087 1918 1v,
2120 1848 2169 1909 B
2195 1861 2349 1901 suum
2376 1860 2499 1902 esse
2523 1855 2692 1902 totum
2725 1850 3108 1921 Augustinum,
3156 1850 3228 1905 ita
3260 1849 3513 1906 eumdem
3544 1849 3786 1905 claman-

500 1945 618 2002 cap.
652 1931 704 2000 5,
756 1934 827 1989 ita
863 1936 1176 1991 exorditur:
1218 1957 1236 1989 ‹
1263 1938 1366 1993 lsta
1415 1939 1619 1994 nefaria
1663 1949 1718 1997 et
1764 1941 2090 1998 damnabilia

499 2026 750 2098 dogmata
792 2028 844 2083 in
880 2030 981 2086 bac
1024 2032 1289 2101 tripartita
1338 2032 1602 2089 divisione
1640 2036 1885 2108 quisquis
1913 2046 2095 2094 mente

502 2121 763 2177 catholica
811 2125 1096 2191 exhorret,
1153 2127 1296 2181 illius
1343 2129 1795 2199 quinquepartitae
1853 2130 2094 2188 latebras

501 2212 835 2282 insidiasque
858 2215 1079 2284 devitet,
1110 2224 1267 2288 atque
1297 2222 1367 2272 ita
1398 2219 1538 2275 inter
1560 2228 1848 2291 utrumque
1872 2221 1941 2276 sit
1963 2236 2093 2277 cau-

500 2316 612 2372 tus,
640 2314 698 2360 ut
723 2307 800 2362 sic
826 2307 1459 2378 declinetManichaeum,
1486 2328 1553 2368 ne
1583 2329 1641 2369 se
1663 2314 1885 2370 inclinet
1912 2316 1962 2370 in
1995 2313 2097 2372 Pe-

504 2398 737 2469 lagium;
769 2415 1063 2471 rursusque
1093 2403 1167 2458 ita
1192 2405 1439 2476 sejungat
1466 2420 1495 2460 a
1520 2406 1842 2477 Pelagianis,
1878 2424 1944 2464 ne
1974 2424 2098 2465 con-

502 2491 692 2561 iungat
737 2491 1075 2559 Manicbaeis,
1108 2505 1201 2549 aut
1236 2499 1280 2550 si
1321 2498 1374 2552 in
1418 2498 1694 2553 alterutris
1719 2499 1829 2569 jam
1864 2511 2094 2569 tenetur,

502 2597 607 2639 nec
635 2583 715 2639 sic
744 2598 803 2639 se
830 2600 861 2639 a
884 2586 1212 2655 quibuslibet
1252 2588 1439 2645 alteris
1470 2601 1672 2656 servet,
1714 2601 1772 2646 ut
1802 2593 1855 2647 in
1897 2594 2097 2651 alteros

506 2677 696 2731 irruat.
736 2696 755 2730 ι
789 2677 834 2733 Ο
860 2679 1134 2749 egregium
1163 2682 1477 2752 magistrum
1509 2698 1573 2740 ac
1596 2695 1987 2755 praeceptorum
2020 2696 2098 2743 te-

503 2781 882 2838 nacissimum!
935 2785 1135 2853 quippe
1167 2785 1277 2855 qui,
1305 2785 1350 2839 si
1389 2785 1598 2841 Adamo
1621 2786 1757 2842 fides
1779 2796 1881 2855 est,
1912 2788 1965 2842 in
1986 2789 2098 2843 dis-

502 2874 857 2942 putationibus
898 2883 1076 2928 contra
1104 2873 1418 2945 Pelagianos
1445 2886 1492 2931 et
1519 2875 1835 2933 illauichceos
1866 2879 1995 2933 adeo
2026 2880 2100 2933 in-

505 2964 690 3034 caluit,
732 2967 870 3021 utin
897 2982 1121 3021 errorem
1152 2969 1443 3039 oppositum
1480 2969 1560 3024 illi
1597 2987 1747 3039 quem
1786 2973 2099 3043 impugnan-

504 3061 629 3114 dum
677 3062 924 3131 suscepit,
979 3061 1272 3129 declinarit,
1318 3076 1437 3133 pag.
1473 3062 1600 3118 659.
1645 3062 1752 3119 Sed
1791 3080 1921 3133 pura
1972 3074 2099 3134 puta

505 3156 615 3211 sint
652 3155 841 3210 istbmc
872 3156 1543 3227 Anti-Augustinianorum
1585 3157 1861 3227 ﬁgmenta.
1911 3156 2100 3213 Nullus

2194 1947 2301 1994 tem
2330 1939 2531 1995 inducit
2568 1940 2685 2010 ipse
2732 1942 2973 1997 Adamus
3012 1956 3135 2013 pag.
3170 1941 3267 1998 561
3308 1961 3321 1996 :
3356 1944 3681 2015 Augustinus
3714 1953 3789 1998 to-

2195 2042 2277 2087 tus
2302 2043 2478 2088 noster
2503 2043 2594 2088 est.
2628 2033 2806 2090 Nostri
2852 2035 3100 2091 homines
3130 2036 3458 2107 respondent
3501 2036 3787 2108 Augustini

2197 2127 2496 2182 doctrinam
2524 2142 2819 2197 parumper
2839 2130 3105 2185 excedere
3130 2130 3328 2187 limites
3350 2129 3618 2196 veritatis,
3649 2139 3703 2185 et
3727 2144 3787 2185 ex

2198 2219 2298 2275 hac
2332 2230 2482 2290 parte
2509 2221 2730 2277 Calvino
2760 2224 2959 2287 favere,
3005 2238 3103 2279 nec
3143 2238 3265 2280 esse
3294 2224 3604 2280 doctrinam
3645 2224 3783 2294 ejus-

2197 2310 2319 2366 dem
2362 2312 2746 2381 recipiendam,
2794 2312 2895 2370 nisi
2933 2314 3171 2370 detonsis
3205 2302 3310 2370 illis
3348 2316 3696 2381 excessibus,
3727 2316 3777 2371 in

2199 2417 2333 2474 quos
2358 2404 2535 2459 nativo
2559 2406 2725 2460 animi
2756 2405 2939 2463 furore
2967 2422 3211 2477 praeceps
3238 2411 3463 2465 corruit.
3495 2409 3634 2465 Hinc
3660 2410 3787 2467 Ada-

2198 2513 2341 2566 mus,
2370 2513 2490 2569 cap.
2540 2499 2595 2566 8,
2632 2516 2751 2571 pag.
2779 2500 2905 2567 640,
2929 2500 3155 2557 scribit:
3193 2521 3212 2554 ‹
3243 2503 3401 2559 Modo
3430 2518 3500 2559 ne
3531 2503 3588 2559 in
3644 2504 3786 2560 Pela-

2198 2593 2479 2661 gianorum
2507 2607 2743 2659 errores,
2777 2607 2911 2662 quos
2940 2593 3271 2665 Augustinus
3307 2594 3635 2666 insequitur,
3663 2592 3785 2650 inci-

2200 2682 2348 2750 dam,
2380 2682 2514 2738 mibi
2548 2682 2672 2738 licet
2704 2683 2993 2759 verborum
3024 2684 3220 2754 quibus
3259 2684 3327 2740 ad
3355 2700 3449 2741 eos
3478 2700 3786 2761 expugnan-

2204 2776 2304 2833 dos
2350 2778 2518 2833 utitur
2541 2779 2798 2847 impetum
2833 2794 2939 2835 non
2984 2780 3161 2849 sequi.
3215 2780 3342 2835 Inde
3383 2780 3445 2834 fit
3481 2791 3541 2835 ut
3583 2780 3787 2836 medius

2200 2876 2335 2924 stem
2366 2869 2505 2925 inter
2530 2870 2801 2941 Pelagium
2831 2880 2885 2926 et
2908 2871 3206 2927 Calvinum.
3233 2872 3290 2927 Si
3320 2873 3466 2928 enim
3489 2873 3659 2928 verba
3684 2873 3784 2929 Au-

2200 2961 2400 3032 gustini
2442 2962 2735 3034 mitigando
2763 2977 2850 3017 me
2873 2963 3098 3019 nimium
3138 2965 3507 3034 demitterem,
3547 2964 3785 3037 Pelagia.

2201 3069 2303 3109 nus
2340 3067 2539 3110 essem.
2589 3054 2647 3112 Si
2683 3069 2817 3110 vero
2838 3070 3037 3131 eorum
3074 3057 3413 3115 altitudinem
3464 3069 3655 3115 tenere
3683 3059 3785 3115 vel-

2202 3149 2335 3216 lem,
2363 3149 2652 3204 Calvinista
2684 3150 2888 3217 forem;
2921 3150 3157 3207 medium
3181 3168 3312 3223 ergo
3335 3168 3421 3209 me
3446 3168 3572 3210 cum
3606 3154 3783 3210 Eccle-

505 3247 817 3301 monalium
847 3246 984 3303 adeo
1006 3256 1195 3303 exacte
1243 3246 1654 3317 Pelagianorum
1687 3263 1749 3303 ac
1779 3248 2100 3304 Manichmo.
2127 3227 2174 3291 Ο
2204 3241 2283 3296 sia
2332 3249 2511 3298 teneo.
2546 3259 2565 3294 ι
2596 3241 2740 3299 Sane
2777 3242 2981 3299 videris
3025 3244 3305 3301 crudelem
3344 3245 3494 3301 illam
3544 3245 3784 3304 feminam

507 3356 627 3396 rum
665 3355 879 3398 errores
907 3351 1221 3411 perSpectos
1265 3340 1455 3397 habuit
1494 3343 1571 3396 uti
1613 3342 1959 3411 Augustinus,
2009 3343 2100 3415 qui

510 3449 620 3490 non
652 3435 815 3491 modo
845 3435 1075 3490 mediam
1125 3435 1265 3490 inter
1294 3444 1549 3504 utrosque
1573 3438 1716 3491 viam
1764 3438 1956 3507 tenuit,
2006 3438 2102 3494 sed

510 3527 759 3583 eamdem
810 3526 1008 3598 ubique
1059 3528 1113 3582 in
1160 3526 1311 3582 libris
1350 3527 1415 3583 ad
1468 3527 1799 3583 Bonifacium
1860 3539 2104 3597 posteros

512 3620 716 3688 docuit,
769 3620 1009 3691 quinque
1057 3619 1343 3690 praecipuis
1388 3619 1796 3690 Pelagianorum
1842 3636 1907 3676 ac
1934 3620 2105 3676 Mani-

510 3710 787 3767 chaeorum
820 3711 1095 3767 erroribus
1124 3726 1155 3767 e
1182 3710 1446 3766 diametro
1482 3711 1743 3781 oppositis
1775 3710 1976 3767 ibidem
2010 3727 2107 3769 tre-

513 3804 719 3870 citatis,
770 3805 1039 3875 simulque
1080 3803 1256 3859 media
1294 3803 1489 3859 tradita
1545 3803 1805 3859 Ecclesiae
1848 3804 1990 3861 inter
2021 3820 2108 3861 er-

513 3905 699 3954 rantes
748 3899 1036 3965 sententia,
1069 3908 1127 3953 ut
1156 3897 1343 3953 mirari
1389 3898 1549 3953 liceat
1592 3898 1930 3954 adversarios
1971 3899 2106 3955 adeo

515 4004 712 4047 secure
752 3990 912 4045 hasce
960 3990 1029 4045 de
1080 4000 1267 4045 sancto
1316 3990 1540 4045 doctore
1586 3988 1794 4046 fabulas
1844 3990 2100 4047 vendere.

516 4082 673 4150 Quod
698 4090 875 4136 autem
900 4080 1126 4148 addunt,
1153 4082 1510 4152 Augustinum
1534 4084 1709 4153 ipsum
1737 4082 1901 4139 hosce
1940 4084 2105 4140 animi

515 4174 598 4228 sui
628 4174 862 4243 impetus
888 4173 1191 4242 agnovisse,
1213 4182 1266 4229 et
1310 4173 1552 4243 pluribus
1591 4176 1647 4230 in
1676 4175 1809 4230 locis
1831 4176 1883 4229 id
1910 4174 2104 4231 falsum

516 4280 662 4330 esse,
695 4265 1041 4321 falsissimum
1071 4273 1175 4321 est.
1208 4265 1345 4321 Citat
1375 4265 1613 4321 Adamus
1643 4266 1853 4320 initium
1886 4267 2007 4321 libri
2040 4266 2108 4323 de

518 4358 702 4415 Gratia
747 4366 803 4414 et
836 4357 1006 4413 libero
1041 4356 1300 4423 arbitrio;
1348 4358 1442 4413 sed
1468 4358 1540 4413 ibi
1586 4358 1698 4414 haec
1733 4368 1936 4413 tantum
1974 4359 2108 4414 scri-

517 4449 639 4505 bit:
673 4468 693 4501 ε
731 4448 877 4505 Sunt.
913 4448 1127 4518 quidam
1160 4448 1252 4519 qui
1283 4448 1360 4503 sic
1396 4450 1621 4519 gratiam
1665 4449 1759 4505 Dei
1790 4449 2103 4519 defendunt,

516 4554 580 4601 ut
620 4552 819 4615 negent
859 4543 1093 4599 hominis
1131 4543 1360 4599 liberum
1399 4542 1702 4611 arbitrium,
1754 4552 1849 4599 aut
1894 4546 2108 4616 quando

2208 3334 2429 3401 imitari,
2457 3350 2579 3406 quae
2601 3344 2661 3390 ut
2693 3336 2747 3390 in
2769 3337 2999 3392 Arcanis
3025 3336 3272 3403 habetur,
3295 3352 3477 3394 coram
3509 3336 3783 3396 Salomone

2207 3443 2394 3500 regum
2426 3429 2821 3499 sapientissimo
2850 3430 3089 3485 medium
3132 3431 3392 3488 dissecari
3442 3447 3694 3503 puerum,
3731 3446 3785 3488 ac

2208 3521 2409 3590 partim
2456 3520 2558 3576 sibi
2590 3522 2896 3592 partimque
2929 3522 3252 3580 adversariae
3298 3524 3439 3579 tradi
3482 3524 3782 3595 gaudebat;

2209 3612 2564 3684 Augustinum
2596 3614 2739 3669 enim
2791 3613 2848 3670 in
2884 3624 3066 3686 partes
3094 3615 3439 3672 dividendum
3480 3617 3711 3687 iudicas,
3737 3624 3786 3673 ut

2208 3721 2313 3777 qua
2350 3715 2501 3777 parte
2532 3709 2583 3762 in
2632 3722 2951 3764 excessuum
2983 3708 3320 3767 altitudinem
3351 3711 3653 3779 extollitur,
3678 3711 3784 3767 Cale

2207 3798 2336 3854 vino
2360 3799 2545 3866 cedat;
2577 3814 2681 3870 qua
2710 3814 2840 3856 vero
2872 3798 3124 3857 humilior
3152 3810 3256 3870 est,
3289 3811 3432 3870 tuus,
3464 3803 3577 3858 imo
3610 3803 3784 3859 Eccle-

2208 3890 2304 3944 size
2323 3890 2410 3945 sit.
2439 3889 2510 3946 At
2538 3890 2643 3945 hoc
2665 3890 2790 3961 quid
2821 3890 2966 3946 aliud
2998 3900 3082 3947 est
3107 3907 3268 3962 quam
3298 3893 3661 3964 Augustinum
3683 3891 3783 3948 Cal-

2210 3982 2335 4037 vino
2358 3982 2607 4053 prodere,
2642 3998 2803 4054 quem
2834 3998 2865 4038 a
2893 3983 3117 4040 Calvino
3146 3986 3243 4042 abs
3274 3994 3328 4042 te
3354 3986 3617 4042 vindicari
3644 3987 3781 4058 jacti-

2212 4077 2401 4131 tabas?
2443 4075 2799 4145 Augustinum
2840 4085 3022 4132 tamen
3068 4078 3123 4133 in
3163 4089 3344 4149 partes
3392 4079 3573 4135 secari
3618 4079 3780 4149 superi

2210 4177 2416 4235 vetant,
2468 4178 2610 4225 totus
2650 4177 2816 4225 totum
2857 4171 3163 4241 petentibus
3202 4171 3582 4228 concedendus
3618 4181 3713 4239 est,
3739 4178 3778 4224 et

2208 4264 2299 4336 qui
2348 4262 2635 4335 Augustini
2667 4271 2819 4334 parte
2864 4274 3146 4320 contentos
3175 4278 3235 4320 se
3279 4264 3486 4332 dicunt,
3540 4279 3610 4320 ne
3638 4261 3777 4318 miui-

2209 4372 2355 4413 mum
2405 4356 2621 4428 quidem
2666 4357 2813 4413 illius
2857 4372 3091 4428 unguem
3138 4358 3443 4414 obtineant.
3502 4357 3609 4414 Sed
3653 4356 3775 4412 inani

2211 4463 2432 4520 prorsus
2479 4449 2779 4505 assertione
2824 4449 3080 4505 Calvinus
3110 4456 3277 4504 totum
3326 4463 3481 4505 suum
3524 4464 3643 4506 esse
3684 4450 3774 4503 Au-

2213 4542 2483 4613 gustinum
2538 4540 2727 4610 finxit,
2772 4557 2893 4597 nam
2949 4542 3174 4598 veritate
3212 4551 3441 4612 cogente
3491 4553 3687 4613 partem
3730 4551 3773 4597 et

514 4638 685 4709 gratia
742 4636 1067 4702 defenditur,
1118 4634 1300 4705 negari
1344 4634 1650 4690 existiment
1690 4634 1915 4691 liberum
1964 4636 2107 4691 arbi-
2135 4623 2325 4707 Dipse
2364 4636 2640 4707 Augustini
2673 4651 2732 4692 se
2772 4636 3007 4707 abjicere
3033 4635 3207 4691 fassus
3243 4645 3326 4690 est
3351 4636 3447 4691 lib.
3497 4652 3556 4691 tu
3598 4636 3770 4701 lnstit.,

519 4729 706 4793 trium,
754 4746 772 4780 ι
806 4735 910 4783 etc.
958 4726 1034 4782 Te
1074 4725 1160 4780 hic
1201 4725 1438 4796 judicem
1472 4725 1614 4793 volo,
1644 4726 1867 4793 Adame,
1896 4743 2021 4782 num
2054 4730 2108 4783 in

516 4824 842 4897 disputando
891 4832 1071 4891 aestus,
1132 4822 1388 4893 impetus,
1433 4836 1685 4878 excessus
1725 4838 1850 4879 suos
1894 4824 1966 4878 ibi
2004 4826 2110 4878 Au-

513 4922 761 4992 gustinus
803 4919 1058 4975 fateatur.
1110 4918 1223 4974 Hoc
1253 4933 1419 4974 unum
1450 4918 1631 4975 dicere
1659 4920 1884 4987 poteris,
1926 4927 2110 4975 extre-

514 5028 633 5069 mos
680 5012 831 5068 illum
859 5025 1074 5068 errores
1115 5010 1247 5066 inibi
1274 5011 1552 5067 recitasse.
1600 5010 1853 5067 Producit
1900 5012 1995 5068 lib.
2030 5027 2107 5078 iv,

515 5114 706 5159 contra
736 5104 1030 5167 Julianum,
1074 5118 1197 5173 cap.
1234 5104 1289 5158 8.
1321 5102 1520 5158 Verum
1554 5103 1623 5158 ibi
1657 5105 1986 5174 Augustinus
2013 5105 2107 5160 Ju-

517 5196 718 5252 lianum
747 5198 821 5251 uti
862 5196 1133 5266 publicum
1174 5195 1618 5251 calumniatorem
1648 5196 1941 5266 redarguit,
1970 5197 2109 5251 scri-
2162 5199 2174 5211 ‘

456 5294 461 5301 '
516 5288 737 5345 beutem
758 5288 959 5344 dixisse
980 5289 1337 5360 Augustinum
1362 5289 1545 5359 negari
1574 5289 1803 5344 liberum
1825 5288 2105 5344 arbitrium

516 5384 565 5439 si
591 5383 763 5453 gratia
788 5382 1216 5452 commendetur,
1270 5391 1324 5436 et
1350 5380 1531 5451 negari
1558 5379 1784 5451 gratiam
1807 5380 1854 5434 si
1873 5380 2102 5435 liberum

515 5477 797 5532 arbitrium
819 5476 1154 5531 defendatur.
1190 5476 1502 5543 ReSpondet
1527 5478 1722 5530 iautem
1752 5483 1970 5531 sanctus
1999 5474 2105 5529 Pa-

516 5579 639 5627 ter:
670 5589 691 5623 ε
718 5568 834 5625 Non
863 5568 972 5624 dixi
1004 5569 1189 5641 negari
1229 5569 1476 5639 gratiam,
1511 5569 1603 5624 sed
1640 5578 1695 5623 ut
1716 5568 1904 5639 negari
1934 5569 2103 5638 gratia

514 5664 784 5721 videatur.
802 5662 917 5718 Non
940 5662 1059 5717 dixi
1085 5662 1272 5732 negari
1311 5663 1594 5718 arbitrium
1626 5663 1879 5731 liberum,
1911 5663 2108 5717 velau-

515 5756 667 5825 ferri,
710 5756 807 5814 sed
850 5756 987 5823 dixi,
1016 5765 1075 5811 ut
1105 5762 1321 5825 putetur
1349 5756 1567 5811 auferri.
1595 5774 1614 5809 ι
1653 5758 1723 5812 At
1751 5771 1852 5813 nec
1886 5756 2107 5812 verbum
2184 5822 2189 5827 η

517 5851 586 5906 de
623 5854 801 5907 innata
847 5848 950 5907 sibi
998 5850 1050 5905 in
1092 5847 1419 5919 disputando
1455 5849 1794 5906 vehementia
1824 5858 1985 5918 atque
2016 5864 2110 5904 ex-

2211 4746 2331 4801 cap.
2374 4731 2434 4786 ll
2458 4772 2474 4800 ,
2506 4730 2754 4802 inquiens
2784 4749 2797 4785 :
2836 4750 2854 4783 ι
2889 4730 2967 4786 Ac
2997 4747 3065 4787 ne
3105 4731 3390 4801 Augustini
3432 4731 3641 4803 quidem
3670 4747 3770 4786 scn-

2213 4823 2377 4879 tentia
2425 4838 2520 4893 per
2560 4823 2742 4877 omnia
2772 4824 3079 4893 recipienda
3125 4833 3228 4878 est.
3268 4843 3288 4876 ι
3323 4824 3525 4895 Itaque,
3574 4823 3770 4879 Calvino

2205 4916 2422 4987 judice,
2454 4917 2737 4988 Augustini
2767 4917 3035 4973 sententia
3068 4918 3259 4987 partim
3299 4917 3629 4987 accipienda,
3667 4931 3763 4986 par-

2210 5013 2307 5066 tim
2358 5010 2687 5082 repudianda
2733 5021 2848 5078 est;
2901 5012 2985 5067 cui
3035 5012 3274 5079 perbelle
3323 5020 3513 5067 noster
3556 5010 3767 5067 Adamus

2213 5116 2495 5161 consonat.
2528 5106 2598 5160 At
2629 5106 2745 5161 haec
2770 5105 2978 5177 :injuria
3010 5120 3180 5174 usque
3216 5104 3353 5160 adeo
3384 5106 3571 5160 nociva
3595 5112 3685 5171 est,
3719 5109 3764 5153 ut

2212 5197 2520 5253 universam
2575 5195 2854 5267 Augustini
2911 5195 3323 5263 auctoritatem,
3373 5197 3541 5252 velint
3592 5194 3759 5256 nolint,

2212 5297 2437 5344 evertat.
2486 5288 2700 5343 Etenim
2732 5302 2838 5357 quo
2865 5288 3121 5358 praesidio
3148 5287 3318 5359 adjuti
3349 5288 3647 5344 discernere
3663 5294 3761 5338 tan-

2212 5380 2339 5437 dem
2385 5382 2680 5451 poterimus
2729 5380 2816 5435 hic
2868 5380 3222 5451 Augustinum
3270 5380 3325 5436 in
3366 5382 3604 5437 veritatis
3644 5385 3758 5434 meta

2214 5473 2442 5541 sistere,
2496 5472 2622 5527 alibi
2672 5486 2802 5525 vero
2849 5471 2990 5524 ultra
3043 5472 3375 5527 excurrere?
3436 5471 3662 5527 Viderint
3705 5483 3757 5522 an

2217 5566 2505 5619 maximum
2556 5562 2811 5618 Ecclesiae
2867 5563 3140 5619 doctorem
3197 5564 3266 5621 de
3316 5552 3547 5622 excessu
3596 5562 3756 5633 ubique

2214 5667 2519 5728 suspectum
2550 5656 2763 5711 faciant.

2287 5749 2383 5804 Hic
2412 5749 2546 5804 mihi
2569 5748 2963 5804 discutiendum
2994 5750 3232 5807 occurrit
3252 5765 3321 5805 an
3349 5752 3468 5808 haec
3491 5749 3687 5807 dicteria
3713 5745 3752 5800 in

2213 5856 2378 5899 unum
2410 5842 2766 5912 Augustinum
2797 5841 3014 5909 cadant,
3064 5857 3129 5898 an
3171 5842 3342 5915 ipsius
3370 5859 3579 5915 quoque
3604 5841 3745 5899 Eccle-
