3974 6356
198 352 258 407 ίιὶῖ
281 358 294 404 l

1374 362 1693 421 VlNDlCUE
1732 365 2298 438 AUGUSTINIANJE.

3368 377 3472 432 60‘)

193 480 289 533 size
331 477 760 534 venustissimam
809 493 873 534 ac
918 477 1296 534 nitidissimam
1344 478 1536 536 faciem
1589 482 1779 537 detur-
1804 491 1860 553 Α
1885 489 2152 544 centiores
2181 490 2498 546 sententiam
2523 490 2670 546 illam
2693 492 2861 547 sancti
2891 489 3171 562 Augustini
3195 493 3464 564 rejiciunt,

195 589 346 643 pent.
401 573 611 629 Scimus
656 574 1015 630 'Hormisdam
1075 592 1104 629 a
1159 576 1482 631 Possessore
1528 576 1781 634 Africano

195 669 452 740 episcopo
475 669 861 741 interrogatum
885 670 1012 741 quid
1044 673 1384 727 sentiendum
1408 672 1547 727 foret
1563 673 1615 727 in
1639 688 1782 743 quaa-

195 762 467 819 stionibus
494 763 562 818 de
598 764 768 834 gratia
801 773 855 820 et
885 764 1055 820 libero
1097 766 1344 832 arbitrio,
1400 766 1780 835 respondisse:

197 876 218 909 ‹
256 857 334 913 De
359 859 526 929 gratia
557 857 651 913 Dei
681 865 736 912 et
765 857 940 914 libero
982 857 1206 913 arbitrio
1236 858 1360 929 quid
1392 858 1657 924 Romana,
1685 863 1786 914 hoc

191 960 278 1005 est
303 950 587 1017 catholica,
619 959 871 1021 sequatur
898 961 950 1005 et
974 961 1245 1006 asseveret
1276 951 1545 1016 Ecclesia,
1575 951 1699 1006 licet
1733 952 1785 1006 in

192 1043 365 1096 variis
396 1043 453 1095 B.
481 1042 768 1112 Augustini
799 1041 951 1096 libris
986 1044 1155 1112 possit
1188 1045 1461 1114 cognosci,
1495 1062 1514 1094 ι
1551 1051 1655 1097 etc.
1681 1043 1790 1099 Sci-

191 1149 319 1190 mus
362 1134 713 1201 Bonifacium,
755 1149 874 1190 cum
925 1145 1071 1190 esset
1114 1135 1483 1201 doctissimus,
1532 1135 1788 1192 adversus

191 1237 377 1283 tamen
432 1227 745 1295 Pelagianos
800 1227 1081 1295 Augustini
1122 1241 1381 1297 responsa
1421 1236 1786 1295 exspectasse.

192 1316 414 1373 Scimus
445 1318 778 1374 Clementem
815 1318 923 1373 Vlll
966 1319 1336 1390 gravissimam
1381 1319 1525 1372 illam
1551 1319 1617 1372 de
1639 1319 1790 1372 auxi-

189 1410 283 1466 liis
312 1411 510 1466 divina:
531 1412 722 1482 gratiae
751 1412 1178 1467 controversiam
1209 1413 1273 1467 ad
1314 1413 1472 1466 unius
1505 1411 1789 1481 Augustini

189 1516 434 1561 mentem
466 1507 873 1576 expendendam
895 1508 1141 1575 jussisse.
1179 1505 1348 1561 Porro
1374 1520 1493 1576 qua:
1526 1505 1792 1560 Romano-

189 1615 318 1654 rum
352 1600 638 1670 prtesulum
670 1601 722 1654 in
775 1600 1008 1655 fidelium
1057 1615 1218 1670 grege
1247 1599 1554 1655 salubribus
1583 1599 1792 1669 pabulis

188 1691 488 1746 nutriendo
514 1707 643 1746 cura
681 1691 893 1758 fuisset,
929 1691 974 1745 si
1019 1691 1269 1746 eumdem
1307 1691 1370 1744 ad
1404 1691 1790 1760 Augustiniaua

189 1791 352 1852 prata
399 1783 698 1849 duxissent,
748 1783 837 1837 ubi
873 1792 947 1837 tot
992 1783 1252 1838 lethiferae
1281 1783 1784 1851 contradictionum,

1887 579 2205 651 objicieutes
2255 597 2376 637 cum
2419 582 2678 639 Morainio
2709 584 2849 655 disp.
2893 586 2980 652 15,
3013 601 3161 641 num.
3187 585 3277 654 87,
3303 604 3473 642 exces-

1886 677 2012 730 sisse
2052 676 2197 730 illum
2243 686 2368 730 testu
2416 678 2809 748 disputationis,
2862 691 2910 733 et
2953 680 3009 734 in
3048 681 3225 735 odium
3268 683 3475 736 heresis

1887 783 2040 836 quant
2088 767 2441 840 impugnabat,
2495 770 2752 825 interdum
2797 772 2867 825 ad
2907 783 3132 827 extrema
3167 774 3471 835 declinasse.

1891 860 1998 916 Sed
2029 870 2174 916 errat
2198 861 2488 927 Moraines,
2518 877 2580 917 ac
2607 864 2990 934 simpliciorum
3017 866 3314 936 ignorantia
3344 869 3476 924 abu-

1890 955 2039 1021 titur,
2081 955 2207 1010 dum
2248 955 2526 1012 contendit
2567 957 2920 1026 Augustinum
2966 958 3236 1016 interdum
3266 962 3333 1016 ad
3381 977 3476 1018 ex-

1892 1057 2058 1104 trema
2083 1049 2380 1105 declinasse
2403 1051 2455 1104 in
2476 1065 2540 1106 ea
2566 1052 2832 1106 sententia
2858 1067 3016 1121 quam
3046 1055 3243 1122 passim
3269 1062 3325 1111 et
3352 1056 3475 1111 ubi-

1890 1156 1994 1211 que
2036 1142 2362 1198 solidissime
2405 1157 2468 1198 ac
2513 1143 2946 1201 constantissime
2992 1146 3245 1203 inculcat.
3291 1149 3382 1204 llla
3409 1149 3479 1208 de

1892 1237 2325 1307 concupiscentia
2364 1238 2592 1308 quaestio
2637 1249 2752 1294 erat
2777 1255 2880 1295 una
2932 1257 2996 1297 ex
3018 1244 3254 1313 quinque
3290 1248 3478 1314 praeci-

1891 1331 2013 1401 puis
2035 1346 2168 1401 quas
2193 1342 2409 1388 sanctus
2440 1333 2768 1403 Augustinus
2791 1352 2911 1392 cum
2943 1338 3244 1410 Pelagianis
3269 1340 3474 1409 habuit,

1894 1426 2034 1481 unde
2055 1441 2177 1481 cum
2206 1427 2450 1484 Julianus
2495 1427 2702 1486 diceret
2730 1449 2743 1484 :
2775 1451 2795 1484 ‹
2824 1433 3286 1502 Concupiscentize
3331 1446 3477 1491 natu-

1890 1516 2019 1570 ralis
2048 1519 2138 1587 qui
2171 1519 2384 1573 modum
2411 1530 2574 1586 tenet,
2596 1537 2731 1578 BONO
2753 1524 2889 1580 bene
2919 1527 3118 1592 utitur;
3148 1528 3238 1595 qui
3262 1528 3478 1584 modum

1892 1621 1999 1662 non
2032 1616 2200 1677 tenet,
2224 1624 2360 1666 nono
2386 1613 2526 1667 male
2550 1614 2752 1679 utitur;
2784 1618 2873 1686 qui
2903 1628 3080 1673 autem
3110 1619 3271 1674 etiam
3305 1621 3481 1690 ipsum

1892 1700 2112 1756 modum
2135 1713 2335 1758 sanctae
2361 1707 2682 1776 virginitatis
2709 1725 2894 1765 amore
2915 1713 3319 1782 coiitempserit,
3347 1729 3482 1770 uono

1893 1793 2086 1849 melius
2115 1811 2219 1851 non
2247 1797 2444 1864 utitur;
2479 1817 2498 1852 ι
2529 1801 2863 1870 AuguSIinus
2891 1818 2923 1858 e
2951 1813 3136 1858 contra
3176 1804 3292 1860 lucc
3320 1820 3480 1873 repo-

187 1894 512 1934 εκοθεευιιηὶ
540 1886 699 1970 “(ille
730 1892 979 1970 e'froru'll
1023 1878 1204 1970 hiemi”
1233 1877 1714 1970 ίμιυτίῧιξαηῑῗᾉῑ
1741 1877 1787 1932 εί
1816 1883 1866 1946 Β
1895 1888 1974 1942 nit
2002 1888 2096 1944 lib.
2134 1907 2189 1944 ut
2214 1902 2400 1946 contra
2429 1892 2721 1962 Julianum,
2763 1911 2881 1966 cap.
2911 1897 2973 1952 21
3006 1914 3020 1952 :
3056 1917 3076 1950 ι
3109 1899 3218 1970 Ego
3247 1915 3376 1955 vero
3405 1902 3484 1956 sic

187 1970 244 2025 in
279 1969 735 2039 disputationibus
759 1969 827 2025 de
848 1969 1017 2040 gratia
1042 1969 1269 2023 Romani
1298 1968 1580 2039 pontifices
1607 1969 1791 2040 Augu-

187 2065 400 2118 stinum
434 2064 602 2119 secuti
636 2073 781 2130 sunt,
829 2064 1052 2134 ejusque
1080 2072 1134 2118 et
1166 2063 1317 2118 lateri
1348 2071 1402 2119 et
1421 2063 1664 2133 vestigiis
1703 2064 1789 2118 in-

189 2158 434 2225 bazsere,
471 2158 656 2213 nescio
683 2174 786 2228 qua
817 2157 990 2213 fronte
1041 2157 1276 2213 Adamus
1323 2157 1552 2213 mediam
1597 2171 1790 2226 quam-

189 2247 325 2303 dam
353 2249 499 2320 ipsos
527 2250 670 2303 viam
710 2247 851 2304 inter
880 2248 1152 2320 Pelagium
1202 2256 1258 2304 et
1297 2247 1652 2317 Augustinum
1683 2247 1793 2303 cal-

189 2356 354 2398 casse
383 2349 656 2397 asseveret
678 2340 988 2396 exclamans
1015 2357 1028 2394 :
1056 2338 1293 2394 Medium
1319 2355 1440 2410 ergo
1465 2356 1581 2393 cum
1611 2338 1792 2394 Eccle-

189 2437 273 2490 sia
304 2443 470 2490 teneo.
509 2433 658 2490 Scito
688 2433 987 2489 Ecclesiam
1038 2433 1092 2487 in
1123 2433 1190 2488 iis
1229 2447 1393 2487 unum
1423 2441 1546 2501 post
1576 2441 1791 2489 sanctas

189 2525 513 2596 Scripturas
540 2525 896 2596 Augustinum
921 2533 1162 2580 secutam
1186 2538 1326 2592 esse,
1359 2533 1418 2579 ut
1459 2523 1694 2579 medium
1722 2520 1790 2580 il-

189 2619 286 2674 lud
320 2620 444 2684 iter,
475 2619 617 2687 quod
659 2618 804 2674 illam
836 2618 1074 2674 tenuisse
1116 2617 1292 2688 lingis,
1330 2617 1397 2674 de
1425 2617 1604 2673 medio
1630 2617 1794 2674 dubio

190 2711 387 2780 procul
422 2710 716 2766 tollendum
743 2709 1013 2765 videatur.

190 2802 219 2873 §
253 2803 322 2857 ll.
358 2803 437 2857 An
458 2815 660 2857 sanctus
692 2802 1012 2872 Augustinus
1032 2803 1327 2871 excesserit,
1355 2802 1580 2858 scribens
1607 2818 1794 2857 concu-

264 2877 574 2946 piscentiam
614 2875 803 2927 rationi
835 2876 1147 2928 contrariam
1173 2891 1280 2928 esse
1323 2875 1533 2938 malam,
1566 2886 1613 2927 et
1655 2873 1797 2944 defe-

265 2957 412 2999 ctum
460 2954 662 3000 naturae
693 2947 931 2999 humana:
959 2962 1022 2999 ea:
1050 2955 1258 3016 peccato
1304 2946 1548 3016 originali
1599 2953 1790 3014 ortum,

265 3018 570 3086 neutiquam
595 3033 711 3071 vero
727 3017 929 3085 _bonum
953 3017 1190 3071 naturale
1215 3016 1378 3073 illius.

280 3109 454 3164 Unius
477 3109 734 3164 Antonini
758 3109 1024 3165 Moraines
1052 3109 1195 3165 dicta
1224 3110 1676 3177 examinabimus,
1702 3108 1795 3179 qui

190 3201 249 3257 in
299 3215 403 3255 suo
434 3200 838 3256 Anti-Jausenio
886 3201 1194 3271 frequenter
1239 3209 1485 3256 sanctum
1516 3201 1792 3257 doctorem

1894 1980 1959 2034 ad
1985 1990 2071 2035 tua
2105 1981 2205 2038 ista
2245 1985 2590 2054 respondeo:
2619 1987 3084 2058 Concupisceutize
3125 1993 3356 2048 carnalis
3386 1994 3480 2064 qui

1893 2072 2114 2129 modum
2143 2084 2307 2145 tenet,
2331 2091 2474 2132 MALO
2502 2078 2639 2134 bene
2670 2079 2833 2135 utitur
2858 2099 2870 2146 ;
2900 2083 2990 2153 qui
3016 2083 3232 2139 modum
3263 2099 3369 2141 non
3400 2094 3484 2142 te-

1895 2178 2006 2236 net,
2052 2186 2194 2226 MALO
2227 2173 2366 2227 male
2396 2174 2594 2240 utitur;
2626 2175 2716 2245 qui
2755 2184 2931 2231 autem
2963 2180 3124 2232 etiam
3164 2179 3337 2248 ipsum
3370 2193 3486 2235 mo-

1894 2260 2022 2315 dum
2062 2272 2262 2318 sanctaa
2309 2265 2636 2335 virginitatis
2681 2281 2866 2323 amore
2913 2271 3314 2339 contempserit,
3345 2285 3488 2328 uno

1893 2353 2090 2411 melius
2126 2369 2232 2410 non
2268 2356 2455 2412 utitur.
2491 2377 2509 2410 ι
2561 2358 2688 2412 lude
2727 2359 2893 2415 veluti
2937 2376 3129 2432 pugnae
3159 2363 3312 2432 signo
3359 2364 3487 2419 dato

1894 2449 2091 2501 clamat
2119 2465 2132 2502 :
2164 2467 2183 2499 ι
2233 2447 2289 2503 1η
2337 2451 2434 2504 hac
2461 2451 2832 2507 controversia
2863 2452 2931 2507 de
2956 2453 3093 2508 bene
3145 2455 3345 2509 utendo
3379 2458 3490 2512 isto

1895 2555 2078 2594 urnun
2101 2556 2258 2610 BONO,
2285 2559 2352 2596 AN
2372 2559 2537 2610 uno,
2565 2552 2672 2599 tota
2703 2544 2843 2600 inter
2861 2560 2959 2600 nos
2975 2560 3135 2601 causa
3158 2558 3430 2604 versatur.
3461 2570 3479 2603 ι

1896 2634 1963 2690 Ει
1991 2635 2208 2705 quidem
2239 2635 2484 2692 Julianus
2514 2638 2651 2692 adeo
2677 2639 2876 2693 acriter
2909 2652 3006 2708 pro
3045 2641 3483 2709 concupiscentia

1896 2739 2147 2801 tanquam
2199 2732 2426 2787 naturali
2469 2733 2796 2803 perfectione
2844 2734 3167 2802 decertavit,
3201 2747 3259 2790 ut
3289 2737 3340 2792 id
3385 2746 3490 2794 toto

1897 2824 2051 2890 libro,
2079 2832 2218 2879 teste
2248 2825 2446 2881 ibidem
2489 2826 2810 2897 Augustino,
2841 2836 3126 2882 exsecutus
3170 2828 3348 2884 fuerit.
3381 2830 3490 2900 0p-

1896 2924 2106 2987 ponunt
2140 2932 2204 2973 ea
2239 2918 2290 2972 in
2315 2919 2568 2986 Opinione
2594 2927 2838 2975 sanctum
2859 2918 3133 2974 doctorem
3158 2919 3490 2990 excessisse;

1897 3017 1955 3064 at
2001 3010 2376 3067 contendimus
2410 3010 2555 3067 illam
2601 3013 2923 3068 sententiam
2956 3028 3061 3067 non
3111 3013 3376 3070 excidisse
3406 3017 3486 3070 ei-

1899 3103 2022 3160 dem
2053 3105 2206 3174 quasi
2239 3104 2382 3159 aliud
2412 3107 2615 3176 agenti,
2647 3107 2742 3162 sed
2771 3109 2900 3162 totis
2925 3107 3130 3163 viribus
3159 3119 3345 3165 contra
3378 3111 3491 3166 hae-

1899 3198 2100 3253 reticos
2132 3198 2374 3253 eamdem
2399 3199 2542 3254 serio
2564 3213 2626 3253 ac
2656 3199 2904 3254 consulto
2927 3202 3303 3270 propugnanti.
3331 3203 3486 3268 Quod

188 3310 459 3354 excessus
501 3295 794 3351 insimulat.
841 3295 936 3351 Est
982 3304 1162 3351 autem
1210 3295 1352 3350 illius
1395 3295 1518 3351 libri
1565 3297 1796 3365 scriptor
1824 3282 1870 3345 C
1900 3291 1945 3346 si
1985 3291 2313 3362 Augustinus
2357 3292 2616 3358 excessit,
2660 3292 2849 3348 eodem
2895 3291 3026 3347 vitio
3072 3293 3287 3364 antiqua
3331 3296 3492 3350 etiam

190 3389 437 3446 Joannes
465 3389 820 3453 Martinonus,
844 3396 905 3442 ut
925 3387 1057 3442 mihi
1091 3396 1316 3443 testatus
1340 3398 1424 3443 est
1451 3387 1516 3442 P.
1551 3386 1795 3459 Macedo,

189 3504 307 3559 quo
335 3487 704 3543 eruditissimo
729 3488 846 3540 viro
869 3486 954 3540 hic
976 3485 1186 3540 Patavii
1209 3483 1626 3540 familiarissime
1651 3494 1792 3553 utor,

191 3579 356 3650 isque
386 3576 624 3633 vicissim
676 3575 932 3647 singulari
962 3590 1048 3631 me
1076 3575 1451 3631 benevolentia
1482 3575 1797 3645 complecti-

192 3682 309 3739 tur,
343 3672 622 3744 quietiam
657 3671 787 3725 mihi
816 3679 1003 3726 auctor
1025 3669 1125 3725 fuit
1149 3679 1204 3724 ut
1231 3678 1342 3725 tum
1375 3670 1664 3726 Historiam
1698 3669 1798 3724 Pe-

193 3764 494 3836 lagianam,
523 3773 632 3818 tum
662 3763 824 3819 hasce
855 3763 1128 3818 Vindicias
1155 3763 1496 3833 evulgarem;
1526 3762 1798 3818 decreve-

194 3871 316 3912 ram
349 3857 494 3910 enim
526 3856 694 3910 instar
733 3855 988 3925 Aspendii
1019 3856 1162 3911 intus
1186 3854 1317 3909 mihi
1357 3869 1554 3910 canere
1583 3864 1638 3909 et
1674 3871 1794 3910 mu-

197 3950 306 4016 sis,
336 3963 438 4003 nec
470 3948 666 4018 publici
693 3949 880 4018 judicii
912 3951 1206 4019 periculum
1237 3949 1440 4005 subire.
1473 3951 1540 4005 Et
1580 3951 1795 4020 quidem

195 4040 527 4096 Morainium
551 4055 674 4096 esse
701 4040 1060 4096 Martinonum
1111 4042 1251 4097 idem
1284 4042 1531 4097 laudatus
1569 4044 1802 4114 scriptor

200 4135 503 4206 publicavit
527 4137 578 4190 in
617 4151 781 4192 aureo
810 4137 1010 4206 scripto
1036 4137 1101 4191 D.
1131 4137 1435 4207 Augustini,
1471 4152 1588 4207 cap.
1633 4136 1722 4204 15,
1747 4146 1804 4194 ει

196 4245 270 4286 ex
303 4239 711 4300 anagrammate
751 4229 860 4284 ﬁcti
885 4230 1118 4285 nominis
1145 4239 1309 4297 patet.
1342 4230 1459 4285 Non
1485 4240 1570 4286 est
1593 4231 1678 4285 hic
1699 4231 1804 4286 ani-

197 4336 329 4378 mus
363 4322 735 4392 operosiorem
789 4337 886 4392 pro
943 4323 1244 4393 Augustino
1293 4322 1592 4392 apologiam
1648 4324 1805 4379 insti-

198 4422 398 4479 tuere;
454 4414 773 4484 compendio
820 4415 991 4470 sancti
1038 4414 1212 4469 Patris
1255 4427 1416 4468 causa
1458 4415 1801 4482 tractabitur,

199 4523 328 4565 cum
361 4509 715 4564 ostendemus
735 4523 797 4564 ea
831 4498 948 4579 ipsa
969 4509 1217 4579 dogmata
1251 4509 1303 4563 in
1331 4509 1524 4576 quibus
1551 4509 1802 4580 Augusti-

201 4617 310 4659 nus
340 4602 647 4658 excessisse
693 4601 911 4671 dicitur,
965 4602 1130 4658 fuisse
1179 4601 1436 4657 Romanis
1465 4601 1804 4671 pontificibus

1901 3383 2142 3440 Ecclesia
2193 3384 2476 3452 laboravit,
2523 3400 2641 3456 quae
2685 3386 2962 3442 recitatam
3003 3389 3324 3443 sententiam
3369 3399 3494 3445 ante

1898 3475 2255 3548 AuguStinum
2279 3485 2333 3533 et
2359 3493 2481 3533 cum
2527 3480 2825 3550 Augusuno
2865 3488 3047 3554 secuta
3077 3491 3182 3546 est,
3215 3481 3354 3551 quod
3387 3483 3486 3537 ad-

1899 3572 2123 3626 versarii
2154 3587 2185 3627 a
2219 3571 2372 3627 nobis
2403 3573 2631 3628 docendi
2690 3583 2834 3638 sunt,
2876 3575 3308 3646 quandoquidem
3358 3576 3489 3633 illud

1900 3662 2165 3731 ignorant,
2200 3665 2285 3719 vel
2314 3665 2503 3720 saltem
2534 3665 2896 3721 dissimulant.
2945 3668 3295 3738 Augustinus,
3330 3668 3424 3723 lib.
3456 3684 3490 3725 v

1903 3765 2092 3812 contra
2118 3755 2414 3824 Julianum,
2445 3771 2568 3827 cap.
2593 3757 2684 3823 12,
2713 3759 2766 3814 in
2799 3759 2925 3829 fine,
2959 3759 3196 3831 quinque
3241 3761 3495 3829 quaestio-

1901 3865 1999 3906 nes
2020 3850 2274 3921 proponit
2294 3849 2361 3906 de
2383 3850 2841 3920 concupiscentia,
2879 3867 3012 3923 quas
3040 3869 3161 3909 cum
3196 3854 3495 3925 Pelagianis
3531 3849 3536 3876 ⁵

1903 3943 2136 3998 habebat
2160 3959 2176 3998 :
2203 3944 2394 3998 barum
2426 3944 2583 4000 tertia
2611 3945 2712 3999 ista
2738 3955 2822 4000 est
2851 3963 2865 3999 :
2901 3964 2919 3998 ι
2948 3945 3133 4001 Utrum
3161 3948 3356 4002 malum
3388 3965 3496 4006 non
3537 3945 3542 3950 ’

1903 4035 1992 4099 sit,
2044 4037 2133 4090 cui
2176 4036 2496 4106 repugnanti
2553 4037 3000 4094 consentiendum
3040 4054 3148 4094 non
3196 4051 3298 4107 est,
3331 4057 3399 4097 ne
3443 4043 3498 4098 in

1905 4141 2061 4182 suum
2110 4136 2297 4199 pergat
2353 4142 2659 4184 excessum.
2691 4147 2712 4182 ι
2769 4128 3090 4201 Additisque
3131 4131 3338 4189 duabus
3379 4133 3498 4189 aliis

1905 4223 2318 4294 quaestionibus,
2343 4223 2454 4279 ait:
2481 4243 2499 4275 ι
2545 4224 2660 4280 Ηοε
2689 4226 2828 4281 inter
2857 4238 2957 4280 nos
2986 4224 3291 4282 disseritur.
3324 4225 3381 4282 In
3415 4228 3499 4283 his

1906 4321 2299 4388 quaestionibus
2330 4320 2596 4378 catholica
2619 4322 2848 4379 veritate
2876 4322 3171 4391 antiquitus
3193 4322 3389 4377 tradita
3417 4337 3500 4378 ve-

1906 4421 2014 4470 stra
2048 4414 2212 4485 impia
2241 4417 2451 4470 novitas
2479 4415 2791 4471 suffocatur.
2825 4433 2845 4468 ι
2882 4416 3052 4471 Porro
3079 4429 3181 4487 qua
3205 4415 3501 4485 reprehen-

1909 4511 2061 4566 sione
2089 4511 2286 4582 dignus
2311 4519 2456 4567 esset
2481 4506 2833 4582 Augustinus,
2858 4511 2904 4566 si
2932 4511 3211 4581 opiniones
3236 4510 3420 4574 falsas,
3448 4517 3501 4566 et

1909 4603 1962 4658 in
1994 4619 2126 4674 quas
2155 4619 2222 4659 ex
2277 4603 2660 4674 disputationis
2701 4603 2884 4658 furore
2913 4617 3156 4672 praeceps
3205 4611 3358 4655 actus
3389 4599 3502 4654 fue-

202 4709 268 4749 ae
291 4691 519 4748 Patrum
549 4691 774 4764 synodis
802 4664 1046 4762 probata.
1081 4693 1294 4748 Asserit
1321 4664 1644 4762 Augustinus
1669 4707 1798 4749 con-
1831 4664 1884 4725 D
1910 4664 2024 4762 rat,
2060 4711 2159 4766 pro
2213 4664 2481 4751 catholica
2538 4695 2768 4750 veritate
2818 4664 3186 4764 publicasset?
3236 4690 3500 4746 Audiatur

204 4787 604 4857 cupiscentiam
630 4800 750 4842 esse
787 4801 885 4857 per
915 4800 972 4841 se
999 4787 1216 4852 malam,
1247 4794 1303 4842 et
1330 4785 1519 4841 vitium
1549 4787 1800 4843 humanae

203 4888 418 4933 natura:
447 4892 518 4934 ex
545 4879 718 4948 primo
749 4885 966 4947 peccato
1007 4877 1327 4947 derivatum,
1360 4893 1460 4934 nec
1486 4879 1634 4934 illam
1679 4894 1802 4936 esse

205 4973 517 5041 passionem
561 4972 861 5027 naturalem
914 4971 1175 5041 hominis,
1224 4972 1385 5043 idque
1427 4973 1588 5028 variis
1645 4989 1804 5044 argu-

205 5069 410 5125 mentis
443 5068 494 5122 in
527 5068 679 5123 libris
700 5067 904 5122 ultimis
925 5077 1156 5138 quatuor
1189 5068 1386 5136 prioris
1423 5076 1610 5123 contra
1635 5067 1803 5124 Julia-

207 5178 340 5217 num
371 5162 551 5231 operis
572 5160 924 5216 demonstrat.
948 5161 1198 5217 Attamen
1227 5169 1447 5216 sanctus
1476 5161 1664 5217 doctor
1694 5176 1801 5217 non

207 5253 578 5308 arbitrabatur
619 5250 1112 5321 concupiscentiam
1175 5266 1296 5307 esse
1341 5261 1616 5321 peccatum
1646 5295 1662 5321 ,
1703 5253 1800 5309 sed

209 5361 334 5402 esse
359 5345 527 5402 veluti
559 5345 799 5400 habitum
823 5344 1072 5400 vitiosum
1101 5345 1167 5400 ad
1195 5347 1394 5401 malum
1424 5347 1797 5404 inclinantem.

211 5441 257 5494 Ε
314 5446 502 5493 contra
549 5435 820 5508 Pelagiani
863 5437 1262 5494 contendebant
1310 5439 1800 5508 concupiscentiam

213 5546 339 5589 esse
369 5531 778 5602 perfectionem,
810 5545 872 5586 ac
899 5530 1097 5586 bonum
1145 5531 1386 5586 naturale
1418 5532 1483 5586 ad
1525 5531 1801 5589 hominum

214 5623 658 5695 propagationem
701 5621 873 5691 primo
901 5623 1108 5692 parenti
1151 5622 1398 5687 inditum,
1430 5623 1574 5680 unde
1602 5638 1700 5694 per
1728 5623 1803 5680 ir-

210 5717 474 5774 risionem
500 5715 934 5786 concupiscentia
959 5715 1027 5770 ab
1054 5714 1375 5786 Augustino,
1405 5716 1501 5770 lib.
1533 5731 1586 5772 IV
1614 5725 1801 5772 contra

211 5809 510 5875 Julianum,
538 5824 658 5880 cap.
689 5808 1073 5876 ll,dicebatur
1101 5809 1506 5880 Pelagianorum
1538 5822 1796 5882 suscepta,

211 5911 274 5960 et
298 5904 392 5960 lib.
421 5917 475 5966 ν.
503 5916 624 5974 cap.
653 5901 711 5971 ὅ,
738 5903 1050 5962 earumdem
1074 5900 1418 5973 pulcherrima
1447 5903 1655 5972 famula.
1695 5904 1796 5960 Re-

1905 4785 2105 4842 Suarez
2130 4830 2145 4856 ,
2196 4786 2491 4856 prolegom.
2525 4785 2558 4840 6
2585 4784 2654 4840 de
2679 4782 2883 4849 Gratia,
2926 4797 3046 4852 cap.
3080 4781 3152 4834 6:
3183 4800 3200 4831 ‹
3235 4779 3496 4845 Ulterius,

1907 4881 2100 4952 inquit,
2130 4880 2377 4935 addimus
2405 4878 2658 4950 quidquid
2711 4879 2764 4933 in
2797 4877 2896 4933 hac
2918 4876 3143 4931 materia
3170 4874 3501 4943 Augustinus

1907 4982 1969 5028 ut
1995 4980 2203 5028 certum
2226 4973 2479 5040 afﬁrmat,
2508 4980 2565 5028 ει
2594 4972 2661 5026 ad
2696 4969 2948 5042 dogmata
2994 4968 3121 5024 fidei
3147 4968 3436 5036 pertinere,
3469 4981 3500 5020 a

1907 5064 2148 5136 quolibet
2172 5064 2438 5134 prudente
2461 5072 2516 5119 et
2543 5063 2755 5119 erudito
2783 5061 3035 5130 theologo
3061 5072 3183 5114 esse
3205 5056 3499 5113 tenendum

1908 5165 1962 5212 et
1983 5155 2394 5224 defendendum,
2445 5154 2659 5212 etiamsi
2706 5169 2813 5209 non
2861 5160 3014 5207 certo
3053 5156 3405 5206 constetesse
3432 5148 3502 5204 ab

1906 5253 2148 5310 Ecclesia
2174 5252 2477 5318 deﬁnitum,
2512 5262 2622 5306 tum
2653 5250 2777 5320 quia
2800 5264 2922 5304 cum
2947 5246 3191 5303 Ecclesia
3212 5252 3420 5301 tantum
3442 5244 3498 5300 in

1906 5346 2005 5402 hac
2034 5346 2261 5401 materia
2307 5345 2564 5401 detulerit
2593 5343 2915 5413 Augustino,
2963 5349 3020 5396 ut
3048 5339 3168 5411 ejus
3195 5337 3499 5394 doctrinam

1905 5439 1960 5494 in
1985 5437 2308 5493 damnandis
2341 5437 2616 5493 erroribus
2654 5433 2839 5504 gratia:
2871 5432 2964 5489 Dei
2993 5431 3284 5488 contrariis
3311 5437 3496 5486 secuta

1906 5531 2090 5597 fuerit,
2125 5546 2316 5603 magna
2369 5538 2515 5587 esset
2563 5525 2843 5585 temeritas
2883 5525 3074 5596 privati
3119 5522 3377 5589 doctoris,
3408 5520 3499 5590 qui

1907 5625 2204 5695 Augustino
2261 5621 2461 5693 aliquid
2511 5621 2580 5676 de
2635 5620 2806 5691 gratia
2862 5617 2958 5674 Dei
3008 5626 3259 5687 tanquam
3315 5614 3499 5669 ortho-
3592 5609 3604 5648 ‘t

1903 5718 2099 5774 doxum
2124 5716 2335 5771 docenti
2365 5713 2739 5770 contradicere
2766 5712 3012 5779 auderet,
3043 5709 3340 5780 praesertim
3370 5719 3493 5761 cum

1903 5820 1985 5868 tet
2025 5810 2202 5875 annis,
2236 5817 2385 5863 tanta
2433 5807 2720 5878 sapientia,
2751 5817 2902 5862 tanto
2925 5804 3168 5876 ingenio,
3199 5809 3343 5856 tanta
3374 5798 3496 5853 dili-

1901 5902 2080 5971 gentia
2110 5909 2164 5958 et
2194 5900 2473 5966 instantia,
2508 5907 2584 5969 et,
2605 5898 2747 5971 quod
2770 5905 2954 5970 caput,
2985 5904 3064 5952 tot
3089 5892 3247 5951 donis
3269 5899 3324 5949 et
3350 5891 3494 5947 auxl-
