3974 6356
531 335 639 395 603

1427 326 1992 392 SUPPLEMENTUM
2031 327 2123 385 AD
2162 324 2395 385 OPERA
2432 324 2491 383 S.
2535 322 2935 384 AUGUSTINI.

3718 328 3817 385 604i

528 460 614 516 liis
636 454 893 529 praeditus
930 466 1028 525 pro
1057 452 1244 510 divina
1282 430 1456 523 gratia
1488 451 1685 507 tuenda
1717 459 1771 507 et
1801 448 2119 520 explicanda
2148 460 2196 518 Α
2227 456 2306 500 tra
2357 442 2669 515 Pelagianos
2720 439 3188 511 concupiscentiam
3244 455 3353 497 esse
3405 442 3620 498 malum.
3667 443 3817 513 Quod

528 551 871 610 laboraverit.
904 568 924 603 ι
951 549 1087 606 Cum
1118 546 1311 604 Suario
1336 546 1503 604 sentit
1528 544 1817 603 cardinalis
1843 541 2119 601 Bellarmi-

529 664 651 717 nus,
694 649 789 705 lib.
843 663 881 702 ιι
921 647 989 702 de
1041 644 1226 701 Gratia
1280 650 1337 700 et
1364 644 1535 700 libero
1581 641 1827 708 arbitrio,
1858 654 1981 711 cap.
2008 640 2117 695 ii:

537 762 556 796 ι
587 743 704 798 Νοιι
746 749 948 812 posset,
996 738 1193 811 inquit,
1246 739 1387 795 idem
1434 738 1767 809 Augustinus
1820 735 1889 791 ab
1917 733 2118 805 ingenti

532 838 832 895 temeritate
860 835 1100 901 defendi,
1134 835 1331 905 quippe
1361 834 1456 904 qui
1496 847 1603 889 non
1631 832 1805 888 solum
1846 840 1953 886 tam
1982 829 2120 887 acri»

536 941 616 989 ter
645 946 743 1002 pro
774 930 1010 987 falsitate
1056 937 1337 996 certasset,
1385 927 1481 984 sed
1530 927 1691 982 etiam
1738 941 1857 982 eam
1885 940 1983 996 pro
2011 924 2119 981 fide

531 1025 802 1081 catholica
830 1024 1111 1080 venditare
1138 1038 1301 1079 ausus
1324 1034 1492 1079 esset.
1514 1041 1532 1074 ι
1562 1021 1686 1076 Haec
1709 1020 1809 1076 illi.

599 1116 751 1172 Hanc
788 1118 961 1173 sancti
1002 1117 1179 1174 Patris
1211 1116 1279 1173 de
1316 1114 1752 1184 concupiscentia
1796 1111 2117 1168 sententiam

530 1209 777 1279 ejusdem
810 1210 1059 1281 discipuli
1090 1210 1257 1267 secuti
1282 1220 1423 1265 sunt.
1450 1210 1677 1265 Sanctus
1710 1206 2038 1293 Fulgentius,
2066 1206 2119 1261 in
2154 1254 2167 1271 ,

534 1304 766 1373 epistola
796 1304 865 1360 de
892 1305 1042 1361 Bono
1064 1304 1351 1375 conjugali,
1387 1319 1510 1374 cap.
1543 1301 1597 1367 ὅ,
1627 1298 1850 1357 scribit:
1889 1318 1908 1351 ι
1934 1298 1990 1353 in
2016 1298 2121 1356 illis

500 1411 723 1466 nempe
737 1396 915 1465 bonis,
946 1412 1064 1467 quae
1088 1397 1216 1452 fecit
1240 1397 1401 1460 Deus,
1428 1394 1704 1450 invenitur
1728 1400 1875 1447 casta
1900 1390 2121 1459 copula-

528 1490 603 1544 tio
634 1489 816 1545 uxoris
839 1498 894 1545 et
925 1489 1047 1556 viri,
1080 1489 1134 1543 in
1164 1488 1358 1559 quibus
1388 1488 1483 1543 Dei
1520 1486 1774 1557 operibus
1816 1484 1987 1541 libido
2010 1500 2119 1541 non

532 1591 711 1655 potest
740 1583 993 1650 inveniri,
1026 1599 1127 1640 nec
1152 1584 1439 1655 aliquando
1462 1583 1685 1654 justitize
1707 1580 1976 1651 congruit,
2000 1595 2123 1651 quae

529 1693 634 1733 non
669 1677 973 1733 hominibus
993 1692 1059 1733 ex
1083 1679 1230 1732 dono
1258 1678 1607 1745 conditionis,
1635 1678 1732 1733 sed
1753 1675 2123 1747 peccatoribus

528 1788 594 1829 ex
618 1772 747 1828 vitio
778 1773 969 1843 prima:
1026 1772 1485 1843 praevaricationis
1535 1772 1783 1828 accessit.
1824 1791 1844 1825 ι
1894 1770 2122 1828 Sanctus

2226 545 2411 608 postea
2432 536 2679 606 pluribus
2720 534 3055 606 argumentis
3083 549 3148 590 ex
3179 535 3481 607 Augustino
3524 536 3816 607 desumptis

2221 630 2575 689 demonstrat.
2627 628 2891 686 Octavum
2940 638 3317 701 argumentum
3369 629 3617 700 ejusdem
3666 646 3814 701 repe-

2224 732 2333 779 tam
2361 739 2377 779 :
2417 742 2436 777 c
2465 721 2663 779 Malum
2692 731 2798 793 est,
2833 722 3030 795 inquit,
3072 732 3132 778 ut
3162 722 3417 779 inferiora
3449 722 3814 791 superioribus

2222 814 2579 882 reluctentur,
2610 814 2665 870 id
2694 815 2839 872 enim
2862 822 3051 871 contra
3075 815 3381 887 aequitatem
3416 824 3469 870 et
3497 823 3705 870 rectam
3734 831 3812 871 ras

2226 910 2426 966 tionem
2458 918 2535 966 eet
2567 926 2582 974 ;
2613 918 2668 964 at
2708 918 2930 981 propter
2958 908 3453 979 concupiscentiam
3476 924 3604 980 pars
3626 911 3814 967 anime:

2224 1003 2447 1060 inferior
2477 1004 2767 1075 superiori,
2792 1004 2844 1059 id
2876 1013 2978 1071 est,
3004 1006 3195 1060 rationi
3227 1013 3510 1077 repugnat,
3535 1006 3638 1075 legi
3672 1024 3813 1063 men-

2224 1099 2291 1155 tis
2317 1114 2425 1155 non
2457 1108 2633 1172 paret,
2663 1098 2879 1170 Spiritui
2909 1100 3261 1165 adversatur;
3297 1100 3415 1170 quis
3448 1102 3613 1171 igitur
3642 1103 3811 1158 ambi-

2222 1202 2312 1263 gat
2339 1208 2408 1249 an
2431 1209 2493 1250 ea
2530 1195 2673 1249 mala
2695 1194 2765 1250 sit
2796 1194 3153 1266 appellanda?
3185 1215 3203 1247 ι
3235 1194 3391 1261 Quod
3423 1204 3507 1250 est
3528 1210 3813 1266 argumen-

2225 1294 2335 1341 tum
2365 1286 2679 1359 Augustini,
2708 1282 2802 1343 lib.
2838 1302 2873 1342 v
2903 1297 3091 1344 contra
3117 1287 3417 1353 lulianum,
3443 1302 3567 1358 cap.
3591 1290 3647 1343 5.
3669 1289 3811 1345 Joan

2223 1393 2322 1435 nes
2364 1379 2649 1451 Bagocius,
2702 1379 2796 1435 lib.
2846 1381 2879 1436 5
2930 1380 3298 1437 Demonstrat.
3358 1382 3544 1454 dogm.
3590 1381 3813 1454 Christ.,

2225 1471 2425 1543 disput.
2458 1474 2515 1539 8,
2563 1487 2686 1543 cap.
2730 1474 2781 1541 1,
2809 1482 2945 1529 sect.
2978 1474 3031 1543 5,
3066 1476 3241 1531 sancti
3272 1476 3563 1547 Augustini
3607 1486 3813 1532 sentem

2226 1567 2356 1622 tiam
2395 1566 2638 1638 pluribus
2665 1566 2879 1637 probat,
2924 1577 2979 1623 et
3028 1568 3301 1625 concludit
3332 1590 3344 1623 :
3382 1590 3401 1624 ι
3433 1570 3597 1626 Absit
3645 1576 3814 1624 autem

2227 1668 2285 1715 ut
2310 1661 2595 1732 quisquam
2643 1660 2941 1718 catholicus
2966 1662 3133 1718 Deum
3183 1667 3264 1721 rei
3297 1675 3405 1721 tam
3456 1665 3621 1722 foeda:
3680 1675 3738 1720 et
3762 1665 3815 1723 ad

2230 1752 2431 1809 malum
2458 1753 2768 1824 importune
2821 1754 3095 1811 incitantis
3135 1768 3413 1813 auctorem
3450 1757 3668 1827 credat,
3711 1772 3814 1816 cum

526 1866 781 1937 Prosper,
808 1880 904 1921 seu
933 1866 1211 1923 Pomerius
1239 1866 1333 1921 lib.
1360 1881 1421 1921 ιιι
1442 1865 1508 1921 de
1528 1864 1649 1919 Vita
1674 1862 2116 1933 contemplativa,
2151 1855 2412 1940 stamen
2458 1849 2505 1904 si
2552 1848 2827 1906 hominem
2873 1849 3024 1905 nullo
3065 1851 3405 1920 praecedente
3444 1860 3679 1923 peccato
3710 1866 3815 1908 cum

527 1972 647 2029 cap.
679 1958 714 2011 2
738 1974 750 2014 :
772 1976 790 2009 ι
838 1958 966 2026 Ρὶίε,
1000 1956 1189 2028 inquit,
1217 1958 1501 2014 conatibus
1540 1957 1739 2013 nostris
1765 1955 1970 2011 resistit
1998 1956 2109 2024 ipsa

529 2049 967 2121 concupiscentia
994 2050 1205 2117 vitiosa,
1235 2065 1342 2106 non
1365 2051 1646 2116 naturalis,
1669 2049 1763 2106 sed
1788 2058 1995 2104 natura:
2020 2062 2119 2102 no-

524 2152 655 2200 strue
686 2143 1176 2215 inditaiposnaliter
1218 2152 1271 2200 et
1310 2142 1536 2211 inserta,
1579 2158 1701 2213 qua:
1730 2139 2117 2213 percalefacta

527 2246 634 2307 est,
658 2246 714 2293 et
746 2246 1045 2308 peccatum,
1095 2238 1142 2293 si
1190 2238 1403 2308 vicerit,
1430 2238 1589 2306 ,facit.
1612 2255 1632 2290 ι
1668 2236 1833 2293 Favet
1861 2234 2119 2307 Augusti»

527 2332 704 2387 nianaa
739 2333 1023 2388 sententiae
1054 2330 1295 2401 synodus
1336 2330 1651 2386 Tridentina
1708 2330 1759 2384 in
1790 2328 2010 2385 decreto
2053 2328 2121 2382 de

526 2434 749 2495 peccato
771 2425 1042 2495 originali,
1070 2424 1159 2480 ubi
1182 2424 1346 2479 tradit
1369 2423 1863 2494 concupiscentiam
1886 2421 1955 2476 ab
1977 2420 2122 2492 Apo-

526 2518 667 2573 stolo
695 2525 970 2586 peccatum
999 2518 1346 2588 appellatam,
1378 2519 1500 2588 quia
1530 2532 1593 2572 ea:
1620 2522 1829 2588 peccato
1850 2525 1947 2583 est,
1974 2525 2021 2571 et
2052 2516 2120 2569 ad

529 2618 794 2680 peccatum
847 2610 1082 2667 inclinat.
1138 2612 1403 2667 lnclinaro
1456 2622 1637 2666 autem
1674 2609 1742 2665 ad
1792 2609 1991 2665 malum
2041 2617 2122 2664 est

529 2703 807 2774 proprium
838 2702 1053 2759 habitus
1085 2706 1283 2773 vitiosi,
1318 2704 1591 2761 hominem
1618 2704 1685 2760 ad
1717 2717 1882 2775 prava
1908 2718 2122 2772 semper

532 2798 904 2868 propellentis.
928 2798 1038 2855 Nec
1072 2799 1293 2856 defuere
1323 2799 1538 2870 plurimi
1565 2814 1635 2853 ex
1657 2797 2001 2853 scholasticis
2030 2796 2123 2868 qui

529 2891 809 2948 recitatam
845 2894 1131 2965 Augustini
1177 2894 1497 2951 sententiam
1548 2902 1768 2949 strenue
1815 2906 2121 2963 propugna-

531 2998 691 3063 rept:
725 2987 918 3043 Petrus
966 2987 1257 3055 Aureolus,
1304 2985 1556 3043 acerrimi
1601 2985 1804 3057 ingenii
1843 2985 1946 3053 vir,
1979 2984 2036 3040 in
2064 2985 2121 3053 2,

530 3082 656 3137 dist.
689 3079 778 3146 50,
804 3087 908 3135 art.
936 3080 993 3147 2,
1036 3079 1261 3135 scribit:
1292 3096 1311 3131 ι
1344 3079 1645 3135 Habitualis
1667 3078 1893 3135 rebellio
1913 3077 2121 3149 appeti-

534 3180 618 3227 tus
648 3171 888 3227 sensitivi
912 3185 1018 3227 non
1046 3180 1130 3226 est
1160 3172 1215 3227 in
1245 3170 1401 3226 nobis
1427 3180 1612 3226 natura
1642 3169 1915 3240 appetitus
1941 3170 2119 3226 sensi-

2226 1943 2320 1999 illo
2347 1942 2556 2013 peccati
2582 1941 2771 1999 fomite
2807 1942 3158 2011 condidisset,
3194 1953 3305 2000 tam
3331 1944 3453 2016 ejus
3483 1960 3650 2017 quam
3680 1954 3815 2000 natu«

2224 2050 2301 2092 rae
2332 2035 2604 2103 humanas,
2633 2043 2690 2092 et
2733 2035 2977 2093 omnium
3026 2038 3357 2094 naturalium
3385 2040 3719 2110 qualitatum
3748 2040 3815 2094 fa-

2225 2129 2601 2199 cultatumquo
2644 2137 2835 2187 auctor
2890 2140 3036 2187 esset
3084 2131 3519 2188 existimandus!
3558 2151 3580 2185 ι
3625 2132 3685 2186 In
3732 2132 3816 2187 hac

2226 2224 2418 2283 eadem
2464 2226 2737 2284 sententia
2790 2240 2913 2285 cum
2945 2227 3244 2300 Augustino
3264 2228 3549 2290 ,coccinit
3566 2227 3814 2286 doctissi-

2234 2333 2354 2375 mus
2380 2319 2442 2376 P.
2474 2320 2734 2389 Elisalda,
2766 2321 2861 2393 qui
2890 2334 3013 2378 cum
3041 2322 3399 2396 theologicam
3425 2324 3748 2380 cathedram
3774 2325 3814 2379 in

2227 2413 2460 2484 collegio
2492 2413 2736 2471 Romano
2788 2417 3183 2483 moderaretur,
3222 2417 3473 2473 eamdem
3522 2416 3814 2473 doctrinam

2230 2508 2474 2566 dictavit.
2510 2508 2646 2565 Hinc
2687 2510 2742 2577 in
2775 2510 3005 2581 publicis
3032 2512 3274 2568 thesibus
3312 2527 3343 2568 a
3375 2512 3633 2569 Patribus
3661 2512 3814 2569 socie

2232 2605 2358 2661 tatis
2388 2620 2531 2661 anno
2572 2605 2712 2663 1658
2737 2606 2807 2663 de
2853 2622 3008 2664 more
3052 2609 3254 2665 aestivis
3283 2609 3433 2665 boris
3475 2611 3815 2681 propugnans

2229 2697 2620 2769 Augustiniana
2670 2701 2940 2757 sententia
2990 2701 3076 2757 bis
3127 2703 3288 2772 plane
3330 2702 3509 2759 verbis
3566 2713 3809 2775 concepta

2230 2796 2635 2866 proponebatur
2666 2814 2682 2851 :
2717 2814 2737 2850 ι
2774 2796 2901 2853 Haec
2951 2801 3411 2869 concupiscentia,
3456 2814 3567 2870 quo
3599 2801 3704 2855 sub
3729 2815 3789 2854 no

2227 2890 2375 2946 mine
2400 2889 2570 2946 multa
2614 2892 3154 2963 comprehenduntur
3184 2894 3505 2951 reducibilia
3535 2894 3608 2951 ad
3640 2911 3809 2964 unum,

2228 2994 2419 3040 natura
2454 2999 2549 3040 sua
2580 2996 2662 3042 est
2702 2987 2789 3043 vel
2832 3003 2959 3057 pars
2986 2989 3193 3060 peccati
3224 2990 3309 3045 vel
3341 2991 3569 3047 effectus
3603 2994 3807 3061 peccati,

2226 3088 2418 3150 estque
2451 3080 2503 3135 in
2538 3090 2728 3138 natura
2768 3082 3004 3139 humana
3032 3085 3245 3151 vitium,
3275 3086 3436 3141 etiam
3466 3089 3743 3156 corruptio
3766 3096 3809 3143 et

2228 3172 2534 3243 infirmitas,
2602 3188 2658 3234 et
2714 3180 3027 3249 neutiquam
3084 3180 3344 3236 naturalis
3408 3183 3726 3238 constitutio
3763 3191 3808 3239 et

534 3266 628 3320 tivi
651 3274 878 3320 tantum.
904 3265 1018 3321 Hoc
1045 3265 1165 3320 dico
1188 3276 1405 3336 propter
1434 3264 1742 3334 Opinionem
1765 3264 2120 3335 quorumdam
2147 3290 2196 3355 ο
2228 3269 2534 3339 complexio
2584 3270 2749 3328 illius.
2778 3271 3040 3328 Consistit
3089 3273 3144 3329 in
3177 3273 3361 3329 habitu
3385 3274 3623 3343 quodam
3663 3289 3806 3346 pravo

534 3359 622 3428 qui
647 3358 833 3414 dicunt
854 3358 1000 3428 quod
1028 3359 1297 3428 appetitus
1335 3358 1558 3416 relictus
1589 3374 1735 3429 purae
1778 3366 1982 3413 natura:
2013 3372 2123 3413 sua:

534 3451 712 3507 adhuc
740 3450 963 3507 haberet
1007 3452 1145 3508 inse
1173 3451 1506 3507 habitualem
1551 3451 1699 3509 illam
1745 3451 2121 3508 rebellionem.

534 3546 649 3617 Ego
674 3547 796 3602 dico
812 3545 955 3618 quod
984 3562 1053 3602 ex
1095 3561 1155 3602 se
1199 3556 1287 3603 est
1328 3546 1644 3604 indiﬂ‘erens
1665 3548 1731 3603 ad
1762 3546 2120 3605 obediendum

534 3640 620 3697 vel
649 3656 757 3697 non
786 3642 1145 3699 obedientium
1187 3643 1381 3700 rationi
1408 3659 1423 3710 ;
1455 3659 1550 3714 per
1567 3644 1783 3715 aliquod
1812 3654 1993 3701 autem
2023 3645 2120 3700 ad-

532 3738 725 3806 ditum,
756 3749 882 3810 puta
912 3755 1007 3810 per
1028 3739 1343 3811 qualitatem
1374 3740 1697 3807 morbidam,
1727 3740 1785 3795 fit
1805 3740 2124 3797 inobediens

531 3833 746 3890 rationi.
790 3833 859 3889 Et
883 3833 999 3891 base
1027 3834 1306 3891 conclusio
1334 3844 1519 3906 posset
1549 3836 1761 3906 probari
1791 3837 2125 3891 auctoritati-

530 3926 631 3985 bus
662 3938 716 3986 et
742 3931 1080 3998 rationibus;
1110 3940 1193 3988 est
1239 3933 1383 3987 enim
1424 3947 1679 4004 expressa
1712 3936 1979 3989 sententia
2016 3936 2124 3989 Au-

530 4024 751 4095 gustini.
787 4043 805 4077 ι
836 4025 1095 4082 Eamdcm
1140 4026 1314 4082 sancti
1366 4025 1606 4082 doctoris
1636 4028 1957 4083 sententiam
1989 4036 2122 4083 stre-

531 4136 637 4177 nue
664 4129 846 4176 tuetur
863 4131 1047 4178 noster
1069 4122 1361 4193 Gregorius
1392 4122 1770 4189 Ariminensis,
1798 4122 1856 4192 2,
1881 4123 2007 4178 dist.
2029 4124 2119 4188 50,

534 4222 726 4284 quaest.
760 4214 812 4277 1,
847 4223 950 4268 art.
982 4214 1039 4281 2,
1071 4215 1159 4269 ubi
1190 4214 1266 4269 ait
1295 4231 1309 4269 :
1341 4232 1361 4267 ι
1397 4212 1548 4269 Hanc
1576 4214 1865 4285 Augustini
1903 4223 2122 4271 senten-

479 4336 485 4344 ι
532 4307 658 4360 tiam
680 4314 897 4361 secutus
925 4315 1005 4361 est
1026 4306 1299 4375 Magister,
1328 4317 1386 4362 ut
1410 4316 1555 4377 patet
1576 4308 1629 4363 in
1653 4308 1752 4362 ista
1776 4308 2123 4365 distinctione

534 4399 602 4453 '50
626 4406 681 4453 et
704 4413 844 4468 seq.,
873 4400 929 4453 in
953 4398 1147 4469 quibus
1179 4408 1370 4453 tractat
1396 4400 1464 4453 de
1496 4400 1596 4456 ista
1621 4400 1866 4466 materia,
1894 4406 1949 4456 et
1968 4401 2123 4455 multi

533 4492 694 4547 etiam
714 4491 918 4561 antiqui
947 4504 1013 4546 ac
1054 4490 1300 4546 moderni
1332 4500 1628 4562 sequuntur
1650 4492 1925 4549 doctores.
1961 4512 1982 4545 ι
2018 4492 2118 4561 ita,

538 4593 674 4641 teste
700 4582 956 4650 Aureolo,
976 4583 1245 4638 contraria
1269 4583 1569 4654 Augustino
1588 4585 1850 4640 sententia
1877 4600 2123 4655 quorum-

2187 3392 2189 3395 -
2229 3370 2285 3417 et
2304 3374 2583 3435 corrupto,
2620 3368 2710 3435 qui
2748 3366 2977 3437 languor
3001 3366 3196 3423 animae
3225 3377 3309 3423 est
3332 3376 3389 3423 et
3411 3368 3633 3436 dicitur,
3658 3377 3709 3425 et
3731 3382 3807 3425 eo-

2230 3458 2351 3515 dem
2380 3460 2542 3517 modo
2574 3461 2920 3519 reducendus
2962 3472 3047 3520 est
3075 3463 3160 3518 vel
3189 3478 3297 3519 non
3344 3472 3430 3521 est
3457 3463 3527 3519 ad
3561 3463 3805 3534 praedica.

2231 3566 2472 3612 mentum
2496 3557 2772 3627 qualitatis
2792 3568 2952 3627 atque
2972 3557 3300 3613 infirmitatis
3323 3559 3648 3629 corporalis,
3671 3560 3804 3631 cujus

2235 3649 2455 3704 modum
2498 3651 2760 3707 imitatur.
2809 3652 2985 3707 Minus
3014 3650 3155 3707 illius
3184 3651 3405 3708 habitus
3432 3661 3520 3709 est
3550 3654 3803 3711 inordina-

2228 3744 2302 3798 tio
2326 3744 2519 3799 virium
2569 3744 2763 3799 animae
2792 3744 2939 3800 inter
2988 3758 3069 3812 se,
3122 3753 3179 3801 et
3206 3760 3315 3801 non
3353 3744 3624 3814 subjectio
3657 3748 3801 3817 partis

2227 3834 2497 3892 inferioris
2526 3837 2591 3891 ad
2623 3836 2979 3907 superiorem.
3013 3856 3032 3891 ι

2301 3929 2459 3984 Plura
2487 3939 2667 3985 autem
2699 3938 3016 4000 argumenta
3040 3938 3261 3985 sanctus
3288 3928 3485 4013 doctor
3513 3942 3703 3988 contra
3728 3932 3799 3989 Ju~

2236 4024 2437 4079 lianum
2504 4027 2995 4095 concupiscentiam
3062 4026 3448 4083 defendentem
3507 4030 3795 4100 congessit,

2229 4132 2388 4188 quem
2427 4119 2587 4175 etiam
2636 4119 2809 4176 acutis
2850 4119 3081 4176 subinde
3110 4120 3316 4176 salibus
3347 4122 3663 4193 perstringit
3696 4121 3796 4177 irri-

2226 4212 2426 4283 dctque
2474 4212 2784 4281 haereticus,
2825 4222 2961 4269 teste
3008 4213 3200 4269 eodem
3234 4213 3327 4269 lib.
3358 4229 3396 4268 ιι
3426 4224 3619 4269 contra
3645 4213 3794 4270 Julia-

2226 4316 2378 4373 num,
2410 4320 2532 4376 cap.
2558 4308 2614 4373 7,
2646 4313 2759 4362 toto
2786 4306 2926 4363 libro
2954 4307 3215 4375 secundo,
3260 4317 3315 4362 et
3342 4308 3507 4378 priori
3532 4318 3683 4378 parte
3707 4316 3792 4363 ter-

2228 4398 2285 4452 tii
2330 4408 2517 4453 contra
2570 4398 2761 4454 librum
2817 4400 3048 4469 primum
3104 4401 3173 4456 de
3217 4398 3433 4471 Nuptiis
3462 4410 3520 4455 et
3560 4402 3783 4469 concupi-

2225 4497 2430 4552 scentia
2479 4497 2547 4551 ab
2577 4498 2879 4567 Augustino
2904 4497 2972 4552 ad
3016 4497 3284 4553 Valerium
3316 4501 3545 4552 missum
3575 4512 3667 4569 pro
3689 4509 3784 4552 sus-

2225 4596 2380 4658 cepta
2434 4588 2678 4656 laborat,
2740 4605 2900 4660 quem
2946 4599 3166 4645 sanctus
3230 4590 3390 4646 Pater
3442 4590 3538 4645 lib.
3582 4605 3637 4646 tv
3678 4598 3782 4645 etv

530 4677 652 4731 dam
704 4684 913 4731 tantum
962 4674 1088 4741 iuit,
1131 4675 1221 4729 ubi
1253 4690 1322 4731 ea
1364 4674 1626 4746 Gregorio
1667 4684 1859 4734 sancto
1906 4677 2114 4734 doctori
2152 4694 2201 4754 υ
2229 4682 2423 4751 prioris
2445 4685 2626 4751 operis
2655 4682 2874 4739 refellit.
2909 4683 3056 4737 Dabo
3079 4697 3196 4738 eam
3231 4683 3287 4738 in
3319 4697 3434 4738 rem
3468 4698 3629 4739 unum
3650 4690 3698 4738 et
3718 4680 3780 4736 al-

530 4771 680 4825 πιαιιί
710 4769 939 4839 antiqui,
991 4784 1056 4825 ac
1096 4769 1339 4825 moderni
1388 4770 1683 4839 scriptores
1714 4779 1824 4825 tum
1856 4772 2119 4842 temporis

533 4861 902 4919 adhaerebant.
930 4862 1070 4918 Hinc
1095 4861 1292 4917 factum
1316 4868 1418 4927 est,
1448 4871 1505 4917 ut
1532 4862 1794 4917 famosam
1817 4861 1964 4917 illam
1988 4878 2119 4932 qua-

528 4957 723 5012 litatem
770 4954 1058 5010 morbidum
1098 4954 1419 5011 nobilissimi
1467 4954 1776 5011 scholastici
1801 4970 1834 5011 ο
1860 4955 2119 5012 Nomina-

528 5048 655 5103 lium
697 5057 844 5103 secta
869 5048 1170 5118 antiquitus
1195 5049 1344 5117 juxta
1372 5048 1762 5119 Augustiniana
1793 5049 1985 5120 placita
2015 5049 2114 5106 de-

530 5140 817 5197 fenderint.
865 5142 941 5196 Ex
992 5142 1385 5197 recentioribus
1438 5155 1576 5195 unus
1633 5142 1766 5197 mibi
1808 5141 1892 5197 sit
1944 5143 2114 5199 instar

531 5232 768 5287 omnium
800 5233 862 5290 Ρ.
896 5233 1142 5301 Macedo,
1190 5234 1302 5303 qui,
1339 5235 1431 5289 lib.
1458 5249 1507 5288 tv
1544 5233 1612 5288 de
1651 5232 1901 5291 Clavibus
1927 5235 1993 5295 D.
2020 5236 2117 5293 Pe-

532 5327 621 5391 ιιι,
655 5338 773 5397 cap.
800 5327 888 5391 10,
922 5338 1058 5398 part.
1089 5325 1147 5396 2,
1178 5328 1347 5383 sancti
1375 5327 1615 5383 doctoris
1634 5329 1958 5384 sententiam
1986 5330 2113 5385 soli-

530 5422 770 5488 dlssime,
801 5432 859 5476 ut
885 5431 1101 5488 caetera,
1134 5421 1452 5478 communit.
1489 5422 1599 5477 lmo
1628 5421 1869 5479 celebres
1897 5422 2058 5479 etiam
2084 5439 2115 5481 e

532 5516 792 5571 societate
818 5516 1111 5584 scriptores
1159 5515 1651 5586 concupiscentiam
1680 5523 1737 5571 et
1761 5514 1956 5571 malam
1992 5531 2116 5573 esse

532 5620 587 5666 et
611 5610 752 5666 nulla
786 5609 991 5665 ratione
1039 5611 1179 5667 inter
1201 5610 1294 5668 Dei
1339 5620 1504 5681 opera
1552 5609 1913 5679 deputandum
1948 5611 2113 5666 tradi-

528 5702 680 5759 dere.
724 5700 1102 5770 Bellarminus,
1141 5702 1344 5775 grande
1396 5716 1502 5759 non
1554 5703 1831 5759 societatis
1881 5710 2109 5769 tantum,

530 5796 625 5852 sed
655 5795 932 5852 catholicae
953 5795 1112 5852 etiam
1142 5796 1398 5854 Ecclesia
1427 5796 1615 5864 decus,
1646 5796 1741 5853 lib.
1767 5812 1817 5852 vt
1843 5795 1911 5854 de
1935 5796 2112 5854 Amis-

529 5890 681 5955 slone
701 5890 885 5970 gratim
932 5898 1090 5973 caput
1112 5891 1179 5953 14
1214 5894 1287 5955 ita
1324 5892 1571 5954 inscribit
1604 5908 1616 5949 :
1653 5892 1955 5957 Ostenditur
1983 5909 2107 5955 con-

2223 4784 2401 4831 torum
2446 4775 2693 4846 ejusdem
2735 4785 3137 4847 argumentum.
3185 4776 3305 4831 Lib.
3338 4791 3413 4843 ιν,
3445 4790 3569 4847 cap.
3617 4775 3696 4844 l3,
3724 4774 3775 4829 ita

2222 4878 2379 4938 urget
2409 4887 2423 4923 :
2462 4888 2480 4922 ι
2514 4870 2628 4925 Duo
2667 4870 2810 4926 enim
2838 4870 2976 4925 bona
3004 4884 3124 4941 quas
3154 4885 3184 4924 a
3213 4868 3375 4924 Patre
3407 4868 3518 4924 Deo
3547 4876 3678 4933 sunt,
3708 4865 3772 4921 in-

2222 4974 2304 5019 ter
2334 4979 2393 5020 se
2426 4978 2666 5034 pugnare
2694 4979 2799 5019 non
2830 4974 3080 5033 possunt,
3112 4972 3353 5033 pugnant
3382 4972 3564 5019 autem
3588 4963 3710 5018 inter
3731 4973 3774 5014 sc

2221 5055 2556 5112 continentia
2586 5056 2643 5113 et
2669 5057 3127 5126 concupiscentia.
3171 5055 3310 5123 Quid
3342 5054 3539 5111 horum
3589 5070 3617 5110 a
3645 5054 3772 5109 Patre

2221 5145 2391 5218 magis
2419 5147 2551 5203 velis
2585 5161 2705 5207 esse
2745 5147 3034 5219 responde.
3069 5147 3240 5202 Video
3295 5163 3434 5217 quas
3466 5147 3671 5216 patiaris
3698 5160 3771 5199 an-

2220 5239 2464 5310 gustias;
2495 5239 2642 5295 faves
2668 5239 2885 5310 quidem
2915 5239 3389 5309 concupiscentiae,
3416 5242 3511 5296 sed
3534 5236 3768 5296 erubescis

2222 5334 2582 5389 continentiae.
2612 5352 2631 5385 ι
2658 5333 3023 5389 Cnnfirmatur
3052 5335 3227 5403 primo
3256 5348 3323 5390 ex
3369 5335 3463 5390 lib.
3503 5351 3555 5403 v,
3586 5347 3688 5404 cap.
3714 5332 3767 5383 ῖς

2226 5443 2245 5477 ι
2278 5424 2434 5481 Nulla
2460 5441 2636 5495 pugna
2661 5434 2747 5482 est
2775 5426 2892 5482 sine
2915 5425 3079 5481 malo.
3105 5426 3332 5494 Quando
3356 5427 3499 5483 enim
3524 5433 3766 5498 pugnatur,

2218 5527 2311 5574 aut
2341 5520 2539 5575 bonum
2565 5530 2763 5590 pugnat
2786 5527 2840 5575 et
2868 5519 3101 5585 malum;
3137 5528 3231 5575 aut
3264 5521 3467 5577 malum
3497 5531 3549 5576 et
3577 5517 3765 5577 malum;

2221 5621 2314 5668 aut
2352 5613 2399 5669 si
2443 5612 2550 5669 duo
2595 5614 2736 5670 bona
2768 5614 2910 5669 inter
2948 5627 3006 5669 se
3037 5624 3300 5685 pugnant,
3344 5616 3458 5685 ipsa
3508 5626 3668 5685 pugna
3706 5614 3768 5663 est

2220 5720 2472 5776 magnum
2514 5706 2735 5761 malum.
2768 5724 2788 5760 ι
2828 5706 2961 5763 Cum
3008 5715 3189 5763 autem
3234 5709 3568 5765 continentia
3614 5712 3765 5761 contra

2220 5798 2706 5870 concupiscentiam
2751 5807 2968 5872 pugnet,
3020 5799 3160 5857 hanc
3206 5802 3405 5857 malam
3451 5816 3571 5859 esse
3601 5796 3761 5856 ibidem

2220 5894 2547 5977 Augustinus
2578 5892 2812 5954 deducit.
2849 5892 2983 5953 Hinc
3018 5894 3131 5954 ait:
3161 5912 3181 5951 ι
3201 5894 3392 5956 Adhuc
3421 5911 3527 5957 non
3556 5889 3758 5971 evigilat,
