3974 6356
198 385 302 444 605

1410 369 1656 429 VlNDlCI
1665 369 1732 427 1E
1774 360 2329 428 AUGUSTINIANE.

3366 353 3473 419 606

198 512 255 558 ut
282 498 568 571 intelligas,
600 501 841 552 nostram
867 500 1113 549 naturam
1142 505 1251 548 non
1273 503 1414 559 esse,
1442 490 1539 547 sed
1570 488 1780 555 vitium,
1810 490 1867 551 Α
1892 499 1956 541 ex
1991 485 2174 540 animo
2196 483 2415 551 laudas;
2437 481 2481 539 si
2504 487 2679 539 autem
2703 478 3024 553 simpliciter
3051 478 3164 550 agis
3190 477 3244 535 in
3273 493 3475 550 praeco-

196 603 386 651 contra
435 589 580 663 quod
626 590 822 645 virtute
864 599 1186 658 pugnamus.
1222 604 1240 638 ι
1275 584 1634 641 Conﬁrmatur
1682 597 1781 639 se-

196 687 375 743 cundo
401 684 597 741 ibidem
628 700 640 736 :
680 700 700 735 ι
729 680 955 749 Quando
1003 678 1150 736 enim
1198 676 1363 734 libido
1384 675 1573 743 vincit,
1609 674 1782 731 vincit

196 793 253 839 et
282 778 556 844 diabolus;
587 777 799 848 quando
822 774 989 831 libido
1010 775 1264 842 vincitur,
1297 784 1354 831 et
1390 773 1634 830 diabolus
1662 772 1782 828 viu-

194 875 359 929 citur.
393 874 564 942 Quem
604 886 737 943 ergo
774 870 942 941 vincit
983 868 1170 936 libido,
1225 877 1281 925 et
1328 882 1359 923 a
1397 882 1503 939 quo
1531 867 1783 934 vincitur,

199 974 290 1021 est
320 964 492 1021 hostis
535 963 675 1033 ejus.
713 962 847 1019 Cum
878 976 985 1031 quo
1033 970 1210 1017 autem
1262 962 1425 1017 vincit
1449 970 1505 1018 et
1532 961 1785 1027 vincitur,

198 1067 394 1114 auctor
412 1066 497 1114 est
519 1057 659 1128 ejus.
690 1073 710 1109 ι
748 1054 844 1111 Vis
873 1054 1063 1110 harum
1096 1054 1363 1109 rationum
1397 1054 1450 1108 in
1477 1054 1577 1109 hoc
1606 1051 1785 1108 censi-

197 1154 298 1209 stit
320 1152 462 1223 quod
495 1152 589 1208 Dei
611 1150 753 1207 dona
779 1164 901 1208 sese
922 1151 1149 1207 invicem
1174 1150 1359 1206 fovent
1385 1165 1446 1205 ac
1476 1150 1787 1220 perﬁciunt;

201 1244 341 1302 ideo
385 1245 528 1301 enim
560 1243 1005 1314 multiplicantur,
1040 1258 1146 1299 non
1180 1254 1237 1298 ut
1272 1243 1449 1313 priora
1477 1258 1506 1298 a
1539 1243 1793 1313 posterio-

197 1340 358 1395 ribus
406 1339 769 1407 destruantur,
815 1339 909 1395 sed
941 1348 999 1393 ut
1046 1352 1184 1394 novo
1212 1338 1432 1394 cumulo
1478 1338 1545 1393 ab
1584 1338 1791 1394 eisdem

204 1440 549 1502 augeantur;
594 1432 665 1486 ita
685 1446 810 1502 spes
845 1432 1004 1487 ﬁdem
1046 1432 1239 1499 munit,
1271 1442 1324 1489 et
1352 1439 1634 1504 utramque
1662 1431 1790 1488 cha-

201 1527 344 1582 ritas
382 1527 718 1583 corroborat.
767 1528 1073 1583 Posteriora
1123 1529 1267 1583 enim
1317 1528 1457 1595 dona
1505 1528 1701 1584 dantur
1738 1527 1792 1582 in

204 1622 499 1691 praemium
529 1620 791 1677 bonorum
825 1636 1067 1692 operum,
1115 1622 1301 1692 eisque
1340 1622 1638 1692 subjectum
1672 1622 1795 1677 red-

202 1713 361 1769 ditur
394 1713 607 1769 melius.
632 1712 765 1769 Cum
794 1722 971 1769 autem
993 1714 1322 1769 continentia
1348 1715 1417 1771 sit
1445 1714 1641 1769 donum
1678 1714 1794 1782 Dei,

204 1814 267 1861 ut
296 1821 361 1861 ex
388 1806 556 1877 prima
583 1806 650 1861 ad
694 1805 1001 1863 Corinthios
1032 1805 1296 1876 Epistola,
1324 1822 1442 1878 cap.
1483 1821 1574 1874 vn,
1612 1806 1802 1878 probat

1883 576 1993 640 nio,
2026 575 2253 653 colludis
2284 576 2336 632 in
2364 576 2568 647 praelio.
2602 594 2620 628 ι
2658 574 2722 630 Et
2751 586 2938 645 postea
2970 594 2984 631 :
3018 572 3267 630 «Mallem
3298 582 3349 630 te
3376 573 3475 629 fal-

1884 669 2074 726 laciter
2102 668 2326 724 laudare
2346 669 2862 739 concupiscentiam,
2894 682 3052 739 quam
3092 666 3350 723 fallaciter
3379 667 3477 723 im-

1885 774 2145 832 pugnare.
2198 759 2557 815 Tolerabilius
2607 761 2751 817 enim
2807 760 2986 829 lingua
3029 766 3119 815 tua
3163 773 3319 829 quam
3371 758 3479 813 vita

1887 857 2175 925 mentitur,
2201 854 2539 910 tolerabilius
2568 854 2834 911 sententia
2863 868 3020 923 quam
3050 851 3373 908 continentia
3401 851 3478 907 si-

1890 950 2147 1019 mulatur.
2177 948 2365 1017 Fingis
2404 948 2603 1019 quippe
2636 948 2847 1003 laudem
2879 963 2981 1015 qua
3022 946 3099 1001 sis
3140 944 3481 1001 adversarius

1891 1046 2171 1102 sententia:
2202 1059 2354 1110 mea),
2376 1042 2421 1099 si
2454 1056 2560 1099 non
2584 1042 2738 1114 ﬁngis
2760 1041 3063 1097 castitatem
3086 1054 3188 1110 qua
3210 1052 3268 1095 es
3290 1037 3485 1093 adver-

1890 1142 2067 1197 sarius
2112 1139 2562 1209 concupiscentiae
2616 1146 2742 1193 tuae.
2768 1158 2785 1191 ι
2825 1138 3030 1194 Rursus
3065 1138 3243 1207 capite
3298 1136 3484 1191 ultimo

1893 1230 2136 1301 ejusdem
2166 1231 2290 1286 libri
2317 1231 2395 1285 sic
2425 1229 2694 1285 lulianum
2738 1230 2973 1299 premit:
3013 1248 3032 1282 ι
3066 1229 3203 1298 Quid
3229 1238 3312 1284 est
3342 1228 3485 1299 quod

1892 1325 2079 1381 laudas
2104 1340 2225 1381 cum
2257 1326 2451 1395 quibus
2479 1339 2684 1395 pugnae
2705 1324 2728 1378 'I
2751 1324 3033 1391 Quomodo
3062 1323 3261 1379 virtute
3306 1323 3487 1379 hostes

1894 1417 2169 1474 debellare
2200 1426 2253 1473 te
2278 1417 2673 1489 credam,quos
2696 1417 2862 1473 verbo
2887 1417 3120 1472 lacerare
3151 1430 3255 1471 non
3287 1414 3489 1471 audes?

1900 1511 1960 1568 Si
2010 1512 2172 1568 ambo
2220 1511 2713 1581 concupiscentiam
2765 1510 3122 1575 debellamus,
3170 1523 3339 1581 quare
3383 1521 3490 1565 non

1897 1604 2059 1660 ambo
2088 1604 2488 1675 vituperamus?
2530 1604 2701 1671 Quam
2732 1612 2783 1658 te
2806 1602 2978 1672 jactas
3019 1614 3330 1672 expugnare
3359 1614 3491 1655 con-

1900 1696 2147 1764 tinentia,
2178 1711 2345 1767 quare
2374 1711 2481 1752 non
2525 1696 2609 1752 vis
2650 1695 2907 1751 damnare
2952 1694 3259 1751 sententia?
3289 1712 3309 1747 ι
3342 1691 3495 1760 Quod

1903 1806 2033 1847 vero
2060 1790 2332 1862 Pelagiani
2360 1790 2747 1847 continentiam
2772 1789 3038 1861 praecipue
3076 1786 3492 1858 proﬁtebantur,

204 1904 542 1975 Augustinus
563 1904 657 1961 lib.
690 1920 707 1959 ι
745 1904 813 1960 de
842 1903 1052 1974 Nuptiis
1081 1913 1135 1959 et
1156 1916 1409 1974 concnp.,
1442 1917 1559 1973 cap.
1592 1904 1641 1970 5,
1669 1916 1798 1959 con-

1912 1900 2003 1955 qua
2025 1892 2210 1939 contra
2234 1883 2726 1953 concupiscentiam
2765 1883 2965 1939 bellum
3007 1881 3290 1953 gerebant,
3316 1881 3494 1951 Augu-

206 2004 583 2067 sequensest
609 2006 668 2051 ut
698 1994 1133 2065 concupiscentia
1188 1994 1431 2049 naturale
1477 1996 1573 2051 Dei
1600 1995 1802 2050 donum

208 2105 342 2147 esse
384 2106 491 2146 non
522 2091 717 2161 possit,
750 2090 843 2146 sed
887 2090 1073 2145 vitium
1106 2089 1443 2145 solummodo
1470 2089 1540 2145 sit
1568 2103 1629 2145 ac
1657 2088 1805 2145 defe-

205 2192 371 2239 ctus-
410 2182 652 2238 Alterum
701 2191 1095 2266 argumentum,
1157 2182 1297 2252 quod
1356 2190 1571 2237 sanctus
1615 2180 1805 2237 doctor

207 2285 406 2331 contra
437 2275 705 2333 Julianum
735 2287 906 2349 urget,
934 2278 1039 2333 tale
1070 2287 1151 2332 est
1177 2292 1191 2330 :
1214 2275 1428 2332 Nullum
1452 2292 1585 2347 opus
1611 2276 1701 2333 Dei
1724 2286 1808 2333 est

208 2369 441 2423 materia
492 2369 747 2440 pudoris;
798 2370 943 2441 atqui
976 2368 1413 2441 concupiscentia
1452 2380 1534 2425 est
1582 2370 1806 2425 materia

207 2462 465 2531 pudoris,
505 2479 613 2518 non
662 2462 822 2534 igitur
850 2463 939 2518 illa
989 2470 1071 2517 est
1118 2477 1252 2533 opus
1286 2462 1402 2527 Dei,
1434 2473 1484 2517 et
1523 2478 1588 2518 ex
1619 2476 1806 2516 conse-

206 2555 403 2624 quenti
434 2569 539 2609 non
571 2564 652 2611 est
701 2554 960 2625 perfectio
989 2555 1268 2611 naturalis.
1311 2555 1482 2623 Major
1511 2565 1593 2610 est
1625 2563 1804 2620 certa;

208 2648 418 2703 etenim
448 2650 572 2702 cidit
602 2648 740 2703 Deus
768 2658 968 2714 cuncta,
1004 2664 1116 2719 qua?
1139 2652 1350 2719 fecerat,
1396 2658 1441 2702 et
1487 2657 1631 2703 erant
1659 2647 1809 2702 valde

211 2740 356 2795 bona
396 2740 554 2814 (Gen.
587 2757 626 2808 ι,
658 2740 772 2812 '51).
826 2742 1027 2797 Bonum
1078 2751 1254 2797 autem
1306 2756 1411 2796 non
1459 2750 1542 2797 est
1587 2742 1808 2797 materia

213 2834 468 2905 pudoris,
508 2834 602 2891 sed
648 2835 830 2906 gloriae
858 2848 922 2890 ac
961 2835 1152 2890 laudis.
1195 2834 1455 2890 Andiatur
1480 2834 1808 2905 Augustinus

209 2928 317 2984 lib.
349 2944 386 2984 ιι
410 2928 477 2984 de
505 2928 711 3000 Nuptiis
738 2939 791 2985 et
812 2943 1066 3000 concup.,
1091 2944 1208 2999 cap.
1234 2928 1268 2981 9
1293 2946 1305 2981 :
1336 2946 1355 2980 ι
1383 2927 1522 2996 Quid
1545 2928 1687 2982 enim
1712 2944 1806 2997 po-

211 3020 324 3076 tuit
352 3020 494 3077 Deus
519 3020 717 3088 facere,
740 3021 878 3091 quod
902 3021 1021 3092 ejus
1050 3020 1458 3091 pradicatorem
1496 3020 1693 3091 pudeat
1721 3021 1806 3075 di-

210 3111 392 3167 cere?
417 3111 483 3167 Et
510 3113 649 3183 quod
676 3122 760 3169 est
787 3114 1024 3185 gravius,
1050 3113 1250 3185 pudeat
1282 3114 1552 3169 hominem
1584 3111 1810 3182 alicujus

212 3204 426 3274 operis,
455 3206 594 3275 quod
641 3222 750 3263 non
794 3208 979 3275 homo,
1012 3207 1106 3263 sed
1150 3207 1293 3262 Deus
1332 3205 1452 3262 fecit
1484 3207 1534 3261 in
1566 3205 1801 3271 homine,

1905 1977 2080 2032 stinus
2105 1992 2169 2033 ex
2200 1977 2441 2047 ipsorum
2482 1976 2750 2032 sententia
2781 1976 3169 2032 continentiam
3217 1976 3271 2029 in
3317 1973 3495 2045 suspi-

1907 2073 2118 2128 cionem
2152 2071 2512 2128 simulationis
2553 2071 2745 2128 adduci
2789 2070 2969 2141 lepide
3012 2069 3211 2126 ibidem
3264 2069 3498 2126 inferens

1907 2162 2055 2217 addit
2088 2178 2102 2217 :
2141 2180 2159 2215 ι
2191 2162 2399 2218 Bellum
2448 2171 2687 2219 vestrum
2744 2162 2891 2230 latet,
2926 2162 3159 2218 amicitia
3215 2168 3381 2231 patet.
3418 2160 3498 2217 Ει

1910 2260 2013 2315 hoc
2060 2259 2204 2330 quod
2248 2267 2418 2329 patet,
2471 2266 2781 2329 suspectum
2829 2258 2961 2314 facis
3009 2270 3133 2313 esse
3180 2256 3321 2328 quod
3350 2255 3499 2311 latet.

1908 2350 2049 2418 Quid
2088 2350 2231 2405 enim
2276 2351 2353 2403 vis
2380 2349 2663 2405 credamus
2713 2348 2782 2405 de
2828 2348 2972 2405 bello
3017 2347 3161 2420 quod
3215 2346 3404 2417 geritis
3449 2345 3501 2403 in

1910 2452 2122 2514 operto,
2156 2458 2385 2514 quorum
2410 2443 2700 2499 amicitiam
2730 2443 3001 2499 cernimus
3033 2442 3086 2497 in
3116 2439 3337 2511 aperto?
3361 2439 3500 2507 Quo-

1911 2538 2072 2594 modo
2087 2537 2169 2593 vis
2184 2547 2241 2593 ut
2267 2537 2590 2593 arbitremur
2612 2535 2870 2591 adversus
2892 2534 3134 2591 aculeum
3167 2542 3220 2590 te
3249 2532 3501 2589 dimicare

1911 2628 2306 2696 libidinis,eum
2343 2627 2510 2683 libros
2546 2626 2771 2697 impleas
2811 2626 2971 2682 laude
3008 2625 3281 2681 libidinis?
3305 2623 3501 2679 Verum

1909 2735 2039 2777 ecce
2062 2720 2223 2776 vinco
2253 2720 2616 2789 suspicionem
2660 2733 2865 2785 meam;
2897 2732 3215 2789 expugnare
3249 2724 3300 2772 te
3337 2717 3500 2795 credo

1910 2816 2048 2887 quod
2079 2815 2289 2881 laudas,
2314 2815 2406 2870 sed
2444 2813 2665 2870 laudare
2687 2821 2739 2869 te
2768 2813 2925 2869 doleo
2958 2811 3101 2884 quod
3149 2824 3442 2880 expugnas.
3472 2825 3492 2864 ι

1913 2914 2177 2968 Praeterea
2208 2910 2303 2967 lib.
2340 2925 2420 2977 ιιι,
2454 2922 2575 2980 cap.
2606 2908 2672 2965 21
2699 2926 2711 2962 :
2745 2928 2764 2962 ι
2790 2908 2881 2964 Vis
2897 2907 3041 2964 enim
3072 2906 3287 2963 vincere
3306 2918 3501 2961 concu-

1916 3007 2227 3077 piscentiam
2249 3005 2644 3076 expugnatione
2656 3003 2793 3073 ejus,
2814 3018 2898 3058 me
2917 3016 3047 3057 vero
3062 3000 3216 3057 laude
3233 2999 3376 3070 ejus.
3394 2997 3503 3055 Sed

1910 3116 2010 3171 ego
2031 3101 2359 3172 respondeo:
2378 3101 2445 3157 Ut
2472 3102 2716 3155 vincatur
2736 3100 2825 3169 qui
2842 3098 3252 3169 landat,judicet
3273 3097 3361 3167 qui
3376 3110 3503 3167 pug-

1913 3204 2021 3249 nat.
2057 3195 2110 3249 Si
2141 3194 2285 3250 enim
2315 3195 2514 3249 malum
2553 3203 2656 3263 est,
2683 3208 2779 3249 cur
2807 3192 3026 3247 laudat?
3068 3191 3122 3246 Si
3159 3192 3354 3247 bonum
3394 3199 3503 3259 est,

214 3312 343 3352 cum
376 3312 567 3353 omnes
598 3299 818 3369 opiﬁces
850 3307 1049 3369 quanto
1084 3306 1306 3367 possunt
1332 3297 1537 3365 labore,
1560 3308 1619 3353 et
1649 3298 1800 3352 indu-
1832 3289 1877 3350 C
1911 3302 2006 3342 cur
2055 3287 2363 3357 ωβυεηιιῖ
2414 3286 2470 3343 Si
2530 3296 2706 3341 autem
2763 3299 2863 3340 nec
2906 3285 3104 3340 bonum
3157 3298 3257 3340 "0°
3309 3282 3505 3338 malum

214 3390 356 3444 stria
402 3389 455 3444 id
496 3400 675 3461 agant,
722 3406 790 3447 ne
838 3392 906 3447 de
957 3392 1067 3447 suis
1112 3392 1364 3461 operibus
1412 3390 1804 3446 erubescant.»

214 3480 398 3537 Porro
427 3483 914 3553 concupiscentiam
948 3499 1068 3540 esse
1113 3485 1391 3539 materiam
1424 3485 1810 3541 erubescentiae

214 3589 286 3631 ac
315 3576 537 3645 pudoris
570 3578 769 3632 certius
804 3588 888 3633 est
930 3590 1089 3644 quam
1134 3578 1243 3633 ulla
1275 3578 1490 3633 aliunde
1521 3580 1682 3648 petita
1722 3592 1808 3633 ra-

215 3669 376 3724 tione
418 3668 720 3724 evidcntiue
752 3670 868 3724 ﬁeri
914 3672 1101 3739 possit.
1137 3670 1335 3726 Scribit
1362 3670 1557 3726 ibidem
1590 3679 1809 3726 sanctus

223 3763 451 3831 doctor,
481 3778 597 3834 cap.
630 3764 705 3819 5:
734 3780 753 3815 ι
785 3764 861 3820 De
912 3763 1009 3819 hac
1049 3764 1529 3836 (concupiscentia)
1581 3764 1812 3821 erubue-

218 3863 357 3911 runt
405 3856 565 3912 etiam
612 3857 700 3926 qui
730 3858 887 3926 primi
935 3856 1178 3926 pudenda
1221 3866 1489 3922 texerunt,
1518 3872 1636 3925 qua:
1669 3859 1812 3928 prius

218 3947 474 4017 pudenda
505 3964 609 4004 non
635 3946 868 4014 fuerant,
897 3949 992 4005 sed
1026 3954 1275 4019 tanquam
1304 3950 1398 4005 Dei
1428 3965 1589 4020 opera
1620 3951 1813 4019 praedi-

218 4041 397 4097 canda
438 4052 598 4112 atque
646 4043 943 4114 glorianda.
977 4043 1128 4099 'l‘unc
1156 4059 1285 4116 ergo
1315 4054 1574 4101 texerunt
1602 4047 1813 4117 quando

218 4134 581 4201 erubuerunt;
605 4145 731 4191 tunc
757 4144 935 4191 autem
961 4136 1287 4192 erubuerunt
1306 4139 1522 4209 quando
1551 4148 1671 4209 post
1698 4140 1816 4194 ino-

220 4228 556 4286 bedientiam
588 4242 739 4286 suam
767 4231 1131 4287 inobedientia
1178 4233 1419 4289 membra
1450 4241 1753 4290 senserunt.
1789 4254 1808 4287 ι

219 4321 304 4377 De
331 4321 437 4377 hoc
465 4324 584 4393 ipso
624 4325 821 4393 passim
849 4324 1178 4394 Augustinus
1213 4325 1324 4397 agit
1354 4327 1515 4383 etiam
1561 4329 1612 4382 in
1640 4327 1817 4398 Opere

220 4414 568 4483 imperfecto.
956 4452 961 4465 .

300 4494 418 4548 lmo
444 4494 710 4550 subtiliter
735 4503 791 4551 et
815 4505 972 4553 acute
998 4497 1267 4553 lulianum
1300 4499 1532 4568 vellicat,
1579 4502 1669 4571 qui
1701 4502 1815 4556 lau-

223 4585 385 4641 daret
399 4586 889 4657 concupiscentiam
911 4590 1177 4661 simulque
1204 4600 1393 4648 contra
1411 4594 1654 4651 eamdem
1684 4610 1813 4670 pug-

1918 3389 2017 3447 est,
2053 3382 2240 3451 utquid
2276 3381 2476 3447 laudnt,
2521 3380 2709 3451 utquid
2744 3380 3057 3450 expugnat?
3106 3376 3353 3446 Quandiu
3408 3377 3502 3448 igi-

1919 3484 2006 3531 tur
2032 3482 2366 3545 expugnator
2410 3474 2649 3530 libidinis
2690 3473 2817 3537 eris,
2845 3473 3029 3527 tandiu
3063 3485 3158 3538 pro
3181 3485 3267 3526 me
3313 3478 3505 3526 contra

1920 3576 1973 3624 te
2001 3569 2172 3637 ipsum
2196 3567 2361 3638 judex
2389 3567 2515 3622 eris.
2543 3571 2621 3621 An
2654 3566 2793 3621 forte
2817 3565 3075 3621 adversus
3100 3562 3377 3620 libidinem
3398 3577 3506 3619 non

1918 3660 2173 3732 cenabis,
2208 3676 2275 3715 ne
2312 3661 2362 3714 in
2396 3661 2520 3727 isto,
2551 3659 2693 3730 quod
2737 3674 2947 3714 mecum
2998 3658 3186 3726 habes,
3214 3657 3507 3713 certamine

1919 3756 2213 3824 superaris,
2246 3753 2433 3809 dicens
2465 3754 2559 3821 tibi
2601 3754 2726 3823 ipsi,
2757 3754 2946 3809 Melius
2994 3768 3099 3807 non
3144 3767 3322 3823 pugno
3348 3766 3506 3822 quam

1920 3847 2148 3902 ostendo
2200 3847 2484 3917 pugnando
2540 3847 2738 3903 malum
2790 3862 2913 3903 esse
2941 3846 3081 3917 quod
3132 3846 3507 3913 laudolNoli,

1918 3939 2144 3995 obsecro
2175 3946 2228 3993 te
2261 3957 2273 3992 :
2306 3938 2433 4009 quid
2478 3941 2621 3994 enim
2669 3953 2789 3994 sum
2846 3955 2967 4009 ego,
2995 3954 3156 4009 quem
3188 3954 3287 4011 pro
3318 3954 3509 4010 magno

1918 4037 2190 4094 desideras
2233 4036 2488 4092 vincere?
2516 4036 2707 4092 Vincat
2755 4047 2808 4093 te
2859 4038 3038 4105 potius
3086 4038 3308 4106 veritas,
3343 4045 3405 4093 ut
3451 4045 3508 4093 tu

1916 4128 2191 4185 libidinem
2214 4128 2420 4195 vincas,
2446 4146 2465 4182 ι
2493 4138 2599 4185 etc.
2624 4130 2803 4197 Quare
2821 4130 2983 4185 veluti
3013 4139 3291 4200 prostrato
3314 4131 3510 4188 adver-

1915 4223 2060 4279 sario
2092 4223 2314 4279 insultat
2336 4223 2668 4294 Augustinus
2700 4240 2715 4281 z
2750 4238 2770 4277 ι
2802 4224 3037 4279 Victoria
3065 4224 3135 4280 de
3164 4233 3218 4280 te
3255 4239 3371 4281 mea
3419 4225 3512 4280 illo

1916 4315 2059 4371 malo
2087 4324 2261 4370 tecum
2298 4325 2571 4385 pugnante
2620 4329 2811 4372 secura
2856 4325 2962 4371 est.
2990 4335 3011 4369 ι
3046 4316 3164 4372 Lib.
3199 4332 3271 4385 tv,
3305 4331 3425 4387 cap.
3457 4317 3511 4371 2.

1987 4410 2216 4463 Sanetus
2251 4408 2442 4462 doctor
2474 4407 2599 4463 inde
2630 4408 2797 4464 etiam
2840 4407 3251 4478 Pelagianorum
3294 4418 3513 4467 senten-

1919 4503 2048 4559 tiatn
2080 4502 2448 4572 expugnabat,
2483 4501 2628 4571 quod
2660 4501 2942 4558 laudarent
2980 4503 3061 4559 illi
3108 4503 3514 4569 continentiam,

1919 4610 2040 4664 quae
2070 4604 2249 4650 tamen
2288 4594 2510 4650 inimica
2549 4603 2667 4651 erat
2708 4595 3183 4665 concupiscentiae,
3216 4595 3359 4665 quod
3406 4610 3514 4651 non

226 4686 406 4745 naret,
441 4678 597 4736 laude
637 4680 852 4750 quidem
905 4683 1150 4739 eamdem
1202 4685 1395 4741 bonam
1440 4688 1670 4759 fingens,
1724 4689 1819 4745 sed
1852 4694 1899 4753 ι)
1927 4691 2105 4746 minus
2146 4691 2429 4763 eleganter
2451 4705 2613 4761 quam
2642 4689 2834 4746 festive
2862 4704 3009 4759 saepe
3038 4689 3223 4759 objicit
3252 4688 3468 4744 Juliano
3499 4731 3514 4745 .

226 4785 408 4841 pugna
454 4772 651 4828 malam
678 4782 1010 4833 contestans.
1041 4776 1175 4833 Cum
1209 4794 1341 4835 vero
1365 4780 1650 4849 Augustini
1693 4797 1817 4838 sen-

227 4865 416 4921 tentia:
439 4865 638 4923 aculeis
659 4866 895 4938 undique
914 4879 1136 4927 armatae
1157 4870 1285 4941 sint,
1309 4873 1502 4943 quibus
1521 4889 1625 4929 non
1657 4875 1820 4930 modo

228 4960 520 5016 haereticus
546 4970 834 5032 pungatur,
879 4978 1067 5019 verum
1096 4965 1257 5021 etiam
1286 4966 1529 5035 feriatur,
1559 4968 1818 5038 quasdam

230 5056 321 5112 hic
368 5056 501 5111 libet
550 5056 889 5113 subnectere.
930 5058 1115 5129 itaque
1157 5060 1280 5116 libri
1308 5076 1361 5117 tv
1388 5062 1543 5116 initio
1596 5060 1815 5117 scribit:

236 5170 258 5204 ι
278 5151 395 5208 Hoc
432 5150 630 5206 malum
654 5159 840 5207 contra
869 5168 955 5209 me
986 5154 1276 5223 laudando,
1302 5155 1644 5212 adversarius
1669 5172 1820 5212 meus

229 5243 453 5311 videris,
479 5243 578 5300 sed
621 5245 676 5301 in
708 5251 762 5299 te
786 5244 1130 5312 debellando,
1162 5262 1311 5303 meus
1344 5250 1495 5304 testis
1523 5262 1602 5305 es.
1632 5249 1689 5304 Si
1725 5264 1821 5303 au-

231 5343 340 5390 tem
374 5334 477 5390 hoc
507 5349 613 5389 non
645 5334 907 5403 debellas,
934 5346 1055 5392 tuus
1084 5337 1252 5394 hostis
1273 5354 1351 5395 es.
1376 5359 1395 5392 ι
1432 5340 1667 5411 Longior
1692 5356 1821 5397 sne

240 5438 325 5483 est
348 5428 619 5484 sententia
648 5427 741 5484 lib.
762 5444 841 5495 ιιι,
871 5444 989 5499 cap.
1013 5430 1105 5498 2i,
1138 5431 1230 5487 sed
1256 5432 1453 5488 salibus
1475 5441 1584 5488 tota
1604 5449 1821 5505 aspersa

234 5530 336 5575 est.
372 5539 391 5573 ι
412 5520 669 5576 Fortasse
696 5536 845 5590 ergo,
871 5520 1060 5591 inquit,
1086 5521 1306 5578 laudare
1337 5532 1389 5578 te
1420 5524 1588 5594 lingis,
1616 5523 1661 5579 si
1693 5539 1824 5595 pug-

237 5632 363 5674 nare
391 5633 499 5673 non
542 5617 717 5688 ﬁngis.
751 5617 885 5673 Nam
929 5618 1197 5689 quomodo
1228 5619 1457 5675 fideliter
1487 5620 1648 5676 simul
1694 5635 1823 5690 agas

1928 4800 1949 4836 ι
1977 4782 2090 4838 Duo
2118 4783 2261 4838 enim
2302 4783 2438 4838 bona
2486 4796 2606 4853 quae
2645 4796 2678 4835 a
2709 4781 2819 4837 Deo
2860 4781 3024 4836 Patre
3075 4788 3219 4845 sunt,
3266 4780 3407 4835 inter
3454 4794 3516 4837 se

1928 4890 2164 4946 pugnare
2191 4890 2295 4930 non
2322 4883 2565 4944 possunt,
2597 4882 2833 4945 pugnant
2868 4878 3047 4928 autem
3076 4872 3218 4928 inter
3241 4882 3302 4928 se
3339 4873 3516 4928 conti-

1927 4968 2107 5023 nentia
2129 4976 2185 5024 et
2221 4967 2679 5037 concupiscentia.
2712 4965 2851 5033 Quid
2884 4964 3073 5019 horum
3102 4979 3131 5017 ιι
3163 4964 3322 5019 Patre
3351 4963 3517 5035 magis

1925 5060 2058 5116 velis
2087 5074 2208 5117 esse
2258 5060 2549 5129 responde.
2584 5058 2753 5114 Video
2795 5073 2931 5129 quas
2962 5058 3181 5127 patiaris
3210 5057 3517 5128 angustias;

1925 5151 2076 5207 faves
2104 5150 2322 5221 quidem
2370 5150 2843 5221 concupiscentiae,
2877 5148 2972 5205 sed
3018 5148 3293 5204 erubescis
3346 5150 3517 5205 conti-

1927 5243 2147 5299 nentia.
2178 5244 2368 5299 Vincat
2422 5244 2596 5314 pudor
2650 5253 2795 5311 tuus,
2853 5256 3022 5313 eoque
3078 5242 3324 5299 vincatur
3368 5258 3518 5299 error

1925 5343 2067 5391 tuus.
2091 5354 2111 5389 ι
2138 5334 2256 5392 Lib.
2282 5352 2352 5403 tv,
2389 5352 2509 5405 cap.
2550 5336 2636 5392 15.
2668 5334 2871 5405 Lepide
2915 5334 3058 5390 idem
3111 5335 3346 5392 inculcat
3394 5336 3517 5405 cap‘.

1927 5431 1996 5486 14
2023 5449 2034 5485 :
2060 5449 2078 5484 ι
2100 5430 2243 5487 inter
2273 5445 2331 5486 se
2354 5431 2734 5501 belligerantes
2758 5438 3011 5501 tanquam
3052 5433 3103 5486 in
3133 5430 3274 5486 bello
3302 5431 3521 5487 timidus

1925 5527 2111 5582 ambas
2136 5526 2355 5582 laudare
2385 5526 2622 5591 conaris,
2651 5525 2799 5581 velut
2826 5524 3101 5581 inimicam
3140 5535 3388 5581 metuens
3421 5525 3515 5580 ha-

1930 5622 2085 5689 bere,
2109 5636 2229 5691 quae
2257 5621 2498 5691 potuerit
2544 5620 2766 5677 alteram
2798 5621 3035 5676 vincere.
3063 5638 3082 5673 ι
3115 5621 3249 5677 Cum
3280 5619 3521 5676 Julianus

237 5714 341 5767 duo
362 5716 489 5780 ista,
524 5726 632 5768 non
669 5713 847 5779 video,
880 5720 937 5768 ut
980 5722 1035 5770 et
1072 5713 1262 5770 laudes
1308 5714 1455 5770 velut
1497 5715 1743 5781 amicam,
1773 5724 1827 5770 et
1933 5714 2284 5772 continentia:
2305 5716 2566 5771 cultorem
2606 5718 2972 5785 profiteretur,
3000 5725 3114 5773 erat
3142 5716 3284 5774 cnim
3314 5716 3508 5785 episco-

237 5821 512 5877 cxpugnes
557 5806 707 5861 velut
752 5805 1047 5862 inimicam.
1072 5806 1487 5873 linum-earum
1531 5807 1822 5875 credimus,

1933 5822 2055 5880 pus,
2097 5807 2421 5867 irridebatur
2439 5810 2509 5867 ab
2529 5812 2828 5882 Augustino
2849 5814 2991 5884 quod
3023 5813 3261 5870 libidinis
3281 5814 3519 5871 laudato-

240 5899 331 5954 scd
353 5899 493 5970 elige
522 5898 665 5972 quod
700 5902 1007 5958 credamus.
1039 5900 1097 5959 Si
1134 5918 1201 5958 ex
1241 5904 1424 5961 animo
1451 5918 1676 5976 pugnas,
1719 5919 1827 5962 non
1888 5930 1897 5941 ι
1933 5918 2049 5963 rem
2069 5918 2258 5985 ageret
2288 5925 2300 5962 :
2332 5926 2351 5961 ι
2380 5907 2474 5963 Vir
2518 5906 2838 5965 fortissimus
2869 5918 3253 5972 nocturnorum
3281 5911 3380 5970 etsi
3411 5926 3519 5977 non
