3962 6346
501 355 605 409 (307

1425 342 1985 408 SUPPLEMENTUM
2023 343 2117 405 AD
2153 345 2384 406 OPERA
2421 347 2480 406 S.
2523 345 2917 410 AUGUSTINI.

3679 359 3775 418 608

499 469 934 539 administrator,
965 473 1109 525 certe
1147 467 1481 533 exhortator,
1513 463 1941 536 praedicatorque
1979 459 2093 518 bel-
2117 461 2174 523 Α
2199 461 2490 533 Praeterea,
2541 467 2631 521 lib.
2670 483 2722 523 tv
2767 468 3010 540 ejusdem
3052 472 3254 542 operis,
3281 484 3400 543 cap.
3446 474 3510 529 Η
3541 490 3558 530 :
3598 493 3619 526 ι
3646 475 3774 534 Ecce

501 563 696 618 lorum.
721 585 738 616 ›
767 563 882 619 Lib.
912 578 966 628 v,
995 576 1112 630 cap.
1145 561 1199 614 7.
1222 560 1390 626 Quem
1423 568 1601 615 tamen
1625 559 1693 614 ad
1718 573 1838 614 eam
1867 570 2082 628 pravam

498 655 816 710 sententiam
865 652 1238 718 deponendam
1291 651 1653 706 hortabatur:
1693 649 1886 720 «Rogo
1934 656 2007 713 te,
2039 647 2086 702 si

499 747 663 803 libido
686 748 806 811 ista,
834 755 892 800 ut
921 745 1214 810 credimus,
1238 745 1406 800 solam
1435 743 1532 798 tibi
1561 743 1758 814 ingerit
1782 742 2085 799 molestiam

497 838 806 902 resistendi,
840 837 1040 893 nullam
1085 852 1214 892 vero
1239 837 1461 892 exhibet
1506 834 1860 906 voluptatem,
1909 850 2008 890 cur
2035 834 2087 890 ei

495 932 736 1001 quamvis
759 931 906 986 falsae
928 942 1035 986 tam
1065 947 1308 1002 magnam
1336 931 1507 985 laudis
1542 929 1955 998 persolvendam
1989 945 2086 1000 pu-

493 1033 575 1080 tas
629 1039 748 1080 esse
796 1025 1196 1080 mercedem?»
1231 1023 1350 1080 Lib.
1411 1040 1470 1077 ιιι
1519 1024 1710 1090 Operis
1763 1021 2084 1092 imperfecti,

493 1136 613 1190 cap.
642 1120 732 1186 76,
760 1121 962 1175 addens
979 1135 1100 1189 cap.
1121 1119 1221 1174 87:
1257 1139 1276 1173 ‹
1301 1118 1544 1190 Nunquid
1571 1117 1690 1173 ideo
1719 1126 1770 1172 te
1802 1117 1919 1186 plus
1940 1131 2090 1171 ama-

491 1216 605 1270 bit?
636 1217 861 1270 Prorsus
909 1215 1142 1270 falleris:
1176 1213 1265 1268 illa
1324 1227 1430 1268 non
1478 1220 1620 1267 amat
1667 1209 1962 1277 hominem,
1991 1208 2087 1266 sed

493 1312 653 1382 plane
682 1312 941 1377 stimulat,
977 1321 1036 1367 ut
1057 1319 1202 1364 amet
1229 1310 1371 1380 quod
1398 1323 1580 1364 amare
1611 1324 1718 1362 non
1750 1309 1929 1363 debet.
1953 1329 1972 1361 ›

563 1404 791 1476 Utrique
821 1405 991 1458 sancti
1036 1403 1319 1473 Augustini
1351 1411 1666 1472 argumento
1690 1401 1960 1471 duplicem
1993 1417 2084 1457 re-

496 1501 844 1570 sponsionem
882 1500 1173 1568 repositam
1205 1499 1383 1554 video.
1420 1498 1474 1554 In
1509 1499 1692 1568 primis
1721 1497 1968 1553 Julianus
1999 1497 2083 1553 di-

493 1593 649 1646 cebat
685 1591 794 1647 duo
825 1592 876 1645 in
907 1591 1340 1660 concupiscentia
1389 1589 1764 1660 distinguenda
1798 1606 1921 1645 esse
1947 1609 1960 1645 :
1990 1605 2086 1646 na-

494 1686 723 1741 turalem
753 1686 883 1754 vim,
919 1693 974 1740 et
1000 1685 1322 1754 pronitatem
1353 1683 1420 1738 ad
1464 1684 1698 1754 speciem
1731 1700 1824 1754 per
1862 1699 2086 1755 genera-

491 1776 694 1833 tionem
746 1779 1166 1848 propagandam,
1222 1786 1276 1832 et
1325 1792 1609 1832 excessum
1657 1777 1922 1847 ejusdem,
1975 1794 2081 1848 quo

2190 569 2318 626 ergo
2347 557 2482 614 dicis
2515 559 2684 615 Deum
2715 561 2771 617 in
2800 561 3018 618 homine
3046 564 3265 620 modum
3313 565 3610 622 instituisse
3661 567 3773 623 libi-

2193 649 2340 716 dini;
2375 667 2471 706 cur
2502 654 2556 708 in
2582 669 2646 708 eo
2677 655 2835 711 modo
2879 672 2987 711 non
3018 666 3144 724 stat,
3177 659 3228 713 in
3261 674 3364 730 quo
3397 668 3483 715 est
3524 660 3775 717 divinitus

2192 743 2456 814 instituta,
2490 748 2584 803 sed
2616 764 2760 816 eum,
2793 751 2894 805 nisi
2927 763 3260 816 coerceatur,
3291 753 3609 823 egreditur?
3635 753 3773 821 Quo-

2190 841 2352 897 modo
2396 857 2522 913 ergo
2570 843 2765 899 bonum
2798 845 3157 917 dicitur,quze
3208 857 3363 918 urget
3409 858 3464 905 et
3509 850 3776 918 compellit

2191 932 2465 988 hominem
2495 935 2674 991 facere
2704 937 2940 992 malum?
2962 957 2981 991 ι
3017 939 3083 993 Et
3111 941 3383 996 concludit
3415 959 3429 995 :
3469 959 3488 992 t
3516 940 3776 996 Excessus

2192 1023 2416 1093 proinde
2442 1025 2681 1081 libidinis
2711 1028 2763 1082 in
2795 1038 3016 1098 peccato
3051 1040 3156 1095 est,
3186 1031 3281 1086 sed
3324 1031 3486 1086 etiam
3520 1032 3776 1100 impulsus

2190 1117 2245 1173 in
2267 1118 2512 1184 crimine,
2545 1137 2563 1170 ι
2593 1135 2787 1189 nempe
2833 1122 2965 1176 vitio
2997 1137 3092 1192 per
3133 1123 3354 1178 modum
3403 1123 3650 1178 habitus.
3685 1123 3776 1179 Sed

2192 1223 2289 1264 nec
2317 1209 2484 1263 altera
2526 1212 2805 1278 responsio
2835 1212 3048 1280 probari
3081 1221 3280 1280 potest.
3329 1213 3462 1268 Nam
3497 1213 3778 1282 imperfec-

2193 1301 2266 1356 tio
2292 1303 2541 1356 consistit
2571 1303 2624 1358 in
2661 1304 2962 1373 privatione
2993 1320 3054 1360 ac
3075 1307 3316 1361 carentia
3345 1307 3700 1377 perfectionis
3738 1318 3780 1363 et

2189 1393 2532 1458 actualitatis,
2563 1397 2646 1450 vis
2676 1405 2858 1453 autem
2888 1398 3342 1468 concupiscentiae
3389 1399 3682 1469 impulsiva
3725 1400 3778 1453 ad

2190 1486 2391 1541 malum
2439 1489 2669 1559 explicat
2717 1489 3031 1545 validiorem
3072 1492 3482 1556 causalitatem;
3514 1492 3662 1546 unde
3693 1507 3776 1546 ne-

2189 1581 2307 1650 quit
2333 1581 2589 1636 constitui
2633 1583 2685 1636 in
2743 1584 2858 1638 sola
2901 1584 3219 1654 privatione,
3251 1603 3370 1656 qua:
3423 1587 3563 1642 nihil
3614 1597 3778 1656 potest

2189 1688 2415 1730 cansare
2461 1675 2776 1741 efficienter,
2808 1677 2902 1731 sed
2935 1688 2992 1733 ut
3023 1695 3186 1748 purus
3218 1689 3423 1736 tantum
3465 1683 3729 1736 terminus
3755 1700 3778 1735 a

2190 1783 2309 1834 quo,
2340 1776 2397 1821 ut
2422 1767 2617 1823 docent
2647 1770 2998 1824 Aristotelici.
3031 1772 3230 1838 Quare,
3265 1774 3422 1827 sicuti
3469 1774 3687 1828 habitus
3709 1776 3778 1828 vi-

491 1871 651 1926 etiam
677 1870 740 1925 ad
773 1871 1056 1927 inhonesta
1080 1879 1136 1927 et
1161 1871 1343 1926 illicita
1373 1870 1619 1926 homines
1646 1871 1919 1941 propellit.
1949 1871 2083 1927 illud

2194 1863 2383 1929 tiosus,
2411 1877 2519 1933 quo
2549 1865 2821 1920 efficacius
2860 1875 3042 1920 movet
3088 1869 3154 1919 ad
3192 1876 3347 1921 actus
3377 1880 3598 1936 pravos,
3626 1868 3779 1935 majo‘

488 1964 718 2034 primum
777 1977 902 2020 esse
956 1964 1183 2028 bonum,
1229 1964 1428 2018 donum
1489 1963 1610 2029 Dei,
1657 1963 1944 2030 laudabile,
1988 1980 2088 2020 nec

489 2059 769 2112 materiem
799 2055 1057 2128 pudoris;
1092 2057 1192 2112 hoc
1217 2072 1346 2112 vero
1371 2057 1600 2112 alterum
1624 2072 1746 2112 esse
1777 2057 1901 2127 quid
1933 2057 2089 2113 vitio-

488 2165 608 2206 sum
650 2165 714 2206 ac
743 2151 1118 2221 vituperabile.
1158 2151 1307 2206 Hanc
1334 2149 1535 2207 Iuliani
1565 2151 1972 2220 responsionem
2004 2167 2089 2208 se-

489 2250 646 2296 cutus
693 2251 777 2296 est
820 2242 1109 2296 Moraines.
1141 2241 1245 2296 Alii
1281 2256 1413 2296 vero
1442 2241 1793 2303 recentiores,
1826 2255 1945 2295 cum
1996 2255 2089 2296 eos

488 2333 688 2405 pudeat
719 2333 916 2389 Juliani
955 2335 1134 2390 verbis
1165 2334 1335 2405 loqui,
1364 2334 1468 2388 alia
1497 2334 1580 2388 via
1614 2333 1845 2388 evadere
1889 2347 2089 2388 conan-

491 2435 622 2481 tur:
657 2427 841 2481 dicunt
890 2428 1376 2496 concupiscentiam
1426 2440 1547 2482 esse
1596 2426 1796 2481 donum
1854 2426 1978 2494 Dei;
2035 2434 2090 2480 at

489 2533 613 2574 cum
644 2519 820 2589 aliqua
851 2518 1284 2588 imperfectione,
1313 2534 1432 2574 cum
1452 2533 1612 2574 omne
1633 2525 1872 2575 creatum
1895 2519 1967 2572 sit
1996 2517 2090 2573 de-

491 2611 826 2677 fectuosum;
862 2612 1172 2683 pudicitiam
1225 2622 1403 2668 autem
1454 2626 1695 2684 pugnare
1742 2619 1930 2667 contra
1983 2611 2086 2664 im-

491 2705 848 2777 perfectiones
900 2705 1378 2775 concupiscentiae,
1433 2720 1495 2758 ac
1547 2703 1750 2760 eisdem
1809 2704 2086 2771 resistere,

490 2799 680 2854 harum
709 2799 1054 2864 erubescere,
1080 2799 1148 2854 de
1189 2797 1271 2855 his
1311 2797 1588 2853 confundi.
1622 2797 1702 2852 Ex
1737 2797 1820 2852 his
1869 2797 2089 2851 tradunt

492 2907 598 2946 non
631 2891 817 2946 inferri
863 2891 1065 2946 malum
1114 2906 1234 2946 esse
1263 2889 1315 2945 id
1364 2890 1448 2944 cui
1498 2888 1934 2960 imperfectiones
1982 2888 2088 2945 illa!

492 2999 748 3040 connexte
794 2993 942 3051 sunt,
972 2983 1128 3038 sicuti
1172 2983 1420 3037 voluntas
1449 2991 1531 3037 est
1571 2983 1860 3053 peccabilis
1907 2982 1977 3038 ob
2005 2983 2088 3039 sui

495 3077 980 3148 imperfectioncm,
1013 3078 1139 3147 quia
1188 3085 1272 3131 est
1311 3091 1378 3131 ex
1423 3076 1612 3144 nihilo,
1641 3087 1697 3132 et
1747 3086 1928 3132 tamen
1981 3092 2089 3133 non

495 3169 875 3224 confundimur
919 3170 988 3225 de
1019 3170 1130 3235 illa,
1164 3184 1341 3240 neque
1392 3169 1620 3224 dicimus
1674 3172 1918 3226 eamdem
1969 3185 2090 3228 esse

2192 1974 2306 2014 rem
2346 1961 2479 2014 dicit
2509 1961 2867 2016 intensionem
2899 1977 3010 2017 suae
3060 1963 3320 2028 entitatis,
3358 1963 3429 2016 ita
3460 1963 3626 2018 etiam
3670 1977 3782 2017 con-

2192 2051 2550 2120 cupiscentia,
2580 2068 2685 2123 quo
2711 2053 2982 2122 potentius
3013 2054 3209 2107 excitat
3240 2054 3305 2107 ad
3338 2063 3493 2108 actus
3523 2069 3781 2124 quoscun-

2192 2161 2295 2216 que
2325 2145 2660 2210 inhonestos,
2683 2146 2940 2216 majorem
2969 2147 3325 2203 intensionem
3363 2163 3475 2203 suae
3503 2149 3775 2202 actualita-

2192 2239 2262 2295 tis
2305 2240 2565 2296 ostendit.
2596 2240 2864 2296 Praeterea
2911 2241 3096 2297 eadem
3149 2241 3432 2311 responsio
3477 2242 3780 2298 refellitur:

2192 2334 2316 2403 quia
2343 2334 2516 2388 omnis
2540 2332 2710 2388 virtus
2739 2347 2834 2388 seu
2871 2333 3052 2404 passio
3081 2333 3342 2388 naturalis
3393 2333 3559 2388 habet
3589 2334 3782 2402 aliquos

2193 2435 2370 2480 motus
2402 2425 2593 2490 bonos,
2625 2425 2752 2481 inde
2779 2427 2922 2480 enim
2943 2426 3156 2480 bonitas
3197 2435 3400 2480 naturae
3431 2439 3462 2479 a
3505 2425 3781 2495 posteriori

2192 2518 2565 2588 cognoscitur;
2591 2527 2646 2572 at
2666 2517 3102 2586 concupiscentia
3131 2519 3304 2572 nullos
3330 2528 3482 2573 actus
3512 2517 3689 2572 bonos
3710 2517 3781 2571 ha-

2192 2611 2303 2676 bet,
2333 2619 2391 2664 ttt
2420 2610 2609 2680 probat
2657 2611 2984 2681 Augustinus
3031 2610 3124 2667 lib.
3175 2627 3227 2666 tv
3255 2621 3444 2666 contra
3499 2611 3781 2676 lulianum,

2191 2715 2312 2770 cap.
2344 2703 2406 2764 ες
2442 2719 2562 2757 nam
2593 2702 2644 2758 in
2677 2705 2877 2759 sanctis
2899 2704 3302 2759 continentibus
3343 2705 3781 2774 concupiscentia

2192 2794 2368 2849 nullos
2395 2805 2545 2850 actus
2590 2795 2761 2850 bonos
2809 2796 3020 2852 exerit:
3061 2814 3080 2847 ι
3110 2795 3248 2863 Quid
3279 2810 3428 2865 ergo,
3465 2797 3668 2864 inquit,
3691 2796 3781 2850 illic

2192 2886 2323 2956 agit,
2347 2887 2439 2941 ubi
2492 2887 2690 2941 malum
2738 2897 2820 2942 est
2868 2887 3125 2958 quidquid
3156 2889 3286 2957 agit,
3316 2903 3379 2942 ac
3405 2888 3450 2942 si
3481 2888 3532 2943 ei
3567 2902 3780 2944 consen-

2193 2978 2357 3031 tiatur
2377 2987 2432 3033 et
2460 2977 2701 3048 peragit?
2741 2979 2879 3046 Quid
2929 2980 3000 3036 ibi
3032 2982 3141 3050 agit
3187 2982 3301 3034 haec
3332 2981 3778 3050 concupiscentia,

2195 3068 2282 3122 ubi
2315 3069 2444 3124 nihil
2489 3069 2614 3124 boni
2669 3072 3067 3140 concupiscitur
3097 3087 3163 3126 ex
3211 3072 3300 3127 illa
3317 3073 3355 3130 ἲ.
3385 3073 3524 3140 Quid
3582 3075 3654 3129 ibi
3685 3076 3780 3144 agit

2196 3161 2383 3232 libido,
2435 3163 2526 3218 ubi
2573 3163 2706 3218 nihil
2754 3164 2880 3220 boni
2935 3164 3126 3220 libebit
3173 3178 3240 3220 ex
3293 3164 3466 3219 illa?»
3524 3165 3670 3237 Lege
3714 3166 3777 3222 ibi

500 3262 694 3317 malam
725 3271 778 3316 et
808 3261 998 3316 vitium
1031 3261 1297 3316 naturale.
1332 3261 1438 3318 Sed
1469 3273 1656 3317 neutra
1688 3265 1970 3332 responsio
1999 3278 2084 3318 sa-
2111 3254 2159 3318 C
2193 3257 2367 3326 plura.

498 3357 568 3411 tis
587 3364 671 3410 est
690 3355 754 3409 ad
783 3353 1172 3424 infringendam
1192 3355 1297 3408 vim
1325 3363 1759 3423 argumentorum
1778 3356 2081 3426 Augustini.

498 3449 733 3505 Primum
765 3448 963 3504 Iuliani
996 3463 1060 3504 ac
1088 3447 1334 3503 Morainii
1367 3463 1684 3518 responsum
1723 3465 1866 3520 saepe
1896 3450 2088 3507 refellit

497 3551 718 3600 sanctus
764 3543 969 3598 doctor.
1022 3542 1140 3598 Lib.
1179 3559 1212 3597 v
1256 3550 1444 3597 contra
1491 3542 1781 3612 Juliauum,
1827 3559 1948 3617 cap.
2007 3547 2082 3602 7:

502 3657 521 3691 ι
549 3639 686 3706 Quid
715 3638 877 3701 enim,
910 3638 1102 3708 inquit,
1139 3647 1190 3694 te
1226 3639 1462 3709 adjuvat,
1495 3639 1637 3710 quod
1689 3640 2087 3710 reprehendere

499 3731 697 3787 videris
723 3733 839 3801 ejus
867 3747 1170 3799 excessum,
1200 3733 1355 3802 cujus
1381 3734 1660 3802 approbas,
1677 3736 1914 3789 motum?
1939 3736 2088 3792 Tunc

497 3827 640 3881 enim
671 3825 882 3882 excedit
927 3826 1131 3880 licitum
1184 3826 1428 3896 limitem,
1461 3827 1677 3898 quando
1705 3827 1824 3898 ejus
1853 3828 2087 3884 motibus

498 3920 722 3986 ceditur,
757 3919 882 3990 quia
927 3920 1069 3974 malo
1115 3920 1409 3986 resistitur,
1457 3936 1524 3975 ne
1572 3920 1771 3975 bonum
1823 3922 2088 3979 castitatis

500 4015 749 4078 intereat,
779 4015 822 4068 si
858 4013 981 4067 huic
1011 4019 1153 4067 malo
1175 4028 1281 4068 non
1308 4014 1604 4069 resistatur.
1634 4033 1654 4068 ι
1691 4017 1858 4070 Acute
1887 4034 1898 4068 :
1924 4015 2090 4087 siqui-

499 4109 620 4162 dem
644 4115 727 4162 est
767 4106 904 4161 mala
925 4120 990 4162 eo
1017 4106 1134 4176 ipso
1158 4107 1298 4177 quod
1331 4107 1397 4160 ad
1430 4108 1630 4161 malum
1672 4108 1936 4177 impellit;
1973 4110 2090 4165 haec

499 4203 643 4257 enim
685 4209 770 4256 est
809 4202 1109 4271 proprietas
1138 4202 1354 4256 habitus
1386 4202 1583 4267 vitiosi,
1609 4201 1866 4257 inclinare
1896 4203 1961 4256 ad
1990 4218 2091 4256 ac-

502 4304 614 4349 tum
662 4294 882 4348 malum.
916 4293 1049 4347 llinc
1088 4293 1294 4362 optimo
1326 4294 1448 4363 jure
1481 4294 1538 4347 Ρ.
1573 4293 1790 4349 Macedo
1840 4297 2091 4365 exemplo

505 4384 716 4438 habitus
741 4383 940 4448 vitiosi,
959 4398 1117 4452 quem
1146 4383 1369 4450 Suarez,
1395 4384 1533 4452 disp.
1569 4383 1640 4438 44
1671 4385 1926 4454 Μθωριι.,
1954 4395 2088 4441 sect.

504 4477 592 4542 l3,
621 4491 770 4532 num.
800 4476 888 4546 26,
917 4487 1075 4546 negat
1104 4492 1262 4546 posse
1292 4493 1321 4531 a
1347 4477 1458 4532 Deo
1501 4479 1717 4548 produci
1758 4480 1810 4533 iit
1852 4480 2089 4550 homine,

504 4573 626 4641 quia
652 4573 790 4627 Deus
816 4587 878 4625 ea
918 4572 1126 4626 ratione
1164 4571 1448 4626 inclinaret
1472 4572 1537 4626 ad
1585 4571 1803 4638 malum,
1839 4575 2087 4630 eumdem

2225 3370 2228 3372 ·
2262 3348 2418 3405 Dices
2457 3358 2672 3405 sanctos
2709 3351 3048 3406 continentes
3084 3351 3151 3406 ad
3181 3351 3442 3421 majorem
3497 3351 3776 3422 perfectio-

2190 3455 2310 3495 nem
2336 3442 2640 3498 voluntarie
2684 3443 2786 3498 sibi
2836 3445 3158 3500 interdicere
3205 3457 3357 3502 actus
3389 3447 3564 3502 honos
3595 3462 3777 3502 concu-

2189 3534 2489 3604 piscentiae,
2523 3550 2662 3605 quos
2686 3551 2855 3592 uxore
2893 3538 3050 3592 (lucta
3081 3548 3302 3607 possent
3332 3539 3481 3594 licite
3510 3553 3774 3594 exercere.

2194 3627 2346 3684 Hanc
2368 3630 2778 3699 responsionem
2810 3632 2986 3700 capite
3021 3632 3112 3686 illo
3140 3632 3384 3687 secundo
3416 3634 3660 3702 explodit
3684 3635 3776 3688 Au-

2189 3721 2434 3790 gustinus
2463 3722 2684 3778 dicens:
2706 3722 2995 3778 «Pudicitia
3027 3724 3320 3794 conjugalis
3345 3726 3645 3781 inhiantem
3661 3741 3775 3781 con-

2192 3815 2574 3884 cupiscentiam
2623 3816 2738 3871 sive
2763 3815 2832 3870 de
2861 3817 3046 3872 illicito
3093 3818 3206 3871 sive
3235 3817 3304 3873 de
3333 3818 3482 3872 licito
3515 3819 3774 3888 percipere

2192 3910 2543 3979 voluptatem,
2581 3908 2754 3965 frenat
2785 3908 2853 3963 ab
2898 3910 3109 3975 illicito,
3147 3910 3410 3978 permittit
3439 3911 3507 3964 ad
3542 3912 3770 3976 licitum;

2195 4003 2298 4058 hoc
2325 4011 2409 4058 est
2436 4003 2658 4070 bonum,
2685 4017 2790 4058 non
2839 4011 3018 4058 tamen
3069 4005 3207 4071 ejus,
3242 4002 3337 4058 sed
3393 4003 3536 4060 bene
3591 4003 3774 4058 utentis

2195 4097 2392 4151 bonum
2420 4107 2521 4152 est.
2554 4096 2706 4164 Quod
2764 4107 2944 4153 autem
2999 4099 3112 4168 ipsa
3166 4099 3610 4167 concupiscentia
3662 4097 3771 4152 facit

2193 4190 2306 4245 sive
2332 4189 2397 4244 ad
2428 4189 2632 4244 licitum
2662 4190 2778 4246 sive
2803 4190 2869 4244 ad
2902 4191 3141 4246 illicitum
3167 4191 3545 4247 indifferenter
3574 4191 3767 4257 ardere,

2195 4285 2378 4354 utique
2410 4287 2608 4339 malum
2637 4295 2740 4342 est.
2775 4285 2886 4340 Hoc
2929 4287 3106 4357 itaque
3139 4288 3284 4342 malo
3330 4290 3468 4343 bene
3497 4289 3660 4344 utitur
3685 4304 3764 4358 puo

2198 4375 2380 4430 dicitia
2438 4379 2761 4448 conjugatis.
2797 4399 2815 4430 ι
2852 4378 2919 4433 Et
2965 4379 3178 4449 quidem
3211 4380 3408 4450 ubique
3462 4380 3768 4450 Augustinus

2195 4479 2504 4526 constanter
2530 4471 2710 4525 docuit
2735 4471 2989 4542 conjuges
3020 4474 3156 4528 bene
3185 4474 3260 4528 uti
3287 4476 3450 4530 malo.
3480 4475 3629 4542 Quod
3661 4489 3768 4528 rur-

2197 4576 2288 4616 sus
2319 4563 2439 4617 indc
2463 4563 2729 4632 probavit,
2760 4567 2882 4633 quia
2919 4567 3358 4635 concupiscentia
3407 4568 3461 4622 in
3493 4567 3763 4639 conjugatis

503 4668 778 4723 doctorem
863 4667 1062 4736 premit
1140 4666 1527 4724 concedentem
1600 4668 2089 4737 concupiscentiam
2119 4653 2426 4725 Dimpelm
2455 4657 2519 4710 ad
2573 4658 3017 4723 Ιηθιυιηνθιοίιθι
3064 4658 3116 4712 ίη
3166 4657 3400 4714 feminas
3432 4669 3754 4730 murenam.

505 4771 664 4825 posse
689 4770 718 4808 a
754 4754 862 4808 Deo
909 4754 961 4808 in
995 4751 1212 4808 homine
1242 4755 1292 4807 in
1333 4762 1476 4809 statu
1525 4762 1728 4809 natura;
1776 4769 1920 4824 purse
1968 4770 2092 4824 pro-

504 4849 649 4905 duci.
685 4848 974 4914 Praiterea,
1008 4847 1102 4902 lib.
1157 4861 1226 4914 tv,
1273 4863 1392 4917 cap.
1443 4848 1533 4914 Μ,
1568 4848 1710 4904 idem
1763 4849 2092 4919 Augustinus

506 4943 578 4997 ait
608 4960 622 4998 :
656 4961 674 4994 ‹
705 4940 774 4996 Ut
802 4955 908 4994 non
936 4939 1027 4992 flat
1057 4939 1256 4994 malum
1285 4939 1604 5005 excedendi,
1630 4941 1989 4997 resistendum
2013 4951 2097 4998 est

508 5035 650 5090 malo
700 5031 1136 5102 concupiscendi.
1171 5032 1282 5088 Duo
1329 5047 1459 5103 ergo
1510 5033 1648 5089 mala
1679 5045 1824 5099 sunt,
1862 5050 2093 5106 quorum

507 5142 671 5182 unum
718 5125 999 5192 habemus,
1033 5125 1260 5180 alterum
1308 5124 1551 5193 facimus,
1582 5127 1628 5181 si
1659 5126 1708 5182 ci
1739 5141 1843 5182 non
1890 5128 2096 5183 resisti-

512 5238 652 5290 mus,
680 5223 819 5291 quod
869 5222 1150 5278 habemus.
1179 5241 1199 5274 ι
1236 5220 1364 5277 Item
1414 5222 1507 5277 lib.
1559 5239 1636 5292 Ill,
1687 5239 1807 5292 cap.
1853 5225 1944 5291 20,
1975 5227 2092 5282 ait:

517 5336 536 5370 ι
564 5316 767 5374 Deinde
793 5317 987 5386 incipis
1020 5318 1295 5387 disputare
1340 5318 1407 5372 de
1451 5333 1676 5374 excessu
1705 5322 2093 5389 concupiscen-

512 5411 620 5476 tite,
654 5423 811 5479 quem
843 5407 1321 5478 reprehensibilem
1365 5409 1521 5476 dicis,
1555 5411 1705 5480 quasi
1751 5411 1806 5464 in
1836 5412 1952 5480 ejus
1977 5427 2096 5466 mo-

512 5502 812 5569 deratione,
847 5518 969 5557 cum
1013 5517 1076 5558 ea
1130 5503 1268 5558 bene
1319 5507 1486 5558 utitur
1536 5505 1877 5574 conjugatus,
1929 5519 2098 5574 equus

514 5597 652 5665 ipse,
675 5597 762 5666 qui
793 5596 968 5653 malus
989 5607 1095 5665 est,
1121 5607 1177 5654 et
1202 5612 1308 5652 non
1341 5599 1514 5668 potius
1540 5599 1607 5652 sit
1638 5599 1754 5667 ejus
1782 5599 1962 5667 auriga
1987 5600 2100 5653 lau-

515 5687 747 5744 dandus.
778 5707 796 5741 ι
835 5687 967 5744 Hinc
997 5688 1136 5744 idem
1160 5689 1341 5758 Pater,
1371 5690 1466 5747 lib.
1493 5707 1509 5745 ι
1539 5692 1730 5760 Operis
1776 5691 2098 5762 imperfecti,

515 5796 638 5852 cap.
669 5784 757 5847 70,
805 5783 1032 5839 scribit:
1063 5803 1082 5835 σ
1108 5783 1165 5840 Si
1195 5786 1244 5840 ei
1289 5786 1578 5851 consentis,
1630 5790 1823 5842 malum
1873 5805 2102 5860 agnosce

425 5915 438 5926 .
523 5875 824 5943 peccando;
852 5877 898 5934 sl
925 5877 975 5934 ei
1004 5876 1464 5942 resistis,-malum
1497 5892 1726 5948 eguerim.
1759 5883 2094 5950 pugnando»

2199 4764 2252 4808 et
2277 4753 2330 4808 in
2359 4768 2517 4809 omne
2547 4753 2888 4808 libidinosum
2920 4768 3055 4821 opus
3098 4755 3349 4824 insurgit.
3395 4773 3414 4806 ‹
3449 4756 3561 4810 Νοη
3584 4756 3756 4822 impor-

2201 4859 2349 4918 tune,
2378 4850 2454 4904 ait
2486 4849 2706 4916 ibidem,
2737 4849 2788 4902 in
2820 4850 3122 4919 conjugatis
3151 4864 3274 4904 esse
3296 4850 3528 4905 dicatur.
3560 4850 3612 4906 Si
3639 4849 3756 4905 enim

2200 4957 2470 4998 summum
2511 4944 2723 4997 culmen
2754 4943 2996 4997 obtinent
3040 4944 3312 5013 pudicitiae
3359 4946 3669 5016 conjugalis,
3699 4945 3758 4995 fa-

2203 5037 2350 5093 ciunt
2380 5037 2504 5091 boni
2548 5035 2745 5107 aliquid
2788 5051 2886 5107 per
2935 5037 3105 5103 illam,
3138 5037 3389 5108 quamvis
3432 5039 3562 5093 nihil
3596 5037 3761 5093 faciant

2204 5138 2425 5201 propter
2473 5129 2642 5184 illam.
2670 5147 2689 5180 ι
2744 5131 2884 5185 Sane
2921 5144 3182 5200 nusquam
3228 5141 3448 5186 sanctus
3477 5131 3658 5185 doctor
3686 5143 3762 5182 vo-

2197 5225 2343 5280 cavit
2391 5223 2886 5292 concupiscentiam
2938 5227 3160 5292 bonum,
3195 5226 3293 5281 sed
3347 5227 3546 5297 ubique
3593 5225 3762 5281 malum

2200 5319 2353 5386 dixit,
2383 5328 2442 5374 ut
2471 5319 2624 5388 plane
2669 5319 2890 5375 evidens
2919 5319 3010 5374 fiat
3055 5319 3354 5374 secundum
3402 5320 3662 5390 pr0priam
3688 5331 3761 5372 es-

2201 5414 2430 5470 sentiam
2487 5427 2608 5468 esse
2658 5413 2874 5478 malam,
2925 5427 3034 5466 non
3079 5427 3210 5468 vero
3253 5412 3552 5467 secundum
3597 5413 3760 5479 imper-

2163 5563 2168 5568 .
2202 5509 2488 5564 fectionem
2536 5521 2822 5572 annexam,
2859 5515 2913 5560 ut
2963 5506 3294 5561 recentiores
3327 5505 3403 5560 illi
3436 5505 3759 5560 contendunt.

2206 5603 2318 5657 lino
2347 5601 2544 5672 saepius
2592 5609 2746 5670 urget
2793 5607 2982 5654 contra
3013 5597 3313 5662 lulianum,
3343 5597 3580 5654 admissa
3623 5581 3759 5652 semel

2202 5693 2640 5764 concupiscentia
2662 5706 2727 5747 ex
2759 5691 2929 5759 prima
2972 5689 3203 5745 hominis
3232 5689 3588 5760 productione
3613 5686 3758 5744 eidem

2205 5790 2433 5854 inserta,
2466 5784 2880 5841 Manichaeorum
2908 5783 3158 5839 haeresim
3191 5783 3524 5853 promoveri,
3554 5781 3636 5853 qui
3661 5790 3757 5832 cum

2206 5881 2696 5954 concupiscentiam
2745 5890 2865 5936 esse
2903 5879 3101 5936 malum
3150 5879 3386 5945 videant,
3424 5891 3596 5955 neque
3641 5875 3756 5932 Deus
