3962 6346
250 347 365 408 609

1448 351 1769 410 VINDlCl/E
1810 349 2369 408 AUGUSTINIANE.

3443 357 3549 415 610

246 464 430 523 bonus
472 465 599 521 mali
649 473 837 522 auctor
878 465 1043 522 statui
1098 466 1309 537 possit,
1358 467 1540 524 statim
1590 467 1852 523 inducunt
1877 470 1932 531 Α
1957 465 2131 537 prima
2153 465 2508 536 productione
2535 464 2736 524 homini
2766 465 3061 537 insertum,
3096 481 3164 526 eo
3194 468 3337 541 quod
3366 474 3546 542 fecerit

246 557 425 614 Deum
453 558 652 614 malum
696 559 1153 632 concupiscentiae
1182 562 1341 617 malae
1378 562 1739 619 conditorem.
1770 563 1848 620 lta

243 652 399 707 enim
429 653 683 709 discurrit
714 654 809 711 lib.
840 670 858 709 ι
886 664 1076 711 contra
1104 654 1375 712 Julianum
1401 670 1520 726 cap.
1551 656 1585 713 8
1611 667 1666 712 et
1690 671 1845 727 seq.;

242 739 347 796 lib.
372 758 425 810 v,
473 758 595 814 cap.
645 744 735 814 16,
784 756 840 802 et
888 747 940 802 in
990 747 1171 818 Opere
1219 748 1558 820 imperfecto,
1610 749 1704 804 lib.
1763 764 1844 817 ιιι,

238 848 369 903 cap.
406 834 531 905 178,
563 834 692 902 208,
742 837 879 907 213;
912 838 1009 895 lib.
1042 854 1096 908 γ,
1127 853 1250 911 cap.
1299 840 1405 907 50;
1433 840 1529 896 lib.
1564 856 1638 908 v1,
1662 855 1783 910 cap.
1813 855 1847 892 ν

235 934 297 979 et
331 924 423 980 36.
452 925 602 981 Dabo
650 942 816 984 unum
862 931 1232 986 testimonium
1280 946 1348 987 ex
1396 931 1587 988 eodem
1632 931 1726 988 lib.
1770 947 1845 997 vt,

235 1031 368 1086 cap.
404 1018 437 1069 6
469 1033 484 1071 :
519 1035 541 1072 ι
568 1017 649 1074 Tu
670 1029 870 1087 autem,
899 1023 991 1093 qui
1016 1023 1263 1079 nesciens
1292 1023 1425 1094 quid
1454 1023 1715 1095 loquaris,
1745 1024 1843 1081 ob-

236 1111 369 1180 jicis
398 1111 531 1167 mihi
574 1114 718 1184 quod
749 1116 925 1171 dicam
973 1117 1144 1173 Deum
1191 1132 1380 1175 creare
1426 1128 1731 1190 peccatum,
1760 1132 1846 1176 re-

234 1202 379 1258 siste
407 1202 703 1261 Manicme
747 1205 971 1276 dicenti,
999 1208 1055 1263 in
1079 1207 1349 1266 discordia
1376 1211 1555 1265 carnis
1583 1219 1638 1267 et
1678 1210 1844 1281 spiri-

235 1300 357 1364 tus,
381 1294 525 1353 inter
550 1311 612 1355 se
637 1305 941 1357 contrarias
988 1302 1116 1357 mali
1143 1311 1198 1359 et
1240 1303 1367 1359 boni
1397 1318 1663 1375 apparere
1688 1316 1844 1359 natu-

234 1403 355 1447 ras.
392 1391 566 1449 Unum
593 1402 681 1450 est
707 1396 851 1467 quod
879 1397 1293 1467 respondemus,
1317 1408 1373 1453 ut
1404 1399 1571 1469 pestis
1596 1397 1698 1454 ista
1726 1400 1845 1457 vin-

233 1494 418 1553 catur,
451 1486 591 1544 hanc
619 1490 829 1546 scilicet
855 1490 1176 1548 discordiam
1201 1492 1361 1563 primi
1388 1492 1622 1549 hominis
1641 1493 1693 1551 in
1718 1509 1845 1549 nos-

235 1583 385 1632 tram
412 1580 643 1637 vertisse
664 1590 913 1638 naturam
948 1600 962 1639 :
998 1584 1141 1652 quod
1173 1592 1229 1640 tu
1259 1586 1504 1656 negando
1545 1587 1761 1644 conaris
1785 1597 1843 1644 ut

233 1669 485 1738 vincant,
516 1673 757 1746 satisque
810 1662 1173 1732 manifestaris
1222 1676 1379 1732 ﬁctus
1424 1676 1842 1735 Manichaeorum

234 1774 585 1836 oppugnatur
633 1776 691 1823 et
750 1783 910 1824 verus
952 1769 1185 1839 adjutor.
1214 1790 1232 1822 ι
1268 1770 1457 1841 Capite
1497 1771 1660 1826 etiam
1691 1770 1762 1826 M
1788 1780 1844 1827 et

1951 559 2093 616 Deus
2121 561 2375 616 hominem
2420 573 2613 617 rectum
2659 561 2861 635 (Eccle.
2923 562 3057 636 vit);
3104 564 3248 636 quod
3296 567 3543 622 testimo-

1952 653 2100 708 nium
2132 654 2329 723 szepins
2355 656 2585 711 inculcat
2613 665 2798 711 contra
2830 656 3179 727 Pelagianos,
3211 658 3304 713 lib.
3351 674 3442 714 ιιν
3470 660 3539 716 de

1949 748 2180 805 Civitate
2203 749 2296 804 Dei
2321 790 2335 817 ,
2364 764 2484 820 cap.
2513 750 2574 805 ll
2596 767 2612 817 ;
2636 749 2727 805 lib.
2758 766 2872 818 xm,
2899 766 3022 823 cap.
3050 751 3151 819 l4;
3188 753 3283 808 lib.
3314 752 3383 809 de
3413 752 3547 809 Cor-

1955 852 2094 913 rept.
2119 851 2174 898 et
2201 852 2339 913 grat.
2373 858 2492 915 cap.
2535 842 2608 910 6;
2639 845 2795 914 epist.
2834 844 2950 911 105,
2984 846 3052 901 ad
3093 846 3340 914 Sixtum;
3373 846 3467 903 lib.
3496 863 3546 902 tv

1951 935 2138 1005 Operis
2169 935 2409 1005 imperf.,
2435 950 2553 1005 cap.
2590 936 2680 1005 44,
2711 945 2764 991 ct
2792 937 2942 993 alibi.
2972 938 3418 1009 Concupiscentia
3447 954 3546 994 au-

1951 1035 2060 1082 tem
2087 1028 2458 1083 rectitudinem
2491 1017 2724 1084 hdminis
2755 1031 2993 1099 sustulit,
3037 1032 3297 1103 illumque
3337 1032 3391 1088 in
3440 1032 3545 1088 illi-

1947 1121 2053 1177 cita
2083 1121 2367 1193 declivem,
2404 1123 2514 1178 imo
2558 1124 2882 1195 prmcipitem
2917 1125 3065 1182 fecit.
3095 1129 3164 1183 At
3188 1127 3544 1198 Augustinus,

1947 1222 2149 1283 praeter
2197 1214 2298 1269 hoc
2346 1216 2735 1287 testimonium,
2769 1217 2994 1273 alterum
3039 1220 3203 1275 etiam
3247 1220 3544 1276 celeberri-

1948 1320 2094 1359 mum
2129 1305 2372 1362 adhibuit
2398 1323 2463 1364 ex
2501 1323 2620 1378 cap.
2649 1309 2719 1365 40
2744 1309 3109 1367 Ecclesiastici
3135 1330 3147 1365 :
3171 1311 3366 1383 Iugum
3388 1330 3542 1385 grave

1945 1414 2098 1467 super
2135 1399 2274 1468 ﬁlios
2315 1399 2481 1454 Adam
2523 1419 2557 1455 a
2597 1402 2680 1457 die
2724 1392 2890 1459 exitus
2929 1405 2993 1459 de
3034 1416 3208 1460 ventre
3248 1419 3423 1461 matris
3457 1423 3544 1461 eo-

1946 1504 2086 1555 rum,
2110 1502 2241 1559 etc.,
2269 1493 2413 1563 quod
2444 1494 2494 1548 in
2519 1493 2697 1564 Opere
2719 1495 3037 1565 imperfecto
3061 1502 3112 1553 in
3136 1498 3387 1554 omnibus
3409 1512 3543 1568 pene

1952 1583 2161 1654 paginis
2179 1585 2394 1655 repetit,
2419 1587 2652 1655 probans
2672 1587 2837 1644 Deum
2863 1589 3139 1659 iniustitia:
3155 1591 3541 1662 accusandum,

1944 1676 1991 1731 si
2017 1676 2146 1747 jugo
2180 1677 2419 1733 victricis
2448 1681 2898 1751 concupiscentiae
2926 1681 3200 1739 hominem
3225 1685 3366 1739 nulla
3390 1683 3542 1754 culpa

1896 1806 1899 1807 ν
1945 1769 2293 1837 praecedente
2315 1783 2692 1842 aggravasset;
2717 1772 2771 1829 id
2796 1774 2941 1830 enim
2960 1790 3169 1830 summa
3196 1776 3408 1831 miseria
3434 1784 3538 1843 est,

234 1856 365 1917 fuse
390 1870 447 1919 et
473 1863 683 1920 erudite
730 1863 961 1935 idipsum
992 1854 1233 1923 deducit.
1281 1864 1603 1936 Exemplum
1655 1876 1835 1923 autem
1868 1861 1917 1921 B
1942 1875 2005 1916 ac
2029 1877 2245 1932 gravem
2279 1863 2406 1919 inde
2434 1880 2650 1935 poenam
2681 1867 2843 1922 homo
2881 1869 3189 1937 experitur;
3224 1870 3402 1924 omnis
3444 1883 3540 1923 au-

232 1956 391 2027 quod
418 1957 580 2013 iidem
609 1958 905 2028 scriptores
932 1974 1000 2014 ex
1031 1960 1327 2028 voluntate,
1358 1960 1429 2016 ob
1458 1958 1541 2016 sui
1566 1960 1836 2016 nihileita-

237 2055 381 2116 tem,
412 2064 441 2105 a
471 2064 574 2121 qua
612 2059 789 2106 ortum
839 2050 1023 2118 habet,
1057 2061 1277 2122 peccato
1327 2053 1557 2109 obnoxia
1580 2052 1833 2121 aﬂ'erunt,

232 2153 352 2196 non
380 2152 465 2198 est
505 2143 574 2197 ad
612 2158 749 2209 rem,
780 2144 1047 2213 siquidem
1079 2145 1323 2200 voluntas
1353 2147 1536 2215 plures
1561 2160 1713 2202 actus
1743 2146 1837 2201 bo-

232 2246 342 2288 nos
387 2232 552 2301 elicit,
585 2234 763 2305 quiin
811 2250 912 2291 suo
956 2236 1151 2292 ordine
1194 2238 1424 2293 naturali
1456 2237 1583 2293 boni
1614 2246 1739 2294 sunt
1783 2248 1838 2294 et

232 2322 563 2393 laudabiles,
607 2325 751 2381 unde
781 2332 836 2381 et
862 2325 978 2395 ipsa
1021 2325 1162 2382 bona
1214 2342 1335 2385 esse
1374 2328 1739 2399 cognoscitur.
1769 2331 1840 2384 At

232 2416 673 2487 concupiscentia
704 2418 880 2473 nullos
903 2428 1056 2475 actus
1082 2419 1258 2476 bonos
1288 2421 1469 2488 habet,
1491 2421 1669 2478 nullos
1693 2423 1838 2477 enim

232 2507 313 2564 ad
355 2508 564 2564 licitum
613 2516 820 2565 tantum
868 2510 1159 2566 terminum
1189 2512 1381 2580 exerit,
1415 2516 1510 2569 sed
1558 2513 1625 2568 ad
1657 2514 1839 2569 illicita

233 2614 473 2671 quicque
491 2610 774 2669 exaestuat,
796 2617 828 2658 a
857 2605 1134 2662 voluntate
1159 2613 1336 2661 autem
1364 2604 1421 2661 in
1444 2604 1669 2662 honesta
1696 2614 1840 2663 meta

233 2690 393 2749 illius
423 2703 575 2749 actus
604 2694 805 2765 ﬁgitur,
832 2694 905 2750 ita
933 2704 990 2750 ut
1013 2696 1079 2751 ad
1108 2697 1273 2753 vetita
1301 2713 1407 2753 non
1433 2710 1769 2768 prorumpat.

312 2783 604 2855 Opponunt
629 2786 984 2856 Augustinum
1012 2785 1107 2843 lib.
1139 2786 1425 2857 1.1ietract.
1456 2804 1577 2860 cap.
1610 2790 1643 2844 9
1674 2791 1841 2846 dixis-

233 2892 305 2935 se
335 2894 350 2932 :
380 2896 401 2931 t
440 2879 692 2947 Quamvis
720 2881 1019 2951 ignorantia
1076 2893 1132 2937 et
1170 2881 1459 2939 difficultas
1486 2884 1745 2956 (loquitur
1775 2885 1843 2941 de

234 2962 569 3029 difﬁcultate
604 2981 725 3030 orta
771 2990 840 3031 ex
888 2976 1359 3047 concupiscentia)
1411 2978 1622 3034 etiamsi
1666 2988 1846 3036 essent

235 3063 481 3120 hominis
508 3065 802 3135 primordia
824 3068 1107 3135 naturalia,
1142 3084 1243 3127 nec
1267 3072 1347 3127 sic
1386 3072 1684 3144 culpandus
1704 3115 1718 3142 ,
1748 3073 1845 3130 sed

236 3155 547 3213 laudandus
593 3167 739 3215 esset
789 3160 950 3215 Deus.
990 3178 1011 3213 ι
1041 3161 1214 3230 Ergo,
1260 3164 1525 3235 inquiunt,
1554 3180 1620 3222 ex
1659 3169 1845 3237 Augu-

1941 1960 2048 2007 tem
2080 1968 2237 2022 paena
2263 1953 2463 2024 injuste
2510 1955 2792 2027 inﬂigitur,
2822 1958 2867 2012 si
2900 1958 3046 2013 nulla
3093 1959 3340 2014 eamdem
3381 1959 3540 2028 culpa

1937 2046 2126 2101 merita
2146 2058 2249 2101 est.
2277 2046 2443 2117 Igitur
2464 2048 2609 2103 illam
2635 2048 3007 2119 hypothesim,
3040 2064 3202 2119 quam
3229 2066 3393 2121 agens
3413 2066 3535 2106 cum

1937 2135 2247 2193 Manicltatis
2275 2138 2656 2208 disputationis
2688 2142 2859 2211 gratia
2900 2140 3236 2212 Augustinus
3278 2141 3530 2196 admitte-

1939 2229 2049 2297 bat,
2083 2229 2138 2286 in
2166 2231 2318 2287 libris
2348 2242 2535 2288 contra
2580 2233 2892 2303 Pelagianos
2931 2250 3038 2289 non
3069 2234 3229 2290 modo
3270 2248 3378 2290 non
3405 2249 3536 2305 pro-

1942 2325 2112 2392 bavit,
2141 2340 2328 2381 verum
2361 2327 2524 2382 etiam
2566 2326 2911 2384 solidissimis
2940 2327 3271 2399 argumentis
3291 2328 3539 2398 exitiosit.

2013 2419 2257 2475 Julianus
2305 2422 2459 2490 plura
2511 2432 2827 2491 argumenta
2869 2422 3139 2492 congessit
3192 2430 3249 2477 ut
3294 2422 3540 2492 probaret

1942 2513 2436 2583 concupiscentiam
2470 2528 2592 2569 esse
2622 2513 3005 2583 perfectionem
3041 2514 3339 2570 naturalem
3364 2513 3540 2569 homi-

1943 2609 2048 2671 nis,
2078 2620 2199 2661 esse
2241 2605 2460 2674 bonum,
2503 2605 2787 2676 solumque
2812 2606 3056 2675 ejusdem
3097 2620 3374 2661 excessum
3417 2622 3539 2663 esse

1944 2696 2291 2767 culpabilem.
2320 2696 2437 2752 Lib.
2467 2711 2519 2751 tv
2556 2696 2747 2766 Operis
2777 2695 3017 2766 imperf.,
3049 2710 3170 2766 cap.
3206 2696 3300 2765 56,
3334 2712 3399 2752 eo
3429 2695 3537 2753 uti-

1945 2797 2033 2845 tur
2063 2798 2398 2859 argumento,
2426 2791 2567 2860 quod
2589 2790 3024 2861 concupiscentia
3052 2792 3124 2847 sit
3150 2794 3403 2862 perfectio
3425 2808 3525 2847 na-

1947 2880 2144 2937 turalis
2182 2882 2423 2953 pecudis.
2456 2892 2511 2939 et
2548 2884 2743 2938 bonum
2791 2883 3033 2954 ejusdem
3082 2883 3148 2939 ad
3176 2883 3375 2955 speciei
3419 2901 3539 2956 prus

1948 2974 2286 3046 pagationem
2314 2978 2645 3043 inserviens;
2673 2977 2813 3032 unde
2854 2975 3043 3032 eadem
3075 2993 3286 3048 quoque
3318 2977 3539 3037 dicenda

1949 3066 2161 3123 videtur
2192 3068 2426 3124 hominis
2457 3069 2738 3140 perfectio,
2773 3084 2877 3140 qua
2907 3078 3060 3139 parte
3098 3085 3218 3125 cum
3246 3069 3418 3125 brutis
3457 3086 3541 3125 δε-

1951 3159 2184 3217 cundum
2223 3160 2450 3232 gradum
2498 3159 2812 3217 sensitivum
2844 3160 3117 3241 convenit.
3161 3159 3365 3216 Rursus
3400 3162 3494 3217 lib.
3525 3177 3540 3218 ι

236 3250 392 3309 stitio
423 3251 724 3309 laudandus
743 3264 889 3311 esset
914 3255 1078 3321 Deus,
1105 3257 1322 3314 tametsi
1356 3258 1628 3315 hominem
1666 3273 1846 3315 creas-
1874 3245 1920 3312 C
1958 3253 2201 3325 ejusdem
2230 3254 2443 3324 Operis,
2467 3268 2588 3325 cup.
2631 3254 2698 3308 70
2720 3296 2736 3321 ,
2767 3252 2942 3324 arguit
2961 3254 3083 3323 quia
3113 3254 3540 3323 concupiscentia

235 3354 337 3401 set
384 3345 592 3416 absque
621 3346 857 3415 perfecta
901 3349 1353 3419 concupiscentiae
1396 3351 1754 3423 subjectione.
1789 3352 1846 3407 ln

240 3453 361 3495 uno
384 3438 488 3494 hoc
512 3448 616 3493 tam
644 3441 807 3505 claro,
831 3447 892 3495 ut
910 3440 1081 3510 aiunt,
1114 3443 1394 3515 Augustini
1417 3446 1722 3501 testimonio
1746 3446 1849 3502 sibi

237 3531 530 3587 victoriam
552 3539 771 3600 canunt,
799 3547 922 3589 cum
948 3543 1128 3591 tamen
1151 3546 1371 3593 sanctus
1393 3537 1582 3594 doctor
1602 3536 1849 3597 innume-

236 3622 322 3678 ris
352 3622 486 3680 locis
531 3625 839 3695 oppositum
876 3628 1205 3693 asseruerit,
1239 3642 1341 3685 nec
1374 3628 1572 3686 ibidem
1597 3671 1613 3698 ,
1647 3640 1705 3687 ut
1741 3633 1849 3703 ipsi

237 3730 534 3786 perperam
562 3719 914 3786 arbitrantur,
950 3718 1191 3790 ipsorum
1223 3722 1547 3778 sententiam
1579 3723 1842 3782 docuerit.

238 3808 465 3866 Etenim
494 3823 710 3869 sanctus
738 3814 929 3870 doctor
951 3828 1016 3869 eo
1042 3816 1144 3871 loci
1170 3825 1356 3872 contra
1384 3818 1708 3874 Manichacus
1729 3820 1847 3876 dis-

239 3906 472 3978 putabat
492 3949 509 3976 ,
555 3907 646 3977 qui
676 3906 926 3964 dicebant
962 3908 1453 3980 concupiscentiam
1480 3927 1602 3967 esse
1624 3912 1842 3981 malam,

241 4009 302 4056 et
328 3999 663 4070 impossibile
718 4015 840 4057 esse
882 4002 999 4059 sine
1048 4002 1138 4059 illa
1179 4004 1453 4061 hominem
1502 4006 1758 4076 produci;
1793 4017 1849 4064 et

241 4106 370 4149 cum
401 4107 434 4149 a
470 4092 583 4150 Deo
616 4092 759 4151 bono
798 4096 974 4152 creari
1015 4107 1267 4169 nequeat,
1317 4100 1513 4155 malam
1556 4103 1845 4173 quamdam

245 4195 505 4242 naturam
537 4188 776 4245 omnium
805 4190 1070 4248 malorum
1099 4193 1493 4263 productricem
1515 4205 1847 4254 commenta-

242 4279 469 4337 bantur.
500 4279 853 4353 Augustinus,
887 4293 945 4339 ut
990 4285 1206 4341 eosdem
1235 4284 1532 4354 refelleret,
1576 4287 1844 4360 hypotlte-

242 4374 348 4429 sim
378 4381 663 4445 utramque
713 4377 886 4448 gratia
931 4376 1310 4449 disputationis
1357 4379 1609 4448 admisit,
1646 4396 1845 4454 nempe

242 4468 530 4525 hominem
554 4483 674 4526 cum
724 4471 1163 4541 concupiscentia
1203 4481 1479 4540 creatum,
1509 4482 1564 4530 et
1593 4477 1714 4531 sine
1742 4475 1842 4532 ista

246 4577 590 4635 nequaquam
617 4565 791 4621 creari
825 4565 1080 4636 potuisse.
1107 4565 1345 4636 Urgebat
1377 4581 1507 4625 vero
1535 4568 1839 4640 haereticos,

1956 3349 2056 3405 fuit
2081 3358 2207 3404 ante
2232 3359 2507 3419 peceatum
2534 3366 2549 3416 ;
2579 3348 2700 3404 ideo
2726 3349 2867 3403 enim
2900 3346 3071 3403 Adam
3105 3350 3361 3418 peccavit,
3396 3347 3538 3418 quod

1952 3442 2224 3511 appetitus
2244 3440 2532 3496 sensitivus
2560 3440 2803 3510 ejusdem
2838 3441 3059 3496 vetitum
3084 3440 3319 3496 fructum
3344 3456 3540 3497 concu-

1951 3532 2107 3603 pivit.
2139 3533 2407 3589 Praeterea
2455 3534 2501 3588 si
2532 3532 2967 3604 concupiscentia
2994 3543 3077 3590 est
3106 3550 3264 3605 pmna
3295 3537 3495 3606 peccati
3525 3577 3538 3603 ,

1952 3627 2112 3697 igitur
2141 3627 2404 3682 laudanda
2434 3638 2539 3693 est,
2572 3627 2710 3683 bona
2742 3639 2847 3694 est,
2875 3628 3101 3684 ltouesta
3128 3640 3211 3684 est
3236 3648 3247 3683 :
3274 3629 3535 3700 siquidem

1949 3719 2149 3776 bonum
2194 3733 2354 3791 atque
2390 3722 2674 3776 honestum
2724 3732 2807 3776 est
2848 3732 3184 3792 peccatorem
3223 3724 3417 3791 puniri.
3467 3724 3539 3778 Ita

1949 3814 2125 3885 arguit
2149 3815 2291 3883 apud
2316 3815 2671 3884 Augustinum
2696 3813 2793 3868 lib.
2819 3830 2847 3867 ν
2882 3815 3073 3883 prioris
3095 3814 3304 3883 Operis,
3336 3829 3456 3884 cap.
3485 3814 3540 3870 ιι.

1950 3905 2194 3975 Denique
2214 3906 2464 3974 exemplo
2494 3905 2737 3960 ciborum
2760 3905 2953 3975 probat
2981 3904 3225 3975 ejusdem
3252 3920 3539 3965 excessum

1950 4012 2071 4055 esse
2089 3997 2447 4067 culpabilem;
2474 4011 2596 4052 nam
2628 4008 2682 4052 ut
2713 3997 2786 4052 illi
2819 3997 2941 4052 boni
2972 4005 3119 4064 sunt,
3152 3998 3327 4053 malus
3359 4008 3537 4053 tamen

1949 4100 2127 4162 potest
2149 4106 2269 4148 esse
2296 4092 2510 4148 illorum
2535 4106 2682 4157 usus,
2712 4092 2783 4146 ita
2812 4092 2951 4146 bona
2975 4099 3061 4147 est
3080 4092 3536 4162 concupiscentia,

1949 4186 2075 4241 licet
2104 4186 2276 4240 malus
2303 4186 2374 4241 sit
2409 4186 2651 4256 ejusdem
2694 4186 2911 4241 abusus.
2956 4185 3110 4256 Apud
3149 4198 3395 4241 sanctum
3436 4187 3534 4242 Pa-

1950 4286 2085 4333 trem
2120 4276 2212 4332 lib.
2239 4277 2318 4346 tit,
2349 4291 2468 4348 cap.
2499 4278 2590 4343 20,
2617 4287 2672 4333 et
2694 4276 2788 4332 lib.
2817 4278 2926 4331 tde
2955 4275 3165 4346 Nuptiis
3186 4285 3243 4332 et
3270 4276 3536 4347 Concup.,

1947 4382 2068 4440 cap.
2099 4368 2187 4424 19.
2211 4367 2518 4437 Respondet
2545 4367 2873 4439 Augustinus
2902 4368 2968 4422 ad
2996 4371 3248 4439 primum,
3282 4369 3536 4437 concupi-

1948 4463 2209 4519 scentiam
2242 4463 2295 4518 in
2324 4462 2532 4533 pecude
2560 4476 2680 4518 esse
2709 4462 3113 4533 perfectionem,
3142 4463 3265 4532 quia
3296 4471 3379 4517 est
3406 4477 3539 4518 con-

1949 4555 2134 4611 formis
2161 4554 2404 4627 ejusdem
2431 4564 2657 4622 naturat,
2682 4570 2781 4610 nec
2810 4566 3072 4626 repugnat
3097 4556 3305 4623 spiritui
3329 4557 3380 4609 in
3411 4555 3538 4610 bru-

248 4632 421 4712 etiam
446 4632 579 4711 tunc
606 4656 776 4712 Deum
823 4632 937 4713 fore
972 4632 1319 4729 laudandum,
1346 4674 1469 4715 nam
1511 4660 1655 4715 nulla
1684 4632 1842 4732 θυιρᾷ
1870 4632 1923 4695 D
1954 4652 2133 4735 tis.’|n
2164 4651 2385 4707 homine
2415 4658 2592 4707 autem
2623 4650 2753 4704 dicit
2779 4649 3069 4715 defectum,
3108 4636 3300 4702 'vitium
3330 4662 3393 4702 ac
3421 4662 3538 4704 cor-

248 4748 348 4805 Dei
373 4748 569 4805 fuisset
591 4748 774 4807 facere
794 4751 937 4822 quod
963 4752 1079 4808 lteri
1117 4768 1223 4809 non
1254 4762 1487 4824 poterat.
1520 4755 1843 4813 Manichaaos

244 4848 435 4899 autem
458 4852 676 4912 putasse
708 4843 1040 4913 impossibile
1063 4859 1188 4901 esse
1223 4837 1385 4902 condi
1412 4846 1687 4905 hominem
1724 4850 1842 4907 sine

250 4933 710 5005 concupiscentiae
758 4936 900 4990 malo
953 4944 1179 4992 testatur
1218 4947 1440 4995 sanctus
1477 4939 1665 4997 doctor
1695 4942 1790 4998 lib.
1824 4958 1843 4999 ι

247 5036 440 5085 contra
471 5027 763 5095 lulianum,
786 5043 906 5098 cap.
935 5028 990 5099 5,
1013 5038 1068 5085 et
1089 5029 1183 5086 lib.
1215 5044 1298 5100 ιιι,
1328 5046 1449 5101 cap.
1481 5033 1569 5086 12.
1601 5033 1765 5105 Igitur
1790 5036 1845 5091 in

249 5124 342 5180 illa
374 5125 663 5196 hypetbesi
687 5124 866 5181 adhuc
892 5136 1039 5183 esset
1059 5127 1360 5186 laudandus
1380 5129 1545 5197 Deus,
1573 5138 1633 5185 ut
1662 5126 1754 5185 lib.
1787 5143 1846 5184 ιιι

247 5218 318 5274 de
346 5215 546 5274 Libero
572 5217 809 5274 Arbitrio
830 5218 898 5275 ab
918 5218 1219 5292 Augustino
1242 5221 1514 5291 probatur.
1541 5221 1679 5278 Hinc
1699 5221 1842 5278 idem

250 5311 441 5368 scribit
471 5310 566 5368 lib.
597 5327 614 5366 t
644 5310 909 5378 Retract.,
938 5327 1059 5383 cap.
1087 5312 1159 5369 9:
1192 5330 1212 5365 ι
1242 5311 1371 5381 Quae
1399 5313 1691 5382 disputatio
1716 5326 1848 5368 con-

250 5413 330 5460 tra
370 5403 694 5461 Manichaeos
724 5404 971 5463 habenda
999 5417 1103 5474 est,
1130 5408 1224 5478 qui
1261 5422 1369 5464 non
1397 5406 1666 5477 accipiunt
1692 5405 1844 5463 Scri-

252 5508 438 5565 pturas
467 5504 681 5553 sanctas
713 5497 915 5554 veteris
952 5498 1281 5555 Testamenti
1300 5540 1315 5567 ,
1347 5498 1405 5555 in
1432 5498 1627 5570 quibus
1652 5512 1845 5570 pecca-

254 5600 364 5648 tum
418 5590 682 5661 originale
726 5602 995 5649 narratur.
1032 5611 1053 5647 ι
1100 5592 1331 5649 Postea:
1363 5611 1383 5646 ι
1432 5592 1637 5650 Contra
1680 5576 1842 5650 Pela-

253 5692 443 5761 gianos
466 5697 647 5746 autem
692 5689 797 5744 hoc
843 5687 1239 5746 defendendum
1267 5697 1381 5759 est,
1432 5690 1576 5762 quod
1622 5698 1847 5760 utraque

256 5780 536 5851 Scriptura
558 5780 922 5850 commendat,
945 5797 1106 5855 quam
1127 5796 1187 5841 se
1200 5782 1445 5855 accipere
1464 5781 1801 5855 profitentur.
1818 5799 1839 5836 ι

258 5874 459 5949 Nempe
503 5876 703 5937 malum
749 5877 1197 5950 concupiscentiae
1247 5891 1356 5937 non
1398 5890 1521 5936 esse
1566 5892 1595 5934 a
1640 5876 1754 5935 Deo
1787 5875 1843 5932 in

1928 4746 2254 4817 'ruptionem
2293 4753 2520 4813 natum,
2554 4744 2696 4800 unde
2745 4742 2822 4798 ait
2849 4742 2986 4798 libro
3014 4741 3082 4797 de
3123 4741 3349 4797 Peccato
3374 4742 3538 4813 origi-

1953 4839 2093 4908 nali,
2127 4852 2247 4908 cap.
2282 4837 2352 4895 40
2378 4855 2391 4891 :
2421 4854 2441 4890 α
2491 4837 2679 4892 Tanta:
2710 4851 2942 4906 namque
2995 4834 3327 4890 excellentia:
3355 4842 3439 4889 est
3481 4836 3537 4891 in

1954 4933 2357 5003 comparatione
2408 4931 2617 5002 pecoris
2648 4930 2830 4999 homo,
2862 4936 2923 4984 ut
2947 4928 3131 4984 vitium
3181 4928 3412 4983 hominis
3440 4944 3538 4984 na-

1953 5033 2073 5081 tura
2104 5025 2175 5079 sit
2207 5025 2436 5094 pecoris.
2468 5042 2489 5075 t
2527 5024 2598 5079 Et
2627 5023 2721 5079 lib.
2762 5038 2816 5078 tv
2836 5021 3030 5091 Operis
3058 5021 3387 5093 imperfecti,
3413 5036 3535 5093 cap.

1959 5124 2029 5180 56
2060 5141 2076 5181 :
2110 5142 2130 5177 ι
2166 5124 2257 5181 Sic
2286 5138 2437 5195 ergo,
2473 5122 2665 5195 inquit,
2702 5122 2757 5176 in
2784 5120 3003 5177 libidine
3025 5134 3255 5192 agnosce
3292 5128 3352 5176 et
3378 5136 3538 5191 peco-

1956 5217 2032 5271 ris
2061 5225 2331 5285 naturam,
2360 5224 2413 5271 et
2446 5213 2681 5271 hominis
2707 5226 2944 5283 pinnam,
2970 5213 3017 5269 si
3037 5212 3272 5267 animam
3302 5225 3410 5268 non
3438 5213 3537 5267 Ita-

1954 5309 2051 5366 bes
2080 5309 2362 5365 asininam.
2400 5326 2421 5362 ι
2455 5307 2556 5364 Ubi
2580 5307 2740 5363 etiam
2769 5314 2919 5362 notat
2951 5306 3457 5377 concupiscentiam
3484 5309 3536 5363 in

1952 5403 2129 5460 brutis
2153 5417 2262 5459 non
2302 5401 2508 5457 inhiare
2536 5401 2588 5455 in
2621 5407 2957 5471 praegnantes
2980 5407 3038 5456 et
3060 5400 3114 5455 in
3159 5408 3307 5456 actus
3349 5410 3536 5457 contra

1952 5512 2219 5563 naturam,
2252 5495 2329 5551 uti
2359 5495 2486 5550 facit
2526 5495 2581 5550 in
2612 5493 2855 5560 homine;
2889 5493 3032 5550 unde
3069 5492 3221 5565 pejor
3262 5494 3419 5565 longe
3456 5503 3536 5551 est

1953 5589 2010 5645 in
2039 5588 2260 5646 homine
2284 5587 2451 5644 libido
2488 5602 2646 5659 quam
2690 5588 2740 5642 in
2790 5588 2979 5643 brutis.
3008 5586 3091 5643 Ad
3123 5588 3415 5645 secundum
3444 5602 3534 5642 re-

1949 5682 2181 5753 spondet
2208 5680 2404 5738 ibidem
2432 5680 2677 5753 negando
2711 5681 2765 5736 in
2809 5681 3048 5737 terrestri
3079 5680 3330 5752 paradiso
3354 5689 3531 5734 actum

1949 5776 2401 5849 concupiscentia:
2439 5777 2780 5848 praecessisse
2811 5784 2989 5832 actum
3014 5774 3303 5829 voluntatis
3345 5786 3533 5828 come-

1949 5870 2107 5930 dendi
2131 5885 2348 5943 pomum
2369 5869 2615 5927 vetitum.
2644 5868 2719 5925 Do
2742 5867 2982 5938 ejusdem
3009 5865 3174 5923 verba
3202 5882 3214 5920 :
3249 5883 3268 5917 ‹
3298 5863 3533 5921 Prisce:-
