3962 6346
452 353 548 415 611
1336 337 1896 404 SUPPLEMENTUM
1934 334 2027 391 AD
2067 324 2303 391 OPERA
2344 333 2401 391 S.
2445 328 2841 389 AUGUSTINI.
3641 320 3743 376 6l2

454 472 554 537 sit,
589 469 762 541 inquit
786 512 801 538 ,
856 468 992 529 mala
1042 466 1294 529 vnluntas
1319 510 1336 539 ,
1383 480 1490 539 qua
1538 461 1774 533 serpenti
1822 457 2050 515 subdolo
2077 452 2130 513 A
2157 465 2187 504 a
2216 450 2507 521 superiori,
2543 465 2649 505 non
2679 463 2810 505 vero
2833 445 3078 516 superius
3115 444 3184 501 ab
3230 442 3473 541 inferiori
3518 456 3740 497 movea-

465 537 801 627 crederetnr,
833 570 887 616 et
916 569 1100 616 secuta
1147 569 1229 615 est
1274 537 1413 619 mala
1454 552 1912 626 concupiscentia,
1944 565 2046 622 qua
2150 554 2257 600 tur.
2292 544 2441 601 Unde
2462 545 2661 611 Optima
2712 542 2943 598 ὶιοωῖηὶε
2984 538 3297 595 consumit)
3338 537 3471 607 Ρθιίι
3516 545 3579 591 ιιι
3621 552 3744 607 Dm

455 653 574 708 cibo
604 654 895 711 initiaretur
916 649 1124 706 illicito.
1155 650 1230 706 Ac
1252 664 1349 719 per
1376 648 1479 704 hoc
1500 645 1874 721 quamvisjam
1900 650 2048 698 utra-
2150 637 2393 708 ejusdem
2424 636 2673 707 superior
2707 635 2864 707 pleno
2911 634 3037 706 iure
3082 636 3137 689 in
3169 632 3483 689 inferiorem
3535 640 3738 701 utatur,

455 760 560 814 que
590 746 723 799 mala
745 751 913 807 esset,
942 750 1123 799 tamen
1152 740 1399 796 voluntas
1427 737 1793 813 cupiditatem,
1824 749 1929 791 non
1954 748 2044 788 vo‘
2151 746 2258 788 non
2288 747 2418 788 vero
2451 744 2507 787 ut
2553 732 2653 787 ista
2689 731 2837 786 illam
2879 731 2983 786 sibi
3012 730 3261 801 subiuget
3300 744 3363 785 ac
3406 728 3744 800 supplantat.

464 833 725 891 luntatem
756 832 1022 905 cupiditas
1053 831 1233 898 duxit,
1264 846 1363 887 nec
1389 831 1668 902 praecessit
1694 829 2047 896 voluntatem,
2154 826 2398 883 Pertinet
2443 836 2618 882 autem
2650 826 2717 882 ad
2748 825 2983 881 hominis
3005 840 3221 896 pinnam
3250 841 3314 881 ac
3358 826 3664 890 miseriam,
3698 836 3749 879 ut

456 942 554 983 nec
586 925 781 983 restitit
809 926 1099 992 voluntati,
1134 944 1151 978 ι
1190 925 1270 982 Ad
1304 924 1520 979 tertium
1548 933 1707 993 negat
1731 922 2046 988 illati0uem;
2154 935 2302 977 more
2324 920 2585 991 pecudum
2604 918 2792 976 fortius
2820 934 2850 974 a
2874 918 3177 976 delectabili
3213 918 3461 974 trahatur
3483 933 3649 991 quam
3681 918 3745 973 ah

464 1019 661 1074 etenim
711 1017 1169 1091 concupiscentia,
1218 1025 1375 1089 prout
1420 1024 1503 1072 est
1534 1028 1710 1085 poena,
1756 1014 1981 1071 honeste
2018 1028 2086 1069 a.
2154 1012 2405 1080 honesto,
2438 1022 2494 1069 et
2541 1013 2644 1069 hoc
2670 1013 2919 1085 provenit
2961 1027 3027 1069 ex
3079 1012 3403 1084 ignorantia,
3434 1011 3583 1084 quod
3622 1011 3749 1066 alte-

459 1110 571 1166 Deo
602 1109 913 1177 intenditur,
945 1120 999 1175 at
1033 1110 1170 1169 mala
1194 1118 1274 1165 est
1305 1120 1549 1179 respectu
1578 1104 1813 1162 hominis
1840 1106 1927 1161 cui
1958 1104 2053 1159 in-

467 1202 696 1273 ﬂigitur;
728 1202 797 1258 ita
829 1217 975 1258 mors
1024 1203 1162 1256 mala
1218 1209 1301 1256 est
1344 1200 1582 1267 homini,
1621 1200 1759 1257 bona
1806 1207 2054 1269 respectu

462 1284 564 1353 Dei
593 1294 741 1349 illam
766 1295 1102 1355 decernentis
1125 1294 1176 1349 in
1204 1309 1413 1366 pmnam
1440 1292 1661 1364 peccati.
1688 1290 1851 1347 Addit
1870 1305 2053 1346 exem-

462 1388 611 1459 plum
641 1388 709 1447 de
735 1390 977 1445 caecitate
1004 1389 1206 1457 cordis,
1239 1405 1343 1462 qua
1386 1389 1526 1446 Deus
1554 1390 1628 1444 uti
1655 1387 1819 1457 iudex
1854 1388 1906 1445 in
1939 1400 2053 1458 pm-

469 1496 592 1545 nam
644 1483 1039 1554 praeteritorum
1092 1484 1379 1539 criminum
1430 1486 1581 1557 punit
1636 1483 2050 1553 delinquentes,

472 1576 665 1645 quibus
691 1587 868 1634 tamen
902 1578 993 1633 illa
1014 1588 1097 1634 est
1113 1578 1405 1634 maximum
1424 1578 1644 1643 malum,
1665 1585 1719 1632 et
1744 1574 2013 1647 concludit
2038 1591 2050 1628 :

476 1687 496 1723 ‹
534 1668 767 1724 Proinde
798 1669 979 1727 omnia
1005 1684 1125 1741 qua:
1154 1686 1249 1740 pro
1296 1672 1396 1725 hac
1433 1680 1523 1724 tua
1554 1683 1696 1725 caeca
1727 1678 1779 1724 et
1818 1667 2054 1723 inconsi-

474 1762 659 1817 derata
688 1761 941 1831 opinione
971 1761 1153 1816 dixisti
1179 1805 1195 1831 ,
1229 1776 1333 1835 qua
1359 1762 1536 1817 carnis
1564 1759 2053 1830 concupiscentiam

2155 1121 2273 1160 rum
2303 1120 2367 1161 ex
2398 1113 2622 1176 peccato
2642 1103 2898 1175 originali
2921 1103 2976 1157 in
3000 1102 3295 1159 humanum
3323 1117 3497 1175 genus
3530 1102 3749 1157 deriva-

2157 1204 2267 1251 tum
2296 1195 2483 1252 vitium
2511 1204 2632 1263 est;
2666 1210 2841 1266 neque
2890 1197 3033 1252 enim
3073 1196 3121 1251 si
3168 1196 3412 1267 perfecte
3459 1195 3747 1252 honestum

2157 1301 2637 1361 repraesentaretur
2658 1290 2955 1357 voluntati,
2989 1290 3059 1345 ab
3082 1290 3185 1345 ista
3215 1291 3581 1347 dimitteretur
3611 1291 3750 1347 deie~

2156 1385 2338 1441 ctabili
2368 1386 2565 1441 electo.
2599 1386 2788 1458 Itaque
2811 1386 2865 1442 in
2907 1386 3001 1443 illa
3031 1386 3504 1458 praeponderantia
3557 1396 3616 1442 et
3642 1400 3749 1441 ma-

2152 1479 2256 1550 iori
2286 1481 2337 1534 vi
2366 1482 2418 1536 in
2453 1480 2739 1549 trahendo,
2774 1496 2895 1552 quae
2924 1481 3068 1537 inest
3109 1480 3416 1538 delectabili
3466 1495 3634 1552 supra
3662 1480 3750 1535 ho-

2159 1581 2368 1628 nestum
2391 1574 2443 1628 in
2476 1582 2619 1629 statu
2648 1583 2852 1629 naturae
2882 1572 3067 1644 lapsae,
3100 1589 3224 1643 pars
3257 1570 3579 1629 rebellionis
3600 1584 3753 1641 appe-

2160 1667 2286 1720 titus
2316 1666 2555 1721 sensitivi
2587 1675 2775 1722 contra
2797 1666 3120 1722 rationalem
3142 1666 3409 1721 consistit.
3442 1665 3617 1721 Porro
3640 1664 3752 1721 hac

2159 1757 2349 1815 scribit
2393 1758 2729 1830 Augustinus
2779 1759 2871 1814 lib.
2896 1774 2928 1812 v
2957 1768 3145 1814 contra
3191 1757 3491 1825 Julianum,
3525 1771 3650 1826 cap.
3682 1756 3751 1811 δε

468 1869 533 1910 eo
556 1856 672 1925 ipso
698 1857 841 1929 quod
869 1870 989 1911 eam
1028 1870 1239 1925 pmnam
1272 1855 1503 1911 diximus
1531 1870 1653 1911 esse
1682 1855 1919 1926 peccati,
1951 1867 2055 1907 non
2086 1847 2134 1908 B
2166 1871 2184 1904 ε
2225 1852 2280 1908 Si
2307 1853 2603 1922 prudenter
2624 1852 2713 1909 hic
2732 1867 2977 1923 saperes,
3009 1852 3254 1925 profecto
3275 1867 3397 1909 esse
3418 1851 3752 1923 iniquitatem

470 1949 645 2005 solum
677 1964 785 2004 non
824 1950 1253 2019 vituperandam,
1295 1965 1480 2006 verum
1526 1950 1686 2006 etiam
1736 1949 2052 2004 laudandam

470 2044 699 2112 putasti,
727 2043 1022 2115 quamlibet
1046 2044 1251 2114 prolixa
1299 2044 1663 2113 disputatione
1706 2044 1759 2099 in
1790 2059 1856 2099 eo
1886 2042 2052 2099 fueris

468 2135 807 2204 itnmoratus,
827 2136 1110 2192 evanuisse
1126 2135 1487 2192 certissimum
1516 2147 1615 2192 est.
1652 2156 1670 2190 ι
1701 2138 1778 2191 Ad
1808 2147 2054 2209 quartum

470 2229 762 2297 respondet
790 2228 931 2285 idem
962 2230 1291 2300 Augustinus
1319 2229 1410 2287 lib.
1443 2246 1499 2285 ut
1524 2240 1710 2286 contra
1738 2230 2008 2287 Julianum
2035 2275 2051 2301 ,

472 2338 594 2393 cap.
626 2324 693 2376 2t)
721 2340 735 2375 :
764 2340 784 2375 ι
814 2322 891 2381 ita
912 2322 1057 2379 enim
1087 2364 1101 2389 ,
1142 2323 1345 2394 inquit,
1382 2338 1488 2379 non
1533 2323 1784 2394 intelligis
1824 2324 1948 2394 quid
1977 2324 2057 2378 lo-

467 2418 672 2488 quaris,
709 2426 767 2472 ut
795 2430 901 2473 non
947 2416 1098 2473 vides
1146 2428 1450 2475 creaturam
1490 2406 1747 2490 panis-et
1794 2418 1902 2474 vini
1949 2434 2055 2475 non

467 2510 852 2579 concupiscere
900 2510 1163 2566 adversus
1208 2510 1480 2582 spiritum,
1536 2510 1631 2567 sed
1665 2513 1837 2583 ipsam
1879 2512 2056 2582 potius

466 2605 750 2661 inhoneste
776 2620 809 2661 a
838 2605 978 2661 male
1002 2604 1277 2661 utentibus
1306 2605 1613 2674 concupisci
1638 2646 1653 2672 ,
1702 2616 1751 2659 et
1798 2620 1859 2660 ea
1892 2604 2056 2659 forin-

468 2711 626 2753 secus
658 2697 710 2752 in
741 2706 982 2753 nostrum
1032 2712 1231 2767 corpus
1279 2696 1505 2754 intrare.
1544 2716 1562 2749 ι
1607 2697 1738 2753 liinc
1785 2699 2055 2753 neminem

465 2789 625 2858 pudet
653 2790 707 2846 in
740 2791 1020 2861 propatulo
1044 2791 1350 2860 comedere,
1384 2792 1463 2851 uti
1507 2790 1637 2847 olim
1685 2790 2054 2847 Romanorum

464 2899 585 2939 tuos
617 2883 737 2951 iuit,
766 2891 823 2939 at
848 2882 995 2939 licite
1022 2882 1455 2955 concupiscentia
1488 2885 1664 2955 palam
1694 2885 1767 2939 uti
1798 2887 2057 2955 coniuges

464 2960 808 3048 erubescunt,
839 2986 896 3034 ut
935 2982 1093 3047 plane
1128 2986 1385 3048 appareat
1425 2980 1617 3035 malam
1650 2994 1769 3035 esse
1799 2980 2056 3050 concupi-

464 3071 750 3139 scentiam,
776 3086 899 3127 cum
930 3057 1011 3128 vel
1039 3072 1214 3127 licitus
1242 3071 1487 3143 ejusdem
1514 3086 1641 3128 usus
1676 3072 1934 3143 pudorem
1980 3075 2059 3127 in-

464 3165 651 3220 cutiat.
686 3164 943 3224 Videatur
970 3176 1189 3223 sanctus
1213 3164 1373 3223 Pater
1398 3165 1492 3223 lib.
1526 3181 1542 3220 ι
1589 3165 1657 3220 ad
1685 3165 2017 3222 Bonifacium
2038 3205 2053 3233 ,

463 3271 585 3327 cap.
618 3256 700 3312 16.

538 3359 809 3433 Obiiciunt
829 3359 1161 3417 recentiores
1187 3369 1373 3415 contra
1402 3358 1648 3415 eamdem
1676 3360 1853 3416 sancti
1878 3358 2065 3415 docto-

465 3453 541 3509 ris
592 3454 937 3510 sententiam.
987 3453 1163 3509 Motus
1187 3452 1642 3524 concupiscentia:
1717 3453 2057 3522 praeveniunt

466 3547 762 3613 rationem,
791 3547 914 3618 quia
952 3557 1080 3603 sunt
1132 3556 1258 3603 ante
1294 3560 1513 3603 omnem
1555 3545 1905 3615 electionem,
1931 3560 2061 3616 ergo

466 3638 910 3710 concupiscentia
941 3654 1050 3696 non
1081 3650 1166 3695 est
1204 3638 1514 3696 omnimode
1540 3638 1779 3707 subjecta
1824 3637 2015 3693 rationi
2042 3681 2056 3705 ,

465 3744 589 3787 cum
616 3731 810 3787 habeat
836 3740 1015 3788 motus
1036 3742 1162 3787 ante
1191 3745 1407 3787 omnem
1453 3738 1631 3786 actum
1663 3729 1827 3785 illius.
1853 3729 2059 3785 Rursus

465 3825 713 3895 inquiunt
742 3844 752 3878 :
783 3826 954 3884 ilomo
979 3826 1222 3894 appetitu
1253 3824 1503 3881 rationali
1529 3830 1699 3880 l’ertur
1723 3826 1776 3879 in
1808 3824 2055 3890 honesta,

463 3920 707 3988 appetitu
735 3918 991 3979 sensitive
1014 3961 1028 3987 ,
1085 3934 1181 3975 seu
1208 3918 1643 3989 concupiscentia
1676 3918 1848 3975 fertur
1898 3918 1951 3974 in
1974 3917 2061 3971 de-

469 4010 775 4078 lectabiiia;
808 4027 935 4081 ergo
966 4011 1357 4067 vehementiori
1403 4011 1605 4082 impetu
1651 4011 1749 4066 ista
1802 4010 1969 4066 inhiat
2005 4011 2057 4065 in

467 4104 828 4169 delectabiiia,
858 4119 1018 4174 quam
1048 4104 1138 4159 ille
1162 4106 1215 4158 in
1246 4104 1492 4173 honesta,
1524 4105 1787 4176 siquidem
1820 4120 1939 4160 cum
1962 4105 2058 4160 ob-

464 4197 607 4269 iecta
641 4198 866 4253 honesta
910 4207 1368 4267 repraesententur
1413 4215 1508 4271 per
1553 4201 1765 4270 species
1807 4201 2012 4255 alienas
2040 4243 2054 4267 ,

466 4290 647 4345 minus
674 4298 892 4346 movent
931 4304 1094 4358 quam
1124 4290 1463 4348 delectabilia
1493 4334 1506 4357 ,
1540 4309 1659 4363 qua:
1703 4308 1801 4363 per
1843 4293 2051 4363 species

466 4386 713 4457 proprias
739 4386 807 4441 de
844 4388 1095 4457 praesenti
1138 4402 1357 4447 sensum
1399 4390 1665 4446 alliciunt.
1706 4391 1947 4461 Denique
1975 4393 2057 4449 iu-

465 4485 610 4533 stant
634 4494 649 4531 :
672 4475 886 4535 Nullum
915 4478 1055 4548 quod
1079 4487 1163 4534 est
1188 4478 1426 4535 debitum
1460 4489 1663 4535 natura:
1695 4492 1777 4537 est
1801 4483 2053 4539 amissum

465 4584 563 4641 per
594 4580 894 4639 peccatum,
926 4571 1073 4641 atqui
1101 4580 1182 4626 est
1217 4571 1416 4628 amissa
1466 4572 1733 4642 subiectio
1777 4575 1941 4644 partis
1973 4576 2049 4629 in-

2157 1944 2386 2011 videres,
2413 1959 2518 2015 qua
2570 1960 2693 2015 pars
2744 1943 2970 2003 inferior
3016 1947 3253 2023 hominis
3296 1952 3567 2015 repugnat
3602 1957 3755 2014 supe-

2158 2039 2287 2095 riori
2315 2050 2473 2111 atque
2504 2040 2729 2095 meliori.
2772 2058 2792 2092 ›
2827 2039 3071 2096 Tertium
3115 2047 3501 2110 argumentum
3548 2036 3753 2092 nullum

2160 2141 2259 2200 est,
2291 2147 2411 2187 nam
2443 2132 2495 2187 in
2522 2133 2788 2189 sententia
2814 2134 3100 2203 Augustini
3135 2133 3325 2189 falsum
3358 2142 3445 2189 est
3494 2139 3621 2201 post
3650 2132 3756 2201 pri-

2165 2243 2309 2282 mum
2347 2235 2627 2297 peccatum
2676 2228 2939 2283 naturalia
2989 2228 3250 2284 mansisse
3295 2226 3548 2298 integra,
3602 2225 3757 2281 homo

2160 2322 2301 2377 enim
2336 2335 2431 2391 per
2462 2330 2739 2390 peccatum
2790 2320 2886 2375 fuit
2914 2319 3174 2391 spoliatus
3203 2320 3480 2392 gratuitis,
3509 2328 3569 2375 et
3601 2318 3754 2375 laesus

2163 2419 2379 2487 insuper
2412 2418 2464 2471 in
2496 2418 2850 2487 naturalibus,
2879 2418 3023 2491 quod
3056 2433 3119 2475 ex
3171 2419 3423 2488 parabola
3474 2416 3755 2489 Peregrini

2161 2517 2513 2574 Jerichontini
2548 2518 2703 2573 Lucze
2742 2518 2805 2571 lt)
2825 2517 3085 2573 suadetur
3108 2518 3316 2588 integro
3339 2517 3454 2573 fere
3484 2516 3756 2571 volumine

2164 2627 2192 2665 a
2228 2610 2507 2666 Florentio
2538 2610 2735 2666 Conrio
2762 2610 3171 2681 archiepiscopo
3203 2609 3560 2666 Thuamensi.
3588 2609 3757 2665 Testi-

2164 2702 2343 2757 inouia
2367 2717 2494 2758 vero
2517 2702 2804 2773 Augustini
2835 2702 2888 2758 in
2917 2702 3165 2758 eamdem
3190 2718 3304 2757 rem
3333 2702 3534 2759 indicat
3569 2700 3635 2757 P.
3662 2700 3756 2756 Ma

2160 2793 2291 2848 cedo
2314 2794 2368 2848 in
2395 2793 2631 2861 Cortina,
2666 2795 2802 2848 thesi
2834 2793 2923 2862 51,
2955 2802 3008 2848 et
3039 2794 3131 2847 lib.
3165 2808 3220 2848 tv
3256 2791 3324 2848 de
3371 2792 3629 2849 Clavibus
3659 2792 3754 2847 Pe-

2164 2887 2259 2953 tri,
2295 2887 2347 2942 in
2378 2897 2553 2944 centr.
2604 2887 2673 2943 de
2708 2888 2936 2943 Peccato
2967 2886 3248 2958 originali,
3276 2902 3398 2957 cap.
3429 2886 3520 2955 12,
3549 2886 3642 2942 ubi
3668 2900 3755 2941 va-

2161 2983 2267 3039 lide
2302 3000 2397 3053 pro
2424 2983 2596 3040 sancti
2626 2983 2865 3040 doctoris
2896 2982 3162 3038 sententia
3192 2982 3459 3037 decertat.

2242 3077 2414 3133 Unum
2442 3078 2660 3135 obStare
2705 3077 2939 3147 videtur,
2973 3075 3115 3147 quod
3145 3075 3410 3132 acerrime
3450 3083 3649 3147 urgent
3677 3089 3755 3129 re-

2162 3158 2450 3229 centiores.
2484 3171 2693 3227 Etenim
2736 3172 2985 3225 damnata
3018 3180 3099 3225 est
3152 3170 3267 3225 haec
3300 3170 3603 3241 propositio
3652 3167 3753 3222 Baii

2086 3248 2133 3316 Ο
2167 3265 2235 3321 55
2273 3282 2285 3319 ;
2318 3264 2451 3319 Deus
2486 3281 2584 3319 non
2614 3266 2860 3335 potuisset
2891 3265 3045 3317 talem
3081 3263 3145 3317 ab
3186 3262 3332 3317 initio
3381 3278 3560 3317 creare
3606 3261 3756 3315 homi-

2164 3377 2300 3429 nem,
2334 3359 2499 3432 qualis
2523 3376 2659 3415 nunc
2687 3360 2937 3413 nascitur.
2963 3358 3141 3428 Quare
3170 3356 3343 3430 potuit
3365 3355 3509 3411 Deus
3530 3355 3755 3411 condere

2166 3456 2436 3509 hominem
2471 3455 2524 3509 in
2550 3463 2693 3510 statu
2722 3461 2930 3509 natum
2975 3468 3122 3524 purae
3152 3451 3458 3523 subiectum
3502 3448 3754 3522 concupi-

2161 3550 2406 3616 scentiae,
2440 3549 2612 3621 qualis
2651 3548 2815 3604 modo
2862 3550 3118 3603 nascitur.
3153 3546 3229 3602 De
3262 3544 3345 3601 his
3376 3543 3754 3614 prepositioni-

2162 3644 2262 3701 bus
2311 3644 2423 3699 Baii
2475 3644 2624 3699 varie
2674 3645 2917 3699 sentiunt
2966 3641 3225 3711 theologi.
3266 3639 3427 3695 Pater
3472 3638 3751 3711 Vasquez,

2162 3739 2340 3810 magni
2364 3738 2507 3793 inter
2535 3739 2867 3793 recentiores
2892 3735 3141 3804 nominis,
3172 3734 3289 3802 1-2,
3314 3733 3455 3804 diSp.
3496 3732 3624 3801 190,
3643 3746 3748 3802 cap.

2166 3832 2254 3901 18,
2283 3832 2538 3902 proponit
2563 3831 2723 3887 verba
2747 3830 2907 3886 bullae
2930 3845 3048 3899 quae
3072 3828 3338 3901 eiusmodi
3367 3837 3536 3884 sunt:
3570 3846 3590 3879 ι
3623 3827 3750 3895 Quas

2166 3926 2459 3982 sententias
2489 3925 2675 3979 stricto
2719 3939 2900 3979 coram
2934 3922 3085 3977 nobis
3117 3921 3365 3978 examine
3410 3919 3747 3991 ponderatas,

2165 4033 2469 4089 quanquam
2503 4017 2776 4072 nonnullae
2799 4017 2979 4087 aliquo
3010 4015 3169 4071 modo
3210 4014 3465 4070 sustineri
3501 4020 3747 4082 possent,

2160 4112 2214 4167 in
2246 4113 2422 4183 rigore
2456 4118 2633 4164 tamen
2659 4117 2713 4163 et
2740 4108 2959 4178 proprio
2988 4106 3278 4163 verborum
3302 4120 3468 4161 sensu
3498 4105 3569 4162 ab
3589 4118 3748 4160 asser-

2162 4205 2366 4261 toribus
2400 4204 2610 4259 intento
2666 4202 2975 4269 haereticas,
3007 4215 3265 4257 erroneas
3289 4241 3304 4269 ,
3336 4207 3650 4269 suspectas,
3676 4205 3745 4253 te-

2160 4300 2443 4366 merarias,
2477 4297 2843 4366 scandalosas,
2872 4306 2927 4353 et
2972 4295 3025 4352 in
3054 4298 3169 4368 pias
3198 4310 3359 4351 aures
3401 4293 3744 4351 oii’ensionetn

2163 4393 2512 4449 immittentes
2542 4430 2557 4458 ,
2607 4390 2949 4460 respective,
2998 4398 3054 4445 et
3101 4402 3437 4461 quaecunque
3486 4402 3647 4459 super
3685 4385 3744 4440 iis

2162 4484 2326 4540 verbo
2347 4485 2653 4555 scriptoque
2674 4483 2867 4539 emissa
2887 4483 3233 4555 praesentium
3260 4480 3586 4537 auctoritate
3606 4480 3742 4535 dam-

2161 4591 2370 4635 namus.
2407 4596 2425 4628 ι
2463 4576 2537 4631 De
2558 4592 2662 4649 qua
2688 4590 2918 4633 censura
2966 4578 3039 4631 ita
3084 4576 3226 4632 idem
3252 4575 3499 4647 iudicat:
3540 4594 3559 4627 ‹
3593 4574 3741 4629 Multa

464 4666 680 4723 ferioris
709 4678 959 4738 respectu
985 4670 1253 4739 appetitus
1283 4672 1562 4727 rationalis
1582 4710 1597 4736 ,
1633 4673 1792 4742 igitur
1832 4688 1895 4729 ea
1928 4674 2055 4730 sub-
2084 4648 2139 4711 Π
2164 4669 2251 4741 (ex
2286 4670 2389 4725 illis
2418 4648 2901 4741 propesitionibus)
2931 4670 3272 4727 continentes
3299 4684 3429 4725 acre
3469 4668 3741 4740 iudicium,

464 4760 629 4831 iectio
670 4777 775 4817 non
814 4774 897 4817 est
944 4765 1199 4831 perfectio
1228 4764 1408 4821 debita
1451 4774 1676 4822 naturae.
1724 4768 1850 4824 Haec
1879 4779 2053 4827 tamen

462 4853 593 4909 olim
622 4854 690 4911 ab
710 4854 1010 4927 Augustine
1031 4858 1197 4914 diluta
1217 4867 1363 4915 sunt.
1390 4860 1699 4927 Respondet
1728 4861 1793 4917 ad
1825 4864 2053 4932 primum

463 4948 603 5017 quod
633 4948 685 5002 in
718 4962 932 5017 poenam
967 4958 1173 5005 tantum
1205 4952 1411 5020 peccati
1453 4963 1632 5009 motus
1668 4956 2058 5026 concupiscen-

464 5044 553 5097 tia:
585 5044 919 5112 praeveniunt
944 5042 1394 5101 deliberationem
1424 5048 1693 5116 appetitus
1725 5050 2011 5107 rationalis
2039 5070 2053 5117 ;

464 5137 608 5191 unde
636 5138 682 5191 si
710 5142 873 5193 homo
904 5153 1010 5193 non
1038 5147 1333 5207 peccasset,
1366 5148 1541 5196 motus
1583 5144 1852 5213 appetitus
1878 5146 2055 5201 sensi-

465 5232 556 5285 tivi
589 5233 992 5299 praecessissent
1018 5231 1234 5302 quidem
1284 5233 1577 5291 voluntatis
1607 5245 1759 5293 actus
1782 5279 1798 5307 ,
1830 5254 1940 5295 non
1970 5238 2051 5294 illi

464 5322 682 5393 quidem
706 5323 814 5378 vim
852 5324 1133 5379 inferendo
1176 5338 1242 5380 ac
1271 5324 1538 5380 rationem
1582 5328 1811 5396 graviori
1846 5328 2051 5399 impetu

467 5415 916 5485 praeoccupando,
966 5417 1224 5488 illamque
1272 5418 1638 5485 absorbendo,
1669 5421 1746 5476 uti
1796 5422 1867 5477 de
1908 5422 2052 5477 l‘acto

464 5509 748 5577 contingit,
772 5508 868 5566 sed
900 5510 1135 5567 suaviter
1163 5511 1451 5569 alliciendo
1473 5554 1488 5581 ,
1521 5514 1665 5583 quod
1705 5525 1758 5569 et
1809 5514 1863 5571 in
1892 5531 2052 5587 para-

464 5601 584 5657 diso
623 5602 850 5671 accidit,
892 5604 982 5660 ubi
1034 5623 1055 5658 ο
1118 5620 1228 5661 non
1275 5605 1604 5663 voluntatem
1644 5609 1909 5678 cupiditas
1950 5610 2052 5667 du-

464 5695 561 5763 xit,
586 5709 685 5751 nec
706 5698 981 5765 praeessit
998 5698 1354 5764 voluntatem,
1378 5713 1479 5756 nec
1499 5700 1695 5757 restitit
1716 5702 1997 5770 voluntati,
2025 5721 2044 5757 ι

464 5786 559 5843 lib.
590 5788 819 5858 tOperis
848 5789 1089 5859 imperl.,
1118 5804 1240 5861 cap.
1270 5790 1360 5845 70.
1391 5792 1475 5848 Ad
1501 5794 1793 5850 secundum
1818 5806 2049 5867 negatur

467 5884 889 5953 consequentia:
917 5884 1114 5942 etenim
1147 5892 1327 5943 rectus
1354 5886 1491 5944 ordo
1518 5889 1680 5957 exigit
1718 5896 1773 5944 ut
1821 5889 2045 5948 inferius

2163 4779 2269 4836 quo
2322 4764 2519 4820 doctor
2567 4763 2656 4819 ille
2707 4762 2934 4818 aliorum
2986 4762 3269 4833 Opiniones
3323 4761 3739 4825 criminabatur,

2165 4855 2407 4912 damnari
2432 4865 2668 4924 tantum,
2698 4864 2757 4910 ut
2777 4855 3029 4911 seandalo
3057 4864 3111 4910 et
3138 4853 3464 4911 oii'endiculo
3494 4860 3734 4925 patentes,

2166 4962 2216 5007 et
2243 4951 2343 5008 hac
2368 4952 2577 5007 ratione
2607 4950 2781 5007 solum
2814 4948 3125 5020 prohiberi;
3158 4965 3279 5005 nam
3313 4959 3371 5006 et
3400 4950 3619 5005 audacia
3656 4945 3734 5000 ni-

2164 5046 2376 5114 miaque
2406 5044 2709 5114 arrogantia
2741 5043 2795 5099 in
2827 5044 3053 5100 aliorum
3076 5043 3364 5099 sententiis
3386 5046 3615 5113 maligne
3634 5039 3731 5095 vel-

2161 5138 2388 5194 licaudis
2429 5152 2491 5192 ac
2537 5136 2860 5203 lacerandis,
2910 5150 3015 5191 non
3043 5149 3233 5207 parum
3281 5136 3524 5190 scandali
3555 5134 3727 5187 atTerrc

2161 5232 2321 5300 solet,
2355 5245 2385 5286 a
2413 5246 2519 5300 quo
2551 5230 2697 5287 docti
2719 5240 2771 5285 et
2802 5228 3094 5300 prudentes
3122 5228 3359 5300 theologi
3387 5228 3441 5283 in
3473 5229 3583 5283 suis
3609 5225 3725 5282 scri-

2162 5324 2265 5396 ptis
2293 5323 2567 5380 abstinere
2594 5323 2875 5381 deberent.
2916 5342 2936 5376 ι
2971 5322 3099 5380 Haec
3130 5332 3309 5380 autem
3350 5324 3628 5379 conlirmat
3656 5319 3723 5372 lo-

2157 5420 2525 5492 cupletissimo
2554 5418 2862 5476 testimonio
2888 5417 3181 5475 cardinalis
3225 5416 3503 5474 Francisci
3535 5412 3686 5487 Ioleti
3706 5451 3719 5476 ,

2157 5514 2248 5585 qui
2275 5514 2328 5568 in
2357 5526 2518 5569 causa
2549 5511 2661 5566 Baii
2689 5511 2986 5567 Lovanium
3012 5511 3083 5575 ab
3112 5510 3414 5581 apostolica
3440 5509 3565 5565 sede
3592 5504 3723 5561 dele-

2159 5618 2314 5682 gatus
2344 5608 2465 5665 fuit.
2488 5606 2665 5675 Quare
2687 5620 2811 5661 cum
2839 5606 3001 5662 Baius
3030 5604 3333 5675 Pelagiana:
3362 5604 3622 5660 hmreseos
3649 5597 3721 5649 in-

2154 5712 2367 5759 cusaret
2396 5710 2703 5777 asserentes
2750 5699 3023 5755 hominem
3067 5698 3229 5755 talem
3271 5698 3512 5768 potuisse
3551 5709 3580 5748 a
3624 5690 3718 5743 Deo

2156 5794 2328 5852 creari
2357 5793 2533 5866 qualis
2564 5792 2723 5849 modo
2753 5793 3013 5857 nascitur,
3044 5791 3171 5848 hinc
3196 5790 3268 5847 ob
3296 5789 3527 5845 infamiae
3554 5790 3711 5841 notam

2155 5904 2313 5961 quam
2342 5887 2600 5961 oppositae
2629 5885 2912 5948 sententia:
2958 5886 3271 5947 auctoribus
3296 5884 3564 5953 inurebat,
3588 5878 3710 5950 eius-
