3962 6346
212 338 328 399 613

1401 340 1717 400 νΙΝΒΙΩΙᾸΞ
1754 335 2320 399 AUGUSTINIANE.

3398 335 3504 395 614

206 456 341 513 dem
389 438 692 526 propositio
741 467 983 511 censurae
1031 454 1274 526 subjecta
1318 465 1421 512 est.
1476 457 1587 514 Hoc
1628 466 1807 515 autem
1834 462 1888 527 Α
1912 456 1998 513 illa
2027 453 2140 511 Baii
2171 468 2277 511 non
2304 451 2478 511 solum
2500 451 2571 509 ob
2592 424 2875 511 censuram
2902 452 3153 515 damnata
3187 459 3291 522 est,
3314 465 3499 510 verum

207 558 366 620 patet
392 565 458 604 ex
488 550 737 605 censuris
767 549 1029 621 ejusdem,
1060 565 1176 621 qua
1200 549 1255 605 in
1304 549 1492 606 eadem
1535 549 1681 607 bulla
1722 565 1814 609 re-

204 641 494 709 fcrantur;
518 658 570 698 v.
594 658 673 713 g.,
705 658 924 725 propas.
954 643 1018 697 57
1050 643 1162 699 ait:
1197 662 1215 695 ι
1254 643 1385 699 Cum
1416 643 1632 714 Pelagio
1650 642 1810 715 sapit.

210 736 312 806 qui
343 738 467 793 boni
508 737 711 809 aliquid
755 738 1036 807 naturalis,
1072 739 1173 797 hoc
1194 749 1300 809 est,
1328 740 1468 810 quod
1496 754 1562 795 ex
1604 748 1815 798 natura

202 829 346 885 solis
374 829 577 886 viribus
603 842 783 887 ortum
810 832 979 901 ducit,
1021 835 1288 903 agnoscit.
1324 852 1345 889 ι
1379 834 1548 903 Quam
1590 842 1815 893 senten-

160 918 163 919 ⁷
203 921 343 978 tiam
374 923 612 981 defendit
639 924 909 995 Vasquez,
935 926 1053 993 1-2,
1081 925 1224 997 disp.
1281 928 1402 994 190,
1434 942 1553 998 cap.
1603 926 1691 996 18,
1722 924 1814 986 ubi

201 1022 442 1073 testatur
479 1033 763 1077 censuram
793 1019 909 1075 Baii
933 1061 948 1086 ,
983 1036 1090 1076 non
1124 1036 1252 1077 vero
1279 1030 1546 1079 assertum
1572 1036 1696 1080 esse
1736 1023 1808 1080 ab

204 1113 513 1179 apostolica
539 1111 669 1168 sede
706 1112 1050 1184 damnatum,
1088 1129 1214 1171 cum
1252 1114 1306 1171 in
1346 1116 1680 1175 Arausicano
1720 1131 1813 1174 ca-

204 1216 357 1259 none
382 1204 453 1256 22
480 1205 690 1259 dicatur
716 1222 729 1259 :
758 1204 924 1260 Nemo
947 1205 1096 1260 habet
1127 1207 1192 1261 de
1216 1223 1309 1262 suo
1334 1208 1435 1263 nisi
1464 1210 1808 1281 mendacium,

211 1302 263 1346 et
297 1306 582 1362 peccatum.
615 1296 881 1353 Prazterea
932 1299 1229 1369 propositio
1280 1299 1344 1353 15
1390 1302 1459 1356 ita
1511 1303 1803 1359 scribitur:

211 1402 232 1437 ι
274 1386 480 1459 Pelagii
508 1391 772 1448 sententia
805 1390 1097 1465 est:0pus
1149 1394 1351 1449 bonum
1400 1394 1533 1451 citra
1576 1397 1807 1467 gratiam

201 1478 520 1551 adoptionis
549 1482 771 1551 factum,
811 1501 922 1542 non
968 1496 1051 1541 est
1096 1489 1247 1558 regni
1289 1488 1530 1545 ctelestis
1574 1491 1803 1546 merito-

202 1574 376 1631 rium.
418 1595 437 1629 ι
468 1579 646 1646 Quare
697 1594 821 1634 cum
853 1581 1207 1636 Lovaniensis
1234 1582 1466 1652 scriptor
1497 1584 1800 1653 oppositam

202 1671 535 1727 sententiam
574 1671 644 1728 de
666 1675 943 1729 creatione
969 1672 1209 1729 hominis
1238 1688 1362 1731 eum
1412 1677 1802 1746 concupiscen-

204 1762 279 1817 tia
328 1763 398 1818 ab
437 1773 658 1821 auctore
708 1775 915 1822 natura:
961 1767 1164 1823 inserta
1216 1768 1595 1838 Pelagianismi
1637 1772 1801 1827 dubio

1919 547 2080 604 etiam
2111 546 2252 620 quod
2291 545 2667 607 haereticorum
2694 549 2985 609 recentium
3018 547 3189 605 errori
3214 562 3246 605 a
3270 547 3503 606 Triden-

1918 640 2045 699 tinis
2072 640 2325 705 Patribus
2351 640 2608 699 damnato
2629 644 2979 711 concineret;
3006 642 3081 700 illi
3107 643 3251 701 enim
3294 644 3501 703 mordi-

1917 747 2012 793 cus
2059 734 2327 796 sustinent
2371 736 2863 807 concupiscentiam
2910 752 3031 797 esse
3076 747 3403 811 peccatum,
3444 746 3503 795 ut

1915 838 2066 901 patet
2095 832 2237 903 apud
2262 830 2672 903 Bellarminum,
2698 834 2790 891 lib.
2816 851 2849 890 v
2870 834 2937 892 de
2967 833 3272 893 Amissione
3294 833 3499 905 gratim,

1915 940 2035 995 cap.
2062 926 2119 999 5,
2147 925 2201 989 in
2231 942 2338 999 quo
2372 942 2560 987 errore
2592 929 2886 1000 propositio
2916 929 2982 983 55
3010 929 3122 991 Baii
3145 972 3160 999 ,
3198 929 3339 999 quod
3366 944 3501 991 con-

1913 1018 2299 1088 cupiscentiam
2324 1019 2532 1085 attinet,
2560 1019 2833 1089 fundatur,
2861 1036 2889 1077 a
2910 1022 3068 1094 cujus
3121 1030 3301 1081 tamen
3346 1021 3502 1078 dam-

1913 1119 2042 1167 nato
2068 1125 2233 1171 sensu
2264 1110 2424 1183 longo
2453 1111 2739 1169 intervallo
2765 1112 3060 1180 distamus;
3115 1128 3223 1170 non
3249 1114 3391 1171 enim
3418 1112 3502 1168 di-

1910 1202 2086 1263 cimus
2130 1204 2299 1263 Dcum
2350 1220 2455 1263 non
2501 1206 2740 1276 potuisse
2780 1206 3015 1264 condere
3060 1208 3333 1267 hominem
3376 1222 3500 1264 cum

1910 1299 2348 1370 concupiscentia
2380 1300 2598 1370 rebelli,
2632 1299 2775 1371 quod
2804 1300 2890 1356 illa
2922 1301 2992 1356 sit
3043 1300 3345 1359 formaliter
3374 1316 3499 1372 pec-

1909 1400 2113 1459 catum,
2142 1393 2237 1449 sed
2259 1394 2385 1464 quia
2427 1394 2553 1451 licet
2583 1396 2698 1464 ipsa
2742 1406 3019 1466 peccatum
3055 1412 3162 1453 non
3185 1396 3277 1464 sit,
3303 1405 3385 1452 est
3414 1406 3497 1452 ta-

1907 1500 2033 1541 men
2060 1485 2129 1542 ad
2174 1494 2453 1557 peccatum
2509 1489 2811 1558 inclinans,
2854 1501 2907 1546 et
2950 1490 3166 1561 quidem
3206 1490 3501 1547 vehemen-

1908 1578 2015 1633 tius
2044 1595 2206 1650 quam
2237 1582 2464 1652 quilibet
2492 1582 2631 1639 alius
2665 1584 2884 1641 habitus
2912 1585 3140 1641 vitiosus
3186 1585 3254 1640 ab
3284 1586 3501 1643 homine

1904 1678 2231 1730 Contractus.
2263 1673 2510 1732 Profecto
2542 1676 2710 1733 thesis
2741 1677 2826 1733 illa
2874 1678 3016 1745 Baii,
3068 1678 3341 1735 hominem
3392 1695 3498 1739 non

1906 1766 2148 1835 potuisse
2178 1783 2209 1821 a
2235 1767 2347 1824 Deo
2377 1768 2598 1838 produci
2631 1770 2803 1839 qualis
2848 1770 3007 1825 modo
3034 1772 3297 1839 nascitur,
3344 1771 3495 1841 juxta

202 1856 401 1925 procul
427 1856 495 1912 de
520 1872 672 1914 more
699 1859 996 1929 incusaret,
1028 1861 1223 1918 merito
1246 1861 1319 1918 ob
1347 1876 1631 1919 censuram
1661 1866 1803 1935 ejus-
1832 1858 1881 1921 B
1908 1862 2141 1932 amplam
2172 1864 2416 1935 ejusdem
2462 1866 2866 1935 eXpressionem
2908 1882 3033 1921 vera
3061 1876 3143 1923 est
3168 1883 3183 1921 :
3204 1867 3323 1937 quis
3352 1866 3495 1921 enim

199 1946 333 2004 dem
365 1951 667 2019 propositio
690 1953 766 2007 uti
794 1952 1112 2011 scandalosa
1144 1955 1441 2026 proscripta
1469 1966 1570 2012 est.
1596 1958 1800 2015 Rursus

199 2043 256 2097 in
286 2043 437 2100 bulla
466 2044 582 2101 Baii
624 2048 1022 2118 propositiones
1069 2049 1327 2106 dicuntur
1354 2051 1598 2107 damnari
1626 2068 1798 2122 respe-

198 2137 354 2204 ctit-e,
385 2153 601 2209 nempe,
628 2140 683 2195 in
710 2142 922 2211 proprio
947 2142 1217 2197 verborum
1243 2157 1398 2198 sensu
1425 2143 1490 2197 ab
1521 2145 1800 2199 auerteri-

196 2229 299 2285 bats
331 2232 542 2287 intento.
576 2233 877 2303 Propositio
903 2235 996 2290 illa
1026 2234 1095 2290 55
1122 2235 1408 2292 damnatur
1430 2237 1705 2306 respective
1732 2239 1798 2293 ad

198 2326 630 2397 propositionem
654 2328 747 2395 ‘37,
770 2344 890 2400 qam
908 2337 995 2387 est
1019 2346 1034 2385 :
1066 2348 1086 2383 ‹
1118 2331 1401 2402 integritas
1433 2334 1622 2401 primae
1645 2347 1801 2389 erea-

197 2421 369 2478 tionis
391 2438 502 2478 non
531 2424 633 2479 fuit
682 2424 919 2481 indebita
966 2427 1215 2485 humanae
1267 2435 1473 2485 naturte
1501 2426 1795 2495 exaltatio,

194 2514 302 2570 sed
335 2516 595 2571 naturalis
620 2519 744 2588 eius
768 2518 1031 2573 conditio.
1068 2537 1089 2572 ι
1114 2518 1282 2587 Quasi
1308 2518 1574 2589 subiectio
1601 2534 1798 2575 concu-

203 2606 495 2677 piscentiae
525 2624 632 2664 non
668 2608 828 2667 fuerit
850 2626 917 2666 ex
946 2610 1091 2668 dono
1117 2611 1418 2680 Creatoris,
1460 2611 1554 2668 sed
1582 2626 1651 2668 ex
1681 2614 1798 2668 exi-

198 2704 389 2773 gentia
412 2704 642 2759 naturali
669 2703 917 2760 humanae
938 2706 1281 2771 substantiae,
1305 2715 1557 2776 tauquam
1586 2708 1798 2777 propria

196 2798 387 2866 passio
434 2797 706 2867 ejusdem,
756 2800 900 2870 quod
944 2799 1137 2856 falsum
1193 2810 1298 2857 est.
1345 2802 1479 2857 Nam
1525 2803 1640 2858 hac
1684 2804 1794 2857 duo

198 2890 585 2961 distinguenda
612 2900 738 2947 sunt
763 2908 777 2947 :
800 2893 1251 2964 concupiscentiae
1286 2894 1677 2965 subjectionem
1699 2895 1798 2950 da-

198 2991 316 3039 tam
346 2986 523 3053 primo
570 2984 779 3041 homini
825 3002 891 3044 ex
935 2988 1204 3058 exigentia
1246 2989 1326 3044 rei
1351 2998 1572 3058 creatae,
1619 2990 1701 3044 vel
1733 3005 1797 3045 ex

199 3089 339 3146 pura
371 3086 495 3146 puta
521 3078 785 3133 decentia.
838 3076 1080 3134 Primum
1108 3079 1259 3134 enim
1288 3088 1539 3150 negatur,
1569 3080 1799 3137 alterum

200 3184 228 3225 a
256 3173 423 3229 nobis
451 3173 751 3240 asseritur;
785 3183 841 3229 et
870 3173 974 3229 hoc
996 3182 1141 3243 patet
1166 3188 1241 3231 ex
1270 3176 1570 3245 Augustino
1591 3212 1609 3239 ,
1657 3175 1795 3229 scri-

1902 1953 2099 2013 dixerit
2131 1955 2299 2012 Deum
2329 1971 2488 2027 posse
2522 1958 2759 2015 condere
2801 1958 3077 2014 hominem
3113 1975 3233 2014 cum
3271 1967 3497 2028 peccato

1904 2048 2183 2117 originali,
2211 2064 2334 2105 cum
2373 2066 2482 2121 quo
2531 2052 2692 2108 modo
2742 2052 3013 2107 nascitur?
3045 2052 3159 2107 l'loc
3205 2053 3347 2108 enim
3378 2059 3498 2107 erat

1904 2137 2037 2194 illud
2068 2139 2361 2196 absurdum
2389 2183 2405 2209 ,
2435 2143 2579 2212 quod
2632 2143 2903 2212 Pelagiani
2953 2152 3138 2198 contra
3168 2142 3497 2198 orthodoxos

1902 2233 2185 2303 urgebant,
2221 2234 2387 2291 Deum
2419 2249 2541 2292 esse
2590 2245 2868 2292 auctorem
2920 2234 3158 2306 peccati,
3188 2236 3235 2290 si
3263 2250 3329 2290 eo
3360 2235 3491 2290 int‘e-

1902 2340 2019 2384 ctus
2047 2328 2209 2385 homo
2230 2331 2570 2387 nascebatur.
2601 2330 2667 2385 Et
2686 2330 2903 2401 quidem
2928 2330 3185 2385 Martinus
3210 2329 3277 2385 de
3302 2330 3499 2399 Espar—

1902 2437 1986 2488 za,
2021 2421 2248 2492 insignis
2276 2431 2477 2478 nostrae
2517 2423 2693 2477 aetatis
2758 2422 3060 2493 theologus,
3108 2430 3297 2491 quaest.
3338 2424 3401 2475 10
3430 2421 3498 2478 de

1901 2514 2105 2582 Gratia,
2130 2516 2247 2573 hzec
2272 2518 2500 2574 scribit:
2536 2537 2554 2569 ι
2591 2516 3036 2588 Concupiscentia
3070 2526 3190 2589 post
3219 2526 3497 2587 peccatum

1900 2610 1975 2665 ita
2000 2619 2086 2665 est
2111 2610 2284 2667 soluta
2316 2622 2372 2667 ut
2402 2622 2591 2683 regnet
2616 2612 2669 2667 in
2697 2627 2862 2668 carne
2890 2614 3129 2681 peccati,
3161 2613 3262 2668 hoc
3286 2620 3369 2667 est
3395 2612 3497 2667 ob-

1902 2703 2068 2758 tineat
2098 2704 2516 2775 praedomiuium
2550 2706 2822 2760 adversus
2851 2706 3146 2772 rationem,
3179 2704 3495 2775 prmponde-

1900 2808 2055 2854 rante
2074 2800 2192 2867 ejus
2224 2799 2568 2855 inclinatione
2593 2802 2643 2855 in
2668 2800 2887 2869 malum,
2919 2808 3079 2869 atque
3105 2802 3159 2855 in
3184 2800 3472 2870 perniciem

1902 2903 1955 2948 et
1983 2892 2385 2949 damnationem
2421 2894 2657 2949 hominis
2689 2894 3021 2949 inclinationi
3067 2893 3292 2947 rationis
3326 2906 3490 2963 supe-

1900 2985 2062 3041 rioris
2090 2985 2145 3041 in
2172 2985 2372 3042 bonum
2420 2985 2706 3041 honestum
2734 2986 2967 3056 atquein
2997 2970 3248 3052 salutem,
3290 2995 3345 3040 et
3374 2984 3497 3039 ulti-

1900 3095 2044 3135 mam
2077 3079 2390 3135 felicitateai
2423 3080 2667 3150 ejusdem
2697 3078 2950 3135 hominis.
2997 3077 3149 3144 Quod
3179 3086 3387 3132 tantum
3432 3089 3498 3131 ac

1903 3183 2013 3229 tam
2040 3174 2244 3244 grande
2272 3172 2470 3227 malum
2497 3172 2862 3241 occupationis
2884 3171 3033 3241 regni
3065 3185 3158 3241 per
3179 3179 3385 3241 partem
3413 3168 3496 3223 in—

200 3265 371 3321 beute
401 3266 495 3321 lib.
526 3282 587 3321 tu
612 3278 797 3323 contra
822 3266 1113 3335 lulianum,
1161 3282 1283 3339 cap.
1320 3268 1381 3321 11
1414 3286 1427 3322 :
1462 3286 1483 3320 ‹
1522 3269 1576 3323 In
1606 3277 1795 3323 natura
1827 3253 1873 3318 C
1904 3268 2167 3325 feriorein
2208 3268 2469 3325 adversus
2518 3278 2726 3338 partem
2778 3268 3110 3336 superiorem
3161 3276 3496 3335 nequaquam

201 3358 449 3417 hominis
486 3370 611 3418 ante
652 3371 933 3432 peccatum
984 3377 1174 3433 pacem
1218 3354 1450 3420 decebat
1493 3377 1653 3431 esse,
1688 3380 1795 3420 non

201 3452 435 3509 bellum.
476 3472 495 3505 ι
540 3454 663 3510 Scio
692 3456 964 3521 eumdem,
1011 3456 1103 3510 lib.
1136 3471 1174 3511 tt
1196 3455 1268 3512 de
1308 3464 1655 3526 peccatorum
1684 3456 1799 3512 Me-

202 3547 335 3603 ritis
359 3556 420 3602 et
445 3548 780 3615 remissione,
811 3563 929 3619 cap.
972 3548 1066 3618 22,
1098 3548 1218 3604 hac
1242 3549 1485 3607 scribere
1507 3549 1577 3605 de
1612 3549 1801 3621 primis

204 3642 570 3713 parentibus:
601 3662 622 3696 ‹
675 3643 938 3711 Quamvis
983 3658 1182 3719 corpus
1221 3645 1453 3701 animale
1488 3653 1796 3715 gestarent,

206 3736 357 3791 nihil
385 3736 704 3793 inobediens
734 3738 788 3794 in
819 3738 910 3792 illo
936 3737 1222 3793 adversum
1248 3752 1309 3794 se
1351 3738 1558 3793 moveri
1597 3738 1801 3795 sentie-

204 3828 361 3885 bant.
394 3828 647 3886 Faciebat
695 3830 891 3901 quippe
935 3833 1037 3887 hoc
1076 3845 1218 3887 onoo
1262 3847 1517 3888 ιυδτιτιΑς
1545 3872 1559 3898 ,
1593 3841 1651 3885 ut
1677 3831 1801 3901 quia

202 3935 405 3977 eorum
437 3922 615 3977 anima
640 3921 902 3978 famulum
925 3937 1125 3993 corpus
1152 3938 1184 3979 a
1216 3922 1445 3979 Domino
1477 3931 1799 3994 acceperat,

203 4013 351 4071 sicut
402 4016 519 4086 ipsa
548 4016 724 4072 eidem
776 4016 1005 4072 Domino
1045 4030 1165 4085 suo,
1213 4017 1283 4071 ita
1326 4015 1402 4071 illi
1451 4029 1648 4086 corpus
1684 4014 1803 4085 ejus

204 4105 466 4163 obediret
508 4116 668 4179 atque
686 4107 967 4165 exhiberet
990 4111 1118 4165 vitae
1143 4108 1217 4164 illi
1235 4123 1533 4178 congruum
1556 4108 1673 4165 sine
1696 4107 1803 4163 ulla

208 4204 532 4261 resistentia
565 4205 904 4261 famulatum.
939 4224 957 4257 ι
1012 4204 1112 4262 Ubi
1160 4204 1380 4261 nomine
1424 4203 1648 4274 justitiae
1698 4218 1805 4259 non

208 4299 523 4371 rigorosum
592 4298 837 4354 debitum
885 4300 938 4353 in
1000 4306 1190 4355 natura
1247 4297 1479 4353 humana
1528 4297 1804 4353 fundatum

209 4391 504 4459 intellexit,
555 4392 649 4448 sed
696 4406 767 4447 ex
798 4391 1045 4448 decentia
1089 4392 1261 4448 solius
1286 4390 1560 4449 Creatoris
1587 4390 1801 4447 deriva-

209 4495 348 4541 tum.
374 4485 585 4542 Rursus
606 4485 883 4541 sciendum
906 4496 990 4541 est
1006 4484 1215 4556 aliquas
1238 4484 1636 4555 propositiones
1647 4484 1809 4554 aqui-

1901 3361 2162 3418 adfuisset
2193 3361 2247 3416 in
2297 3370 2442 3417 statu
2494 3376 2643 3431 parte
2688 3370 2919 3416 naturae.
2952 3379 2977 3413 ο
3008 3359 3187 3427 Quare
3215 3371 3284 3413 ex
3335 3356 3493 3426 hujus

1902 3456 2181 3527 scriptoris
2210 3458 2480 3513 sententia
2512 3471 2615 3511 non
2649 3455 2823 3526 potuit
2863 3454 3021 3509 condi
3055 3453 3222 3508 homo
3244 3467 3273 3507 a
3305 3452 3415 3507 Deo
3442 3452 3497 3506 in

1900 3556 2045 3603 statu
2074 3558 2276 3604 naturai
2319 3565 2467 3619 purae
2496 3563 2619 3604 cum
2665 3546 3101 3615 concupiscentia
3132 3544 3327 3601 rationi
3358 3559 3495 3613 prie-

1903 3626 2213 3697 dominante
2244 3652 2408 3714 atque
2439 3644 2493 3697 in
2539 3641 2785 3697 eamdem
2815 3640 2924 3694 vim
2953 3638 3306 3710 legislativam
3340 3651 3498 3692 exer-

1902 3744 2093 3803 cente,
2140 3750 2198 3791 ut
2246 3735 2443 3791 ibidem
2483 3734 2550 3790 ad
2596 3741 2806 3790 sextum
2852 3733 3111 3803 loquitur,
3143 3745 3267 3785 cum
3309 3739 3488 3784 tamen

1905 3827 2068 3882 homo
2096 3827 2165 3881 de
2193 3826 2334 3881 facto
2365 3828 2454 3881 tali
2503 3824 2954 3895 concupiscentim
2998 3822 3272 3892 subjectus
3301 3835 3495 3877 nasca-

1906 3930 2012 3977 tur.
2047 3920 2314 3976 Hactenus
2340 3920 2408 3975 de
2437 3934 2597 3975 sensu
2628 3918 2771 3974 illius
2819 3916 2887 3970 55
2912 3915 3291 3986 propositionis
3322 3913 3455 3968 Baii.

1975 4014 2153 4081 Qumri
2188 4023 2362 4083 potest
2384 4027 2449 4067 an
2474 4020 2693 4078 sanctus
2714 4011 2906 4065 doctor
2936 4008 3214 4063 admiserit
3239 4016 3296 4061 ut
3323 4006 3496 4077 possi-

1905 4107 2069 4165 bilem
2098 4106 2585 4176 concupiscentiam
2617 4104 2813 4160 rationi
2842 4103 3134 4172 subject-am
3155 4142 3168 4167 ,
3197 4102 3268 4156 ita
3297 4108 3354 4155 ut
3383 4114 3493 4155 non

1907 4199 2201 4258 secundum
2226 4214 2315 4267 se,
2349 4199 2445 4254 sed
2461 4197 2755 4254 secundum
2782 4194 3191 4266 prmdominium
3218 4207 3381 4263 supra
3410 4207 3497 4248 ra-

1908 4294 2108 4349 tionem
2153 4290 2400 4349 eamdem
2448 4288 2789 4345 solummodo
2841 4287 3012 4358 primo
3066 4284 3267 4341 homini
3312 4285 3366 4339 in
3411 4282 3496 4339 sui

1908 4387 2215 4445 conditione
2269 4385 2433 4440 inseri
2504 4384 2743 4453 potuisse
2810 4379 3103 4451 negaverit.
3172 4375 3495 4447 Respondeo

1908 4481 2265 4552 Augustinum
2304 4476 2545 4533 sensisse
2570 4473 3060 4544 concupiscentiam
3090 4468 3387 4526 secundum
3430 4481 3490 4522 se

209 4593 378 4637 vocas
410 4581 570 4636 modo
596 4580 662 4637 ab
694 4580 932 4636 Ecclesia
956 4580 1139 4651 rejici,
1176 4579 1337 4636 modo
1357 4578 1668 4649 approbari.
1691 4578 1805 4635 Hoc
1832 4647 1867 4651 _
1909 4590 2030 4632 esse
2060 4576 2242 4631 vitium
2263 4616 2278 4640 ,
2309 4582 2364 4630 et
2406 4588 2513 4627 non
2561 4571 2736 4628 solum
2766 4584 2887 4624 esse
2930 4568 3194 4621 vitiatam.
3234 4564 3307 4618 lia
3347 4562 3496 4616 illam

211 4673 551 4728 ostendimus
580 4674 673 4728 lib.
705 4687 739 4726 ll
771 4672 909 4728 Hist.
946 4647 1151 4742 Pelag,
1177 4685 1296 4741 cap.
1327 4647 1517 4737 2t),ﬁde
1545 4670 1636 4726 illa
1676 4686 1802 4741 pro-
1831 4647 1887 4713 D
1912 4668 2279 4741 pronuntiavit
2304 4667 2514 4731 vitium,
2553 4665 2691 4734 quod
2722 4678 2823 4715 mm
2853 4669 2929 4715 est
2979 4674 3043 4713 ea:
3070 4657 3179 4712 Deo
3204 4697 3218 4722 ,
3254 4656 3346 4710 lib.
3377 4669 3393 4708 ι
3432 4652 3499 4709 de

214 4767 523 4837 positione:
572 4782 591 4816 ι
630 4764 780 4821 Unus
826 4780 857 4819 e
898 4764 1160 4820 Trinitate
1208 4778 1397 4834 passus
1425 4771 1530 4833 est,
1578 4781 1600 4817 ι
1641 4777 1801 4834 quam

215 4860 534 4918 Hormisdas
562 4861 771 4931 rejecit,
803 4868 858 4913 at
888 4860 1123 4915 Joannes
1148 4857 1212 4925 ll,
1248 4856 1473 4927 Vigilius
1532 4871 1595 4912 ac
1640 4872 1805 4929 syno-

214 4958 318 5014 dus
342 4974 399 5024 v,
429 4958 506 5011 uti
534 4955 870 5012 Catholicam
900 4953 1279 5009 definit/erunt.
1316 4951 1525 5007 Etenim
1558 4950 1614 5006 in
1641 4965 1806 5007 sensu

217 5052 677 5124 Eutychianorum
712 5051 965 5105 damnata
994 5048 1112 5114 fuit,
1154 5048 1307 5116 quasi
1333 5046 1567 5101 Verbum
1613 5046 1666 5101 in
1710 5060 1809 5101 na-

217 5155 339 5203 tura
364 5146 544 5202 diviua
572 5158 789 5216 passum
818 5144 1089 5198 diceretur
1116 5158 1129 5207 ;
1163 5148 1220 5197 et
1262 5141 1386 5195 licet
1424 5140 1511 5194 alii
1541 5139 1805 5196 adderent

220 5258 426 5315 passum
465 5257 637 5309 carne,
672 5247 903 5294 attamen
929 5252 1050 5293 cum
1095 5236 1165 5292 ob
1194 5234 1507 5290 afﬁnitatem
1540 5250 1659 5291 cum
1686 5239 1804 5290 liae-

220 5337 326 5392 resi
358 5332 672 5404 Eutychetis
695 5340 941 5401 suspecta
974 5338 1136 5395 esset,
1163 5326 1287 5397 jure
1308 5331 1525 5383 san'ctus
1553 5327 1805 5385 Hermia-

214 5410 315 5484 'das
371 5427 621 5484 eamdem
669 5425 966 5497 approbare
1034 5421 1318 5480 recusavit.
1356 5420 1513 5476 Baius
1559 5420 1804 5493 proposi-

228 5523 369 5577 tione
397 5521 468 5574 ’74
497 5521 612 5576 haac
637 5518 925 5576 tradidisse
953 5518 1183 5574 dicitur:
1224 5534 1245 5567 r
1281 5515 1727 5585 Concupiscentia
1752 5515 1805 5571 in

172 5684 177 5693 .
226 5618 426 5673 renatis
456 5616 683 5687 relapsis
710 5616 763 5670 in
796 5622 1074 5686 peccatum
1108 5613 1354 5678 mortale,
1386 5612 1440 5667 in
1477 5610 1671 5680 quibus
1695 5610 1806 5682 jam

230 5712 556 5780 dominatur,
583 5720 865 5782 peccatum
912 5717 1013 5766 est.
1048 5707 1245 5777 rQuod
1291 5705 1638 5762 falsissimum
1684 5714 1805 5775 est,

230 5820 500 5877 nunquam
522 5805 665 5861 enim
688 5806 921 5875 ipsamet
939 5800 1377 5873 concupiscentia
1398 5808 1481 5856 est
1509 5806 1807 5869 peccatum,

232 5908 285 5958 ut
310 5916 382 5958 ex
414 5900 725 5957 Tridentina
756 5898 967 5970 synodo
1015 5904 1246 5955 constat.
1293 5894 1471 5963 Quare
1515 5893 1808 5963 propositio

1914 4762 2120 4833 Nuptiis
2142 4770 2471 4829 etconcup.,
2503 4772 2622 4827 cap.
2655 4756 2747 4809 25.
2778 4754 2923 4809 Idem
2956 4752 3120 4806 habet
3144 4750 3235 4803 lib.
3271 4763 3343 4813 ιι,
3376 4762 3495 4817 cap.

1914 4855 2004 4924 5i,
2038 4865 2091 4911 et
2130 4854 2329 4925 passim
2370 4863 2551 4908 contra
2586 4849 2919 4917 Pelagianos.
2970 4841 3221 4900 Attameb
3251 4840 3355 4896 hoc
3394 4839 3496 4895 sibi

1916 4949 2164 5006 sufﬁcere
2207 4947 2458 5011 dicebat,
2516 4945 2561 4999 si
2608 4941 2845 4999 haeretici
2895 4938 3085 4993 saltem
3135 4932 3499 4990 concederent

1916 5042 2160 5100 eamdem
2192 5055 2314 5098 esse
2338 5041 2576 5095 vitiatam
2603 5078 2619 5105 ,
2661 5035 2788 5090 inde
2814 5034 2957 5089 enim
2989 5024 3195 5101 peccati
3224 5026 3500 5098 originalis

1914 5138 2107 5193 vulnus
2135 5137 2315 5193 statim
2342 5132 2655 5204 apparebat.
2685 5128 2884 5201 Scribit
2912 5132 3130 5181 sanctus
3157 5123 3345 5180 doctor
3366 5135 3499 5176 cou-

1915 5241 1994 5287 tra
2024 5230 2294 5287 Julianum
2328 5228 2425 5283 lib.
2456 5242 2514 5290 ll,
2542 5224 2784 5296 proxime
2809 5219 3024 5276 laudato
3050 5231 3169 5288 cap.
3200 5216 3298 5271 ult.
3336 5233 3347 5269 :
3385 5232 3407 5267 ι
3430 5215 3499 5270 Et

1911 5328 1958 5384 si
1987 5341 2096 5383 non
2140 5324 2258 5381 vult
2296 5323 2594 5378 concedere
2638 5318 2826 5373 vitium
2864 5328 2985 5371 esse
3014 5311 3291 5367 libidinem
3314 5350 3328 5375 ,
3359 5310 3501 5364 dicat

1913 5423 2107 5481 saltem
2153 5436 2248 5492 per
2292 5419 2505 5474 illorum
2554 5413 2827 5469 hominum
2870 5406 3291 5464 inobedieutiam
3337 5402 3500 5459 etiam

1912 5518 2085 5589 ipsum
2116 5517 2300 5571 vitium
2349 5527 2470 5569 esse
2517 5507 2697 5565 carnis
2735 5501 3223 5575 concupiscentiam
3245 5539 3262 5566 ,
3306 5506 3364 5553 ut
3398 5495 3501 5589 illa

1913 5587 2034 5683 quae
2064 5608 2375 5664 obedientcr
2401 5612 2455 5659 et
2481 5601 2727 5657 ordinate
2753 5606 3085 5663 moveretur,
3117 5608 3259 5649 nunc
3306 5587 3496 5646 inobe-

1914 5705 2122 5761 dienter
2141 5700 2550 5770 inordinateque
2571 5708 2871 5763 moveatur,
2905 5712 2922 5745 ι
2950 5700 3055 5749 etc.
3081 5689 3151 5745 Et
3175 5688 3269 5743 lib.
3294 5702 3348 5753 v,
3372 5698 3499 5738 cou-

1916 5807 1995 5853 tra
2025 5794 2329 5861 lulianum,
2361 5805 2479 5861 cap.
2514 5804 2579 5857 v,
2609 5787 2680 5842 ait
2712 5806 2724 5839 :
2763 5806 2781 5838 ‹
2810 5784 2917 5841 Sed
2947 5782 3089 5849 quod
3140 5777 3276 5835 dicis
3296 5819 3309 5843 ,
3339 5775 3498 5830 etiam

1915 5888 2164 5960 genitalia
2198 5887 2403 5942 servire
2424 5882 2585 5938 animi
2618 5880 2865 5947 imperio,
2896 5888 3095 5932 novam
3119 5869 3402 5943 quamdam
3438 5869 3495 5922 li-
