3962 6346
471 344 578 406 615

1366 330 1929 395 SUPPLEMENTUM
1970 331 2062 388 AD
2098 327 2331 386 οΡΕιιΑ
2368 326 2428 383 S.
2474 322 2867 383 AUGUSTINI.

3659 313 3760 368 616

471 462 714 520 bidinem
742 460 911 527 dicis,
944 464 1039 514 aut
1083 455 1223 513 forte
1249 453 1411 511 nimis
1456 452 1766 522 antiquam,
1801 449 1974 523 qualis
2010 456 2067 505 et
2093 450 2149 513 Α
2172 445 2257 500 vel
2306 443 2483 516 potius
2521 443 2603 499 vis
2651 439 2871 512 putari,
2921 436 3012 494 ubi
3050 436 3157 494 hoc
3197 435 3434 493 Joannes
3482 431 3763 527 apostolus

471 554 529 626 in
562 557 813 628 paradiso
855 569 975 612 esse
1002 555 1300 626 potuisset,
1329 553 1375 609 si
1406 565 1565 609 nemo
1596 558 1893 621 peccasset.
1928 568 1947 600 ι
1997 547 2067 603 Et

472 646 567 704 lib.
599 664 636 703 ιι
672 647 861 717 Operis
890 644 1132 716 imperf.,
1159 660 1280 716 cap.
1315 644 1444 711 122,
1475 643 1664 699 scribit
1689 642 1758 698 de
1777 639 2063 710 concupis-

472 740 689 795 centia:
721 738 872 793 «Aut
911 752 1041 810 ergo
1090 737 1236 793 nulla
1276 736 1352 792 ibi
1401 746 1546 804 erat,
1594 744 1686 790 aut
1733 734 2064 790 voluntatem

473 832 669 890 mentis
717 847 816 889 nec
846 832 1229 904 praecedebat,
1262 847 1363 889 nec
1387 830 1703 888 excedebat.
1735 849 1755 883 ι
1790 828 1935 885 idem
1976 843 2066 883 re-

474 925 610 993 petit
638 924 732 981 lib.
757 940 830 991 tv,
854 940 977 995 cap.
1004 924 1073 981 56
1094 965 1109 990 ,
1140 934 1197 981 et
1226 924 1323 981 lib.
1351 940 1403 980 iv
1433 923 1626 995 prioris
1648 922 1848 993 operis,
1880 935 1998 990 cap.
2032 919 2066 976 5

474 1024 530 1071 et
558 1015 646 1071 14.
678 1015 949 1074 Caeterum
1004 1027 1193 1074 sancto
1235 1017 1441 1073 doctori
1493 1025 1747 1073 constans
1797 1007 2067 1071 sententia

475 1111 657 1177 stetit,
689 1110 890 1166 nullam
920 1110 1085 1166 fuisse
1130 1110 1622 1181 concupiscentiam
1666 1108 1718 1164 in
1763 1108 1938 1178 primo
1965 1108 2066 1161 bo-

476 1204 623 1258 mine
652 1212 780 1259 ante
820 1213 1100 1275 peccatum
1130 1218 1235 1259 non
1262 1203 1423 1259 modo
1452 1202 1746 1259 secundum
1782 1202 1926 1256 illam
1957 1202 2066 1256 vim

479 1296 815 1365 tyrannicam
857 1310 1022 1365 supra
1072 1298 1366 1363 rationem,
1402 1296 1497 1352 sed
1529 1311 1626 1352 nec
1655 1295 1816 1350 ullam
1846 1296 2068 1350 omnino

482 1385 610 1442 licet
652 1385 851 1442 rationi
894 1388 998 1458 ipsi
1021 1387 1340 1458 subjectam.
1373 1387 1641 1444 Probatur
1670 1388 1772 1442 hoc
1799 1403 1866 1443 ex
1898 1387 1990 1444 lib.
2016 1400 2069 1443 tv

476 1488 663 1532 contra
692 1478 986 1545 Julianum,
1015 1493 1134 1549 cap.
1167 1480 1229 1535 11
1256 1520 1269 1543 ,
1308 1477 1401 1533 ubi
1426 1479 1501 1533 ait
1530 1495 1545 1534 :
1581 1496 1602 1531 ι
1640 1478 1771 1546 Quis
1804 1479 1949 1533 enim
1973 1492 2071 1533 ne-

477 1582 566 1640 gat
593 1571 825 1627 futurum
880 1571 1049 1628 fuisse
1096 1571 1478 1638 concubitum,
1533 1572 1743 1626 etiamsi
1793 1579 2070 1640 peccatum

478 1678 587 1719 non
638 1664 1051 1733 praecessisset?
1102 1666 1199 1720 sed
1250 1665 1458 1720 futurus
1503 1664 1708 1732 fuerat,
1762 1663 1900 1719 sicut
1950 1663 2071 1717 aliis

478 1756 753 1824 membris,
783 1758 853 1813 ita
879 1758 1039 1814 etiam
1073 1759 1398 1829 genitalibus
1437 1761 1707 1815 voluntate
1739 1761 1929 1824 motis,
1961 1773 2068 1812 non

2168 539 2334 605 dixit,
2381 535 2877 607 concupiscentiam
2908 530 3085 588 carnis
3115 529 3344 603 positam
3384 541 3487 599 pro
3528 525 3761 581 luxuria.

2167 630 2400 688 Prorsus
2422 629 2467 687 si
2490 645 2598 686 non
2623 638 2708 685 est
2730 642 2761 682 a
2791 627 2950 683 Patre
2977 625 3190 682 luxuria
3208 664 3227 694 ,
3250 637 3351 679 nec
3372 621 3466 678 illa
3492 629 3578 678 est
3605 634 3638 673 a
3666 619 3761 673 Pa-

2168 736 2249 784 tre
2272 770 2289 795 ,
2311 729 2398 785 cui
2422 729 2468 784 si
2496 730 2896 794 consentiatur,
2919 726 3159 797 concipit
3187 724 3433 796 peritque
3474 721 3759 778 luxuriam.

2168 822 2300 879 Nam
2319 824 2554 880 motibus
2576 823 2689 879 suis
2715 821 3050 893 quibuslibet
3094 820 3344 877 obtinere
3366 818 3501 890 quid
3517 826 3760 883 conatur,

2167 932 2349 990 quaeso
2375 962 2388 985 ,
2430 917 2533 973 nisi
2564 918 2631 974 ad
2662 917 2931 973 luxuriam
2956 916 3279 988 pervenire?
3307 912 3600 983 Quomodo
3644 926 3764 981 ergo

2169 1020 2253 1069 est
2275 1013 2499 1079 bonum,
2524 1027 2644 1083 quae
2676 1012 2956 1083 pervenire
2983 1020 3211 1067 conatur
3233 1010 3303 1066 ad
3348 1007 3593 1065 malum?
3622 1004 3765 1073 Quo—

2170 1104 2332 1160 modo
2353 1113 2437 1160 est
2465 1114 2712 1160 nostrum
2754 1104 2988 1173 bonum,
3019 1117 3139 1174 quae
3166 1116 3265 1158 nos
3292 1100 3363 1155 ad
3388 1099 3596 1155 malum
3625 1110 3763 1154 com-

2171 1200 2354 1270 pellit?
2382 1218 2402 1253 ι
2439 1199 2581 1272 Lege
2611 1198 2834 1255 ibidem.

2174 1333 2201 1408 ᾗ
2237 1335 2324 1392 Ill.
2370 1335 2557 1392 Utrum
2577 1347 2785 1390 sanctus
2822 1332 3138 1405 Augustinus
3173 1331 3484 1408 egrcesserit,
3515 1328 3766 1408 deducens

2243 1410 2467 1491 peccati.
2503 1408 2778 1491 originalis
2827 1403 3145 1491 redtgmmex
3193 1405 3485 1491 innumeris
3537 1403 3767 1485 humana

2242 1475 2357 1533 vita:
2397 1475 2637 1534 miseriis.
2668 1477 2880 1548 Insigne
2919 1478 2990 1533 D.
3020 1476 3233 1531 Thema:
3265 1493 3359 1547 pro
3384 1475 3765 1546 Augustiniana

2244 1553 2495 1605 sententia
2524 1552 2897 1606 testimonium.

2245 1666 2415 1736 Pergo
2442 1664 2507 1720 ad
2533 1664 2763 1720 alterum
2794 1665 2966 1720 sancti
2988 1664 3273 1735 Augustini
3311 1676 3629 1720 excessum.
3680 1659 3765 1721 Et—

2172 1759 2313 1815 enim
2346 1759 2457 1827 ille,
2485 1774 2591 1830 quo
2617 1758 2933 1829 Pelagianos
2973 1757 3299 1823 confutaret,
3353 1769 3467 1809 non
3518 1753 3696 1808 solum
3740 1766 3767 1807 e

478 1849 701 1905 libidine
734 1851 1017 1906 concitatis
1043 1868 1057 1918 ;
1090 1861 1182 1906 aut
1208 1861 1358 1909 certe
1389 1854 1551 1907 etiam
1582 1854 1695 1923 ipsa
1727 1850 1946 1907 libidine
1966 1892 1980 1917 ,
2013 1858 2071 1905 ut
2104 1868 2151 1928 Β
2178 1855 2346 1911 sacris
2371 1853 2584 1909 arcanis
2622 1853 2933 1908 testimonia
2980 1851 3192 1921 petivit,
3223 1850 3319 1904 sed
3345 1856 3404 1903 ut
3443 1854 3568 1901 erat
3595 1844 3768 1900 subtili

479 1956 583 1997 non
624 1957 722 1997 nos
764 1943 833 1999 de
874 1943 966 1999 illa
1005 1945 1233 1999 nimium
1279 1946 1666 2000 contristemus
1691 1986 1705 2010 ,
1739 1960 1844 2000 non
1893 1943 2067 2015 qualis

485 2051 631 2094 nunc
660 2046 774 2103 est,
803 2039 899 2092 sed
927 2036 994 2093 ad
1026 2048 1213 2093 nutum
1246 2038 1540 2093 voluntatis
1561 2038 1851 2093 serviente.
1878 2056 1898 2090 ›
1926 2036 2069 2107 Lege

481 2142 602 2197 cap.
637 2128 724 2182 14.
755 2129 821 2183 Ει
849 2128 942 2185 lib.
972 2145 1023 2197 v,
1059 2144 1178 2199 cap.
1209 2130 1271 2196 7,
1306 2130 1391 2185 his
1421 2129 1765 2185 adversarios
1814 2128 2065 2183 vellicat:

484 2237 505 2272 ι
536 2219 641 2276 Sed
671 2234 798 2275 ecce
827 2236 933 2275 non
963 2220 1241 2276 vobiscum
1289 2225 1355 2276 de
1387 2220 1627 2277 libidinis
1654 2219 1896 2277 absentia
1928 2235 2067 2289 pra:-

481 2313 722 2369 sentiave
737 2313 1139 2382 contendimus,
1170 2328 1272 2370 nec
1294 2313 1665 2382 dilectionem,
1687 2328 1847 2384 quam
1873 2312 2069 2368 debere

483 2419 580 2461 vos
608 2406 656 2461 ei
684 2405 927 2462 videmus
948 2447 963 2473 ,
994 2406 1319 2463 offendimus
1345 2447 1360 2473 ,
1408 2407 1598 2463 saltem
1648 2407 1815 2477 ipsam
1858 2406 2071 2462 subdite

454 2498 771 2554 voluntatis
813 2498 1040 2568 imperio
1086 2498 1139 2553 in
1183 2498 1281 2553 illo
1334 2497 1605 2554 felicitatis
1634 2498 1774 2554 loco.
1816 2518 1836 2551 ι
1866 2499 1941 2553 De
1972 2498 2071 2554 hac

482 2588 601 2659 ipsa
641 2607 702 2648 re
748 2593 860 2663 agit
906 2602 1125 2649 sanctus
1176 2593 1367 2649 doctor
1397 2592 1496 2648 lib.
1525 2608 1544 2647 ι
1569 2594 1636 2647 ad
1693 2592 2022 2648 Bonifacium
2050 2636 2065 2663 ,

482 2699 601 2755 cap.
666 2686 731 2740 l7
774 2686 863 2742 ubi
906 2696 1139 2758 quatuor
1184 2686 1375 2742 modos
1420 2686 1657 2757 assignat
1694 2686 1890 2757 quibus
1938 2702 2073 2757 nup-

486 2777 684 2833 tiarum
745 2778 1047 2836 fecunditas
1101 2778 1284 2851 perfici
1342 2781 1646 2850 potuisset,
1698 2796 1927 2850 quorum
1966 2780 2072 2837 duo

483 2872 746 2941 postremi
797 2880 922 2929 sunt
967 2889 982 2926 :
1044 2892 1062 2925 ι
1112 2874 1220 2928 Aut
1278 2882 1404 2929 tunc
1468 2871 1539 2927 ad
1592 2882 1777 2929 nutum
1830 2873 2073 2929 volunta-

483 2964 551 3020 tis
608 2965 771 3022 libido
832 2978 1223 3038 consurgeret,
1282 2967 1498 3039 quando
1554 2982 1676 3024 esse
1726 2968 2071 3023 concubitum

483 3059 849 3113 necessarium
876 3070 1024 3114 casta
1055 3059 1306 3128 pudentia
1344 3060 1716 3129 praesensisset
1745 3075 1759 3126 ;
1804 3068 1899 3115 aut
1926 3059 2073 3114 nulla

486 3150 707 3206 omnino
723 3151 987 3206 existente
1014 3151 1087 3206 ibi
1108 3150 1352 3218 libidine,
1374 3161 1431 3206 ut
1453 3164 1651 3208 caetera
1678 3151 1921 3207 membra
1943 3166 2075 3221 quae-

2179 1962 2242 2004 ac
2263 1955 2511 2018 prompto
2534 1946 2769 2017 ingenio,
2794 1943 3094 2000 rationibus
3118 1941 3284 1997 etiam
3310 1938 3549 1995 naturali
3571 1937 3768 1992 lumine

2173 2040 2472 2096 manifestis
2502 2053 2631 2095 usus
2660 2046 2764 2095 est.
2797 2040 2943 2092 Inter
2970 2046 3167 2091 caetera
3191 2040 3515 2104 argumenta
3544 2029 3769 2085 celeber-

2172 2134 2368 2188 rimum
2392 2133 2596 2187 invenit
2618 2144 2844 2202 magnus
2870 2129 3083 2196 doctor,
3110 2142 3219 2198 quo
3241 2134 3529 2197 peccatum
3554 2120 3771 2192 originis

2172 2223 2554 2294 persuaderet,
2589 2222 2864 2278 deducens
2912 2235 3107 2290 nempe
3152 2216 3286 2272 illud
3318 2215 3387 2272 ab
3417 2215 3652 2270 inﬁnitis
3681 2212 3773 2268 bu-

2172 2332 2346 2373 manae
2374 2317 2497 2372 vitae
2520 2315 2774 2371 miseriis.
2809 2315 2885 2369 ita
2914 2311 3195 2384 appellans
3227 2309 3372 2366 illam
3406 2305 3771 2363 Ecclesiastici

2171 2413 2495 2469 sententiam
2526 2427 2648 2483 cap.
2678 2428 2750 2466 xi.
2771 2452 2787 2479 ,
2812 2409 2966 2465 initio
2999 2427 3011 2461 :
3044 2408 3243 2480 Iugum
3269 2422 3424 2478 grave
3451 2420 3615 2475 super
3646 2403 3772 2473 ﬁlios

2172 2507 2343 2562 Adam
2368 2525 2399 2562 a
2429 2507 2512 2561 die
2533 2508 2700 2561 exitus
2727 2506 2790 2560 de
2819 2514 2992 2561 ventre
3032 2503 3217 2558 matris
3260 2517 3439 2557 eorum
3458 2541 3474 2567 ,
3520 2498 3773 2570 arguebat

2172 2602 2239 2657 ad
2270 2602 2587 2657 salvandam
2629 2601 2726 2657 Dei
2754 2600 3017 2671 justitiam
3058 2597 3280 2668 aliquod
3326 2598 3380 2651 in
3429 2592 3772 2651 nascentibus

2173 2694 2377 2748 crimen
2408 2691 2759 2748 asserendum
2796 2705 2948 2756 esse,
2979 2703 3049 2745 ne
3102 2697 3181 2744 tot
3218 2684 3457 2741 miseriis
3487 2684 3675 2755 puniri
3703 2684 3772 2738 in-

2178 2786 2324 2840 noxii
2365 2784 2737 2841 crederentur.
2776 2783 2891 2839 lloc
2944 2790 3316 2854 argumentum
3350 2779 3551 2849 ubique
3591 2778 3649 2834 in
3678 2777 3773 2834 Au-

2173 2878 2371 2949 gustini
2404 2894 2512 2935 non
2539 2878 2718 2934 dicam
2737 2876 2914 2946 libris,
2940 2875 3042 2932 sed
3061 2875 3321 2932 librorum
3353 2873 3567 2945 paginis
3597 2887 3773 2949 occur-

2176 2970 2269 3024 rit.
2314 2968 2436 3025 Lib.
2464 2984 2515 3023 vr
2554 2968 2747 3039 Operis
2786 2965 3028 3037 imperf.,
3058 2981 3181 3036 cap.
3212 2964 3315 3033 56,
3352 2963 3451 3019 has
3482 2965 3771 3020 sententias

2175 3061 2575 3132 conglomerat:
2598 3078 2616 3112 ι
2642 3058 2832 3116 Omnis
2855 3068 3035 3116 autem
3054 3074 3216 3129 poena
3239 3057 3498 3125 hominis,
3521 3056 3655 3128 quid
3677 3063 3769 3123 est,

2176 3154 2283 3210 nisi
2314 3168 2474 3224 poena
2495 3152 2592 3210 Dei
2623 3152 2897 3223 imaginis,
2920 3166 3042 3222 quae
3068 3152 3115 3207 si
3145 3149 3377 3207 infertur
3410 3148 3636 3219 injuste,
3657 3162 3769 3218 pro-

487 3257 592 3313 que
622 3243 689 3298 ad
734 3259 896 3313 opera
926 3260 1022 3301 sua
1041 3286 1057 3312 ,
1108 3246 1187 3301 sic
1212 3246 1279 3301 ad
1309 3261 1445 3317 opus
1482 3247 1759 3317 proprium
1790 3248 1952 3303 etiam
1982 3263 2076 3318 ge—
2101 3260 2150 3323 (ζ
2182 3248 2325 3303 lecto
2354 3262 2385 3301 a
2412 3262 2520 3318 quo
2556 3244 2791 3302 infertur
2818 3245 3049 3316 injustus
3078 3250 3184 3300 est.
3218 3243 3350 3311 Quis
3379 3241 3545 3312 porro
3576 3241 3767 3296 dubitet

489 3339 671 3395 nitalia
699 3339 862 3410 iussis
889 3340 1187 3396 volentium
1215 3341 1335 3397 sine
1372 3342 1482 3397 ulla
1523 3342 1839 3398 difficultate
1868 3345 2073 3399 servis-

487 3440 627 3487 sent.
662 3449 681 3485 ι
712 3432 905 3488 Postea
935 3432 1002 3487 de
1030 3433 1115 3487 his
1138 3433 1346 3489 duobus
1369 3434 1483 3490 ait:
1513 3452 1533 3487 ι
1566 3435 1797 3490 Duarum
1824 3450 1954 3491 vero
1986 3452 2075 3492 re-

492 3522 759 3595 liquarum
786 3523 1409 3595 quamlibetelegeritis,
1442 3542 1550 3581 non
1581 3535 1666 3582 est
1694 3526 1954 3583 adversus
1984 3544 2079 3584 vos

488 3616 598 3671 ulla
645 3616 992 3673 contentione
1038 3616 1411 3673 laborandum.
1468 3617 1583 3673 Etsi
1634 3618 1778 3673 enim
1831 3626 2079 3686 quartam

488 3710 770 3767 nolueritis
797 3711 1031 3781 eligere,
1072 3710 1161 3766 ubi
1197 3721 1279 3766 est
1309 3710 1547 3766 omnium
1576 3711 1881 3767 obedientia
1912 3728 2079 3768 mem-

488 3802 726 3873 brorum,
758 3804 875 3859 sine
909 3805 1017 3860 ulla
1044 3805 1267 3861 libidine
1298 3821 1507 3861 summa
1530 3806 1915 3877 tranquillitas,
1945 3823 2083 3878 quo-

489 3898 631 3953 niam
659 3898 770 3969 jam
802 3914 896 3953 vos
934 3900 985 3954 ei
1023 3899 1149 3955 fecit
1188 3909 1488 3955 vestrarum
1532 3900 1952 3970 disputationum
1984 3903 2083 3956 im-

490 3988 957 4060 petusinimicos,
1014 3991 1141 4046 illud
1170 3992 1323 4048 vobis
1365 3992 1558 4048 saltem
1607 3993 1885 4063 placebit,
1938 3993 2083 4064 quod

495 4084 655 4137 tertio
680 4082 802 4139 loco
831 4072 1127 4153 posuimus.
1168 4103 1189 4137 ι
1224 4084 1532 4155 Legendum
1568 4095 1651 4140 est
1696 4084 1961 4156 integrum
1989 4100 2082 4141 ca-

501 4183 629 4242 put;
656 4174 782 4230 inde
826 4176 967 4229 enim
996 4175 1278 4231 evidenter
1330 4176 1598 4246 colligitur
1623 4184 1868 4231 sanctum
1899 4175 2086 4232 docto-

493 4278 608 4320 rem
652 4267 931 4322 censuisse
974 4266 1175 4322 nullam
1228 4267 1392 4323 fuisse
1441 4267 1495 4323 in
1544 4270 1788 4325 terrestri
1835 4270 2087 4341 paradiso

493 4356 1012 4425 concupiscentiam,
1033 4372 1261 4427 eamque
1283 4360 1581 4429 subiectam
1613 4361 1877 4418 voluntati
1904 4362 2085 4434 dispu-

495 4448 715 4503 tationis
746 4458 948 4504 tantum
996 4451 1168 4520 gratia
1196 4450 1515 4520 admisisse,
1556 4468 1625 4509 ne
1656 4454 1996 4512 adversarios
2024 4456 2088 4510 de

494 4542 590 4597 illa
613 4542 829 4598 nimium
865 4544 1189 4600 contristaret
1212 4584 1227 4610 ,
1257 4555 1318 4601 ut
1350 4561 1417 4602 ex
1460 4547 1649 4603 eodem
1682 4550 1925 4618 proxime
1950 4548 2089 4606 reci-

2180 3340 2324 3412 quod
2349 3340 2549 3412 injuste
2578 3338 2843 3397 inferatur
2886 3353 3044 3409 paena
3073 3338 3298 3409 imagini
3348 3336 3480 3403 Dei,
3525 3336 3631 3391 nisi
3677 3335 3766 3390 hoc

2178 3435 2337 3504 culpa
2385 3432 2690 3489 meruerit?
2722 3449 2743 3485 ι
2773 3432 2841 3488 Et
2870 3447 3011 3502 ,cap.
3038 3431 3108 3485 27
3142 3448 3155 3484 :
3190 3448 3212 3484 ι
3239 3429 3426 3486 Justus
3466 3436 3555 3484 est
3596 3427 3727 3483 Deus
3748 3468 3761 3495 ,

2182 3527 2323 3598 quod
2350 3527 2564 3583 assidue
2588 3535 2776 3582 contra
2807 3535 2859 3582 te
2901 3525 3040 3580 dicis
3066 3566 3083 3591 ,
3111 3532 3167 3580 et
3193 3522 3403 3593 nescis,
3431 3520 3615 3592 justus
3663 3530 3763 3586 est,

2181 3618 2627 3690 inquam,Dcus,
2676 3628 2731 3673 et
2779 3617 2901 3672 ideo
2951 3626 3241 3671 nascentes
3270 3630 3370 3669 nec
3417 3612 3768 3678 faceret,nec

2184 3710 2300 3766 fieri
2321 3711 2524 3767 sineret
2548 3709 2800 3774 miseros,
2834 3710 2936 3763 nisi
2962 3717 3146 3763 nosset
3178 3722 3323 3763 reos.
3349 3726 3370 3760 ι
3398 3706 3533 3762 item
3568 3724 3583 3759 :
3620 3723 3639 3758 ι
3677 3704 3765 3773 ipsi

2184 3800 2409 3866 nullum,
2458 3800 2597 3856 sicut
2623 3802 2843 3871 putatis,
2879 3800 3155 3855 trahentes
3186 3809 3493 3869 peccatum,
3542 3795 3764 3852 immeri-

2186 3901 2292 3957 tas,
2317 3893 2362 3948 si
2385 3893 2489 3949 hoc
2507 3895 2578 3949 ita
2598 3903 2703 3961 est,
2737 3890 2926 3963 procul
2949 3891 3115 3948 dubio
3141 3890 3415 3947 sustinent
3441 3904 3654 3960 poenas.
3678 3886 3765 3944 Ubi

2184 3997 2269 4046 est
2281 3989 2490 4060 justitia
2514 3991 2628 4058 Dei,
2646 4005 2805 4060 quam
2826 3990 2872 4045 si
2894 3990 3182 4060 cogitares,
3205 4003 3483 4060 nunquam
3504 3987 3760 4053 crederes,

2186 4082 2303 4139 sine
2333 4083 2442 4139 ullo
2471 4083 2664 4140 merito
2707 4083 2923 4155 peccati
2958 4081 3240 4153 originalis
3266 4089 3379 4137 tam
3407 4080 3641 4137 miseros
3660 4091 3763 4134 esse

2186 4182 2490 4229 nascentes.
2531 4193 2552 4227 ι

2262 4264 2570 4336 Respondet
2594 4266 2883 4336 Moraines,
2910 4266 3052 4337 disp.
3081 4265 3173 4334 15,
3193 4280 3344 4321 ιιιιιιι.
3378 4265 3509 4333 1υ6,
3535 4262 3761 4334 Augusti-

2186 4373 2315 4413 num
2336 4374 2367 4413 a
2390 4357 2623 4415 miseriis
2651 4360 2774 4415 vitae
2796 4359 3048 4415 humanae
3072 4369 3350 4430 peccatum
3374 4357 3639 4429 originale
3659 4371 3762 4427 pro-

2188 4453 2427 4520 bantem,
2469 4473 2488 4506 ι
2517 4455 2829 4511 excessisse
2857 4454 3111 4510 videlicet
3158 4452 3373 4509 fervore
3403 4448 3760 4522 disputationis

2188 4546 2468 4617 abreptum
2490 4589 2506 4615 ,
2534 4556 2592 4603 et
2619 4546 2745 4603 odio
2773 4546 2996 4603 haeresis
3022 4544 3327 4617 Pelagianae
3354 4544 3423 4599 ad
3448 4542 3757 4600 contrarium

496 4636 750 4691 tavitnus.
783 4636 908 4692 Haec
934 4637 1267 4707 Augustinus
1287 4638 1356 4694 de
1384 4640 1819 4710 concupiscentia
1843 4642 2081 4713 scripsit,
2110 4671 2166 4733 ι)
2190 4647 2492 4693 extremum
2517 4638 2843 4705 declinasse,
2870 4650 3046 4708 neque
3072 4636 3175 4691 hac
3220 4637 3274 4691 in
3304 4644 3459 4706 parte
3483 4633 3757 4731 doctrinam

495 4733 732 4803 probans
760 4748 828 4789 ex
866 4732 958 4789 illo
995 4733 1183 4802 prima:
1208 4730 1432 4789 Joannis
1463 4733 1719 4804 Epistula:
1757 4748 1878 4803 cap.
1928 4749 1997 4803 tt,
2029 4750 2082 4789 v.

497 4825 565 4883 16
599 4844 614 4883 :
647 4827 1073 4899 Concupiscentia
1111 4828 1282 4881 carnis
1327 4843 1429 4881 non
1479 4836 1554 4881 est
1596 4841 1662 4881 ea:
1704 4825 1883 4882 Patre.
1914 4828 2084 4893 Quem

497 4927 704 4974 textum
730 4918 799 4974 de
842 4918 1050 4974 actibus
1090 4916 1273 4972 vetitis
1312 4916 1764 4987 concupiscentia
1813 4916 2084 4988 Pelagiani

498 5010 1011 5081 interpretabantur.
1041 5010 1213 5078 Quam
1259 5024 1391 5066 vero
1436 5009 1729 5065 absurdam
1768 5011 2083 5067 eorumdem

499 5103 803 5171 opinionem
850 5114 1069 5160 sanctus
1114 5106 1275 5160 Pater
1314 5104 1688 5172 arbitraretur,
1732 5118 1803 5160 ex
1852 5105 1917 5161 iis
1966 5120 2085 5175 qua:

500 5195 688 5252 scribit
730 5197 826 5252 lib.
855 5212 929 5252 iv.
963 5197 1154 5268 Operis
1193 5197 1444 5268 imperf.,
1477 5212 1597 5268 cap.
1628 5197 1733 5261 69,
1760 5198 2033 5269 colligitur
2066 5217 2080 5253 :

504 5304 526 5340 ι
546 5286 659 5342 Νοιι
687 5287 871 5359 igitur,
902 5288 1097 5359 inquit,
1127 5299 1385 5347 caventur
1406 5304 1570 5362 opera
1594 5290 1756 5356 mala,
1782 5291 1887 5347 nisi
1918 5291 2090 5348 frene-

501 5388 588 5434 tur
627 5381 1060 5450 concupiscentia
1100 5384 1274 5449 mala,
1324 5398 1445 5454 qua:
1474 5398 1505 5438 a
1537 5394 1590 5439 te
1617 5399 1900 5441 nonnenon
1938 5400 2088 5441 iuru-

500 5489 717 5541 nssru,
748 5475 834 5530 vel
860 5476 1035 5545 potius
1061 5493 1297 5532 ιιιεκτιλ
1324 5477 1523 5533 dicitur
1544 5470 1703 5534 bona.
1734 5479 1846 5533 Nec
1867 5479 2090 5534 erubes-

501 5566 611 5636 cis,
642 5581 742 5623 nec
765 5567 1058 5639 horrescis,
1088 5579 1140 5626 te
1161 5570 1229 5626 ad
1255 5586 1467 5627 nurum
1496 5588 1733 5629 nenscus
1758 5574 2085 5642 pervenisse,

500 5669 561 5717 ut
600 5674 761 5717 nemo
785 5661 1041 5719 liberetur
1066 5662 1097 5716 ἐι
1129 5671 1221 5716 tuo
1266 5664 1438 5731 malo,
1486 5665 1588 5720 nisi
1640 5680 1744 5720 non
1784 5666 2086 5721 consentiat

503 5761 596 5809 tuo
622 5755 783 5810 bono.
814 5755 1259 5824 Concupisccntia
1303 5756 1460 5826 igitur
1482 5756 1695 5822 carnis,
1725 5771 1831 5825 qua
1860 5757 2086 5827 cupiun-

505 5853 592 5899 tur
610 5861 730 5915 qua:
754 5846 1130 5919 prohibentur,
1161 5864 1266 5906 non
1295 5856 1379 5905 est
1406 5864 1432 5902 a
1461 5848 1636 5903 Patre.
1660 5846 1883 5905 Frustra
1906 5860 2080 5918 putas,

2190 4730 2307 4799 ejus
2347 4729 2675 4800 approbasse
2726 4729 3044 4785 Ecclesiam.
3068 4746 3089 4780 ι
3117 4727 3301 4784 Placet
3330 4725 3477 4797 quod
3509 4739 3615 4783 non
3648 4722 3760 4778 dixit

2187 4823 2448 4877 interdum
2476 4821 2777 4878 declinasse
2822 4821 2889 4876 ad
2917 4829 3218 4876 extremum
3243 4860 3259 4886 ,
3291 4818 3494 4889 ubique
3524 4817 3661 4873 enim
3684 4813 3759 4868 de-

2187 4914 2421 4971 clinasse
2450 4914 2711 4969 dicendus
2731 4920 2903 4980 esset,
2930 4927 3055 4967 nam
3089 4911 3221 4967 illud
3249 4919 3626 4982 argumentum
3670 4916 3758 4959 tam

2188 5024 2325 5077 stupe
2348 5007 2569 5075 dictum,
2595 5007 2883 5077 saepiusque
2902 5006 3177 5060 dicendum
3203 5014 3358 5060 vocat
3380 5019 3505 5074 cap.
3528 5004 3597 5057 9.5
3612 5002 3697 5057 lib.
3717 5013 3757 5052 vr

2192 5100 2413 5156 laudati.
2441 5100 2620 5168 Quare
2656 5083 3215 5171 Augustinus'sciens,
3253 5097 3520 5169 prudens,
3550 5097 3752 5154 volens,

2189 5211 2255 5252 ea
2278 5197 2488 5253 ratione
2507 5211 2642 5253 usus
2670 5206 2775 5263 est,
2805 5212 2912 5253 non
2938 5195 3317 5266 disputationis
3351 5203 3488 5250 aestu
3511 5210 3571 5249 ac
3600 5192 3755 5247 furore

2192 5290 2449 5361 percitus.
2475 5299 2533 5346 ut
2553 5290 2850 5347 adversarii
2871 5299 3173 5361 opponunt.
3200 5289 3316 5345 imo
3343 5288 3615 5360 Pelagiani
3634 5286 3750 5341 idem

2192 5394 2569 5456 argumentum
2584 5386 2816 5442 evadere
2839 5386 2969 5440 totis
2989 5384 3193 5440 viribus
3214 5383 3397 5440 conati
3424 5390 3570 5449 sunt,
3597 5390 3647 5435 ut
3672 5384 3768 5447 pa-'

2195 5488 2273 5535 tet
2301 5494 2368 5536 ex
2389 5478 2606 5535 Juliano
2645 5479 2781 5534 libro
2800 5477 3017 5544 eodem,
3046 5491 3166 5548 cap.
3191 5477 3284 5543 25,
3317 5477 3414 5533 ubi
3442 5470 3751 5547 Augustiuia-

2198 5585 2321 5625 nam
2353 5570 2821 5626 ratiocinationem
2859 5568 3092 5624 irridens
3124 5584 3139 5622 :
3172 5585 3193 5620 ι
3239 5567 3441 5624 Verum
3473 5567 3595 5639 quid
3638 5577 3749 5627 nos,

2194 5662 2390 5736 inquit,
2419 5672 2529 5719 tam
2560 5664 2787 5735 obstipa:
2810 5661 3054 5717 veritatis
3075 5662 3246 5717 solius
3270 5662 3535 5717 rationem
3557 5669 3751 5728 sequen-

2193 5758 2316 5813 dam
2364 5768 2646 5829 putamus,
2676 5757 2800 5813 ciim
2848 5755 3188 5811 inimicorum
3219 5763 3526 5811 nostrorum
3552 5751 3748 5823 phalanx

2194 5850 2323 5914 ipsis
2371 5851 2630 5908 innitatur
2663 5864 2842 5907 rerum
2874 5848 3133 5920 periculis
3162 5856 3253 5913 .et
3285 5848 3537 5920 insurgat
3583 5847 3628 5901 in
3670 5853 3745 5895 nos
