3962 6346
220 335 323 387 M7

1398 334 1713 392 νΙΝΒΙΟΙιιΕ
1752 337 2313 395 AUGUSTINIAN/E.

3381 344 3486 403 618

216 463 575 504 aerumnarum
620 447 834 502 inimica
861 446 1169 518 suffragiis;
1209 446 1326 503 vult
1364 448 1561 519 quippe
1597 449 1802 513 pudore
1829 453 1878 513 Α
1908 460 2217 521 peccatum,
2261 466 2292 507 a
2330 466 2436 523 quo
2467 465 2561 522 per
2603 452 3092 509 denominationem
3124 456 3485 514 extrinsecam

212 543 481 605 coeuntis,
512 541 704 597 dolore
731 542 995 612 parientis
1015 587 1029 612 ,
1064 541 1265 600 sudore
1291 542 1586 598 laborantis
1627 551 1801 597 trans-

213 636 527 697 mi‘ssiqnem
550 634 825 705 culparum
848 644 903 691 et
922 651 1203 706 poenarum
1231 639 1284 691 in
1311 637 1521 692 semina
1552 650 1805 706 compro-

212 726 368 792 bare,
415 735 476 782 ut
505 726 589 783 his
642 726 893 782 videlicet
932 729 1100 801 signis
1156 728 1454 783 difﬁcilium
1507 736 1756 798 partuum
1784 770 1800 795 ,

209 819 569 891 agricolarum
596 818 939 887 sudantium,
970 830 1026 876 et
1047 820 1343 876 divisurum
1393 820 1665 876 novalium
1696 820 1803 875 cri-

208 925 336 964 men
365 909 608 966 naturale
633 911 905 978 credatur,
930 912 1084 982 cujus
1111 912 1305 967 merito
1350 927 1449 982 per
1488 921 1565 966 tot
1592 912 1800 967 incom-

206 1002 370 1058 moda
398 1016 568 1073 genus
609 1015 925 1060 exerceatur
968 1005 1321 1060 humanum.»
1370 1006 1535 1075 Igitur
1579 1006 1648 1061 de
1696 1005 1801 1061 hoc

204 1103 530 1165 argumento
552 1094 865 1166 Pelagianos
896 1096 1035 1152 inter
1074 1112 1137 1151 ac
1186 1095 1540 1167 Augustinum
1582 1112 1646 1153 ex
1676 1111 1802 1166 pro-

206 1186 393 1253 posito
432 1188 802 1242 controversia
833 1187 959 1255 fuit,
988 1203 1110 1243 cum
1142 1189 1441 1257 praesertim
1474 1190 1802 1260 Augustinus

205 1277 392 1332 omnia
422 1278 646 1334 solverit
688 1295 811 1350 quae
857 1280 924 1335 ad
966 1280 1096 1335 illud
1136 1280 1534 1351 infringendum
1564 1282 1803 1339 Julianus

204 1368 485 1437 opposuit,
510 1377 569 1424 ut
595 1370 770 1440 palam
802 1370 861 1425 fit
882 1387 951 1426 ex
983 1372 1077 1427 lib.
1109 1387 1160 1427 v1
1189 1370 1381 1442 Operis
1401 1373 1625 1431 laudati.
1649 1376 1801 1443 Quod

202 1472 341 1513 vero
372 1460 615 1515 scribunt
658 1460 956 1517 Ecclesiam
997 1464 1095 1517 hac
1141 1463 1194 1517 in
1227 1479 1289 1519 re
1317 1478 1425 1519 non
1470 1466 1799 1535 approbasse

200 1552 493 1622 Augustini
513 1555 834 1620 doctrinam,
858 1557 1097 1626 ipsorum
1111 1556 1466 1613 eruditionem
1484 1560 1689 1629 pandit,
1709 1562 1799 1631 qni

198 1643 454 1700 eamdem
483 1653 537 1701 et
565 1644 791 1701 Romani
815 1648 1082 1717 pontificis
1104 1658 1160 1705 et
1207 1650 1533 1721 synodorum
1562 1651 1799 1708 decretis

200 1746 576 1795 consecratam
605 1740 770 1797 fuisse
799 1758 907 1797 non
937 1744 1394 1799 animadvertunt.
1428 1744 1657 1802 Sanctus
1688 1746 1796 1803 Ge-

1907 544 2101 599 dicitur
2126 546 2374 615 poenalis.
2400 548 2471 602 At
2499 547 2685 603 Patres
2700 562 2767 603 er.
2791 550 2901 618 ipsa
2924 549 3181 618 gravitate
3206 549 3395 605 mortis
3424 566 3488 606 ac

1905 647 2221 693 caaterarum
2272 639 2418 695 illam
2451 642 2871 710 praecedentium
2915 643 3253 698 miseriarum
3284 644 3482 699 malum

1905 744 2024 784 esse
2068 730 2211 785 illam
2245 732 2619 802 gravissimum
2662 736 2954 804 urgebant,
2988 745 3046 790 ut
3076 736 3336 791 inferrent
3376 752 3483 791 non

1906 822 2009 877 nisi
2035 824 2087 877 in
2120 838 2331 892 poenam
2361 825 2599 895 potuisse
2622 826 2763 896 juste
2790 827 2953 899 inﬂigi
2976 845 2990 894 ;
3015 828 3149 883 alias
3173 831 3489 898 supposuis—

1905 925 2027 971 sent
2056 916 2110 970 in
2143 916 2494 974 antecedente
2513 960 2528 986 ,
2548 920 2703 990 {quod
2730 930 2846 976 erat
2871 936 2898 974 a
2925 920 3224 991 Pelagianis
3242 920 3487 977 absolute

1905 1021 2177 1080 negatum.

1975 1103 2328 1163 Subscribunt
2354 1109 2528 1165 eidem
2559 1117 2873 1179 argumento
2894 1108 2983 1163 alii
3012 1109 3219 1166 Patres.
3249 1109 3482 1165 Sanctus
3540 1090 3542 1094 V

1904 1194 2137 1267 Prosper
2190 1209 2376 1256 contra
2432 1200 2651 1267 Collat.,
2701 1217 2821 1271 cap.
2866 1201 2936 1257 20
2987 1219 3000 1255 :
3051 1220 3070 1253 ι
3127 1202 3299 1257 Nimis
3341 1204 3483 1258 enim

1903 1286 2123 1356 impium
2151 1300 2236 1345 est
2260 1292 2361 1347 hoc
2383 1294 2450 1348 de
2478 1294 2571 1349 Dei
2597 1295 2798 1349 sentire
2820 1292 3046 1363 justitia,
3067 1294 3207 1364 quod
3236 1309 3265 1348 a
3286 1309 3489 1364 praeva—

1904 1380 2168 1435 ricatione
2196 1381 2396 1438 liberos
2427 1399 2547 1439 cum
2599 1386 2707 1440 reis
2735 1384 2972 1439 voluerit
3015 1399 3137 1440 esse
3186 1386 3486 1444 damnatos.

1903 1469 2055 1525 Patet
2102 1486 2230 1541 ergo
2275 1474 2433 1544 culpa
2475 1474 2563 1529 ubi
2615 1490 2719 1529 non
2768 1475 2898 1531 latet
2945 1489 3123 1543 paena,
3162 1482 3219 1529 et
3260 1478 3491 1532 societas

1902 1562 2106 1629 peccati
2129 1565 2464 1620 convincitur
2482 1566 2549 1621 de
2572 1566 2952 1623 communione
2973 1568 3243 1637 supplicii,
3268 1579 3323 1623 ut
3347 1569 3488 1639 quod

1901 1660 1983 1707 est
2020 1654 2265 1710 humana:
2296 1658 2544 1724 miseriae,
2580 1674 2684 1713 non
2714 1659 2783 1714 de
2812 1659 3151 1715 institutione
3180 1659 3453 1715 Creatoris
3473 1702 3489 1727 ,

1902 1743 1996 1797 sed
2044 1743 2111 1799 de
2140 1747 2491 1803 retributione
2520 1748 2588 1803 sit
2623 1748 2842 1818 jndicis.
2882 1768 2900 1802 ι
2934 1750 2998 1804 1).
3028 1752 3344 1819 Anselmus,
3394 1752 3488 1807 lib.

200 1827 374 1884 Iasius
399 1845 558 1900 papa,
581 1832 634 1887 in
668 1832 896 1903 epistola
928 1835 960 1888 7
990 1835 1059 1891 ad
1081 1836 1362 1906 episcopos
1394 1853 1491 1908 per
1515 1838 1793 1907 Picenum,
1826 1834 1875 1896 B
1903 1834 1969 1891 de
2020 1836 2295 1906 Conceptu
2356 1840 2588 1912 Virginis
2627 1852 2681 1897 et
2724 1850 2946 1911 peccato
2989 1844 3151 1912 orig.,
3195 1858 3315 1913 cap.
3360 1843 3426 1895 15
3474 1859 3488 1897 :

201 1932 400 1977 contra
427 1923 684 1979 Senecam
704 1925 988 1995 quemdam
1015 1927 1356 1998 Pelagianam
1379 1931 1568 1987 eodem
1592 1936 1797 2004 Augus-

201 2015 303 2068 tini
332 2025 651 2086 argumento
680 2019 845 2073 utitur
870 2020 932 2078 ad
957 2021 1290 2090 probandum
1316 2024 1577 2095 originale
1605 2042 1796 2096 pecca-

200 2119 321 2164 tum
366 2128 380 2163 :
428 2129 447 2163 ‹
479 2111 632 2178 Ideo,
688 2114 897 2183 inquit,
952 2114 1019 2170 de
1070 2114 1347 2172 felicitatis
1393 2134 1506 2174 suae
1555 2120 1798 2176 claritate

200 2203 483 2272 seclusus,
531 2214 689 2275 atque
734 2207 799 2261 ad
847 2207 1029 2278 spinas
1076 2216 1133 2263 et
1178 2209 1403 2265 tribulos
1448 2212 1798 2284 miseriasque

200 2296 531 2367 multiplices
576 2298 783 2355 etelesti
813 2314 947 2355 voce
984 2300 1270 2355 damnatus
1313 2311 1415 2367 est,
1449 2318 1569 2374 qua:
1613 2305 1798 2376 utique

200 2405 371 2461 poena
395 2390 521 2460 justi
546 2391 733 2461 judicii
777 2402 886 2447 tam
911 2392 1091 2462 gravis
1124 2400 1180 2448 et
1212 2408 1403 2464 aspera
1433 2395 1486 2451 in
1510 2396 1650 2452 bono
1678 2413 1799 2467 per-

200 2487 479 2540 severanti
510 2485 814 2540 nullatenus
855 2494 1000 2542 esset
1032 2486 1269 2555 inflicta,
1298 2497 1353 2544 et
1387 2504 1490 2543 NISI
1526 2506 1667 2546 uno
1696 2505 1798 2546 non

198 2595 612 2634 cosvsmsnran
669 2596 861 2636 mare
910 2581 1247 2650 probaretur.
1292 2601 1312 2635 ›
1366 2584 1448 2638 Εη
1514 2587 1800 2655 Augustini

200 2688 371 2730 voces
418 2674 560 2729 ﬁdeli
593 2675 728 2731 echo
776 2674 1015 2731 redditas
1056 2676 1124 2731 ab
1174 2676 1474 2746 apostolica
1513 2680 1664 2736 sede.
1693 2680 1800 2737 Sed

200 2766 313 2822 hoc
343 2767 518 2837 ipsum
559 2767 795 2837 synodus
825 2767 1045 2823 Patrum
1075 2770 1448 2825 Africanorum
1478 2771 1531 2826 in
1554 2772 1797 2828 Sardinia

201 2861 482 2926 exsulum,
508 2862 560 2916 in
602 2860 738 2916 libro
767 2861 836 2916 de
860 2860 1234 2917 Incarnatione
1262 2871 1317 2918 et
1340 2865 1533 2935 gratia,
1558 2881 1678 2937 cap.
1709 2867 1798 2934 M,

198 2955 373 3011 docet
405 2972 420 3012 :
457 2974 476 3007 ‹
510 2955 566 3011 Si
596 2956 687 3025 qui
716 2970 877 3025 ergo,
922 2956 1205 3025 inquiunt,
1237 2965 1467 3014 mortem
1502 2958 1672 3014 solam
1695 2999 1711 3025 ,
1744 2968 1800 3015 ut

199 3065 314 3106 non
346 3049 509 3103 etiam
550 3055 830 3117 peccatum
877 3060 943 3101 ex
972 3047 1190 3102 homine
1232 3048 1406 3117 primo
1432 3050 1714 3106 transiisse
1742 3052 1799 3107 in

198 3158 378 3214 genus
403 3144 696 3198 humanum
721 3142 963 3196 nituntur
994 3155 1266 3211 asserere,
1300 3144 1489 3199 mirum
1521 3145 1565 3198 si
1591 3160 1695 3200 non
1726 3145 1802 3200 in-

1908 1946 1927 1980 ι
1966 1929 2042 1985 Ea
2068 1931 2182 2001 ipsa
2206 1935 2437 2000 ratione,
2463 1933 2654 2005 inquit,
2685 1950 2788 2004 qua
2820 1951 2924 1990 non
2953 1934 3135 1991 debuit
3158 1935 3299 1990 Deus
3320 1935 3488 1991 Adam

1902 2020 2079 2079 facere
2108 2024 2207 2079 nisi
2226 2025 2453 2095 justum,
2480 2041 2577 2081 nec
2601 2027 2780 2096 aliquo
2802 2026 2983 2083 debito
3005 2028 3120 2082 sive
3148 2026 3490 2082 incommodo

1900 2125 2173 2186 gravatum
2203 2158 2218 2183 ,
2277 2126 2461 2189 aperte
2510 2134 2664 2174 mens
2716 2119 2995 2174 rationalis
3044 2119 3290 2189 agnoscit
3330 2133 3488 2185 eum,

1900 2225 2060 2279 quem
2086 2210 2335 2267 similiter
2359 2212 2573 2282 propria
2599 2212 2871 2267 voluntate
2891 2220 2946 2267 et
2966 2212 3166 2267 virtute
3188 2211 3493 2303 prqcreavit

1901 2302 2061 2358 alicui
2115 2304 2257 2359 malo
2307 2305 2577 2361 subditum
2627 2306 2742 2361 fieri
2792 2321 2897 2361 non
2942 2305 3180 2373 debere,
3235 2302 3489 2376 quoniam

1902 2397 2063 2451 nimis
2110 2397 2497 2454 inconveniens
2524 2409 2608 2455 est
2635 2398 2992 2470 omnipotenti
3021 2414 3084 2454 ac
3124 2400 3355 2469 sapienti
3397 2399 3490 2454 Dei

1902 2488 2124 2544 bonitati
2196 2492 2355 2545 talem
2414 2492 2591 2548 facere
2645 2491 2961 2547 rationalem
3017 2500 3319 2548 creaturam
3377 2492 3490 2548 sola

1904 2584 2117 2655 propria
2142 2586 2413 2642 voluntate
2443 2587 2511 2643 de
2537 2588 2782 2653 materia,
2806 2587 2859 2642 in
2892 2603 2997 2657 qua
3014 2588 3218 2643 nullum
3248 2597 3332 2643 est
3361 2602 3493 2657 pec-

1902 2687 2102 2733 catum.
2154 2697 2173 2731 ι
2209 2678 2339 2734 Item
2382 2678 2478 2733 lib.
2522 2695 2558 2733 II
2588 2679 2690 2734 Cur
2720 2679 2871 2733 homo
2897 2678 3059 2745 Deus,
3103 2694 3222 2750 cap.
3252 2677 3321 2745 2,
3366 2679 3443 2733 ait
3475 2696 3491 2733 :

1911 2787 1931 2822 ς
1955 2767 2244 2839 Sapientia:
2274 2777 2329 2825 et
2352 2768 2579 2840 justitiaz
2610 2779 2874 2841 repugnat
2911 2780 2969 2825 ut
2995 2777 3214 2841 cogeret
3261 2778 3492 2826 mortem

1903 2860 2010 2930 pati
2042 2860 2160 2916 sine
2201 2863 2355 2931 culpa
2383 2902 2399 2927 ,
2430 2876 2590 2932 quem
2616 2862 2819 2931 justum
2860 2861 3063 2917 fecerat
3108 2861 3176 2916 ad
3232 2870 3492 2918 aeternam

1902 2953 2309 3010 beatitudinem.
2363 2973 2382 3006 ι
2418 2954 2687 3011 Prmterea
2736 2953 3139 3025 antiquissimus
3169 2963 3353 3012 auctor
3378 2955 3493 3027 Hy-

1903 3045 2251 3117 pognosticon
2272 3089 2287 3112 ,
2330 3046 2423 3102 lib.
2454 3062 2512 3115 II,
2553 3046 2730 3113 initio,
2759 3047 2949 3102 eodem
2992 3047 3155 3102 modo
3183 3046 3443 3103 discurrit
3476 3065 3491 3101 :

1909 3153 1929 3187 ι
1962 3136 2071 3191 Hac
2088 3151 2187 3191 nos
2216 3150 2392 3207 paena:
2412 3137 2680 3192 sententia
2703 3136 2981 3206 colligatos
3007 3137 3119 3206 ipsa
3145 3136 3245 3191 sibi
3264 3137 3494 3193 humana

198 3235 456 3306 telligunt
483 3235 676 3306 quibus
714 3235 999 3290 sententiae
1045 3248 1159 3290 suae
1201 3234 1412 3304 laqueis
1463 3236 1793 3309 obligentur.

1908 3237 2094 3283 natura
2140 3236 2312 3283 totum
2360 3244 2456 3299 per
2487 3230 2674 3284 orbem
2718 3236 2983 3283 terrarum
3019 3227 3207 3283 diffusa
3242 3228 3496 3284 testimo-

200 3328 396 3385 Primo
422 3329 546 3399 quia
574 3329 740 3384 Deum
772 3327 957 3383 dicunt
1000 3327 1260 3397 injustum
1305 3329 1359 3384 in
1387 3344 1452 3384 eo
1482 3330 1623 3400 quod
1659 3333 1800 3387 mori

199 3424 368 3481 faciat
397 3422 667 3493 parvulos,
697 3436 831 3492 quos
860 3422 1005 3477 nulla
1034 3423 1223 3478 volunt
1250 3422 1339 3478 isti
1366 3423 1643 3495 originalis
1674 3440 1798 3495 pec-

201 3516 314 3572 cati
343 3515 661 3585 contagione
687 3515 941 3585 pollutos.
982 3531 1002 3565 ι
1034 3514 1167 3570 Item
1198 3530 1214 3568 :
1254 3533 1272 3568 ‹
1310 3515 1425 3583 Qua
1454 3516 1615 3587 igitur
1636 3517 1801 3587 justi-

200 3608 279 3663 tia
308 3606 450 3662 Deus
478 3606 655 3676 justus
694 3604 988 3660 infantibus
1033 3605 1151 3660 sine
1195 3615 1416 3676 peccato
1454 3610 1800 3666 nascentibus

200 3702 407 3773 ingerit
449 3716 659 3771 poenam
685 3742 701 3768 ,
749 3701 800 3755 in
837 3700 1030 3770 quibus
1061 3714 1236 3770 paenae
1273 3716 1381 3756 non
1421 3702 1628 3757 invenit
1667 3718 1800 3758 cau-

201 3794 364 3850 sam?
390 3812 410 3846 ι
432 3803 535 3849 etc.
558 3793 828 3848 Prmterea
850 3792 1085 3865 synodus
1116 3808 1151 3847 ιι
1183 3794 1512 3850 Arausicana
1539 3811 1747 3853 canone
1768 3797 1801 3849 2

202 3888 323 3942 ait:
352 3904 372 3938 ι
412 3886 472 3942 Si
500 3886 621 3956 quis
662 3886 764 3942 soli
811 3886 942 3942 Adze
997 3886 1493 3956 praevaricationem
1540 3904 1715 3957 suam,
1748 3897 1802 3944 et

204 3992 318 4033 non
349 3977 468 4047 ejus
498 3975 774 4048 propagini
802 3976 995 4031 asserit
1037 3977 1319 4041 nocuisse,
1353 3986 1446 4033 aut
1486 3991 1632 4035 certe
1662 3995 1803 4035 mor-

204 4081 317 4126 tem
350 4080 557 4125 tantum
601 4069 862 4140 corporis,
912 4084 1031 4138 quae
1079 4084 1239 4139 poena
1281 4071 1485 4140 peccati
1530 4081 1648 4138 est,
1696 4088 1802 4128 non

207 4170 393 4217 autem
416 4170 473 4217 et
505 4171 804 4231 peccatum,
826 4160 965 4231 quod
995 4174 1144 4215 mors
1166 4169 1250 4215 est
1271 4161 1488 4229 animae,
1519 4178 1616 4233 per
1638 4179 1803 4218 unum

210 4257 491 4311 hominem
508 4257 559 4311 in
582 4270 740 4311 omne
763 4270 934 4326 genus
956 4255 1247 4310 humanum
1274 4255 1533 4310 transisse
1555 4264 1800 4323 testatur,

208 4352 530 4422 injustitiam
561 4350 672 4405 Deo
699 4348 866 4405 dabit.
907 4369 925 4401 ι
962 4349 1128 4420 Igitur
1173 4348 1266 4418 qui
1306 4348 1592 4405 maximam
1643 4350 1805 4405 mise-

209 4451 439 4515 riarum,
467 4463 659 4519 nempe
682 4457 912 4504 mortem
934 4448 1051 4503 sine
1077 4454 1300 4517 peccato
1330 4445 1534 4501 homini
1561 4445 1807 4502 accidere

210 4545 366 4610 dicit,
402 4543 656 4613 injustum
681 4542 810 4598 facit
837 4542 1004 4598 Deum
1033 4583 1048 4607 ,
1080 4540 1237 4611 [quod
1274 4548 1356 4595 est
1396 4539 1567 4594 sancti
1598 4540 1807 4609 Augus-

1907 3322 2050 3375 nium
2086 3320 2333 3391 perhibet
2355 3362 2370 3388 ,
2402 3321 2529 3377 dum
2571 3335 2629 3377 se
2661 3322 2899 3392 paternis
2928 3320 3255 3377 cruciatibus
3294 3331 3497 3377 sancta:

1906 3412 2043 3485 legis
2070 3414 2377 3470 testimonio
2399 3414 2644 3485 pervidet
2666 3415 2929 3470 laborare.
2955 3412 3110 3480 Quod
3136 3427 3239 3483 qua
3263 3412 3492 3482 jusﬁtia,

1905 3508 1952 3563 si
1980 3508 2226 3565 haeredes
2249 3518 2531 3579 parentum
2562 3510 2769 3578 peccati
2800 3524 2907 3564 non
2937 3522 3147 3579 sumus,
3181 3508 3438 3578 patimur?
3472 3525 3492 3559 ι

1906 3597 2047 3669 Lege
2101 3598 2173 3655 ibi
2232 3600 2407 3668 plura.
2460 3600 2667 3654 Rursus
2712 3598 2806 3656 lib.
2852 3615 2906 3665 v,
2952 3600 3094 3654 inter
3121 3606 3317 3654 caetera
3361 3598 3438 3652 ait
3482 3614 3497 3653 :

1912 3710 1933 3743 ι
1969 3691 2277 3746 Secundum
2306 3706 2549 3746 errorem
2579 3700 2817 3747 vestrum
2846 3691 3007 3755 Deus,
3038 3691 3127 3761 qui
3163 3691 3321 3745 talem
3370 3691 3497 3746 fecit

1908 3791 2153 3837 naturam
2175 3790 2233 3837 ut
2257 3782 2558 3852 poenalibus
2583 3784 2759 3837 anima
2780 3782 3120 3852 passionibus
3142 3790 3494 3847 convexetur,

1906 3873 2141 3929 crudelis
2163 3882 2267 3940 est,
2298 3882 2391 3928 aut
2417 3882 2565 3927 certe
2587 3873 2840 3942 injustus,
2869 3882 2924 3926 ut
2952 3872 3317 3926 innocentiam
3344 3886 3497 3926 sanc-

1909 3981 2016 4021 tam
2062 3972 2118 4023 et
2146 3967 2343 4021 nullius
2385 3966 2599 4036 penitus
2627 3965 2828 4021 erroris
2858 3965 3143 4019 obnoxiam
3174 3965 3337 4019 tantis
3370 3980 3495 4034 per-

1909 4062 2085 4115 mittat
2114 4060 2294 4131 urgeri
2324 4058 2609 4128 periculis,
2648 4068 2702 4112 et
2730 4056 2784 4111 in
2814 4056 2943 4126 ipsis
2976 4071 3359 4127 nonnunquam
3391 4056 3497 4110 vita

1908 4154 2129 4224 privari.
2170 4174 2187 4205 ι
2229 4154 2293 4208 Ει
2320 4153 2535 4223 quidem
2568 4151 2896 4221 Augustinus
2920 4151 3015 4207 lib.
3041 4166 3093 4205 IV
3114 4161 3301 4206 contra
3328 4150 3499 4205 Julia-

1910 4264 2035 4304 num
2060 4262 2179 4317 cap.
2226 4245 2320 4312 12,
2375 4242 2615 4301 referens
2647 4245 2946 4300 sententias
2991 4259 3174 4299 eorum
3226 4246 3315 4314 qui
3376 4259 3499 4299 nes-

1909 4341 2113 4396 cientes
2157 4338 2417 4408 miginale
2474 4347 2752 4407 peccatum
2810 4352 2876 4391 ex
2937 4336 3166 4391 miseriis
3220 4335 3495 4391 hominum

1910 4443 2118 4499 ortum,
2176 4430 2271 4486 Dei
2318 4429 2622 4500 aequitatem
2674 4436 3026 4495 accusarunt,
3085 4428 3159 4482 ait
3216 4428 3338 4484 illos
3380 4443 3494 4483 rem

1913 4526 2147 4595 vidisse,
2177 4537 2395 4579 causam
2442 4522 2768 4591 nescivisse,
2810 4538 2932 4577 cum
2962 4522 3053 4577 alii
3083 4522 3137 4576 in
3178 4522 3285 4578 vita
3334 4538 3496 4592 supe-

216 4641 313 4697 tini
344 4647 742 4709 argumentum.
788 4637 941 4692 Ilunc
991 4646 1192 4690 textum
1235 4635 1624 4690 Arausicanum
1674 4624 1886 4688 non-D
1913 4619 2056 4675 τίοΐθ
2107 4633 2355 4688 99003559
2404 4619 2614 4672 animas
2658 4618 2934 4681 dicerem.
2976 4616 3119 4671 unde
3150 4617 3216 4671 ad
3254 4618 3499 4673 miserias

214 4732 345 4787 nulli
376 4730 586 4797 videre,
636 4743 803 4798 quare
845 4725 1171 4795 rcSpondent
1200 4734 1425 4781 mortem
1457 4725 1555 4779 sub
1599 4724 1807 4780 ratione

215 4839 393 4894 pana:
423 4839 529 4877 non
571 4822 813 4891 potuisse
858 4819 1026 4889 inﬂigi
1072 4816 1278 4873 homini
1315 4819 1431 4873 sine
1475 4817 1627 4887 culpa
1670 4817 1805 4871 citra

219 4918 314 4973 Dei
339 4916 698 4988 injustitiam,
737 4923 793 4969 at
822 4915 1065 4985 potuisse
1109 4913 1275 4967 Deum
1317 4913 1450 4967 citra
1494 4910 1805 4981 injustitiam

219 5009 460 5064 condere
491 5024 662 5079 genus
685 5008 977 5061 humanum
1004 5006 1057 5059 in
1087 5012 1229 5059 statu
1257 5012 1461 5057 natura:
1490 5018 1655 5071 pum,
1691 5002 1808 5058 sine

221 5102 640 5159 immortalitatis
669 5101 835 5169 dono,
866 5096 1026 5154 morti
1063 5097 1296 5152 naturali
1341 5096 1661 5166 subjectum.
1700 5095 1807 5151 Sed

220 5198 339 5253 haec
378 5194 659 5266 responsio
708 5193 851 5247 nulla
902 5199 984 5247 est
1021 5209 1031 5241 ε
1075 5204 1198 5244 nam
1249 5186 1518 5257 Pelagiani
1559 5187 1806 5243 dicebant

219 5299 451 5345 mortem
482 5300 603 5342 esse
633 5285 928 5340 naturalem
954 5280 1159 5336 homini
1187 5294 1254 5336 ex
1275 5278 1517 5349 ejusdem
1548 5294 1808 5349 corporea

224 5381 637 5452 compositione,
663 5394 762 5435 nec
784 5378 858 5432 illi
882 5388 1129 5447 tanquam
1158 5389 1370 5444 poenam
1399 5373 1595 5443 infligi;
1621 5386 1809 5429 contra

224 5491 358 5548 quos
388 5490 462 5530 ex
499 5472 799 5544 Augustino
842 5471 1045 5541 colligit
1073 5469 1405 5524 Arausicana
1434 5466 1670 5538 synodus
1694 5509 1709 5536 ,
1762 5468 1807 5523 si

226 5586 369 5627 mors
396 5569 640 5638 corporis
658 5568 773 5621 sine
796 5573 1016 5635 peccato
1040 5561 1248 5618 transiit
1269 5561 1322 5616 in
1349 5571 1613 5631 posteros,
1634 5560 1805 5616 Deum

227 5663 340 5719 fieri
377 5677 411 5718 a
449 5659 751 5730 Pelagianis
798 5658 1080 5728 injustum.
1122 5652 1279 5721 Quod
1320 5656 1463 5709 enim
1490 5667 1637 5707 mors
1664 5663 1807 5708 esset

226 5754 427 5808 malum
456 5752 556 5807 sub
587 5752 797 5806 ratione
826 5764 1000 5820 pinnae
1022 5790 1037 5813 ,
1084 5755 1201 5802 erat
1249 5746 1631 5817 consequentia
1663 5746 1806 5801 illata

228 5853 417 5901 contra
438 5844 744 5911 haereticos,
770 5858 871 5915 qua
902 5842 1022 5897 talis
1044 5841 1191 5897 enim
1220 5838 1475 5910 supponit
1498 5840 1809 5896 necessario

540 5970 807 6031 PATROL.
847 5965 1098 6025 XLVII.

1913 4713 2221 4768 subeundas
2253 4713 2305 4766 in
2361 4725 2576 4780 poenam
2626 4710 2774 4764 nasci
2801 4712 2995 4765 iterum
3022 4710 3379 4779 cogebantur,
3431 4712 3498 4765 de

1911 4808 2103 4877 quibus
2134 4807 2186 4861 in
2218 4806 2325 4861 line
2378 4806 2616 4873 ejusdem
2668 4804 2790 4859 libri
2842 4804 3049 4859 erudite
3096 4805 3368 4861 discurrit.
3413 4806 3499 4862 Ex

1911 4899 2105 4969 quibus
2139 4906 2281 4967 patet
2323 4896 2675 4967 philosophos
2715 4896 3002 4966 plerosque
3034 4897 3237 4951 lumine
3265 4900 3496 4953 naturali

1910 4993 2228 5061 cognovisse
2258 4990 2530 5045 hominem
2550 4990 2891 5045 innocentem
2910 4988 3110 5059 injuste
3141 4989 3301 5045 tantis
3327 4992 3495 5046 mise-

1913 5085 2006 5139 riis
2019 5083 2202 5152 afﬂigi.
2226 5083 2402 5151 Quare
2415 5092 2791 5153 argumentum
2809 5080 2939 5136 illud
2954 5080 3312 5151 Augustiniad
3330 5082 3501 5135 stabi-

1913 5178 2150 5234 liendum
2181 5186 2455 5248 peccatum
2485 5177 2706 5247 originis
2744 5191 2851 5231 non
2885 5175 3058 5231 solum
3088 5176 3373 5245 probatum
3395 5174 3500 5232 fuit

1916 5274 2195 5340 Ecclesiae,
2241 5287 2426 5327 verum
2456 5272 2618 5325 etiam
2652 5269 2782 5339 ipsis
2806 5268 3132 5339 gentilibus,
3167 5268 3344 5339 quoad
3372 5286 3499 5326 rea-

1916 5378 2024 5424 tum
2081 5367 2269 5422 saltem
2304 5364 2509 5436 peccati
2542 5380 2555 5417 :
2588 5362 2724 5418 adeo
2752 5361 2839 5417 vel
2878 5362 2996 5417 solo
3036 5362 3239 5418 lumine
3270 5365 3499 5419 naturali

1915 5471 1998 5517 est
2026 5459 2369 5515 manifestum
2421 5466 2582 5525 atque
2620 5453 3038 5524 apertissimum.
3086 5454 3238 5510 Unde
3276 5470 3501 5525 magnus

1916 5554 2009 5609 ille
2037 5552 2430 5617 Bellarminus,
2465 5562 2587 5603 cum
2620 5562 2719 5618 pro
2749 5549 2996 5617 opposita
3039 5548 3305 5604 sententia
3349 5546 3500 5617 plura

1915 5645 2229 5703 adduxisset
2278 5644 2373 5699 lib.
2404 5657 2457 5697 vt
2492 5641 2560 5698 de
2588 5641 2898 5697 Amissione
2925 5641 3139 5712 gratiae,
3174 5657 3291 5712 cap.
3324 5623 3413 5706 l5,
3445 5640 3499 5695 in

1916 5740 2021 5795 fine
2050 5738 2167 5792 haec
2196 5735 2506 5791 doctissime
2530 5735 2681 5804 juxta
2712 5748 2775 5790 ac
2795 5735 3009 5791 sincere
3031 5734 3283 5804 scripsit:
3322 5749 3343 5783 ι
3374 5732 3501 5785 Om-

1918 5835 2047 5889 nino
2070 5830 2213 5887 enim
2245 5828 2533 5885 verisimile
2563 5836 2647 5884 est
2684 5843 2789 5885 non
2818 5828 2984 5885 fuisse
3016 5828 3181 5884 Deum
3210 5825 3496 5896 optimum,

2902 5948 2978 6007 20
