3962 6346
520 408 625 470 619

1411 410 1974 471 SUPPLEMENTUM
2016 364 2106 463 so
2142 404 2381 464 orans
2422 403 2479 461 s.
2522 401 2914 464 AUGUSTINI.
3691 392 3777 451 osa

517 538 573 587 et
610 531 777 587 nostri
810 531 1020 603 generis
1072 530 1499 587 amantissimum
1520 574 1533 598 ,
1561 530 1900 587 conditurum
1937 528 2113 586 homi-
2139 527 2192 589 Α
2218 522 2473 579 fectibilia
2516 521 2813 592 coaptavit,
2843 516 2988 590 quod
3017 514 3159 574 Deus
3181 514 3523 587 superiorem
3555 523 3781 570 naturam

516 628 641 679 nem
673 632 779 679 tam
804 622 1058 679 miserum
1090 636 1249 695 quam
1276 639 1417 680 nunc
1443 633 1545 692 est,
1571 623 1673 680 nisi
1703 624 1911 695 peccati
1934 622 2104 680 nostri

517 718 829 790 magnitudo
860 718 964 775 tale
995 718 1314 790 supplicium
1346 719 1652 776 meruisset.
1694 739 1711 773 ι
1745 719 1876 787 Quae
1906 717 2106 774 conﬁr-

514 820 625 867 mat
650 812 902 883 opinione
931 810 1270 871 ethnicorum
1289 831 1355 871 ex
1380 815 1678 887 Augustino
1705 815 1890 872 citato.
1923 812 2105 884 Itaque

516 906 656 976 quod
685 910 751 963 ex
788 914 973 964 amore
1002 922 1128 979 erga
1152 907 1423 977 homines,
1456 919 1512 966 et
1541 923 1637 965 sua
1661 908 1826 980 ipsius
1866 908 2105 964 bonitate

425 1020 441 1074 f
514 1015 785 1073 nunquam
812 1001 980 1058 Deum
1009 1002 1272 1059 facturum
1306 1002 1472 1060 fuisse
1496 1003 1857 1061 Bellarminus
1887 996 2103 1070 docuit,

510 1090 564 1148 id
596 1092 924 1164 Augustinus
967 1110 1089 1150 cum
1121 1104 1199 1151 tot
1236 1094 1482 1153 Patribus
1522 1111 1587 1153 ex
1615 1095 1710 1151 Dei
1738 1094 1946 1166 justitia
1978 1093 2099 1150 ﬁeri

509 1200 618 1243 non
643 1202 802 1257 posse
828 1182 1135 1243 afﬁrmavit.
1168 1186 1323 1256 Quod
1348 1188 1395 1245 si
1418 1187 1749 1245 recentiores
1779 1198 1832 1244 et
1860 1187 2064 1244 Gelasii
2086 1228 2101 1251 ,

509 1284 565 1335 et
613 1272 843 1335 aliorum
893 1279 1093 1335 veteris
1145 1272 1405 1337 Ecclesiae
1461 1289 1739 1336 auctorum
1795 1278 2105 1335 testimonia

510 1370 687 1443 aliqua
731 1370 1176 1443 interpretatione
1217 1371 1455 1428 adhibita
1511 1384 1781 1445 utcunque
1834 1372 2106 1444 explicare

510 1458 883 1534 conabuntur,
938 1465 1079 1523 idem
1124 1458 1413 1538 precamur
1464 1481 1588 1539 erga
1632 1467 1987 1538 Augustinum
2031 1468 2105 1523 fa—

501 1554 693 1629 ’ciant,
749 1561 901 1631 cujus
948 1560 1104 1617 unius
1158 1560 1378 1615 vocibus
1429 1560 1502 1615 illi
1549 1561 1714 1617 locuti
1760 1570 1907 1616 sunt.
1950 1560 2019 1615 At
2059 1561 2105 1615 si

511 1662 739 1708 caeteros
787 1653 947 1707 etiam
981 1654 1114 1708 aestu
1162 1651 1542 1721 disputationis
1570 1653 1825 1722 abreptos
1866 1651 2105 1709 veritatis

507 1754 705 1803 metam
728 1738 1036 1802 excessisse
1060 1746 1519 1818 pronuntiabunt,
1548 1762 1736 1803 eorum
1763 1763 1921 1804 voces
1943 1746 2104 1804 surda

507 1852 640 1895 aure
669 1832 1085 1910 praeteribimus,
1112 1839 1411 1911 Augustino
1435 1840 1753 1897 tottestibus
1776 1840 2104 1898 doctissimis

2212 615 2455 673 inferiori
2486 616 2551 670 ad
2582 616 2685 671 hoc
2715 612 3019 684 conjunxit,
3059 618 3119 667 ut
3148 610 3199 667 ei
3227 609 3627 674 dominaretur,
3654 615 3705 662 et
3740 606 3780 661 si

2210 712 2351 784 quod
2376 710 2535 782 hujus
2560 709 2784 766 dominii
2803 707 3249 779 impedimentum
3270 721 3338 761 ex
3360 703 3580 762 defectu
3601 710 3781 757 natura

2210 807 2585 878 contingeret,
2625 804 2745 876 ejus
2781 802 3006 877 speciali
3038 809 3094 859 et
3117 798 3517 872 superanturin
3542 797 3780 855 beneﬁcio

2210 901 2510 969 tolleretur,
2544 907 2602 956 ut
2632 899 2839 955 scilicet
2890 912 3011 954 cum
3039 897 3218 954 anima
3244 895 3528 952 rationalis
3552 893 3628 951 sit
3653 892 3781 948 altio-

2208 993 2285 1050 ris
2322 1001 2529 1050 natura:
2578 1007 2739 1066 quam
2779 1006 3016 1066 corpus,
3071 992 3168 1048 tali
3196 991 3510 1048 conditione
3548 985 3777 1044 credatur

2209 1090 2420 1161 corpori
2441 1102 2561 1145 esse
2582 1087 2892 1159 conjuncta,
2923 1086 3069 1159 quod
3098 1086 3155 1142 in
3184 1098 3421 1157 corpore
3448 1081 3651 1155 aiiquid
3680 1094 3781 1136 esse

2205 1198 2315 1239 non
2362 1182 2532 1255 possit
2583 1183 2917 1237 contrarium
2970 1179 3205 1250 animas,
3254 1189 3547 1250 perquam
3604 1185 3779 1243 corpus

2208 1275 2358 1330 vivit.
2398 1278 2418 1325 ι
2469 1273 2527 1329 1η
2576 1282 2735 1344 quam
2779 1274 2895 1330 rem
2943 1286 3066 1329 cum
3097 1270 3355 1328 nonnulla
3382 1269 3487 1325 alia
3532 1265 3783 1332 dixisset,

2208 1366 2483 1425 concludit
2513 1384 2528 1422 :
2565 1386 2584 1421 ι
2634 1368 2724 1425 Sic
2752 1368 2915 1441 igitur
2946 1366 3258 1440 hujusmodi
3286 1364 3531 1424 defectus
3557 1361 3787 1435 quamvis

2212 1461 2487 1518 naturales
2520 1460 2727 1518 homini
2768 1460 3082 1529 videantur,
3130 1458 3378 1518 absolute
3407 1452 3788 1514 considerando

2209 1553 2502 1610 humanam
2549 1556 2798 1611 naturam
2843 1570 2914 1612 ex
2960 1563 3112 1626 parte
3152 1553 3270 1625 eius
3323 1544 3465 1623 quod
3515 1560 3601 1606 est
3650 1549 3705 1603 in
3736 1560 3789 1603 ea

2213 1646 2457 1718 inferius,
2485 1656 2667 1705 tamen
2710 1647 3106 1705 considerando
3134 1646 3379 1703 divinam
3406 1638 3790 1713 providentiam

2208 1751 2263 1798 et
2310 1742 2624 1814 dignitatem
2689 1742 2984 1813 Superioris
3030 1740 3199 1814 partis
3247 1738 3500 1793 humana:
3560 1741 3789 1801 naturas,

2207 1851 2355 1893 SATIS
2374 1852 2764 1894 Pnonanturnn
2782 1836 2995 1908 probari
3022 1844 3199 1908 potest
3227 1831 3542 1905 huiusmodi
3560 1829 3791 1888 deiectus

506 1944 568 1985 ac
602 1930 959 1986 sanctissimis
990 1929 1428 2002 astipulantibus.
1469 1932 1654 2005 Neque
1679 1934 1905 2003 instent,
1955 1935 2103 1991 dam-
2135 1941 2184 2001 B
2208 1952 2329 1995 esse
2361 1935 2632 2009 poenales,
2665 1946 2721 1993 et
2749 1936 2826 1992 sic
2857 1934 3037 2006 colligi
3080 1940 3259 2005 potest
3285 1930 3595 1987 humanum
3640 1941 3793 2000 genus

507 2032 689 2079 natam
744 2038 866 2079 esse
900 2021 1038 2079 hanc
1092 2023 1206 2080 Baii
1250 2026 1669 2097 propositionem
1721 2045 1735 2083 :
1788 2048 1806 2080 ι
1852 2027 1969 2084 Non
2010 2045 2103 2100 po-

507 2118 677 2173 tuisse
732 2116 902 2173 Deum
955 2117 1192 2175 condere
1249 2120 1317 2176 ab
1372 2119 1529 2177 initio
1578 2122 1891 2193 hominem,
1934 2124 2104 2193 qualis

508 2202 978 2266 modo‘nascitur.
1042 2229 1061 2262 ›
1111 2207 1243 2264 Nam
1301 2213 1583 2282 reponitur
1652 2228 1772 2269 cum
1843 2212 2102 2285 Gregorio

507 2301 857 2368 Ariminensi,
896 2301 944 2366 1,
980 2292 1105 2356 dist.
1140 2296 1228 2367 42,
1258 2317 1310 2372 q.
1346 2302 1397 2369 i,
1430 2312 1534 2357 art.
1565 2301 1633 2370 2,
1659 2303 1725 2359 ad
1749 2320 1864 2376 arg.
1897 2314 2041 2360 cunt.
2068 2304 2103 2357 2

508 2391 682 2448 conci.
718 2409 731 2446 :
762 2411 780 2444 ι
822 2392 961 2449 Deus
989 2386 1093 2448 non
1130 2401 1317 2463 potest-
1334 2392 1401 2448 de
1423 2392 1652 2463 iustitia,
1686 2411 1806 2466 quae
1834 2405 2009 2466 potest
2035 2395 2104 2452 de

510 2476 772 2555 potentia.
835 2503 853 2534 ›
907 2482 982 2539 ita
1014 2484 1163 2540 nulla
1211 2494 1294 2540 est
1348 2486 1757 2556 impossibilitas
1801 2487 1991 2543 Judam
2050 2490 2103 2544 in

507 2575 704 2632 coelum
736 2575 909 2644 trahi,
940 2576 1035 2633 sed
1066 2577 1115 2631 id
1146 2586 1333 2632 contra
1361 2577 1457 2633 Dei
1496 2577 1759 2648 justitiam
1791 2590 1895 2635 est.
1930 2580 2105 2646 Quare

505 2670 636 2727 licet
662 2670 734 2728 sit
761 2666 1015 2743 possibile
1040 2674 1314 2744 potentiae,
1342 2690 1447 2729 non
1471 2684 1553 2730 est
1573 2675 1831 2747 possibile
1852 2677 2101 2747 iustitiae,

506 2765 666 2823 talem
699 2767 858 2824 condi
890 2767 1164 2824 hominem
1190 2768 1364 2840 qualis
1388 2769 1549 2825 modo
1578 2771 1835 2837 nascitur;
1859 2771 1914 2827 in
1939 2771 2105 2841 priori

500 2848 635 2913 vero
689 2867 895 2914 tantum
950 2875 1113 2916 sensu
1160 2862 1249 2931 qui
1295 2870 1498 2933 negat,
1532 2879 1653 2919 cum
1702 2863 1953 2920 damnata
1990 2864 2105 2920 Baii

464 2976 479 2989 ι
510 2946 877 3025 propositione
901 2953 1084 3011 sentit.
1108 2954 1174 3009 Et
1197 2964 1366 3025 certe,
1393 2958 1468 3011 uti
1495 2954 1743 3027 superius
1764 2956 2104 3025 dicebamus,

507 3038 652 3103 Deus
694 3047 763 3103 ab
814 3045 966 3103 initio
997 3062 1107 3103 non
1157 3042 1333 3118 potuit
1380 3047 1615 3105 condere
1660 3050 1934 3107 hominem
1980 3066 2102 3107 cum

506 3148 729 3209 peccato
752 3138 1029 3211 originali,
1047 3155 1172 3195 cum
1198 3155 1305 3211 quo
1329 3140 1490 3196 modo
1512 3142 1774 3197 nascitur.
1802 3142 1952 3197 Alius
1975 3157 2104 3213 ergo

509 3231 673 3289 debet
713 3247 833 3289 esse
863 3232 1006 3288 illius
1031 3232 1420 3303 propositionis
1451 3233 1717 3290 damnatae
1744 3250 1968 3302 sensus,
1999 3249 2105 3305 qua

2207 2039 2430 2103 peccato
2450 2029 2626 2102 aliquo
2642 2044 2765 2086 esse
2786 2029 3068 2087 iniectum.
3101 2046 3121 2082 ι
3148 2026 3276 2083 Haec
3297 2034 3524 2083 sanctus
3545 2022 3791 2092 Thomas,

2208 2140 2369 2196 quem
2402 2140 2524 2180 cum
2559 2133 2637 2180 tot
2676 2123 3063 2195 sapientissimi
3094 2136 3156 2178 ac
3185 2117 3525 2178 subtilissimi
3550 2116 3795 2173 doctores

2214 2220 2532 2290 sequantur,
2557 2219 2666 2290 jam
2690 2204 2881 2274 videtis
2909 2231 3042 2289 quos
3063 2224 3359 2288 quantosve
3380 2214 3625 2271 asseclas
3646 2210 3796 2267 habet

2226 2311 2313 2365 illa
2346 2310 2628 2381 Augustini
2655 2325 2721 2366 ex
2752 2308 2985 2366 miseriis
3018 2309 3263 2365 humanae
3286 2307 3416 2362 ‘vitaa
3457 2303 3668 2377 peccati
3702 2303 3795 2358 ori-

2206 2401 2400 2471 ginalis
2444 2401 2569 2456 satis
2600 2400 2932 2471 probabiliter
2962 2400 3139 2471 posita
3186 2398 3375 2455 illatio.
3414 2395 3533 2452 Sed
3568 2408 3671 2450 nec
3716 2393 3797 2447 de-

2208 2494 2357 2550 fuere
2412 2494 2706 2565 scriptores
2759 2508 2791 2550 e
2833 2494 3124 2558 societate,
3156 2490 3247 2561 qui
3296 2488 3603 2560 Augustino
3648 2498 3709 2541 ea
3751 2485 3796 2538 in

2206 2589 2473 2644 sententia
2529 2590 2723 2659 manus
2770 2586 3007 2652 darent;
3066 2598 3203 2641 unus
3259 2583 3509 2638 audiatur
3562 2580 3794 2635 Joannes

2207 2677 2503 2748 Bagocius;
2546 2676 2639 2733 lib.
2670 2680 2703 2730 ν
2747 2675 3029 2730 Demonst.
3079 2674 3263 2744 dogm.
3299 2670 3528 2737 Christ.,
3562 2671 3705 2739 disp.
3735 2669 3794 2732 8,

2208 2784 2325 2840 cap.
2361 2770 2416 2839 5,
2450 2777 2583 2825 sect.
2618 2767 2689 2835 2,
2728 2767 2784 2823 in
2824 2767 2982 2823 tittth
3013 2768 3205 2837 quaerit
3251 2784 3263 2819 :
3298 2767 3377 2820 An
3409 2769 3544 2836 foret
3584 2764 3796 2834 injustas

2208 2862 2351 2918 Deus
2382 2904 2396 2930 ,
2440 2864 2485 2917 si
2535 2870 2735 2934 cogeret
2781 2861 3041 2916 hominem
3078 2861 3190 2915 sine
3236 2866 3382 2914 reatu
3430 2859 3602 2927 culpae
3658 2854 3795 2909 mori.

2214 2955 2530 3026 Respondet
2560 2972 2574 3007 :
2614 2974 2632 3007 ι
2664 2954 2900 3011 Sanctus
2934 2951 3265 3023 Augustinus
3303 2960 3358 3006 et
3378 2949 3470 3005 alii
3494 2949 3619 3026 ejus
3649 2947 3797 3003 disci-

2209 3052 2357 3123 puli,
2412 3052 2623 3123 ipsique
2673 3046 2862 3107 Patres
2907 3063 3173 3105 canonum
3216 3046 3567 3102 Arausicante
3617 3040 3796 3113 synodi

2210 3146 2356 3201 aiunt
2386 3145 2557 3200 Deum
2588 3159 2694 3200 non
2722 3144 2969 3215 potuisse
2994 3141 3269 3197 hominem
3310 3138 3411 3194 nisi
3449 3138 3627 3207 culpae
3658 3148 3795 3191 reum

2209 3237 2523 3294 necessitati
2553 3235 2819 3292 moriendi
2847 3234 3120 3301 addicere,
3149 3231 3469 3300 voluntque,
3501 3229 3547 3283 si
3582 3227 3635 3282 id
3666 3226 3794 3281 Deus

428 3324 429 3327 “
510 3324 579 3381 de
607 3339 668 3382 re
698 3325 852 3395 plura
877 3324 906 3397 ᾗ
930 3325 1201 3395 superiori
1228 3323 1371 3409 dicta
1400 3334 1546 3394 sunt,
1569 3341 1688 3397 qua:
1718 3327 1911 3381 iterum
1943 3339 2101 3397 repe-
2128 3347 2175 3413 ρ
2208 3328 2434 3395 faceret,
2468 3329 2583 3386 fore
2609 3329 2892 3400 injustum,
2924 3328 3049 3399 quia
3070 3339 3288 3398 poenam
3318 3340 3428 3381 non
3460 3322 3697 3379 merenti
3720 3320 3793 3375 in-

509 3426 621 3473 tere
648 3430 755 3471 non
779 3426 952 3473 vacat.

582 3492 697 3564 Hoc
742 3508 902 3580 igitur
926 3511 1097 3567 sancti
1133 3510 1415 3582 Augustini
1437 3519 1755 3581 argumento
1783 3521 1836 3567 et
1868 3513 2104 3583 Aposto—

509 3600 611 3657 lica
643 3601 823 3671 sedes,
852 3610 905 3658 et
935 3610 1013 3659 tot
1031 3601 1218 3659 Patres
1248 3603 1330 3659 usi
1356 3611 1504 3669 sunt,
1538 3618 1601 3659 ac
1624 3606 1925 3673 praesertim
1956 3590 2104 3661 utra-

509 3710 615 3766 que
642 3695 885 3767 synodus
916 3705 969 3753 et
1005 3695 1370 3755 Sardiniensis
1410 3707 1464 3754 et
1490 3698 1819 3755 Arausicana
1849 3741 1864 3767 ,
1907 3708 1963 3755 ut
1993 3700 2102 3770 jam

510 3788 640 3843 satis
669 3796 848 3860 pateat
876 3786 1120 3843 Morainii
1150 3788 1452 3859 ignorantia
1510 3798 1601 3844 aut
1652 3789 1928 3847 temeritas
1953 3831 1968 3859 ,
2009 3791 2101 3861 qui

508 3876 593 3933 vel
617 3876 669 3932 id
695 3878 982 3952 ignoravit,
1004 3879 1090 3934 vel
1118 3893 1223 3934 una
1243 3894 1363 3936 cum
1395 3880 1690 3953 Augustino
1714 3890 1789 3937 tot
1818 3890 2102 3953 tantosque

507 3967 699 4025 Patres
726 3984 989 4026 excessus
1018 3970 1245 4026 crimine
1267 3970 1515 4027 involvit.
1544 3971 1649 4029 Sed
1680 3988 1809 4045 age,
1843 3987 1964 4029 cum
1998 3974 2100 4029 ho-

506 4064 651 4120 mine
699 4064 1027 4122 scholastico
1074 4064 1314 4121 omnium
1358 4065 1805 4123 scholasticorum
1845 4068 2101 4139 principis

510 4158 820 4215 testimonio
837 4175 1148 4231 pugnemus.
1172 4161 1217 4217 Is
1234 4170 1316 4218 est
1330 4177 1553 4234 magnus
1571 4165 1847 4235 Augustini
1865 4164 1995 4220 disci
2002 4180 2100 4235 pu-

505 4251 695 4321 lus,ac
709 4252 1061 4309 nobilissima:
1085 4253 1283 4310 scholae
1308 4256 1581 4312 maximus
1614 4256 1867 4328 magister
1882 4260 2099 4314 sanctus

505 4344 739 4402 Thomas
758 4388 774 4414 ,
804 4345 896 4418 qui
930 4346 1118 4404 scribit
1142 4346 1503 4419 Augustinum
1535 4363 1680 4405 SATIS
1711 4366 2100 4407 rnoswursn

504 4454 568 4498 ex
606 4440 840 4497 miseriis
882 4441 1003 4496 vitm
1048 4442 1297 4499 humanae
1354 4453 1633 4514 peccatum
1684 4444 1948 4516 originale
1999 4445 2097 4501 de-

517 4532 759 4590 duxisse.
783 4533 946 4603 igitur
964 4533 1254 4606 Angelicus
1273 4545 1598 4607 praeceptor,
1616 4534 1850 4592 icontra
1874 4538 2095 4607 Gentes,

502 4639 622 4695 cap.
655 4623 746 4692 52,
778 4623 965 4692 initio,
990 4624 1146 4682 docet
1173 4626 1424 4684 miserias
1452 4627 1701 4685 humanas
1729 4638 1935 4685 natura:
1978 4645 2098 4687 esse

501 4716 749 4789 quaedam
782 4716 1079 4787 probabilia
1110 4716 1260 4790 signa
1289 4720 1500 4791 peccati
1531 4720 1813 4793 originalis
1833 4762 1848 4789 ,
1891 4731 1944 4778 et
1968 4721 2098 4778 sub-

498 4812 581 4868 dit
610 4831 622 4866 :
663 4830 681 4864 ί
724 4812 912 4870 Posset
945 4824 1123 4869 tamen
1147 4814 1343 4885 aliquis
1373 4814 1556 4872 dicere
1586 4815 1892 4887 huiusmodi
1914 4816 2093 4873 defec-

497 4914 585 4963 tus
610 4914 719 4963 tam
748 4904 1059 4980 corporales
1097 4924 1258 4982 quam
1289 4910 1602 4981 spirituales
1632 4927 1737 4967 non
1761 4926 1883 4969 esse
1911 4926 2095 4982 paena-

496 4998 578 5057 les
602 5042 615 5065 ,
664 4999 762 5058 sed
790 5004 1065 5059 naturales
1108 5000 1351 5059 defectus
1392 5018 1460 5059 ex
1490 5003 1812 5061 necessitate
1854 5005 2094 5061 materia:

496 5105 910 5167 consequentes.
959 5097 1195 5156 Necesse
1236 5106 1320 5154 est
1365 5098 1511 5154 enim
1538 5112 1736 5168 corpus
1765 5099 2089 5166 humanum,

496 5204 620 5247 cum
658 5190 727 5246 sit
752 5205 821 5248 ex
844 5192 1132 5249 contrariis
1157 5190 1540 5262 compositum,
1574 5190 1927 5261 corruptibile
1948 5206 2091 5258 esse,

496 5289 553 5337 et
580 5281 891 5339 sensibilem
919 5282 1218 5353 appetitum
1249 5281 1306 5337 in
1346 5296 1408 5338 ea
1428 5322 1444 5348 ,
1478 5296 1598 5351 quae
1627 5288 1756 5335 sunt
1790 5280 2086 5337 secundum

494 5389 716 5434 sensum
763 5372 1137 5445 delectabilia,
1192 5375 1421 5443 moveri,
1475 5389 1597 5446 qua:
1646 5372 1919 5429 interdum
1961 5380 2089 5427 sunt

423 5452 425 5456 ’
494 5469 766 5528 contraria
794 5468 1020 5540 rationi,
1057 5488 1077 5523 ι
1107 5479 1215 5527 etc.
1250 5468 1380 5538 Quae
1408 5466 1678 5540 ipsissima
1701 5475 1785 5523 est
1806 5466 2087 5537 responsio

494 5579 655 5635 quam
691 5564 1021 5621 recentiores
1069 5571 1390 5633 argumento
1434 5563 1606 5618 sancti
1649 5558 1935 5632 Augustini
1990 5574 2083 5627 ap-

493 5654 717 5727 plicant.
745 5654 944 5712 Verum
973 5656 1156 5712 statim
1192 5655 1340 5710 illam
1392 5654 1633 5725 infringit
1663 5652 1951 5725 Angelicns
2000 5650 2083 5707 bis

409 5772 414 5779 ο
492 5751 674 5808 verbis
704 5768 717 5803 :
747 5768 765 5802 ι
803 5748 911 5807 Sed
947 5757 1127 5807 tamen
1154 5750 1202 5806 si
1231 5750 1352 5822 quis
1382 5757 1529 5806 recte
1554 5748 1896 5814 consideret,
1941 5761 2086 5803 sms

493 5858 880 5900 rnoumursn
910 5847 1108 5914 poterit
1154 5840 1465 5912 aestimare,
1514 5841 1692 5897 divina
1751 5841 2084 5912 providentia

492 5937 801 6007 supposita,
834 5953 951 6009 qua:
990 5936 1219 6009 singulis
1247 5933 1671 6005 perfectionibus
1693 5948 1927 6003 congrua
1959 5949 2083 6005 per-

2207 3422 2435 3493 ﬂigeret.
2490 3440 2508 3473 ι
2546 3421 2616 3477 Ει
2644 3436 2762 3492 cap.
2796 3420 2850 3487 7,
2877 3429 3010 3477 sect.
3047 3418 3103 3489 5,
3140 3419 3215 3474 ait
3238 3435 3258 3473 τ
3294 3434 3316 3471 c
3354 3416 3555 3473 Fateor
3595 3427 3796 3486 quoque
3883 3482 3886 3483 ν

2208 3513 2377 3570 Deum
2412 3513 2478 3569 de
2510 3514 2747 3585 potentia
2778 3527 2872 3584 per
2895 3512 3192 3569 bonitatem
3220 3518 3275 3567 et
3300 3509 3625 3581 sapientiam
3655 3505 3793 3561 ordi-

2207 3616 2331 3663 nata
2358 3607 2509 3663 nullo
2562 3615 2781 3678 peccato
2821 3605 3108 3676 permisso,
3151 3618 3259 3661 non
3283 3602 3526 3673 potuisse
3549 3599 3689 3656 velle
3710 3598 3792 3652 ho-

2208 3698 2423 3756 minem.
2437 3697 2599 3753 morti
2628 3694 2948 3761 obnoxium,
2983 3702 3039 3751 et
3067 3708 3189 3750 cum
3223 3693 3488 3764 pravitate
3516 3687 3790 3759 concupis—

2206 3792 2398 3849 centiae
2429 3792 2661 3848 carnalis
2690 3804 2897 3847 creare.
2934 3809 2953 3843 ι
2989 3789 3114 3845 Haec
3137 3789 3228 3846 ille
3254 3802 3363 3843 non
3410 3786 3623 3857 exiguze
3665 3784 3790 3840 inter

2204 3887 2536 3943 recentiores
2577 3884 2768 3955 famas,
2815 3886 2904 3956 qui
2949 3894 3136 3955 posma
3183 3882 3484 3954 insignibus
3540 3880 3785 3944 Thomas,

2204 3980 2486 4051 Augustini
2537 3978 2845 4037 nominibus
2904 3977 3195 4049 assumptis
3241 3984 3431 4035 contra
3486 3973 3789 4031 Jansenium

2204 4076 2442 4147 scripsit.

2275 4189 2417 4263 διν.
2445 4190 2527 4246 An
2559 4186 3107 4272 sanctusrtugustinus
3138 4185 3410 4272 disputans
3442 4184 3507 4240 de
3530 4181 3791 4239 virtutibus

2685 4256 2974 4328 inﬁdelium
3009 4256 3302 4313 excesserit.

2276 4353 2425 4410 idem
2481 4350 2777 4409 Morainius
2810 4392 2826 4417 ,
2886 4348 3203 4422 rigidiorem
3252 4347 3571 4404 existimans
3630 4342 3791 4400 sancti

2203 4447 2439 4505 doctoris
2484 4448 2807 4503 sententiam
2852 4444 2920 4501 de
2950 4443 3239 4499 virtutibus
3292 4440 3631 4509 inﬁdelium,
3684 4438 3790 4493 haec

2202 4541 2389 4598 scribit
2409 4540 2549 4610 diSp.
2586 4539 2675 4605 19,
2709 4554 2855 4595 ιιιιιιι.
2892 4536 3003 4594 ‘55:
3042 4555 3061 4589 ‹
3091 4536 3233 4592 Dicit
3251 4534 3582 4606 disputando
3608 4540 3788 4589 eontra

2200 4634 2540 4706 Pelagianos,
2565 4632 2656 4704 qui
2681 4646 2801 4687 cum
2829 4629 2989 4686 nimis
3015 4628 3499 4685 exrollerentvires
3524 4624 3788 4681 naturales

2124 4727 2355 4817 Dliberi
2397 4725 2640 4792 arbitrii,
2673 4723 3122 4793 afﬁrmarentque
3162 4720 3415 4778 sufﬁcere
3464 4720 3582 4775 sine
3626 4717 3786 4817 gratia

2202 4838 2307 4877 non
2338 4820 2500 4876 modo
2544 4820 2609 4875 ad
2661 4821 2891 4875 virtutes
2938 4818 3212 4873 naturales
3258 4830 3644 4887 quascunque,
3699 4809 3783 4868 sed

2199 4914 2359 4971 etiam
2389 4912 2456 4969 ad
2480 4912 2708 4969 salutem
2734 4953 2749 4980 ,
2788 4911 3116 4983 Augustinus
3148 4918 3207 4965 ut
3237 4909 3362 4964 illos
3393 4908 3463 4964 ab
3497 4923 3565 4964 eo
3608 4916 3784 4962 errore

2200 5006 2458 5072 abducat,
2486 5006 2539 5059 in
2580 5004 2911 5060 contrarium
2935 5010 3235 5059 extremum
3260 5008 3393 5056 aestu
3413 4992 3783 5069 disputationis

2199 5099 2372 5170 abripi
2400 5098 2669 5154 interdum
2698 5096 2937 5153 videtur.
2977 5113 2996 5148 ι
3030 5092 3140 5152 Sed
3168 5092 3423 5149 eumdem
3449 5091 3678 5160 lapidem
3704 5085 3780 5139 hic

2199 5206 2391 5248 censor
2429 5190 2651 5247 oil‘endit
2698 5208 2710 5243 :
2745 5204 2866 5245 nam
2899 5189 2967 5244 de
3009 5187 3295 5243 virtutibus
3337 5184 3632 5241 inﬁdelium
3682 5192 3778 5233 non

2200 5292 2332 5340 testu
2354 5283 2734 5354 disputationis
2757 5281 3019 5352 impulsus
3050 5288 3272 5337 sanctus
3301 5279 3494 5333 doctor
3513 5272 3773 5336 disseruit,

2198 5376 2292 5431 sed
2321 5374 2388 5431 ab
2437 5374 2769 5432 adversariis
2809 5373 2861 5429 in
2903 5388 3021 5428 eam
3066 5374 3286 5428 arenam
3330 5375 3686 5439 provocatus,
3722 5362 3779 5415 li-

2196 5467 2387 5524 benter
2416 5476 2470 5522 et
2514 5468 2758 5523 animose
2789 5465 3094 5521 descendit.
3135 5463 3351 5520 Etenim
3392 5457 3697 5531 Pelagiani,
3726 5459 3775 5506 ιιι

2198 5562 2485 5632 probarent
2509 5574 2665 5630 posse
2697 5560 2969 5615 hominem
3003 5558 3121 5614 sine
3143 5556 3315 5629 gratia
3357 5554 3498 5611 bene
3536 5545 3770 5621 operari,

2196 5652 2447 5722 exempla
2503 5650 2796 5707 infidelium
2846 5651 3252 5722 producebant,
3283 5662 3420 5720 quos
3456 5642 3775 5703 asserebant

2191 5744 2311 5800 sine
2340 5743 2434 5801 Dei
2463 5745 2634 5816 gratia
2661 5744 2900 5815 pluribus
2920 5744 3211 5801 virtutibus
3228 5741 3501 5799 ﬂoruisse.
3524 5735 3772 5794 Audiatur

2195 5848 2412 5895 sanctus
2445 5837 2606 5895 Pater
2632 5839 2729 5895 lib.
2763 5853 2816 5895 IV
2835 5848 3019 5895 contra
3042 5836 3335 5906 lulianum,
3362 5846 3488 5906 cap.
3522 5834 3592 5889 ὃς
3624 5845 3645 5879 ς
3672 5824 3769 5880 SO-

2192 5932 2310 5990 letis
2341 5932 2509 6002 enim,
2538 5941 2795 6004 negantes
2835 5932 2927 5989 Dei
2959 5932 3101 5989 dona
3127 5945 3247 5989 esse
3274 5931 3532 5995 virtutes,
3582 5916 3765 5992 quibus
