3962 6346
212 348 311 405 Gil

1391 350 1716 415 νιΝῡιοιιΕ
1756 357 2318 417 ΑυδυδΤΙΝΙᾹΝτΕ.

3396 368 3499 424 622

206 481 357 532 recte
385 474 615 542 vivitur,
657 483 711 532 et
732 489 825 533 eas
870 484 1073 533 natura:
1114 478 1487 551 voluntatique
1533 481 1801 550 humanm,
1835 485 1878 542 Λ
1912 495 2075 550 opere
2104 496 2211 536 non
2257 482 2309 537 in
2363 482 2587 538 Domino
2614 482 2878 554 gloriari,
2922 484 3069 540 solus
3101 483 3300 556 impius
3338 498 3494 557 negat

204 581 316 623 non
346 568 539 639 gratiae
564 566 661 623 Dei
694 567 1013 637 tribuentes,
1045 571 1147 626 hoc
1171 572 1247 628 uti
1272 582 1613 645 argumento,
1658 572 1800 642 quod

202 674 299 715 eas
330 675 717 731 nonnunquam
765 660 1002 719 habeant
1032 663 1309 733 inﬁdeles,
1351 683 1371 717 ι
1422 674 1528 722 etc.
1575 666 1645 720 At
1692 666 1802 720 Au-

197 754 451 823 gustinus
477 752 679 808 ibidem
713 768 810 824 per
831 756 1204 826 septingentos
1240 764 1296 812 et
1341 756 1574 826 amplius
1612 771 1801 812 versus

197 844 639 913 probatvirtutes
663 844 963 903 inﬁdelium
988 847 1243 905 habuisse
1265 848 1559 905 bonitatem
1592 859 1799 905 tantum

195 936 437 1001 civilem.
468 951 534 995 ac
563 938 725 995 fuisse
762 941 941 1009 specie
973 950 1131 996 tenus
1159 940 1303 1011 apud
1336 940 1583 997 homines
1606 941 1797 997 lauda-

195 1029 372 1097 biles,
430 1031 526 1088 illo
577 1033 880 1104 praesertim
929 1034 997 1090 ad
1028 1034 1299 1091 Romanos
1351 1050 1440 1090 stv
1493 1035 1800 1091 testimonio

193 1138 332 1180 usus
356 1141 371 1180 :
401 1123 583 1195 Omne,
608 1128 745 1197 quod
768 1143 870 1182 non
897 1136 971 1182 est
997 1144 1062 1183 ea:
1090 1127 1214 1198 ﬁde,
1240 1136 1500 1200 peccatum
1521 1137 1616 1182 est.
1644 1126 1798 1185 Unde

204 1233 332 1274 cum
360 1218 431 1277 de
468 1218 719 1289 operibus
760 1218 1059 1276 infidelium
1096 1227 1247 1276 tanto
1282 1218 1467 1277 labore
1508 1234 1572 1275 ac
1618 1219 1798 1275 studio

198 1314 538 1385 Augustinus
580 1327 701 1370 cum
748 1312 1050 1385 Pelagianis
1078 1312 1463 1384 diSputaverit,
1507 1327 1570 1369 ac
1599 1313 1795 1369 ibidem

205 1421 432 1462 omnem
460 1403 783 1462 adversariis
829 1405 1029 1461 aditum
1058 1404 1422 1463 subtilissimis
1471 1406 1798 1475 argumentis

188 1500 574 1571 praecluserit,
610 1513 716 1555 non
745 1506 881 1556 testu
903 1497 1283 1570 disputationis
1313 1498 1367 1554 id
1421 1499 1670 1569 protulit,
1700 1498 1795 1554 sed

200 1605 334 1667 post
362 1595 572 1665 longam
593 1595 674 1652 rei
699 1594 1032 1651 difficillima:
1059 1593 1484 1661 meditationem,
1517 1608 1583 1649 ac
1600 1593 1794 1649 seriam

186 1687 533 1759 .quaestimiis
563 1688 727 1743 totius
748 1686 1262 1744 considerationem.
1288 1686 1403 1742 Duo
1429 1696 1609 1743 autem
1641 1700 1796 1742 sanc-

198 1790 295 1839 tus
314 1782 503 1841 doctor
531 1784 763 1838 asseruit
794 1800 806 1836 :
840 1782 1079 1839 Primum
1104 1781 1281 1838 nullas
1314 1782 1366 1838 in
1390 1780 1697 1838 inﬁdelibus
1723 1797 1789 1836 ex

1907 586 2029 628 csse
2053 583 2360 645 peccatum.
2402 594 2421 628 ι
2468 574 2523 631 ln
2552 591 2709 647 quam
2733 591 2850 632 rem
2875 578 3027 647 plura
3053 577 3123 633 ibi
3156 574 3422 635 subtiliter
3442 590 3498 637 et

1903 676 2061 721 acute
2091 667 2358 737 congerit.

1977 760 2101 815 Haec
2127 759 2341 832 quidem
2388 773 2534 818 certa
2565 772 2711 831 sunt,
2737 779 2860 819 nam
2908 779 2937 819 a
2968 765 3116 820 nullo
3162 764 3278 820 viro
3305 763 3492 822 catho-

1902 851 2005 906 lico
2035 852 2086 907 in
2114 851 2338 908 dubium
2359 853 2538 909 vocari
2569 864 2745 924 potest
2796 865 2949 912 actus
2980 856 3213 913 morales
3246 859 3495 913 humanae

1904 943 2090 1016 gloria:
2120 943 2498 1011 inservientes,
2529 945 2655 1001 licet
2694 946 2824 1003 alias
2851 964 2918 1003 ex
2946 950 3160 1019 objecto
3195 950 3319 1005 boni
3360 951 3493 1019 sint,

1902 1051 1967 1091 ex
2003 1051 2161 1107 prava
2215 1046 2393 1093 tamen
2454 1037 2750 1095 intentione
2801 1039 3001 1107 vitiari,
3034 1042 3190 1098 sicuti
3240 1050 3390 1098 actus
3439 1045 3494 1099 in

1901 1128 2136 1198 speciem
2186 1129 2315 1184 boni
2365 1127 2746 1198 Epicureorum
2800 1145 2829 1184 a
2867 1131 3155 1188 virtutibus
3201 1134 3496 1204 degenera-

1902 1221 2049 1287 bant,
2083 1223 2206 1294 quia
2236 1232 2396 1280 sectae
2427 1224 2687 1296 magister
2710 1224 2927 1280 easdem
2949 1225 3193 1294 virtutes,
3216 1234 3273 1283 ut
3294 1228 3492 1284 ibidem

1900 1316 1975 1371 ait
1999 1317 2354 1388 Augustinus,
2394 1340 2411 1370 ι
2451 1318 2657 1372 inducit
2682 1318 2969 1389 voluptatis
2992 1320 3234 1375 ancillas.
3268 1338 3286 1372 ι
3322 1322 3497 1390 Oppo-

1902 1416 2038 1463 nunt
2066 1416 2244 1464 tamen
2275 1410 2561 1465 contrariae
2586 1410 2868 1465 sententiae
2894 1420 3142 1466 auctores
3192 1424 3349 1481 posse
3398 1412 3496 1466 ho-

1902 1501 2101 1555 minem
2153 1499 2427 1556 infidelem
2485 1502 2679 1557 elicere
2725 1510 2875 1558 actus
2925 1502 3137 1557 virtutis
3189 1503 3259 1558 ob
3324 1504 3494 1558 solam

1900 1592 2187 1662 ipsiusmet
2231 1595 2410 1664 operis
2451 1593 2811 1663 honestatem,
2844 1594 3044 1650 nullam
3094 1595 3219 1650 inde
3264 1594 3333 1649 ab
3376 1594 3496 1649 aliis

1900 1686 2112 1743 laudem
2166 1699 2383 1759 captare
2413 1689 2759 1755 desiderans;
2810 1688 3072 1761 siquidem
3123 1704 3243 1745 cum
3296 1690 3497 1745 bonum

1902 1782 2185 1837 honestum
2218 1782 2289 1836 sit
2316 1782 2454 1837 intra
2486 1782 2757 1853 objectum
2779 1783 3088 1847 voluntatis,
3122 1784 3251 1839 illud
3276 1792 3497 1855 propter

190 1875 372 1932 solius
399 1874 556 1932 liberi
602 1875 812 1931 arbitrii
845 1874 1052 1931 viribus
1084 1875 1309 1930 virtutes
1348 1875 1608 1946 reperiri;
1660 1875 1791 1930 alte-
1822 1858 1871 1919 Β
1899 1888 1959 1932 se
1988 1873 2217 1943 praecise
2246 1889 2275 1928 a
2304 1874 2579 1930 voluntate
2611 1876 2789 1945 appeti
2821 1883 3019 1946 potest.
3056 1876 3253 1931 Verum
3284 1879 3493 1946 Augus-

188 1982 317 2023 rum
341 2010 357 2036 ,
388 1968 433 2023 si
460 1982 582 2039 qua:
610 1968 665 2023 in
696 1967 900 2024 eisdem
932 1968 1160 2025 virtutes
1191 1966 1423 2034 fuerint,
1450 1967 1667 2023 easdem
1700 1982 1793 2023 nc-

188 2074 465 2132 quaquam
494 2061 735 2131 ipsorum
763 2060 1068 2127 voluntati,
1123 2059 1216 2116 sed
1249 2059 1448 2116 divina:
1491 2061 1679 2131 gratiae
1708 2076 1793 2115 as-

194 2153 492 2210 cribendas
527 2166 669 2210 esse.
719 2152 843 2209 Scio
882 2152 1170 2223 plerosque
1210 2150 1603 2219 scholasticos,
1649 2151 1793 2223 quod

190 2249 437 2319 primum
463 2247 598 2304 illud
618 2248 846 2314 attinet,
877 2245 945 2303 ab
988 2246 1272 2317 Augustini
1319 2245 1584 2302 sententia
1616 2261 1794 2301 reces-

188 2342 357 2399 sisse.
394 2341 474 2399 llli
504 2350 681 2399 autem
702 2341 856 2412 juxta
903 2340 1214 2401 Aristotelis
1247 2339 1493 2398 Ethicam
1533 2341 1601 2396 de
1631 2342 1794 2396 virtu-

191 2436 347 2494 tibus
373 2436 753 2508 disputarunt,
797 2452 921 2493 cum
950 2444 1131 2493 tamen
1155 2436 1511 2508 philosophos
1543 2437 1793 2494 humanae

188 2539 411 2587 naturae
438 2530 693 2588 debilitas
720 2545 789 2588 ex
813 2531 1065 2601 originali
1099 2530 1221 2588 labe
1250 2531 1492 2589 derivata
1542 2533 1791 2601 latuerit,

190 2637 262 2680 ac
291 2624 346 2681 in
375 2624 572 2680 summi
600 2623 727 2680 boni
746 2623 1059 2695 cognitione
1088 2622 1298 2696 longius
1320 2638 1350 2679 a
1383 2625 1608 2680 veritate
1639 2640 1796 2680 exor-

188 2719 508 2777 bitaverint.
552 2720 619 2775 At
646 2718 979 2790 Augustinus
1001 2732 1069 2773 ex
1103 2716 1271 2774 sacris
1296 2717 1490 2775 litteris
1516 2761 1529 2785 ,
1564 2733 1662 2775 nec
1688 2734 1793 2775 non

189 2812 494 2870 excelsiori
519 2825 583 2869 ac
603 2809 879 2867 subtiliori
907 2811 1176 2883 theologia
1201 2826 1352 2867 suam
1378 2813 1552 2883 ipsius
1575 2822 1795 2870 senten-

196 2905 341 2961 tiam
398 2904 641 2961 deduxit.
696 2905 755 2961 in
784 2919 851 2962 eo
902 2918 1031 2960 vero
1063 2902 1469 2975 Augustinianat
1509 2908 1797 2962 sententiae

184 2994 364 3055 cardo
390 3007 653 3067 versatur,
678 2998 821 3069 quod
846 2998 1073 3054 virtutes
1098 3012 1129 3053 a
1156 2998 1303 3053 vitiis
1328 3013 1438 3054 non
1467 2998 1670 3068 ofﬁcio,
1702 3000 1794 3055 sed

200 3091 319 3148 ﬁne
350 3090 751 3149 discernuntur.
781 3088 1047 3147 Audiatur
1074 3089 1410 3159 Augustinus
1436 3090 1529 3146 lib.
1574 3105 1626 3146 tv
1682 3091 1798 3146 lau-

188 3184 328 3242 dato
373 3191 557 3241 contra
586 3181 855 3239 Iulianum
900 3166 931 3237 :~
971 3199 990 3234 ι
1027 3180 1257 3238 Noveris
1295 3180 1478 3252 itaque
1501 3224 1516 3248 ,
1582 3181 1789 3253 inquit,

1900 1968 2042 2024 tinus
2066 1968 2204 2023 miro
2250 1966 2447 2039 ingenii
2481 1968 2728 2022 acumine
2773 1966 2911 2022 hanc
2964 1968 3368 2037 reSponsionem
3414 1968 3495 2023 in-

1894 2060 2056 2131 fregit
2086 2061 2180 2116 lib.
2210 2076 2263 2115 tv
2290 2069 2477 2115 contra
2506 2060 2936 2131 Julianum,cap.
2958 2062 3011 2127 5,
3038 2060 3152 2115 haec
3208 2060 3450 2118 scribens
3474 2077 3492 2115 :

1903 2172 1922 2205 ι
1960 2152 2103 2209 Nihil
2124 2162 2209 2209 est
2238 2155 2291 2207 in
2318 2152 2603 2219 creaturis,
2629 2151 2770 2222 quod
2815 2152 3005 2207 attinet
3028 2151 3095 2205 ad
3129 2152 3493 2208 institutarum

1896 2246 2152 2304 divinitus
2182 2246 2371 2301 merita
2402 2252 2737 2309 naturarum,
2769 2242 3018 2299 rationali
3040 2254 3219 2298 mente
3244 2251 3495 2312 praestan-

1896 2341 2022 2395 tius.
2046 2337 2201 2394 Unde
2228 2336 2288 2392 ﬁt
2309 2351 2650 2408 consequens
2701 2344 2761 2391 ut
2814 2350 2968 2392 mens
2999 2336 3136 2391 bona
3180 2338 3348 2405 magis
3390 2336 3493 2393 sibi

1896 2432 2126 2502 placeat,
2179 2430 2454 2499 magisque
2498 2430 2675 2501 seipsa
2724 2428 2978 2499 delectet,
3039 2443 3196 2497 quam
3238 2429 3493 2498 quaelibet

1897 2524 1997 2577 alia
2026 2532 2294 2577 creatura.
2323 2521 2494 2590 Quam
2548 2535 2680 2578 vero
2712 2522 3031 2592 periculose,
3054 2521 3162 2575 imo
3195 2522 3496 2590 perniciose

1896 2615 1998 2671 sibi
2024 2616 2255 2686 placeat,
2280 2629 2403 2669 cum
2436 2629 2534 2685 per
2560 2613 2663 2669 hoc
2717 2613 2968 2669 tumescit
2993 2612 3177 2683 typho,
3200 2622 3253 2667 et
3307 2612 3496 2665 morbo

1898 2711 2195 2768 inflationis
2218 2690 2513 2775 extollitur,
2537 2709 2774 2779 quandiu
2807 2722 2913 2762 non
2934 2707 3103 2773 videt,
3127 2706 3267 2760 sicut
3294 2704 3495 2760 videbit

1897 2805 1950 2860 in
1982 2803 2113 2870 ﬁne,
2148 2817 2419 2856 summum
2444 2800 2576 2855 illud
2605 2808 2657 2855 et
2689 2799 3026 2854 immutabile
3061 2797 3282 2860 bonum,
3310 2797 3363 2850 in
3396 2811 3493 2850 cu-

1894 2896 1982 2970 jus
2007 2896 2410 2967 comparatione
2462 2907 2521 2947 se
2551 2901 2804 2961 spernat,
2830 2889 3039 2960 sibique
3070 2887 3211 2943 illius
3231 2887 3495 2942 charitate

1898 2990 2143 3052 vilescat,
2178 3006 2195 3039 ι
2233 2996 2335 3043 etc.
2370 2986 2675 3043 Conformia
2708 2986 2789 3041 his
2830 2984 2993 3039 tradit
3040 2983 3135 3037 lib.
3168 2997 3256 3037 nx
3286 2982 3355 3038 de
3390 2981 3484 3037 Ci-

1896 3084 1992 3139 vit.
2013 3082 2129 3147 Dei,
2148 3095 2266 3151 cap.
2290 3081 2390 3135 25:
2419 3098 2435 3129 ι
2457 3078 2711 3147 Proinde,
2737 3076 2930 3146 inquit,
2952 3075 3179 3130 virtutes
3207 3087 3341 3145 quas
3365 3074 3492 3145 (bu-

1900 3192 2057 3234 mana
2088 3174 2264 3245 mens)
2292 3174 2395 3230 sibi
2448 3173 2647 3229 habere
2674 3171 2908 3237 videtur,
2959 3184 3056 3240 per
3100 3182 3234 3239 quas
3264 3168 3497 3237 imperat

192 3296 310 3337 non
340 3282 533 3340 ofﬁciis
556 3324 573 3351 ,
631 3283 729 3340 sed
756 3282 953 3339 ﬁnibus
982 3298 1013 3337 a
1062 3280 1205 3337 vitiis
1231 3280 1619 3338 discernendas
1664 3294 1787 3337 esse

1903 3269 2138 3338 corpori,
2172 3278 2223 3321 et
2253 3264 2399 3320 vitiis
2425 3264 2491 3319 ad
2513 3261 2793 3334 quodlibet
2839 3257 3265 3330 adipiscendum,
3298 3257 3386 3313 vel
3417 3266 3496 3313 te-

194 3376 454 3431 virtutes.
475 3374 726 3433 Ofﬁcium
747 3388 828 3433 est
853 3374 1192 3447 autequuod
1216 3374 1521 3431 faciendum
1546 3382 1654 3430 est:
1675 3372 1799 3428 ﬁnis

190 3485 335 3525 vero
375 3479 595 3541 propter
636 3469 775 3540 quod
803 3468 1107 3525 faciendum
1143 3477 1249 3524 est.
1286 3465 1419 3524 Cum
1461 3466 1642 3536 itaque
1670 3463 1799 3520 facit

191 3562 368 3619 homo
396 3562 617 3634 aliquid,
653 3562 740 3618 ubi
758 3576 982 3633 peccare
998 3576 1107 3619 non
1120 3560 1355 3627 videtur,
1380 3560 1428 3615 si
1456 3574 1561 3614 non
1579 3566 1799 3628 propter

194 3656 310 3712 hoc
328 3655 478 3724 facit,
503 3664 724 3727 propter
743 3654 886 3725 quod
909 3655 1085 3711 facere
1098 3654 1277 3721 debet,
1292 3666 1515 3725 peccare
1527 3651 1798 3707 convinci-

192 3758 312 3803 tur.
341 3767 363 3802 ι
394 3748 506 3804 Hoc
526 3749 717 3819 probat
734 3748 930 3805 ibidem
944 3748 1508 3817 exemploavarorum,
1525 3746 1615 3815 qui
1633 3746 1799 3800 virtu-

194 3840 352 3896 tibus
375 3840 669 3897 moralibus
688 3840 907 3897 studcre
930 3855 990 3897 se
1011 3839 1239 3910 ﬁngunt,
1254 3854 1372 3907 quas
1392 3846 1571 3894 tamen
1594 3838 1647 3892 in
1672 3837 1798 3891 vitia

196 3933 504 3998 desinunt,
532 3932 675 4003 quod
725 3932 967 3988 avaritiae
1005 3931 1350 3988 ancillantur.
1387 3928 1537 3985 Unde
1578 3941 1686 3983 non
1717 3934 1802 3982 est

202 4027 538 4085 attendenda
560 4028 674 4084 sola
699 4027 995 4084 substantia
1017 4026 1196 4098 operis
1226 4024 1279 4080 in
1309 4023 1547 4093 Speciem
1574 4021 1701 4078 boni
1731 4036 1799 4077 ex

200 4121 451 4192 objecto,
478 4120 572 4177 sed
596 4121 718 4177 ﬁnis
742 4135 956 4192 quoque
984 4117 1409 4177 considerandus
1433 4116 1601 4183 venit,
1637 4129 1797 4185 prop-

199 4228 291 4272 ter
318 4230 483 4287 quem
500 4214 641 4271 idem
656 4229 797 4284 opus
826 4215 1057 4271 elicitur.
1085 4213 1179 4269 llis
1204 4220 1385 4269 autem
1406 4210 1576 4266 fusius
1601 4208 1799 4265 ibidem

201 4307 278 4363 ab
301 4306 604 4379 Augustino
627 4306 888 4377 probatis,
914 4305 1055 4362 idem
1087 4313 1313 4360 conatur
1342 4301 1608 4366 evincere,
1638 4301 1690 4359 in
1715 4300 1798 4355 in-

206 4400 471 4456 ﬁdelibus
496 4416 607 4457 non
632 4399 799 4457 fuisse
823 4414 981 4455 veras
1008 4399 1233 4454 virtutes
1253 4440 1269 4466 ,
1303 4397 1426 4467 quia
1447 4394 1665 4452 easdem
1696 4392 1800 4447 hu-

150 4530 157 4535 ι
204 4508 391 4550 mana:
443 4494 587 4550 laudi
630 4510 692 4550 ac
728 4492 917 4563 gloria:
956 4490 1347 4562 subjiciebant,
1377 4502 1482 4558 qua
1508 4485 1717 4543 ratione
1748 4485 1799 4539 in

198 4588 337 4643 vitia
386 4588 758 4655 vertebantur,
793 4594 977 4657 utpote
1001 4600 1120 4656 qua:
1148 4582 1416 4654 superbiae
1449 4580 1795 4637 inservirent.

1902 3361 2161 3425 nendum,
2192 3358 2295 3414 nisi
2323 3357 2389 3413 ad
2427 3358 2595 3412 Deum
2640 3353 2923 3416 retulerit,
2982 3351 3143 3409 etiam
3198 3351 3330 3421 ipsae
3371 3348 3497 3406 vitia

1904 3465 2031 3511 sunt
2056 3456 2236 3525 potius
2279 3467 2437 3524 quam
2468 3450 2721 3506 virtutes.
2751 3447 2886 3503 Nam
2932 3445 3063 3502 licet
3091 3460 3122 3500 a
3175 3442 3495 3515 quibusdam

1903 3556 2031 3602 tunc
2058 3561 2200 3601 verae
2228 3551 2283 3598 et
2319 3543 2564 3597 honestae
2607 3548 2866 3612 putentur
2920 3552 3042 3596 esse
3094 3537 3343 3601 virtutes,
3375 3550 3498 3592 cum

1904 3656 1972 3696 an
1998 3654 2206 3694 SEIPSAS
2234 3650 2615 3701 nersuunrun,
2649 3648 2750 3689 nec
2806 3639 3025 3702 propter
3064 3629 3207 3684 aliud
3238 3637 3497 3699 expetun-

1903 3741 2011 3795 tur,
2040 3730 2207 3785 etiam
2251 3738 2377 3783 tunc
2425 3726 2644 3791 inflatae,
2674 3740 2738 3780 ac
2794 3724 3038 3793 superbae
3087 3729 3239 3787 sunt;
3282 3729 3335 3775 et
3376 3720 3497 3776 ideo

1904 3840 2009 3882 non
2039 3825 2284 3888 virtutes,
2327 3824 2421 3878 sed
2453 3822 2579 3877 vitia
2601 3819 2885 3891 judicanda
2913 3827 3058 3874 sunt.
3092 3836 3110 3870 ι
3158 3815 3342 3886 Itaque
3373 3830 3496 3871 cum

1902 3917 2072 3973 virtus
2122 3915 2281 3971 etiam
2312 3913 2384 3969 ob
2412 3913 2495 3968 sui
2542 3920 2749 3968 tantum
2807 3910 3145 3966 honestatem
3204 3908 3493 3978 appetitur,

1904 4011 2028 4066 facit
2046 4018 2104 4065 ut
2129 4008 2277 4064 illam
2306 4022 2641 4079 prosequens
2668 4016 2827 4077 atque
2864 4018 3163 4079 assequens‘
3188 4002 3290 4057 sibi
3344 4016 3495 4058 com-

1902 4106 2113 4176 placeat
2162 4104 2214 4157 in
2274 4116 2372 4157 suo
2431 4115 2628 4171 opere,
2658 4114 2721 4155 ac
2762 4098 3041 4169 pbilautia:
3083 4095 3217 4150 vitio
3262 4095 3491 4151 laboret.

1903 4200 2100 4267 Quare,
2133 4196 2289 4252 sicuti
2318 4196 2545 4251 honeste
2590 4208 2821 4264 operans
2872 4200 2931 4247 ut
2984 4190 3107 4246 aliis
3166 4190 3378 4260 placeat
3430 4202 3491 4246 ac

1905 4290 2153 4347 laudetur
2198 4289 2267 4347 ab
2288 4287 2412 4344 aliis
2436 4295 2621 4359 peccat
2674 4293 2898 4358 peccato
2947 4282 3124 4338 inanis
3176 4280 3385 4349 gloriae,
3420 4281 3493 4334 ita

1905 4385 2107 4456 pariter
2137 4383 2229 4453 qui
2257 4382 2482 4437 honeste
2503 4386 2761 4450 operatur
2789 4375 3132 4446 complacens
3181 4372 3305 4440 sibi,
3339 4386 3401 4429 ac
3438 4372 3496 4427 in

1902 4479 2083 4550 seipso
2107 4476 2386 4548 gloriatus,
2417 4488 2542 4531 reus
2563 4482 2645 4530 est
2672 4471 2968 4542 philautiae.
2992 4469 3131 4523 Hinc
3164 4466 3297 4522 dixit
3326 4468 3499 4535 Apos-

1909 4572 2069 4637 tolus,
2130 4568 2356 4626 Scientia
2402 4568 2553 4639 inﬂat
2582 4563 2638 4636 (Ι
2685 4562 2806 4621 Cor.
2861 4563 3002 4633 vui).
3030 4560 3108 4617 Eo
3157 4561 3299 4615 enim
3349 4559 3493 4630 ipso,

197 4641 330 4737 Haec
360 4641 691 4736 scribit
719 4641 772 4735 iv
804 4641 992 4735 edntra
1019 4641 1336 4743 .Julianum,
1368 4689 1489 4743 cap.
1516 4672 1550 4726 5
1581 4691 1595 4729 :
1654 4690 1672 4722 ι
1714 4674 1793 4726 An
1822 4641 1874 4707 Ῑ)
1904 4664 2047 4737 quod
2068 4666 2229 4720 homo
2251 4662 2527 4734 cognoscit
2556 4675 2614 4715 se
2640 4660 2839 4716 virtute
2866 4655 3173 4729 praeditum,
3198 4660 3371 4710 semet
3399 4653 3495 4709 de-

192 4776 365 4841 ferte,
394 4773 583 4843 inquit,
609 4782 666 4829 et
694 4774 837 4839 istis,
858 4772 952 4843 qui
972 4770 1331 4829 exbibuerunt
1358 4778 1588 4825 terrena:
1612 4765 1795 4836 patria:

202 4867 589 4939 Babylonicam
614 4867 958 4923 dilectionem
977 4910 993 4935 ,
1026 4874 1081 4920 et
1110 4864 1307 4919 virtute
1334 4860 1476 4917 civili
1506 4874 1614 4916 non
1642 4873 1791 4924 vera,

199 4962 298 5016 sed
328 4960 616 5016 verisimili
663 4958 1035 5026 daemonibus,
1066 4957 1150 5011 vel
1191 4956 1438 5011 humanae
1468 4952 1653 5025 gloriae
1681 4965 1795 5008 ser-

198 5053 443 5121 vierunt,
472 5070 491 5104 ι
518 5062 624 5108 etc.
648 5052 714 5107 Et
736 5060 891 5107 antea
914 5050 1125 5106 dixerat
1150 5068 1161 5102 :
1193 5068 1211 5102 ι
1234 5049 1438 5104 Βοηυω
1468 5056 1551 5103 est
1573 5045 1715 5102 enim
1732 5054 1793 5099 ut

198 5146 561 5202 subveniatur
584 5144 788 5200 homini
811 5142 1155 5214 periclitanti,
1176 5140 1475 5211 praesertim
1498 5138 1791 5195 innocenti.

202 5237 315 5293 Sed
329 5237 425 5293 ille
440 5237 532 5309 qui
557 5236 814 5303 hocfacit,
830 5237 875 5291 si
893 5235 1123 5291 amando
1135 5234 1361 5304 gloriam
1381 5231 1656 5287 hominum
1683 5244 1798 5285 ma-

204 5335 285 5402 gis
306 5345 472 5403 quam
489 5332 581 5389 Dei
602 5330 749 5396 facit,
767 5344 871 5386 non
889 5328 1029 5385 bene
1041 5328 1239 5383 bonum
1264 5323 1413 5389 facit,
1431 5322 1551 5393 quia
1575 5336 1682 5378 non
1702 5321 1797 5375 bo-

205 5442 309 5483 nus
335 5426 470 5483 facit
490 5425 632 5497 quod
654 5439 762 5480 non
790 5424 929 5480 bona
952 5422 1230 5478 voluntate
1259 5417 1407 5473 facit.
1440 5436 1458 5468 ι
1491 5416 1648 5479 llinc,
1674 5428 1795 5470 cum

208 5520 456 5578 Julianus
472 5519 670 5575 ibidem
686 5514 997 5587 obiecisset:
1021 5514 1104 5570 «Si
1121 5512 1335 5585 gentilis
1353 5510 1552 5565 nudum
1569 5521 1797 5577 Operue-

208 5615 301 5681 rit,
324 5613 565 5686 nunquid
586 5614 711 5686 quia
728 5626 835 5669 non
858 5620 942 5668 est
965 5625 1034 5666 ex
1054 5609 1179 5675 ﬁde,
1206 5615 1483 5678 peccatum
1500 5604 1607 5660 est?
1632 5622 1651 5656 ι
1680 5616 1799 5657 res-

211 5710 412 5779 pondet
440 5707 768 5779 Augustinus
791 5726 804 5762 :
824 5723 843 5757 ‹
867 5704 1117 5767 Prorsus,
1143 5703 1197 5757 in
1210 5710 1479 5771 quantum
1504 5714 1609 5753 non
1631 5706 1712 5753 est
1734 5708 1801 5751 ex

168 5820 173 5825 ·
214 5802 314 5858 ﬁde
339 5848 355 5872 ,
410 5809 686 5871 peccatum
739 5807 858 5868 est,
890 5811 1000 5853 non
1030 5796 1154 5867 quia
1186 5810 1281 5867 per
1310 5796 1547 5864 seipsum
1574 5792 1797 5853 factum,

220 5896 360 5968 quod
389 5905 474 5953 est
501 5894 702 5951 nudum
731 5891 965 5963 operire,
1014 5896 1296 5961 peccatum
1323 5895 1439 5953 est,
1473 5884 1569 5943 sed
1616 5883 1683 5939 de
1708 5883 1801 5939 tali

1905 4759 2152 4824 lectatur,
2182 4755 2393 4813 caeteris
2446 4768 2507 4811 se
2536 4752 2821 4824 praeponit,
2845 4764 2909 4806 ac
2938 4750 2995 4805 in
3051 4746 3251 4817 seipso,
3284 4759 3391 4800 non
3439 4744 3495 4800 in

1904 4852 2134 4909 Domino
2176 4849 2457 4922 gloriatur.
2491 4847 2588 4904 Est
2639 4854 2817 4902 autem
2851 4842 3055 4913 primus
3091 4837 3158 4895 ad
3188 4837 3496 4910 superbiam

1904 4943 2103 5015 gradus
2131 4956 2191 4997 se
2222 4940 2396 5012 pluris
2416 4954 2579 5009 quam
2612 4937 2745 4994 alios
2776 4936 2975 5001 facere,
2998 4947 3060 4989 ac
3091 4932 3345 4987 virtutem
3370 4930 3493 5000 sibi,

1902 5052 2012 5093 non
2036 5036 2153 5095 Deo
2182 5040 2456 5105 acceptam
2489 5031 2645 5088 ferre.
2683 5026 2813 5083 lllud
2843 5033 3021 5082 autem
3051 5021 3332 5095 Augustini
3374 5035 3498 5091 pro-

1904 5132 2225 5194 nuntiatum,
2260 5142 2454 5193 nempe
2504 5125 2781 5189 virtutem,
2822 5136 2944 5177 cum
2996 5118 3069 5175 ob
3124 5117 3205 5173 sui
3239 5115 3496 5171 honesta-

1904 5234 2014 5282 tem
2042 5223 2329 5295 appetitur,
2356 5233 2476 5275 esse
2525 5214 2833 5286 superbam,
2863 5224 2926 5266 ac
2976 5207 3240 5280 pbilautia
3283 5204 3490 5295 vitiari,

1906 5294 2160 5389 probatur
2182 5315 2298 5371 fuse
2322 5314 2392 5369 ab
2429 5309 2622 5367 eodem
2648 5313 2834 5363 sancto
2888 5303 3109 5358 doctore
3138 5314 3305 5356 serm.
3335 5297 3402 5351 15
3427 5294 3496 5353 de

1907 5412 2075 5468 Verb.
2104 5413 2315 5479 Apost.,
2346 5404 2596 5473 exemplo
2640 5400 2969 5463 Stoicorum,
3002 5396 3092 5467 qui
3149 5391 3498 5449 sectabantur

1909 5505 2166 5558 virtutem
2190 5508 2412 5571 propter
2433 5494 2690 5565 seipsam,
2713 5486 3030 5549 eorumdem
3059 5496 3239 5542 tamen
3268 5484 3499 5540 virtutes

1905 5596 2175 5669 superbiae
2223 5591 2631 5649 ancillabantur.
2667 5586 2743 5643 lbi
2785 5592 2967 5641 autem
3024 5578 3318 5637 introducit
3361 5576 3501 5631 Pau-

1908 5693 2019 5747 lum
2063 5688 2290 5746 Athenis
2317 5700 2441 5745 cum
2468 5682 2666 5742 Stoicis
2712 5690 2766 5738 et
2797 5677 3073 5750 Epicureis
3102 5674 3498 5744 colloquentem

1911 5784 2129 5855 (dicitur
2176 5780 2319 5837 enim
2346 5780 2464 5835 Act.
2501 5792 2628 5832 xvn:
2658 5774 2881 5841 Quidam
2928 5779 3097 5825 autem
3152 5761 3417 5837 Epicurei,
3452 5769 3500 5855 et

1910 5853 2070 5934 Stoici
2095 5875 2383 5947 philosophi
2406 5870 2719 5929 disserebant
2738 5886 2855 5925 cum
2870 5869 2974 5937 eo),
2999 5875 3053 5921 et
3084 5864 3223 5918 inter
3246 5858 3346 5915 alia
3374 5853 3499 5909 scri-
