3962 6346
521 392 625 447 623

1435 388 1991 448 SUPPLEMENTUM
2032 388 2124 443 AD
2162 386 2389 443 OPERA
2433 387 2490 446 S.
2535 386 2928 446 AUGUSTINI.

3675 386 3758 441 ϐΞὶ

488 509 594 563 -bit
624 526 635 560 :
667 526 687 559 ‹
728 506 1261 576 DicebatEpicureus
1293 523 1304 558 :
1339 505 1536 561 Beatus
1559 506 1710 575 cujus
1734 514 1816 559 est
1842 505 1896 558 in
1921 504 2093 559 fructu
2127 509 2180 570 Α
2204 512 2422 573 propter
2447 518 2507 558 se
2554 503 2725 572 ipsam
2784 504 3041 558 intentam
3092 500 3298 567 inﬂare,
3325 502 3479 572 cujus
3529 500 3659 555 ratio
3698 512 3763 553 cst

515 600 761 669 voluptas
788 599 962 653 carnis
982 598 1117 666 ejus.
1143 597 1365 651 Dicebat
1395 597 1609 653 Stoicus
1635 615 1647 649 :
1670 597 1779 651 lino
1798 597 1985 651 beatus
2009 610 2100 648 cu-

512 692 601 761 jus
630 702 711 745 est
734 691 786 744 in
804 690 977 744 fructu
997 691 1164 743 virtus
1188 690 1353 743 animi
1382 690 1520 759 ejus;
1541 690 1751 745 dicebat
1772 689 2093 757 Apostolus:

519 784 703 837 Beatus
731 785 881 853 cujus
912 792 983 836 est
1014 799 1194 836 nomen
1220 782 1429 835 Domini
1461 800 1573 851 spes
1603 786 1733 855 eius.
1768 783 1929 837 Errat
1972 782 2099 850 Epi—

513 891 706 932 cureus
734 896 748 942 ;
783 878 972 931 falsum
1004 887 1085 932 est
1114 880 1255 933 enim
1286 894 1408 933 esse
1434 879 1702 933 hominem
1737 880 1971 943 beatum,
2001 893 2096 933 cu-

511 966 597 1036 jus
643 977 725 1022 est
755 970 807 1023 in
860 968 1039 1023 fructu
1090 970 1335 1039 voluptas
1383 971 1559 1024 carnis
1607 971 1740 1039 ejus.
1772 970 1992 1024 Fallitur
2046 980 2099 1024 et

514 1060 762 1125 Stoicus;
816 1062 1010 1115 falsum
1057 1062 1198 1117 enim
1231 1071 1343 1127 est,
1377 1072 1431 1116 et
1473 1063 1689 1117 omnino
1746 1050 2096 1117 mendosissié

508 1153 907 1222 tnum,beatum
935 1168 1054 1209 esse
1085 1153 1373 1221 hominem,
1392 1153 1542 1223 cujus
1570 1154 1715 1208 estin
1735 1152 1906 1208 fructu
1925 1154 2096 1207 virtus

510 1247 677 1300 animi
738 1246 876 1315 ejus.
915 1266 932 1298 ›
967 1246 1212 1302 Profecto
1241 1262 1306 1300 an
1333 1247 1504 1300 virtus
1536 1255 1752 1317 propter
1775 1247 1858 1299 sui
1889 1255 2093 1300 tantum

509 1338 849 1393 honestatem
905 1339 1108 1393 intenta
1174 1340 1319 1393 inﬂet
1351 1338 1657 1406 habentem,
1690 1354 1750 1393 ac
1779 1339 2093 1409 philautiam

508 1440 716 1496 causet,
752 1440 856 1484 tam
905 1432 1054 1485 claro
1110 1432 1357 1500 exemplo
1399 1432 1683 1486 manifeste
1738 1441 1903 1500 patet.
1950 1432 2096 1486 Unde

510 1523 768 1594 quidquid
797 1524 865 1578 sit
889 1525 956 1579 de
988 1541 1046 1579 re
1070 1524 1399 1594 speculative
1448 1525 1804 1589 considerata,
1836 1526 1889 1579 in
1946 1528 2094 1593 praxi

511 1616 795 1686 Augustini
823 1619 1087 1673 sententia
1138 1633 1264 1671 vera
1297 1628 1398 1672 est.
1430 1619 1599 1673 l’orro
1630 1629 1772 1671 tanta
1804 1628 1921 1673 erat
1949 1618 2093 1672 Stoi-

506 1724 690 1763 corum
714 1709 1152 1778 superbia,utad
1196 1708 1443 1763 virtutem
1485 1711 1867 1779 capessendam
1914 1710 2094 1764 divino

505 1818 605 1858 nos
632 1804 830 1857 auxilio
864 1803 1104 1871 indigere
1131 1803 1448 1857 stultissime
1484 1813 1859 1872 pernegarent.
1894 1804 2090 1857 Eorum

2203 598 2324 666 quia
2356 596 2582 667 quilibet
2615 612 2801 652 amore
2835 596 3063 651 naturali
3097 596 3267 665 diligit
3311 610 3389 658 se,
3416 605 3472 649 et
3515 610 3620 662 quo
3666 594 3761 662 plu-

2202 706 2259 745 ra
2288 692 2338 745 in
2370 706 2427 745 se
2459 693 2593 745 bona
2642 690 2929 760 conspicit,
2966 688 3085 758 plus
3131 690 3231 743 sibi
3282 687 3622 757 complacet;
3648 684 3763 738 unde

2204 798 2312 848 pra:
2340 781 2456 835 aliis
2486 797 2544 836 se
2570 784 2824 848 aestimat,
2857 793 2911 835 et
2961 781 3215 849 philautia
3245 779 3584 843 intumescit,
3613 794 3667 831 ac
3688 793 3759 831 rev

2200 874 2297 929 luti
2327 875 2605 929 Narcissus
2633 885 2841 929 suamet
2884 872 3277 941 pulchritudine
3319 875 3550 941 rapitur.
3610 870 3751 925 Unum

2202 976 2377 1022 autem
2429 968 2712 1022 contraria:
2741 968 3017 1022 sententiae
3066 976 3313 1021 auctores
3356 980 3632 1034 opponere
3658 979 3759 1033 pos-

2200 1067 2339 1121 sent,
2375 1060 2578 1127 optime
2635 1059 2916 1128 hucusque
2944 1057 3085 1111 dicta
3112 1056 3465 1120 concludere,
3494 1056 3540 1108 si
3573 1054 3759 1109 eiiciens

2200 1157 2351 1202 actus
2384 1149 2663 1217 honestos,
2692 1150 2815 1204 inde
2863 1148 3001 1219 apud
3050 1149 3395 1217 semetipsum
3446 1147 3597 1201 inani
3645 1161 3764 1200 com-

2202 1240 2468 1309 placentia
2500 1252 2801 1311 turgescat;
2848 1250 2903 1295 at
2935 1241 3043 1296 ﬁeri
3090 1256 3247 1310 posse
3287 1250 3344 1294 ut
3394 1240 3516 1310 quis
3569 1240 3765 1295 honeste

2202 1343 2546 1399 operetur,v.
2579 1349 2658 1403 g.,
2689 1333 2780 1388 det
2810 1333 3213 1403 eleemosynam
3246 1332 3487 1401 pauperi,
3520 1348 3586 1386 ac
3615 1334 3768 1385 statim

2202 1424 2443 1491 ejusdem
2475 1438 2628 1479 mens
2659 1426 2764 1479 alio
2789 1434 3064 1489 avocetur,
3093 1424 3144 1478 in
3174 1439 3280 1494 quo
3309 1439 3436 1477 casu
3460 1439 3636 1491 neque
3652 1424 3768 1491 apud

2200 1519 2544 1585 semetipsum
2601 1516 2667 1570 de
2697 1519 2835 1571 bono
2861 1530 3025 1585 opere
3059 1531 3154 1585 per
3183 1524 3361 1570 actum
3391 1515 3653 1570 reﬂexum
3676 1515 3769 1584 glo-

2201 1608 2441 1661 riabitur.
2472 1608 2666 1661 Fateor
2688 1608 2928 1676 quidem,
2962 1608 3006 1661 si
3039 1606 3219 1660 statim
3252 1621 3405 1661 mens
3427 1606 3537 1659 alio
3579 1620 3609 1658 a
3652 1620 3770 1659 novo

2200 1701 2415 1770 objecta
2448 1702 2704 1766 trahatur,
2736 1702 2849 1756 fieri
2883 1716 3041 1770 posse
3068 1708 3129 1755 ut
3177 1701 3327 1755 nulla
3377 1700 3521 1769 apud
3554 1700 3770 1769 seipsum

2199 1795 2367 1865 gloria
2389 1794 2470 1849 vel
2500 1794 2752 1863 jactantia
2778 1794 3057 1859 titilletur;
3090 1801 3143 1847 at
3167 1793 3218 1848 id
3244 1808 3340 1863 per
3364 1791 3620 1847 accidens
3663 1804 3773 1845 con-

502 1899 663 1951 verba
724 1896 1063 1950 recitavimus
1116 1896 1209 1949 lib.
1245 1912 1261 1949 ι
1311 1896 1448 1949 Hist.
1498 1896 1700 1965 Pelag.,
1749 1912 1866 1965 cap,
1917 1897 1969 1960 1,
1998 1896 2086 1949 ubi
2119 1913 2167 1973 Β
2204 1888 2375 1956 tingit.
2405 1889 2534 1943 Nam
2555 1903 2718 1959 agens
2742 1890 2945 1943 morale
2972 1888 3135 1943 debet
3155 1888 3509 1944 considerare
3546 1903 3614 1940 an
3646 1894 3775 1941 recte

503 1992 663 2044 etiam
695 1990 1040 2058 probavimus
1072 1990 1377 2057 superbiam
1427 1988 1856 2057 Pelagianorum,
1887 2003 1989 2056 qua
2016 1985 2089 2040 di-

501 2085 639 2139 vinae
667 2085 851 2153 gratia:
879 2087 1253 2139 necessitatem
1277 2082 1670 2146 inticiabantur,
1698 2098 1763 2137 ex
1789 2081 2089 2136 Stoicorum

500 2177 752 2247 dogmate
781 2177 1075 2232 derivasse.
1124 2177 1346 2245 Egregie
1396 2186 1611 2230 sanctus
1661 2176 1848 2228 doctor
1906 2182 2090 2228 contra

500 2269 818 2339 Pelagianos
860 2284 1108 2325 sermone
1160 2268 1348 2323 eodem
1396 2266 1461 2321 15
1507 2267 1681 2322 dixit:
1721 2286 1738 2318 ι
1777 2266 1853 2320 Τυ
1911 2275 1963 2319 te
2013 2266 2091 2321 vis

502 2376 683 2431 agere,
708 2377 737 2413 a
774 2370 824 2415 te
853 2362 969 2430 ipso
994 2362 1072 2414 vis
1100 2360 1185 2431 agi
1215 2360 1281 2415 ad
1304 2360 1541 2414 actiones
1571 2360 1746 2413 carnis
1768 2359 2095 2413 mortifican-

500 2452 629 2506 das?
653 2450 789 2519 Quid
813 2453 905 2506 tibi
950 2452 1190 2521 prodest,
1222 2453 1343 2521 quia
1375 2467 1479 2505 non
1511 2452 1617 2506 eris
1676 2451 1995 2519 Epicureus,
2033 2458 2089 2505 et

500 2546 611 2601 eris
640 2546 890 2601 Stoicus?
928 2564 947 2597 ι
983 2546 1129 2600 Idem
1158 2558 1383 2614 magnus
1443 2544 1696 2613 magister
1724 2543 1815 2597 lib.
1851 2559 1883 2597 ν
1912 2542 1981 2598 de
2004 2542 2092 2597 Ci-

498 2640 597 2693 vit.
622 2638 734 2705 Dei,
763 2653 883 2708 cap.
910 2638 1003 2702 20,
1034 2652 1154 2692 cum
1188 2638 1691 2705 dixissetquosdam
1717 2636 2087 2706 philosophos,

496 2731 565 2785 ad
598 2730 817 2800 Epicuri
849 2730 1239 2799 turpitudinem
1270 2728 1768 2794 demonstrandam,
1802 2728 2005 2782 aﬂ‘abre
2034 2729 2090 2783 in

496 2826 675 2881 tabula
709 2824 951 2895 pinxisse
982 2826 1314 2896 voluptatem
1346 2829 1398 2880 in
1431 2825 1599 2895 regali
1650 2824 1784 2879 sella
1833 2834 2088 2893 tanquam

495 2915 730 2987 reginam
758 2912 1152 2983 considentem,
1178 2918 1405 2973 virtutes
1432 2933 1567 2973 vero
1594 2917 1769 2972 eidem
1799 2932 1896 2986 pro
1924 2917 2090 2971 obse-

497 3014 625 3081 quio
640 3022 900 3079 astantes,
916 3011 1140 3082 ejusque
1153 3021 1341 3067 nutum
1361 3013 1730 3077 observantes,
1754 3021 1814 3065 ut
1839 3010 1982 3080 quod
2003 3010 2091 3065 illa

497 3101 811 3171 imperaret,
843 3103 1245 3173 promptissime
1276 3112 1723 3173 exsequerentur,
1749 3103 1865 3155 haec
1892 3100 2041 3155 addit
2074 3117 2088 3154 :

503 3213 522 3245 ‹
554 3193 695 3247 Nihil
738 3194 837 3248 hac
878 3195 1086 3262 pictura
1110 3194 1297 3248 dicunt
1325 3210 1445 3249 esse
1477 3193 1886 3265 iguominiosius
1913 3201 1969 3247 et
1993 3192 2090 3247 de-
2139 3212 2141 3215 ί

2192 1991 2442 2050 operatus
2468 1982 2556 2049 sit,
2586 2000 2651 2037 an
2683 1984 2883 2052 optime
2907 1998 2966 2038 se
3022 1984 3213 2038 habeat
3261 1997 3388 2053 erga
3419 1997 3577 2036 suum
3634 1983 3774 2034 tinem

2192 2086 2257 2125 ex
2293 2072 2383 2125 illa
2414 2072 2652 2137 actione;
2682 2089 2800 2143 quae
2826 2072 3042 2143 quidem
3073 2073 3423 2128 considerans
3452 2082 3602 2125 amat
3629 2088 3767 2124 suum

2193 2178 2327 2232 Opus
2352 2180 2413 2218 ac
2442 2165 2495 2219 in
2526 2165 2705 2235 seipso
2726 2165 3009 2235 gloriatur.
3031 2166 3243 2221 Censeo
3274 2173 3456 2220 tamen
3480 2164 3603 2220 hzec
3624 2179 3776 2233 opera

2191 2259 2328 2313 bona
2362 2276 2467 2314 non
2492 2260 2655 2317 fuisse
2685 2263 2821 2317 facta
2850 2263 2918 2318 ab
2944 2262 3251 2318 inﬁdelibus
3280 2264 3394 2319 suis
3442 2264 3683 2332 ipsorum
3707 2265 3777 2317 vi-

2193 2354 2342 2409 ribus
2367 2354 2659 2420 derelictis,
2695 2356 2789 2411 sed
2840 2357 3172 2423 praemonitis
3204 2356 3551 2427 specialibus
3599 2356 3780 2411 divinae

2200 2451 2389 2520 gratiae
2428 2452 2667 2518 auxiliis,
2693 2452 2885 2519 quibus
2915 2452 3051 2507 forte
3077 2451 3366 2521 aliquando
3395 2450 3600 2506 factum
3627 2461 3706 2506 est
3732 2460 3779 2505 ut

2194 2553 2342 2599 recte
2365 2554 2653 2613 Operantes
2678 2560 2817 2600 novo
2844 2546 3127 2615 proposito
3156 2545 3371 2615 objecto
3398 2545 3467 2600 de
3492 2545 3641 2600 bono
3668 2560 3781 2615 ope-

2198 2652 2259 2692 re
2289 2637 2511 2693 minime
2565 2637 2941 2707 gloriarentur.
2976 2639 3187 2695 Etenim
3217 2653 3340 2694 cum
3392 2639 3530 2694 adeo
3594 2638 3778 2706 facilis,

2202 2732 2311 2787 imo
2336 2748 2458 2787 cum
2504 2731 2868 2802 irreparabilis
2894 2734 2966 2788 sit
2992 2748 3151 2789 casus
3181 2734 3249 2788 ab
3306 2744 3428 2788 actu
3476 2734 3693 2789 virtutis
3736 2733 3780 2787 in

2198 2824 2513 2894 philautiam
2542 2868 2557 2893 ,
2605 2825 2802 2881 divina:
2858 2825 3045 2897 gratiae
3090 2827 3223 2894 fuit,
3272 2826 3483 2895 quoties
3548 2824 3781 2880 inﬁdeles

2200 2915 2345 2969 nulla
2403 2929 2469 2971 ex
2520 2930 2685 2985 opere
2735 2916 2877 2971 bono
2930 2916 3181 2987 superbia
3251 2917 3581 2972 intumuere.
3621 2915 3778 2971 Video

2197 3007 2340 3063 hanc
2367 3009 2668 3064 doctrinam
2725 3010 2927 3066 diserte
2950 3010 3090 3065 tradi
3121 3024 3151 3063 a
3179 3010 3427 3081 Ripalda,
3461 3009 3668 3065 celebri
3711 3010 3782 3062 iu-

2198 3106 2280 3153 ter
2308 3100 2638 3156 recentiores
2661 3101 2929 3170 theologo,
2961 3100 3051 3171 qui
3095 3101 3236 3170 disp.
3269 3099 3361 3167 20,
3387 3108 3523 3156 sect.
3550 3100 3606 3168 6,
3642 3115 3778 3154 num.

2207 3192 2299 3259 25,
2324 3194 2441 3247 ait:
2478 3212 2498 3245 ι
2531 3194 2695 3249 Recte
2740 3195 2939 3249 dicitur
2965 3194 3295 3249 voluntatem
3340 3195 3395 3248 in
3450 3193 3558 3247 hoc
3602 3192 3779 3247 ordine

496 3287 741 3342 formius.
782 3305 801 3338 ›
832 3287 1025 3343 Postea
1048 3298 1226 3343 autem
1262 3288 1347 3341 his
1374 3288 1592 3343 Stoicos
1622 3287 1839 3341 vellicat
1871 3302 1886 3340 :
1921 3304 1939 3338 ι
1977 3284 2083 3341 Sed
2112 3291 2161 3358 (ς
2190 3284 2549 3343 Providentia:
2577 3288 2885 3343 destitutam
2916 3288 3117 3342 auxilio
3168 3288 3381 3357 gratiae,
3410 3287 3640 3357 suisque
3666 3285 3777 3341 viri-

495 3392 602 3432 non
633 3378 885 3433 existimo
918 3379 1048 3433 satis
1079 3378 1247 3433 debiti
1307 3378 1520 3433 decoris
1549 3392 1669 3433 esse
1706 3376 2008 3447 ‘picturam,
2040 3376 2087 3433 si

495 3468 657 3523 etiam
688 3468 811 3521 talis
842 3468 1093 3537 ﬁngatur,
1114 3469 1207 3523 ubi
1236 3469 1460 3524 virtutes
1492 3469 1738 3524 humanae
1764 3469 1949 3539 gloriae
1965 3484 2086 3524 ser-

495 3561 666 3616 viant.
696 3560 845 3616 Licet
876 3564 1019 3618 enim
1050 3563 1152 3617 ista
1176 3564 1346 3633 gloria
1373 3564 1602 3619 delicata
1635 3565 1829 3619 mulier
1858 3580 1963 3619 non
1991 3565 2081 3631 sit,

495 3654 677 3711 inﬂata
712 3664 890 3711 tamen
917 3665 1021 3721 est,
1049 3664 1104 3711 et
1125 3656 1351 3711 multum
1384 3656 1658 3711 inanitatis
1692 3656 1870 3712 habet.
1910 3676 1928 3707 ›
1958 3656 2086 3711 Inde

496 3749 862 3805 recentiorum
943 3750 1350 3819 responsionem
1425 3765 1806 3820 praeoccupans
1885 3750 2081 3805 addit:

497 3859 518 3892 ι
552 3840 660 3896 Nec
682 3840 759 3896 illi
788 3855 847 3896 se
878 3840 947 3895 ab
987 3840 1089 3895 ista
1143 3840 1483 3896 defenderint
1533 3841 1796 3908 foeditate,
1827 3843 1916 3909 qui
1961 3857 2081 3897 cum

490 3933 664 3987 aliena
703 3941 960 4003 spernant
1011 3933 1235 4002 judicia,
1260 3934 1407 3989 velut
1445 3935 1628 4004 gloriae
1655 3944 2079 4003 contemptores,

489 4023 594 4079 sibi
623 4024 894 4093 sapientes
947 4024 1213 4092 videntur,
1244 4036 1299 4082 et
1325 4042 1425 4082 sun
1454 4043 1708 4082 nucum.
1739 4028 1870 4082 Nam
1895 4042 2080 4083 eorum

488 4118 680 4186 virtus,
707 4119 751 4172 si
785 4127 963 4174 tamen
986 4120 1092 4174 ulla
1122 4121 1353 4187 est,alio
1378 4121 1540 4175 modo
1569 4122 1798 4190 quodam
1846 4136 2077 4175 nouam:

488 4222 746 4261 sunmrun
765 4224 946 4272 unm;
969 4224 1137 4277 neque
1159 4212 1301 4264 enim
1320 4212 1453 4279 ipse,
1471 4211 1559 4280 qui
1582 4210 1681 4264 sibi
1708 4212 1900 4280 placet,
1918 4211 2079 4267 homo

489 4312 596 4353 non
628 4307 731 4354 est.
756 4317 774 4350 ›
802 4299 928 4353 Ηοιιο
951 4301 1063 4367 ipsa
1087 4303 1474 4355 confirmantur
1498 4302 1744 4370 exemplo
1763 4305 2075 4373 angelorum

494 4391 874 4460 reproborum,
897 4405 959 4445 ac
983 4392 1273 4460 primorum
1299 4405 1602 4463 parentum,
1622 4411 1847 4466 quorum
1894 4398 2076 4468 lapsus

490 4496 556 4535 ex
588 4480 840 4550 philautia
872 4489 1048 4536 ortum
1071 4482 1242 4538 duxit.
1272 4484 1470 4540 Scribit
1493 4494 1715 4540 sanctus
1744 4488 1980 4558 Prosper
2004 4490 2073 4543 ad

487 4565 926 4619 Demetriadem:
958 4584 977 4617 ι
1030 4566 1157 4621 Haec
1199 4567 1446 4636 superbia
1495 4584 1526 4624 a
1580 4570 1795 4626 diabolo
1847 4575 2075 4642 sumpsit

2194 3380 2295 3435 bus
2324 3380 2591 3445 relictam,
2621 3379 2793 3434 solum
2815 3394 2976 3450 posse
3002 3379 3308 3449 superbiam
3331 3387 3386 3434 et
3417 3387 3719 3449 peccatum.
3754 3395 3771 3429 ι

2190 3471 2317 3538 Quae
2342 3471 2589 3542 pluribus
2610 3472 2807 3527 ibidem
2839 3470 3200 3541 prosequitur,
3231 3471 3457 3526 laudans
3480 3470 3772 3541 praisertim

2190 3564 2330 3618 hanc
2382 3564 2554 3618 sancti
2585 3563 2822 3619 doctoris
2876 3563 3245 3618 sententiam:
3282 3580 3301 3613 ι
3342 3561 3600 3617 Liberum
3646 3562 3774 3616 arbi-

2189 3654 2347 3710 trium
2380 3655 2653 3711 desertum
2684 3670 2714 3709 a
2742 3654 2921 3709 divino
2945 3654 3233 3722 adjutorio,
3265 3654 3567 3723 quamlibet
3610 3652 3775 3708 scien-

2188 3745 2260 3799 tia
2294 3746 2426 3816 legis
2450 3747 2697 3813 excellat,
2733 3748 2879 3802 nullo
2912 3748 3072 3802 modo
3103 3747 3265 3802 habet
3289 3747 3513 3814 iustitia:
3543 3747 3775 3801 solidita-

2187 3837 2431 3903 tem,sed
2474 3837 2800 3893 inﬂationem
2847 3839 3025 3907 impia:
3079 3838 3366 3907 superbiae.
3407 3856 3426 3889 ι
3485 3836 3651 3907 igitur
3696 3835 3775 3891 ubi

2184 3943 2251 3983 ex
2282 3944 2449 3999 opere
2498 3929 2640 3983 bono
2684 3931 2826 3984 nulla
2871 3928 3126 4000 superbia
3180 3930 3234 3985 in
3290 3929 3475 3985 animo
3523 3927 3775 3998 erumpit,

2184 4021 2376 4077 divina:
2398 4026 2587 4095 gratia:
2611 4026 2864 4079 auxilium
2897 4034 3093 4093 praesto
3124 4032 3233 4079 est.

2183 4118 2408 4185 fiQuod
2452 4126 2628 4172 autem
2673 4117 2913 4173 infideles
2957 4132 3029 4171 ex
3078 4116 3297 4187 speciali
3340 4116 3527 4187 gratiae
3579 4114 3779 4170 auxiiio

2180 4210 2502 4280 quandoque
2524 4210 2660 4264 bene
2686 4209 2891 4279 operati
2926 4208 3141 4273 iuerint,
3173 4210 3429 4279 probatur
3457 4223 3525 4264 ex
3574 4208 3715 4264 libro
3761 4220 3778 4260 ι

2181 4302 2246 4357 ad
2276 4302 2634 4368 Bonifacium,
2664 4315 2784 4371 cap.
2818 4300 2909 4365 20,
2941 4300 3029 4354 ubi
3060 4301 3389 4371 Augustinus
3418 4301 3701 4357 lenitatem
3725 4299 3776 4353 in

2180 4393 2396 4448 Assueri
2427 4394 2567 4462 regis
2606 4393 2783 4447 animo
2822 4401 3042 4457 repente
3071 4400 3253 4447 natam
3283 4394 3472 4465 gratiae
3507 4390 3733 4449 ascribit
3759 4407 3774 4445 :

2184 4505 2203 4538 ‹
2240 4486 2348 4542 Cor
2382 4488 2547 4558 regis,
2578 4487 2749 4557 inquit
2777 4486 2844 4542 de
2888 4487 3022 4553 Deo,
3050 4496 3338 4556 antequam
3381 4486 3630 4543 mulieris
3666 4500 3777 4541 ser-

2177 4593 2395 4634 monem
2434 4579 2707 4648 poscentis
2736 4580 2994 4645 audisset,
3026 4579 3386 4635 occultissima
3415 4589 3470 4634 et
3511 4578 3773 4634 efficacis.

489 4656 766 4712 exordium
800 4697 817 4724 ,
872 4657 963 4727 qui
1040 4659 1295 4728 quoniam
1370 4675 1489 4730 sua,
1544 4679 1700 4733 quam
1757 4679 1787 4719 a
1818 4664 2069 4724 Creatore
2098 4675 2149 4735 Ι)
2174 4670 2308 4725 sima
2340 4680 2604 4741 potestate
2624 4672 2907 4737 convertit,
2931 4681 2986 4727 et
3017 4671 3288 4741 transtulit
3306 4670 3376 4725 ab
3405 4670 3770 4741 indignatione

485 4758 814 4820 acceperat,
867 4752 1107 4819 potentia
1175 4764 1230 4808 et
1298 4753 1555 4823 dignitate
1632 4770 1728 4810 sun
1816 4773 2066 4826 pucmr,

482 4855 610 4911 etc.,
636 4855 663 4893 a
694 4839 911 4900 caelesti
942 4842 1270 4899 sublimitate
1291 4845 1529 4915 dejectus
1554 4856 1657 4902 est.
1682 4865 1701 4898 ι
1738 4847 1824 4903 Et”
1857 4847 1927 4905 de
1972 4851 2069 4905 bo-

481 4939 629 4993 mine
678 4938 814 4993 dixit
860 4939 1187 5008 Augustinus
1238 4938 1329 4992 lib.
1380 4953 1410 4991 x
1459 4939 1525 4993 de
1560 4939 1748 5006 Civit.,
1778 4955 1898 5010 cap.
1951 4941 2066 4995 i5:

486 5048 506 5081 ι
564 5030 819 5086 Diabolus
864 5031 1138 5086 hominem
1217 5045 1325 5084 non
1374 5031 1629 5099 cepisset,
1681 5031 1783 5086 nisi
1826 5032 1935 5101 jam
1978 5031 2068 5088 ille

478 5137 579 5177 sm
604 5137 715 5178 ipse
738 5139 976 5179 pucens
1004 5124 1281 5194 coepisset.
1320 5143 1338 5175 ι
1363 5124 1496 5179 Hinc
1541 5124 1683 5180 idem
1732 5134 1886 5180 acute
1928 5126 2065 5180 scri—

480 5212 559 5268 bit
584 5213 680 5271 lib.
704 5231 795 5269 xtv
822 5215 1062 5284 ejusdem
1091 5216 1294 5286 operis,
1334 5230 1451 5285 cap.
1474 5216 1545 5272 28
1578 5233 1592 5269 :
1633 5234 1652 5267 ι
1675 5215 1938 5271 Fecerunt
1969 5218 2065 5271 ita-

477 5319 586 5373 que
623 5306 869 5362 civitates
929 5309 1063 5362 duas
1116 5323 1327 5363 amores
1386 5309 1515 5376 duo,
1548 5318 1813 5364 terrenam
1861 5310 2066 5365 scilicet

476 5410 633 5451 amor
661 5398 746 5452 sui
764 5412 933 5467 usque
954 5401 1021 5454 ad
1047 5410 1411 5469 contemptum
1459 5400 1588 5465 Dei;
1612 5401 1887 5455 caelestem
1936 5415 2065 5456 vero

477 5503 631 5543 amor
663 5489 758 5544 Dei
787 5505 953 5560 usque
980 5492 1045 5545 ad
1077 5502 1442 5562 contemptum
1469 5493 1571 5547 sui.
1603 5492 1843 5563 Denique
1875 5492 1967 5547 illa
2004 5492 2059 5547 in

473 5580 671 5648 seipsa,
718 5580 833 5635 haec
866 5582 921 5635 in
963 5582 1193 5639 Domino
1239 5584 1528 5653 gloriatur,
1569 5603 1587 5637 ι
1618 5594 1723 5640 etc.
1764 5586 1945 5652 Quare
1992 5586 2060 5641 ab

474 5685 658 5728 amore
683 5673 766 5727 sui
797 5672 1008 5751 initium
1034 5676 1286 5745 superbia
1313 5678 1495 5747 sumit,
1518 5692 1637 5747 qua:
1666 5678 1920 5733 virtutum
1947 5692 2062 5732 om-

474 5764 619 5820 nium
652 5780 914 5822 venenum
942 5777 1046 5835 est,
1071 5769 1239 5825 solius
1268 5771 1464 5826 divina:
1490 5771 1676 5841 gratiae
1703 5772 1943 5826 antidoto
1964 5786 2060 5826 ex-

474 5859 804 5925 pellendum.
835 5861 958 5921 Haec
980 5873 1158 5922 autem
1183 5865 1358 5921 valide
1381 5866 1610 5936 probant
1628 5865 1876 5922 virtutem
1897 5866 2057 5922 etiam

2174 4762 2241 4817 ad
2273 4764 2567 4828 lenitatem;
2598 4762 2701 4817 hoc
2726 4771 2811 4816 est
2838 4762 2904 4817 de
2935 4762 3211 4818 voluntate
3231 4762 3461 4818 laedendi
3488 4762 3556 4816 ad
3585 4762 3765 4815 volun-

2173 4862 2334 4911 tatem
2364 4855 2593 4911 favendi.
2625 4874 2644 4906 ›
2676 4854 2820 4909 idem
2850 4854 3047 4925 repetit
3095 4855 3189 4909 lib.
3223 4854 3290 4909 de
3319 4854 3503 4911 Gratia
3549 4851 3761 4919 Christi,

2171 4962 2292 5015 cap.
2326 4946 2417 5002 24.
2448 4947 2710 5001 Praeterea
2733 4947 2891 5015 epist.
2922 4946 3024 5001 150
3047 4946 3431 5001 continentiam
3463 4943 3763 5002 Polemonis

2171 5037 2477 5108 philosophi
2508 5038 2705 5092 divinae
2738 5039 2924 5107 gratia:
2966 5037 3323 5107 deputandam
3362 5038 3589 5094 scribit:
3612 5055 3630 5087 ‹
3663 5034 3763 5089 Ta-

2172 5143 2315 5195 men,
2331 5128 2424 5192 ait,
2440 5144 2505 5182 ne
2528 5128 2759 5199 idipsum
2779 5128 3017 5198 quidem,
3033 5130 3177 5199 quod
3193 5129 3385 5184 melius
3407 5130 3463 5184 in
3488 5128 3759 5185 eofactum

2171 5229 2275 5289 est,
2319 5221 2552 5275 humano
2580 5222 2725 5291 operi
2770 5222 3068 5285 tribuerim,
3104 5222 3200 5276 sed
3237 5220 3446 5277 divino.
3483 5241 3504 5274 ι
3542 5221 3655 5277 Hoc
3680 5228 3760 5272 ta-

2170 5325 2292 5365 men
2322 5325 2386 5365 ex
2417 5312 2712 5380 Augustino
2742 5310 3136 5367 observandum
3160 5321 3268 5379 est,
3296 5320 3450 5367 actus
3480 5312 3648 5367 bonos
3679 5309 3760 5362 in-

2168 5402 2399 5457 ﬁdelium
2423 5416 2490 5457 ex
2513 5403 2691 5456 divina
2715 5405 2885 5473 gratia
2909 5402 3181 5460 derivatos
3202 5419 3269 5459 ex
3290 5407 3577 5461 subsecuta
3599 5414 3760 5474 prava

2164 5511 2388 5567 operum
2415 5498 2813 5553 circumstantia
2860 5506 2919 5552 ut
2962 5498 3248 5567 plurimum
3277 5500 3455 5555 vitiari
3506 5514 3570 5555 ac
3605 5494 3760 5552 amit-

2164 5596 2278 5643 tere
2304 5587 2595 5643 bonitatem
2625 5604 2783 5657 quam
2826 5589 2880 5644 in
2910 5604 3007 5644 sua
3038 5591 3276 5660 ipsorum
3310 5591 3657 5660 productione
3682 5599 3751 5639 ex

2168 5678 2261 5733 Dei
2286 5693 2503 5734 munere
2530 5678 2812 5734 habebant.
2844 5678 2956 5735 Hoc
2981 5678 3192 5735 deduco
3220 5695 3289 5736 ex
3335 5680 3628 5752 Augustino
3654 5676 3747 5729 lib.

2144 5754 2216 5826 [IV
2248 5781 2431 5828 contra
2457 5772 2744 5841 Julianum,
2774 5789 2890 5843 cap.
2915 5776 2967 5839 ὅ,
2999 5777 3114 5829 haec
3142 5775 3451 5832 scribente:
3482 5795 3500 5829 ‹
3530 5775 3606 5830 Ex
3642 5783 3749 5841 quo

2164 5864 2451 5936 colligitur,
2474 5865 2634 5923 etiam
2663 5866 2775 5937 ipsa
2817 5867 2957 5924 bona
2982 5882 3143 5938 opera
3169 5883 3289 5939 quae
3328 5870 3525 5926 faciunt
3556 5864 3741 5923 infide-
