3962 6346
240 437 349 493 625

1425 442 1742 500 VINDICUE
1782 442 2346 506 AUGUSTINIANxE:

3418 459 3522 514 626

232 555 316 612 les
338 568 445 610 non
469 555 705 626 ipsorum
722 570 864 625 esse,
889 556 983 613 sed
1013 557 1154 614 illius
1175 560 1264 631 qui
1292 560 1430 617 bene
1453 562 1620 617 utitur
1641 561 1827 629 malis;
1858 565 1910 625 A
1939 573 2039 631 ter,
2070 564 2226 634 eique
2274 566 2567 635 impensius
2596 566 2828 636 studeat,
2854 582 2908 622 v.
2937 583 3012 639 g.,
3046 569 3310 638 pudicitiae
3335 572 3525 640 conju-

229 649 476 719 ipsorum
509 657 689 704 autem
718 665 840 707 esse
867 662 1106 720 peccata,
1130 655 1321 723 quibus
1340 664 1394 709 et
1423 670 1555 709 nom
1588 672 1731 711 ηΑιε
1754 655 1832 730 fa:-

231 740 405 805 ciunt,
438 742 560 811 quia
590 757 652 796 ea
685 758 792 798 non
823 743 988 811 ﬁdeli,
1020 746 1115 800 sed
1146 746 1371 814 inﬁdeli,
1407 747 1509 802 hoc
1537 756 1637 815 est,
1669 747 1831 804 stulta

227 840 287 886 et
313 831 472 886 noxia
496 830 698 888 faciunt
717 835 1012 891 voluntate.
1037 837 1222 904 Qualis
1245 838 1491 893 voluntas
1516 840 1663 894 nullo
1685 839 1830 894 chri-

232 924 413 978 stiano
444 924 720 981 dubitante
745 927 903 981 arbor
931 937 1013 983 est
1043 929 1202 995 mala,
1226 946 1347 999 qua:
1376 930 1551 985 facere
1588 947 1694 985 non
1733 945 1830 1000 po-

223 1024 332 1071 test
374 1018 479 1073 nisi
525 1020 727 1074 fructus
756 1022 950 1087 malos,
995 1022 1045 1076 id
1088 1032 1173 1077 est
1213 1023 1327 1078 sola
1370 1033 1589 1094 peccata
1620 1041 1634 1077 :
1666 1024 1829 1078 Omne

220 1114 387 1179 enim,
417 1113 550 1169 velis
582 1114 740 1181 nolis,
765 1117 901 1185 quod
929 1134 1033 1171 non
1058 1126 1129 1172 est
1156 1134 1219 1172 ea:
1241 1118 1343 1187 ﬁde
1371 1128 1636 1189 peccatum
1666 1130 1761 1173 est.
1802 1138 1819 1171 ι

226 1206 359 1261 Vult
388 1207 531 1262 enim
558 1209 904 1278 Augustinus,
933 1212 1260 1266 voluntatem
1292 1212 1402 1266 sola
1436 1212 1542 1267 fide
1571 1212 1729 1285 dirigi
1757 1212 1824 1268 ad

219 1297 529 1354 faciendum
559 1315 695 1370 opus
735 1315 855 1356 cum
897 1301 1076 1358 debita
1109 1301 1509 1357 circumstantia
1547 1304 1825 1359 relationis

220 1386 281 1443 in
314 1388 481 1445 Deum
510 1390 756 1447 ultimum
794 1392 973 1447 ﬁnem.
1009 1392 1143 1448 Hinc.
1172 1396 1418 1463 superius
1451 1394 1645 1449 ibidem
1674 1395 1823 1453 dixe-

223 1491 315 1536 rat
342 1500 358 1537 :
395 1501 414 1535 ι
448 1482 580 1538 Cum
612 1499 719 1539 non
746 1484 813 1539 ad
856 1500 1011 1540 suum
1053 1485 1359 1541 referuntur
1385 1496 1657 1542 auctorem
1682 1486 1820 1543 dona

216 1572 341 1641 Dei,
372 1574 475 1649 hoc
525 1576 642 1645 ipso
671 1578 798 1631 mali
842 1578 924 1632 bis
966 1586 1177 1633 utentes
1203 1577 1507 1633 efﬁciuntur
1536 1578 1738 1647 injusti,
1774 1580 1820 1635 si

211 1682 351 1738 quas
378 1669 603 1724 virtutes
645 1669 864 1737 habent,
899 1684 1053 1724 veras
1101 1685 1208 1725 non
1239 1670 1461 1736 habent,
1493 1685 1555 1725 ac
1582 1686 1678 1741 per
1718 1671 1821 1727 hoc

213 1775 321 1815 nec
351 1761 701 1827 continentia,
723 1763 839 1818 sive
867 1761 1121 1832 pudicitia
1154 1778 1278 1817 vera
1308 1764 1479 1818 virtus
1502 1773 1584 1819 est
1624 1764 1817 1833 impio-

213 1866 363 1906 rum.
402 1870 423 1903 ι
455 1851 512 1906 ln
543 1851 646 1907 hoc
669 1867 801 1907 vero
826 1854 1004 1923 capite
1034 1852 1274 1909 defendit
1299 1863 1516 1909 sanctus
1542 1854 1731 1910 doctor
1751 1856 1818 1911 ab

1935 657 2058 727 gali,
2088 657 2205 713 sine
2234 659 2452 728 speciali
2488 658 2579 714 Dei
2624 660 2823 715 auxilio
2869 676 2975 715 non
3007 671 3180 730 potest
3206 677 3235 717 a
3266 662 3521 732 philautia

1935 750 2015 805 vel
2042 750 2184 804 inani
2212 752 2351 820 apud
2382 751 2515 809 alios
2546 754 2717 823 gloria
2747 764 3068 825 temperare.
3101 754 3255 812 Unde
3284 766 3428 810 recte
3450 756 3520 811 ob

1933 842 2070 898 hanc
2092 844 2353 899 rationem
2374 845 2511 900 dixit
2526 855 2742 902 sanctus
2766 847 2953 902 doctor
2976 847 3220 903 inﬁdeles
3239 863 3342 903 non
3364 862 3521 918 posse

1933 937 2131 992 habere
2159 952 2313 993 veras
2342 937 2588 1003 virtutes,
2622 938 2709 993 illa
2741 941 3010 1009 praecipue
3034 940 3276 1011 Apostoli
3304 950 3521 996 senten-

1933 1032 2003 1087 tia
2027 1042 2203 1088 motus
2239 1051 2251 1086 :
2280 1032 2443 1087 Omne
2480 1034 2618 1103 quod
2648 1050 2750 1088 non
2780 1044 2855 1089 est
2884 1052 2946 1089 ex
2974 1035 3077 1105 ﬁde
3118 1045 3382 1107 peccatum
3424 1042 3516 1089 est.

1929 1123 2193 1185 Moraines
2221 1125 2408 1181 scribit
2450 1125 2565 1180 haec
2594 1127 2759 1181 verba
2803 1128 2950 1182 Pauli
2988 1144 3251 1200 perperam
3296 1128 3362 1182 ab
3408 1126 3518 1181 Au-

1927 1218 2140 1287 guStino
2173 1217 2443 1274 intellecta
2484 1217 2679 1285 fuisse;
2712 1230 2766 1275 at
2794 1221 2966 1275 sancti
2990 1220 3164 1276 Patris
3189 1221 3513 1289 interpreta-

1928 1311 2127 1366 tionem
2158 1312 2465 1381 apostolica:
2491 1312 2604 1368 sedi
2632 1321 2689 1369 et
2726 1312 3001 1367 catholicae
3037 1311 3289 1368 Ecclesiae
3318 1312 3515 1380 proba-

1927 1414 2034 1458 tam
2064 1403 2231 1459 fuisse
2260 1405 2538 1459 ostendam
2580 1405 2798 1460 inferius
2823 1419 2941 1476 cap.
2963 1405 3017 1470 4,
3051 1403 3078 1476 §
3114 1404 3167 1460 5.
3201 1404 3333 1459 Hinc
3370 1404 3512 1460 idem

1927 1499 2271 1567 Augustinus,
2288 1498 2379 1554 lib.
2396 1498 2461 1552 de
2476 1498 2950 1555 Praedestinatione
2970 1507 3296 1563 sanctorum,
3311 1512 3429 1567 cap.
3456 1498 3512 1564 7,

1927 1592 2087 1647 tradit
2116 1592 2254 1647 bona
2276 1607 2435 1661 opera
2459 1592 2696 1648 Cornelii
2725 1593 2844 1647 Act.
2873 1610 2901 1646 x
2926 1609 2956 1647 ει
2984 1592 3090 1647 ﬁde
3115 1591 3170 1646 in
3203 1590 3368 1645 Deum
3391 1604 3514 1659 pro-

1925 1688 2153 1742 cessisse
2184 1704 2198 1742 :
2233 1706 2252 1739 ι
2287 1685 2473 1756 Cujus,
2506 1688 2694 1757 inquit,
2718 1696 2953 1758 accepta:
2982 1696 3108 1742 sunt
3131 1686 3510 1755 eleemosynae,

1925 1792 1979 1838 et
2007 1782 2272 1837 exauditae
2302 1783 2595 1850 orationes,
2626 1790 2910 1850 antequam
2933 1780 3246 1836 credidisset
3273 1778 3326 1832 in
3357 1775 3511 1832 Chri-

1924 1885 2086 1943 stum,
2121 1890 2221 1930 nec
2256 1866 2432 1929 tamen
2462 1874 2578 1930 sine
2608 1874 2782 1944 aliqua
2828 1873 2932 1928 ﬁde
2957 1872 3191 1928 donabat
3219 1879 3273 1926 et
3300 1870 3509 1925 orabat.

211 1944 447 2015 objectis
469 1945 665 2001 Juliani
694 1947 767 2016 id,
789 1947 928 2016 quod
958 1947 1249 2017 scripserat
1276 1948 1368 2002 lib.
1393 1964 1409 2002 l
1439 1948 1507 2004 de
1533 1948 1742 2019 Nuptiis
1762 1959 1808 2005 et

1926 1966 2056 2021 Nam
2089 1967 2355 2035 quomodo
2386 1967 2667 2023 invocabat
2716 1967 2766 2020 in
2798 1982 2954 2036 quem
2986 1980 3090 2021 non
3113 1962 3446 2019 crediderat?
3485 1981 3505 2013 ι

211 2051 475 2108 concup.,
507 2054 625 2110 cap.
656 2038 709 2107 5,
751 2038 842 2094 ubi
870 2055 994 2095 cum
1026 2041 1250 2096 dixisset
1271 2042 1657 2098 continentiam
1693 2058 1816 2100 esse

213 2126 424 2183 donum
456 2128 573 2199 Dei,
606 2131 677 2185 ait
706 2149 718 2183 :
755 2149 775 2183 ‹
809 2132 947 2199 Quid
990 2147 1120 2203 ergo
1158 2134 1406 2205 dicimus,
1439 2136 1652 2205 quando
1683 2145 1737 2191 et
1762 2137 1817 2194 in

204 2221 531 2292 quibusdam
601 2223 785 2294 impiis
842 2224 1115 2281 invenitur
1168 2226 1418 2293 pudicitia
1476 2228 1816 2299 conjugalis?

203 2317 402 2374 Utrum
416 2334 482 2374 eo
494 2333 721 2389 peccare
733 2320 941 2376 dicendi
955 2329 1079 2376 sunt
1092 2322 1234 2393 quod
1248 2322 1392 2377 dono
1406 2322 1499 2378 Dei
1516 2324 1655 2378 male
1666 2332 1816 2379 utan-

206 2421 321 2479 tur,
350 2426 458 2468 non
485 2413 536 2467 id
564 2412 863 2469 referentes
890 2414 955 2469 ad
982 2414 1183 2469 cultum
1224 2414 1363 2485 ejus,
1394 2431 1425 2469 a
1451 2431 1558 2486 quo
1588 2431 1811 2487 accepe-

208 2504 380 2558 runt?
402 2504 484 2560 An
510 2504 645 2561 forte
668 2521 768 2561 nec
788 2506 929 2561 dona
951 2505 1047 2560 Dei
1063 2506 1295 2575 putanda
1321 2517 1446 2562 sunt
1462 2508 1584 2576 ista,
1599 2510 1813 2579 quando

206 2597 331 2653 haec
362 2598 608 2655 inﬁdeles
637 2608 816 2668 agunt,
849 2597 1147 2654 secundum
1195 2599 1440 2669 Apostoli
1488 2603 1811 2657 sententiam

201 2694 444 2750 dicentis
486 2711 501 2748 :
536 2694 697 2748 Omne
725 2693 861 2764 quod
889 2708 994 2747 non
1021 2702 1098 2748 est
1127 2709 1190 2757 ea:
1217 2693 1318 2762 ﬁde
1348 2703 1613 2764 peccatum
1640 2699 1752 2751 est?
1784 2716 1805 2751 ι

199 2786 321 2841 Hoc
367 2786 669 2842 secundum
721 2787 915 2843 ibidem
948 2786 1097 2857 eligit
1136 2785 1320 2843 dicens
1350 2804 1363 2841 :
1404 2806 1423 2838 σ
1458 2788 1588 2856 Quis
1618 2789 1811 2845 audeat

200 2878 392 2934 dicere
416 2879 617 2935 donum
658 2878 751 2935 Dei
782 2868 905 2935 esse
944 2880 1254 2951 peccatum?
1290 2899 1309 2932 ι
1347 2879 1405 2939 Et
1432 2895 1553 2935 cum
1594 2883 1809 2951 praemi-

203 2971 372 3046 sisset
400 2971 540 3026 bona
565 2972 827 3027 naturalia
853 2972 1045 3027 animae
1079 2980 1133 3027 et
1160 2973 1422 3043 corporis,
1450 2987 1571 3029 cum
1615 2977 1807 3046 quibus

200 3062 461 3119 inﬁdeles
490 3072 800 3131 nascuntur,
832 3080 953 3119 esse
983 3065 1119 3119 dona
1154 3065 1270 3131 Dei,
1304 3065 1419 3119 litec
1446 3065 1594 3121 addit
1626 3086 1636 3119 :
1675 3085 1693 3119 ι
1730 3068 1807 3125 De

205 3156 275 3212 iis
324 3167 505 3213 autem
538 3174 655 3228 quae
688 3158 910 3223 faciunt,
945 3159 1140 3213 dictum
1185 3168 1305 3215 est:
1340 3158 1503 3213 Omne
1529 3160 1665 3229 quod
1705 3177 1806 3216 non

201 3256 283 3302 est
313 3264 378 3302 ea:
405 3249 507 3316 ﬁde
535 3258 801 3319 peccatum
842 3257 937 3303 est.
963 3248 1093 3304 Cum
1126 3247 1285 3319 igitur
1315 3248 1515 3304 faciunt
1558 3249 1673 3305 haec
1709 3250 1808 3305 ho-

1922 2060 1999 2114 Ex
2027 2061 2221 2130 quibus
2248 2070 2393 2130 patet
2423 2062 2489 2116 ad
2520 2061 2803 2117 referenda
2847 2074 3011 2129 opera
3049 2060 3188 2113 bona
3236 2059 3288 2112 in
3340 2058 3508 2112 Deum

1920 2168 2026 2208 non
2059 2154 2257 2223 requiri
2289 2154 2449 2210 ﬁdem
2480 2155 2532 2210 in
2578 2154 2875 2219 Christum,
2905 2154 3000 2209 sed
3033 2154 3163 2208 satis
3198 2166 3320 2207 esse
3348 2151 3507 2206 ﬁdem

1918 2248 1973 2302 in
2005 2248 2192 2314 Deum,
2216 2251 2325 2303 imo
2348 2250 2519 2303 solam
2552 2249 2708 2305 ﬁdem
2730 2250 2889 2304 etiam
2916 2247 3229 2318 acquisitam
3261 2247 3508 2301 sufﬁcere

1916 2341 2183 2411 colligitur
2228 2357 2297 2397 ex
2347 2341 2444 2396 lib.
2477 2342 2544 2397 de
2589 2341 2869 2407 Patientia,
2920 2355 3037 2410 cap.
3060 2340 3130 2394 26
3180 2348 3233 2394 et
3275 2339 3365 2403 2'7,
3416 2337 3507 2392 ubi

1916 2434 2381 2489 schismaticornm
2412 2434 2807 2504 patientiamzet
2837 2432 3031 2487 bonam
3060 2445 3182 2487 esse
3204 2437 3257 2484 et
3289 2428 3507 2483 laudan-

1914 2528 2035 2583 dam
2067 2528 2270 2595 scribit,
2317 2527 2470 2597 cujus
2500 2527 2663 2582 verba
2696 2527 2853 2595 paulo
2899 2535 3019 2595 post
3066 2523 3382 2579 referemus.
3420 2520 3505 2575 Vi-

1914 2623 2016 2678 deo
2065 2635 2243 2678 tamen
2288 2630 2531 2678 sanctum
2580 2622 2855 2676 doctorem
2900 2634 3062 2673 unum
3092 2627 3268 2672 actum
3301 2615 3501 2669 bonum

1913 2718 2031 2771 sine
2058 2717 2227 2787 gratia
2276 2716 2328 2770 in
2376 2714 2685 2770 inﬁdelibus
2715 2724 2770 2769 et
2797 2713 3008 2768 caeteris
3035 2709 3341 2766 hominibus
3370 2720 3499 2761 cou-

1912 2809 2130 2877 cedere,
2166 2824 2358 2879 nempe
2384 2808 2533 2863 illum
2563 2822 2669 2878 quo
2693 2807 2854 2861 homo
2882 2804 3085 2875 appetit
3108 2816 3377 2858 summum
3408 2800 3502 2855 bo-

1911 2918 2060 2959 num.
2088 2904 2143 2958 ln
2175 2902 2508 2969 Enchiridio,
2539 2916 2659 2970 cap.
2687 2900 2778 2965 25,
2809 2898 2883 2954 ait
2916 2916 2927 2952 :
2965 2916 2985 2949 ‹
3032 2897 3161 2963 Quae
3189 2905 3367 2949 tamen
3408 2906 3502 2947 na-

1912 3001 2027 3047 tura
2058 2994 2111 3047 in
2157 2992 2311 3047 malis
2357 2992 2489 3054 suis;
2515 3006 2621 3047 non
2650 2991 2822 3060 potuit
2866 2988 3114 3045 amittere
3156 2985 3499 3042 beatitudinis

1909 3084 2224 3155 appetitum.
2278 3104 2297 3136 ›
2329 3084 2474 3139 ldem
2508 3083 2669 3139 habet
2697 3098 2817 3152 cap.
2850 3080 2973 3147 125,
3008 3090 3064 3135 et
3106 3080 3202 3135 lib.
3234 3094 3285 3131 tv
3312 3085 3499 3131 contra

1908 3177 2198 3245 lulianum,
2229 3194 2348 3249 cap.
2374 3178 2408 3233 5
2442 3197 2454 3231 :
2493 3197 2511 3231 ‹
2547 3178 2731 3249 Neque
2771 3178 2935 3244 enim,
2962 3176 3154 3247 inquit,
3188 3188 3374 3230 omnes
3403 3172 3499 3227 ho-

1910 3272 2080 3326 mines
2105 3272 2333 3327 naturali
2362 3271 2618 3327 instinctu
2648 3270 2975 3326 immortales
3002 3279 3059 3325 et
3080 3268 3221 3325 beati
3245 3281 3367 3323 esse
3388 3265 3499 3320 vel-

198 3342 380 3398 mines
429 3344 548 3398 sine
581 3344 708 3411 ﬁde,
739 3360 858 3415 qua:
890 3344 1136 3398 videntur
1165 3345 1230 3397 ad
1261 3345 1596 3417 conjugalem
1645 3346 1802 3416 pudi-

1915 3365 2104 3431 lemus,
2140 3366 2241 3420 nisi
2286 3380 2405 3421 esse
2452 3380 2752 3435 possemus.
2788 3383 2806 3417 ι
2840 3366 2908 3419 At
2936 3363 3005 3418 ob
3045 3363 3397 3431 ignorantiam
3428 3374 3495 3413 ex

196 3438 386 3491 citiam
420 3438 705 3507 pertinere,
744 3438 860 3492 sive
897 3437 1203 3493 hominibus
1235 3438 1447 3507 placere
1474 3448 1798 3507 quaerentes,

197 3529 291 3582 vel
320 3542 424 3582 stat
456 3528 541 3582 vel
573 3528 713 3595 aliis,
748 3527 861 3582 sive
890 3527 943 3581 in
984 3528 1066 3583 his
1098 3529 1257 3583 rebus
1286 3524 1417 3599 quas
1448 3531 1637 3585 vitiose
1676 3546 1804 3586 con-

199 3620 513 3689 cupiscunt,
540 3620 801 3675 humanas
832 3621 1104 3676 molestias
1125 3622 1441 3689 devitantes,
1468 3624 1583 3679 sive
1605 3622 1807 3678 daemo-

191 3714 356 3770 nibus
385 3715 705 3781 servientes,
730 3731 835 3770 non
869 3725 1086 3785 peccata
1112 3727 1385 3782 coercent,
1406 3717 1501 3772 sed
1530 3718 1650 3773 aliis
1680 3734 1804 3789 pec-

192 3809 335 3862 catis
369 3808 473 3862 alia
514 3816 729 3878 peccata
754 3809 999 3863 vincunt.
1037 3809 1190 3864 Absit
1218 3823 1348 3879 ergo
1374 3810 1622 3880 pudicum
1653 3827 1805 3868 vera-

192 3901 334 3956 citer
357 3900 465 3956 diei
486 3904 572 3971 qui
595 3916 701 3956 non
724 3910 950 3973 propter
973 3903 1137 3958 Deum
1162 3918 1347 3958 verum
1366 3904 1525 3959 ﬁdem
1552 3906 1805 3961 connubii

195 4002 429 4064 praestat
470 3994 645 4049 uxori.
684 4014 702 4046 ι
739 3997 793 4051 ln
825 3995 1044 4050 laudato
1082 4010 1211 4051 vero
1256 4011 1376 4066 cap.
1420 3999 1452 4050 5
1496 4005 1681 4052 contra
1711 3998 1805 4053 Ju-

192 4088 408 4141 lianum
445 4086 717 4142 fusissime
747 4088 887 4143 hanc
928 4102 1078 4143 suam
1122 4089 1441 4143 sententiam
1473 4089 1707 4143 vindicat
1739 4091 1804 4147 ab

196 4180 539 4249 argumentis
567 4194 687 4249 quae
717 4179 867 4249 plura
899 4188 1086 4234 contra
1115 4179 1357 4234 eamdem
1401 4180 1684 4236 haereticus
1714 4198 1804 4236 ur-

198 4280 325 4340 get;
354 4271 444 4325 ubi
488 4272 573 4327 sui
599 4278 853 4327 conStans
890 4282 1050 4343 negat
1074 4287 1253 4328 veram
1299 4272 1606 4342 pudicitiam
1640 4274 1804 4331 fuisse

190 4362 247 4418 in
278 4360 609 4422 Gentilibus.

268 4457 407 4513 Scio
454 4457 745 4512 nonnullos
791 4471 1037 4514 asserere
1084 4458 1440 4528 Augustinum
1470 4457 1672 4513 dixisse
1715 4458 1803 4513 illa

192 4563 366 4619 opera
390 4563 511 4604 esse
542 4558 779 4619 peccata,
813 4565 932 4620 qua:
956 4549 1009 4603 in
1042 4549 1209 4605 Deum
1237 4550 1483 4603 ultimum
1515 4550 1672 4603 finem
1697 4565 1803 4604 non

195 4645 512 4700 referuntur
536 4645 783 4713 positive,
802 4658 907 4699 non
929 4653 1104 4699 autem
1129 4644 1407 4713 negative;
1434 4643 1667 4711 exempli
1687 4657 1804 4714 gra-

1906 3465 2129 3526 peccato
2155 3457 2400 3527 originali
2449 3466 2775 3513 contractam
2824 3456 2996 3511 nescit
3026 3454 3186 3510 homo
3215 3453 3325 3507 suis
3372 3451 3497 3505 viri-

1908 3549 2006 3604 bus
2031 3549 2249 3605 relictus
2274 3551 2325 3604 in
2347 3566 2577 3620 quonam
2608 3549 2881 3606 beatitudo
2911 3558 2966 3604 et
2994 3547 3215 3621 felicitas
3244 3560 3367 3600 vera
3393 3544 3496 3598 sita

1908 3642 1996 3708 sit,
2028 3642 2169 3698 unde
2200 3652 2280 3697 tot
2305 3643 2375 3697 de
2404 3658 2614 3698 summo
2636 3642 2778 3698 bono
2816 3639 3252 3711 philosophorum
3279 3644 3497 3693 senten-

1910 3736 1997 3790 tiae
2018 3744 2373 3791 emerserunt.
2400 3736 2526 3792 Sola
2558 3745 2736 3791 autem
2767 3735 2870 3790 ﬁde
2898 3734 3192 3789 revelatum
3214 3738 3298 3786 est
3326 3731 3494 3785 Deum

1907 3826 2050 3881 clare
2095 3827 2265 3882 visum
2309 3842 2430 3883 esse
2475 3843 2741 3883 summum
2793 3818 3024 3881 hominis
3072 3825 3294 3889 bonum,
3341 3821 3494 3890 cujus

1908 3920 2063 3975 unius
2096 3922 2435 3989 possessione
2462 3919 2520 3976 ﬁt
2546 3921 2753 3976 beatus.

1977 4014 2106 4069 Haec
2145 4014 2425 4086 Augustini
2468 4016 2731 4070 sententia
2778 4013 2878 4068 fuit
2903 4012 2970 4068 de
3017 4013 3269 4082 operibus
3305 4008 3495 4065 inﬁde-

1908 4106 2058 4172 lium,
2085 4121 2243 4177 quam
2283 4118 2337 4162 et
2373 4108 2558 4162 Patres
2585 4122 2647 4160 ac
2689 4106 3005 4162 nobilissimi
3035 4106 3284 4161 doctores
3322 4103 3497 4159 secuti

1905 4209 2049 4255 sunt.
2074 4200 2300 4256 Sanctus
2330 4198 2439 4256 Leo
2468 4201 2709 4271 Magnus,
2732 4214 2896 4255 serm.
2920 4198 3044 4254 nde
3066 4197 3270 4268 jejunio
3296 4196 3496 4250 Pente-

1906 4300 2104 4357 costes,
2128 4291 2202 4345 ait
2227 4310 2241 4346 :
2277 4310 2294 4343 ‹
2328 4292 2483 4362 Apud
2514 4293 2657 4362 ipsos
2680 4305 2913 4362 paganos
2939 4299 3068 4346 sunt
3086 4288 3330 4360 qumdam
3359 4303 3496 4342 vana

1901 4386 2127 4456 jejunia.
2155 4387 2315 4442 Aliud
2341 4387 2483 4447 enim
2516 4387 2625 4456 agit
2653 4386 2753 4441 sub
2773 4386 2998 4441 veritate
3026 4385 3184 4451 ratio,
3220 4382 3365 4438 aliud
3396 4381 3497 4436 sub

1907 4480 2145 4534 falsitate
2185 4478 2452 4549 deceptio.
2495 4480 2650 4548 Apud
2682 4494 2778 4533 nos
2810 4479 2944 4533 ﬁdes
2985 4475 3283 4532 sanctiﬁcat
3329 4474 3497 4529 etiam

1905 4574 2340 4642 manducantem,
2365 4573 2505 4644 apud
2554 4573 2673 4627 illos
2718 4572 3002 4628 inﬁdelitas
3034 4571 3221 4640 polluit
3245 4567 3496 4638 jejunan—

1908 4677 2035 4724 tem.
2069 4668 2218 4724 Unde
2240 4668 2363 4738 quia
2393 4675 2544 4723 extra
2571 4666 2890 4722 catholicam
2924 4663 3219 4720 Ecclesiam
3243 4659 3380 4714 nihil
3410 4667 3496 4713 est

199 4740 297 4803 “3'
330 4738 423 4807 (μή
460 4739 743 4838 cf’mmef‘s
765 4746 870 4838 ﬁs"
901 4743 958 4791 ut
1005 4736 1105 4792 Sibi
1151 4736 1236 4790 vel
1265 4736 1385 4790 aliis
1424 4736 1651 4838 place?“
1680 4736 1799 4805 3'0'
1826 4778 1879 4838 ι)
1906 4762 2189 4830 integrum,
2213 4736 2344 4814 nihil
2372 4768 2598 4825 castum,
2620 4759 2832 4814 dicente
2854 4756 3143 4826 Apostolo:
3173 4753 3335 4807 Omne
3355 4753 3493 4821 quod

199 4835 339 4887 riam
365 4830 505 4899 apud
528 4845 588 4883 se
618 4829 702 4883 vel
732 4829 865 4883 alios
896 4842 1164 4897 quaerens,
1194 4834 1402 4897 peccat,
1434 4828 1555 4896 quia
1587 4829 1800 4882 inanem

199 4924 433 4994 gloriam
470 4921 711 4991 positive
745 4919 846 4973 sibi
880 4920 1040 4973 finem
1080 4917 1222 4973 illius
1254 4917 1518 4987 pudicitiae
1547 4918 1799 4983 destinat,

202 5022 262 5068 et
301 5021 429 5067 tunc
479 5012 707 5080 positive
751 5009 879 5065 illud
928 5026 1062 5080 opus
1110 5010 1290 5065 deviat
1329 5026 1360 5064 a
1406 5009 1515 5064 Dco
1547 5020 1799 5080 tanquam

197 5105 396 5160 ultimo
419 5105 545 5160 ﬁne.
580 5106 646 5159 At
672 5103 716 5159 si
741 5103 1083 5159 continentiae
1108 5104 1436 5174 propositum
1460 5104 1656 5170 eliciat,
1685 5120 1801 5159 mo-

198 5206 288 5253 tus
321 5197 610 5252 honestate
654 5204 859 5250 tantum
897 5195 1097 5262 Operis,
1129 5209 1228 5250 nec
1270 5195 1322 5249 in
1352 5195 1542 5251 eodem
1575 5196 1714 5265 apud
1742 5209 1802 5251 se

195 5289 285 5344 vel
312 5289 456 5359 apud
476 5288 613 5344 alios
634 5287 913 5357 gloriatus,
933 5295 1060 5342 tunc
1086 5286 1176 5343 ille
1195 5296 1346 5343 actus
1363 5288 1605 5358 negative
1630 5287 1795 5343 Deum

194 5398 307 5436 non
339 5380 558 5451 respicit
586 5388 836 5448 tanquam
868 5379 1115 5434 ultimum
1140 5380 1320 5447 finem,
1346 5395 1409 5433 cx
1441 5380 1582 5433 nulla
1614 5388 1791 5436 tamen

195 5482 352 5543 parte
392 5474 617 5528 vitiosus
646 5480 887 5541 apparet.
922 5472 1046 5526 Haec
1074 5472 1314 5527 doctrina
1341 5471 1547 5526 admitti
1590 5481 1789 5542 potest,

196 5567 524 5635 przesertim,
554 5566 677 5635 quia
708 5574 924 5619 sanctus
964 5564 1152 5618 doctor
1192 5564 1317 5619 inde
1356 5564 1576 5619 virtutes
1619 5567 1792 5634 genti-

196 5658 331 5713 lium
356 5656 538 5712 vitiari
570 5656 767 5723 docuit,
793 5655 935 5727 quod
962 5656 1122 5712 iidem
1145 5657 1211 5711 de
1239 5657 1340 5712 illis
1367 5657 1451 5712 vel
1475 5658 1615 5727 apud
1635 5672 1692 5711 se
1705 5658 1791 5713 vel

196 5752 338 5823 apud
360 5752 498 5806 alios
523 5751 747 5820 gloriam
771 5760 1093 5820 quaererent.
1121 5750 1247 5805 Haec
1277 5753 1418 5805 enim
1446 5751 1790 5819 intelligenda

196 5853 325 5900 sunt
352 5844 421 5899 de
459 5843 665 5899 actibus
696 5844 956 5898 virtutum
986 5857 1081 5913 per
1126 5842 1374 5898 accidens
1418 5858 1523 5898 non
1567 5842 1786 5910 vitiatis,

198 5935 279 5989 uti
302 5934 355 5988 in
374 5933 544 6003 prima
569 5934 747 5988 statim
770 5935 1081 5989 earumdem
1106 5934 1457 6004 productione
1483 5935 1790 6004 contingere

199 6020 610 6082 «tinnimentum
634 6018 680 6084 s1
701 6025 820 6093 (tuis
841 6020 1087 6083 eumdem
1112 6027 1287 6083 actum
1310 6024 1521 6084 virtutis
1544 6023 1792 6091 frequen-

1905 4870 2003 4907 non
2027 4862 2096 4907 est
2118 4869 2181 4907 ex
2200 4853 2303 4920 ﬁde
2326 4861 2585 4921 peccatum
2605 4859 2677 4906 est
2697 4851 2872 4922 (Rom.
2902 4848 3034 4917 xw).
3070 4866 3088 4899 ι
3121 4846 3265 4902 ldetn
3294 4846 3493 4899 asserit

1906 4945 2208 5001 Bonifacius
2236 4945 2299 5011 ll,
2324 4946 2376 4998 in
2407 4944 2629 5014 epistola
2661 4943 2726 4997 ad
2756 4950 2999 4996 sanctum
3029 4938 3318 4994 Caesarium
3348 4941 3490 4991 Are-

1904 5038 2188 5102 latensem,
2219 5045 2273 5092 et
2294 5046 2514 5092 sanctus
2535 5035 2844 5105 Fulgentius
2865 5051 2987 5090 cum
3026 5033 3232 5104 synodo
3258 5033 3492 5104 Byzace—

1906 5143 2096 5183 norum
2125 5128 2339 5182 Patrum
2372 5127 2429 5183 in
2469 5127 2713 5183 Sardinia
2745 5125 3011 5191 exsulum,
3056 5139 3285 5193 quorum
3325 5127 3489 5178 verba

1906 5220 2247 5277 recitabimus
2272 5220 2515 5290 inferius,
2546 5234 2665 5290 cap.
2699 5218 2805 5291 ξς
2838 5220 2888 5272 5.
2919 5219 3146 5274 Sanctus
3176 5215 3407 5286 Prosper
3435 5219 3490 5271 in

1905 5314 2127 5383 cpistola
2156 5314 2223 5368 ad
2251 5312 2502 5368 Ruﬁnum
2529 5315 2604 5367 ait
2633 5330 2649 5365 ε
2689 5330 2708 5363 r
2746 5311 2906 5364 Omne
2929 5313 3064 5379 quod
3091 5326 3189 5362 non
3214 5319 3285 5363 est
3304 5326 3367 5363 ea:
3388 5310 3492 5378 ﬁde

1900 5415 2166 5478 peccatum
2187 5414 2258 5459 est
2282 5422 2300 5459 :
2322 5413 2381 5459 ut
2405 5405 2611 5460 scilicet
2632 5403 2892 5473 intelligat
2908 5402 3166 5471 justitiam
3192 5401 3487 5456 inﬁdelium

1901 5516 2006 5557 non
2035 5517 2153 5558 esse
2179 5502 2457 5572 justitiam,
2488 5502 2610 5571 quia
2655 5500 2837 5555 sordet
2867 5508 3055 5553 natura
3086 5498 3205 5554 sine
3235 5496 3422 5566 gratia.
3464 5513 3483 5548 ι

1899 5593 1967 5648 Ει
1991 5594 2041 5647 in
2067 5594 2307 5648 carmine
2332 5601 2518 5648 contra
2546 5593 2807 5664 Ingratos,
2840 5605 2958 5662 cap.
2994 5589 3241 5660 lﬁ,canit
3274 5604 3291 5642 :

1974 5724 2134 5779 Omne
2164 5726 2347 5779 etenim
2378 5725 2644 5796 probitatis
2684 5742 2833 5795 opus,
2862 5725 2957 5778 nisi
2986 5723 3174 5776 semine
3208 5733 3336 5773 vera:

1973 5797 2220 5850 Exoritur
2246 5797 2391 5865 ﬁdei,
2420 5807 2683 5866 peccatum
2713 5806 2806 5862 est,
2836 5797 2987 5865 inque
3013 5803 3209 5847 reatum

1977 5867 2224 5934 Vertitur,
2262 5876 2309 5922 et
2339 5867 2525 5923 sterilis
2550 5868 2776 5940 σωτηρίαι
2805 5868 2901 5921 sibi
2927 5866 3093 5938 gloria
3133 5879 3354 5933 poenam.

1896 6019 2136 6081 Julianus
2167 6017 2466 6095 Pomerlus,
2519 6022 2693 6080 sancti
2733 6020 2951 6081 Cwsarii
2998 6018 3331 6079 Arelatensis
3370 6033 3513 6111 ma-x
