3962 6346
505 420 606 477 6'27

1406 408 1965 468 SUPPLEMENTUM
2007 409 2101 466 AD
2138 404 2368 464 OPERA
2407 403 2465 460 8.
2511 401 2900 459 AUGUSTINI.

3687 397 3784 453 028

504 538 694 610 gister,
726 535 878 605 cujus
908 533 1075 589 libros
1104 528 1283 584 laudat
1314 536 1532 584 sanctus
1562 526 1827 592 Isidorus,
1859 524 1933 581 uti
1956 522 2094 579 dixi-
2123 530 2173 589 Α
2200 533 2527 582 rnucruoss,
2561 524 2655 573 aut
2680 530 3000 571 maturari
3038 512 3168 569 boni
3203 527 3413 581 sumus,
3464 512 3521 569 in
3548 512 3785 584 subjecto

506 644 627 686 mus
663 629 754 685 lib.
799 643 835 683 ιι
883 626 1015 682 Hist.
1070 623 1279 694 Pelag.,
1321 636 1441 692 cap.
1478 620 1567 691 14,
1624 621 1717 677 lib.
1765 636 1824 675 ιιι
1864 618 1932 675 de
1974 618 2097 675 Vita

506 718 951 789 contemplativa,
980 731 1099 787 cap.
1129 716 1179 780 1,
1214 714 1500 784 Augustini
1530 713 1852 770 sententiam
1884 712 2095 784 plenam

508 810 766 867 exscribit
795 824 812 863 :
841 826 861 861 ι
894 808 1038 875 Haec,
1072 806 1267 877 inquit,
1300 805 1417 873 {etsi
1465 814 1692 876 possunt
1740 806 1975 860 humano
2016 803 2097 858 in-

506 904 669 976 genio
695 903 951 971 discerni,
987 909 1164 956 tamen
1196 900 1314 955 sine
1346 899 1487 955 dono
1528 898 1645 965 Dei,
1674 907 1935 968 quantum
1967 896 2099 952 mihi

507 997 745 1063 videtur,
782 1009 881 1052 nec
911 994 1138 1049 virtutes
1171 1000 1399 1064 possunt
1428 990 1608 1064 appeti
1636 991 1722 1048 vel
1747 990 1957 1056 haberi,
1998 1004 2099 1047 nec

507 1103 694 1144 earum
728 1086 1135 1156 similitudines,
1168 1102 1285 1156 qua:
1314 1094 1440 1142 sunt
1469 1087 1593 1141 vitia
1624 1085 1850 1140 virtutes
1879 1084 2099 1141 imitan-

509 1183 603 1249 tia,
646 1180 905 1237 declinari
960 1180 1012 1236 in
1057 1188 1284 1247 tantum,
1336 1188 1393 1233 ut
1440 1178 1748 1234 inﬁdelibus
1796 1177 1928 1233 nihil
1979 1192 2102 1247 pro-

505 1274 673 1333 fuisse
724 1275 1035 1342 credamus,
1090 1273 1303 1330 etiamsi
1350 1273 1458 1327 sint
1504 1271 1712 1342 aliquas
1760 1286 1853 1341 per
1904 1284 2101 1339 corpus

508 1368 714 1438 operati
760 1369 1029 1431 virtutes;
1079 1365 1221 1437 quod
1251 1380 1342 1422 eas
1384 1378 1482 1420 nec
1509 1378 1539 1418 a
1571 1363 1682 1419 Deo
1714 1377 1813 1419 suo
1848 1377 1907 1418 se
1948 1375 2104 1419 acce-

507 1461 657 1530 pisse
685 1458 1033 1525 crediderint,
1075 1472 1171 1512 nec
1203 1456 1268 1512 ad
1299 1472 1421 1512 eum
1453 1456 1544 1526 qui
1577 1462 1660 1511 est
1700 1455 1819 1509 ﬁnis
1859 1455 2102 1509 omnium

508 1554 775 1611 bonorum
818 1553 1022 1610 referre
1048 1552 1340 1609 voluerint.
1396 1552 1464 1607 Et
1508 1551 1635 1621 quid
1665 1550 1806 1617 dico,
1861 1550 1995 1619 nihil
2024 1551 2103 1607 eis

511 1648 868 1719 profuerunt?
892 1649 1002 1702 imo
1030 1646 1190 1701 etiam
1218 1652 1537 1711 nocuerunt,
1566 1643 1777 1700 dicente
1804 1643 2100 1714 Apostolo:

514 1741 679 1796 Omne
718 1741 857 1812 quod
881 1756 982 1795 non
1010 1748 1082 1793 est
1112 1754 1174 1793 ea:
1205 1740 1305 1807 ﬁde
1332 1746 1597 1807 peccatum
1624 1746 1721 1792 est.
1766 1735 1999 1807 Legatur
2026 1742 2107 1791 to-

513 1851 625 1892 tum
665 1842 852 1906 caput,
886 1834 976 1890 ubi
1004 1833 1173 1889 fusius
1202 1832 1449 1888 eamdem
1492 1831 1792 1888 doctrinam
1818 1831 2100 1902 explanat.

2200 624 2326 672 sunt
2355 614 2550 670 mentis
2596 619 2827 677 nostrai,
2859 608 3164 681 prudentia,
3206 607 3413 678 jnstitia
3434 650 3450 675 ,
3484 615 3785 678 temperan.

2203 713 2297 779 tia,
2328 709 2605 767 fortitudo.
2643 708 2846 763 iiorum
2878 706 3039 777 igitur
3067 704 3354 761 affectuum
3385 703 3495 770 vis,
3523 717 3647 758 cum
3670 704 3786 759 insit

2200 806 2453 863 omnibus
2498 803 2832 867 naturaliter,
2864 816 2972 857 non
3016 810 3195 856 tamen
3242 799 3310 854 ad
3352 812 3521 853 unum
3551 796 3713 853 ﬁnem
3740 798 3788 853 iu

2201 900 2453 957 omnibus
2483 906 2738 969 properat
2766 938 2781 963 ,
2814 895 2911 952 sed
2942 910 3039 965 pro
3068 893 3269 965 judicio
3293 890 3612 957 voluntatis,
3645 892 3787 961 cujus

2202 996 2353 1052 nutui
2400 994 2677 1057 serviunt,
2728 1000 2823 1047 aut
2864 990 2931 1045 ad
2973 978 3185 1045 aeterna
3226 995 3321 1043 aut
3359 987 3428 1041 ad
3482 985 3788 1053 temporalia

2203 1088 2527 1157 diriguntur.
2560 1084 2714 1153 Quod
2745 1097 2870 1139 cum
2903 1082 2985 1151 ﬁt,
3024 1096 3131 1136 non
3158 1078 3213 1135 in
3242 1093 3311 1136 eo
3345 1076 3490 1150 quod
3519 1084 3670 1145 sunt,
3694 1092 3786 1133 non
3814 1102 3817 1106 ·

2205 1184 2259 1239 in
2296 1198 2365 1239 eo
2409 1181 2551 1253 quod
2599 1175 3164 1251 agunt(substantiam
3196 1173 3379 1244 operis
3404 1182 3600 1228 vocant
3643 1170 3815 1226 scbo-'

2207 1275 2425 1347 Iastici),
2483 1274 2577 1331 sed
2628 1275 2681 1329 in
2714 1288 2781 1329 eo
2820 1272 2999 1327 solum
3019 1270 3227 1324 variant
3264 1267 3409 1339 quod
3440 1275 3735 1323 merentur.
3767 1284 3784 1319 ι

2207 1372 2272 1426 Et
2300 1379 2524 1440 postea:
2564 1386 2584 1420 ι
2624 1366 2738 1438 Ego
2792 1380 3117 1421 sremurnn
3163 1362 3335 1418 bonos
3382 1360 3490 1416 dixi
3526 1359 3788 1426 homines,

2206 1466 2296 1534 qui
2339 1479 2447 1520 non
2490 1472 2713 1533 propter
2743 1461 2911 1517 Deum
2946 1458 3191 1515 faciendo
3235 1457 3375 1512 bona
3412 1469 3534 1525 qua:
3581 1452 3789 1517 iaciunt,

2208 1573 2314 1612 non
2354 1556 2422 1611 ab
2458 1570 2525 1611 eo
2565 1558 2730 1610 vitam
2770 1561 3174 1624 consequuntur
3216 1561 3497 1606 aeternam.
3532 1564 3555 1599 ι
3590 1545 3674 1601 Ita
3714 1546 3789 1600 JI<

2210 1650 2383 1705 lianus
2426 1649 2656 1705 virtutes
2688 1648 2890 1703 viribus
2929 1654 3140 1700 natura:
3178 1643 3247 1699 ab
3287 1640 3597 1697 inﬁdelibus
3626 1638 3790 1707 acqui-

2212 1743 2344 1800 sitas
2374 1758 2530 1800 veras
2559 1744 2788 1798 virtutes
2835 1738 3133 1798 secundum
3173 1736 3533 1795 substantiam
3573 1734 3790 1804 appella-

2211 1837 2320 1904 bat,
2365 1837 2592 1907 negabat
2625 1845 2806 1891 tamen
2850 1850 2971 1891 esse
3002 1832 3306 1889 meritorias
3338 1830 3526 1902 gloria
3570 1836 3790 1883 aeterna.

508 1924 908 1991 Cassiodorus,
970 1935 1024 1979 et
1076 1925 1238 1995 vulgo
1280 1922 1443 1978 etiam
1493 1921 1681 1979 caeteri
1725 1922 1889 1978 hosce
1936 1922 2100 1977 libros
2133 1929 2275 1995 BAt
2303 1943 2333 1983 e
2379 1938 2564 1983 contra
2612 1926 2942 1994 Augustihus
3003 1924 3187 1981 intulit
3233 1938 3397 1995 opera
3445 1918 3653 1977 sterilia
3703 1934 3791 1975 non

507 2020 787 2076 ascribunt
842 2028 1032 2075 sancto
1079 2018 1369 2088 Prospero,
1422 2032 1523 2086 qua
1546 2016 1612 2071 de
1662 2031 1720 2072 re
1769 2017 1822 2072 in
1870 2016 2102 2071 llistoria

510 2111 795 2183 Pelagiana
828 2111 1075 2183 pluribus
1107 2111 1480 2167 disseruimus.
1529 2110 1586 2165 in
1616 2110 1803 2165 eadem
1836 2110 2104 2166 sententia

509 2203 610 2259 fuit
636 2202 778 2259 Beda
811 2207 864 2260 in
895 2203 1102 2273 praefat.
1133 2203 1200 2259 ad
1229 2202 1411 2271 Cant.,
1437 2202 1527 2258 ubi
1554 2202 1749 2274 Pelagii
1779 2204 2103 2261 sententiam

512 2298 581 2355 de
633 2298 1080 2370 philosophorum
1138 2298 1423 2355 virtutibus
1483 2299 1781 2370 impugnat,
1818 2300 2102 2369 inquiens:

521 2410 543 2447 ι
576 2393 727 2462 Quod
771 2408 900 2466 ergo
946 2393 1113 2461 dicit,
1164 2393 1366 2449 multos
1410 2392 1852 2463 philosophorum
1904 2394 2107 2464 patien-

512 2491 661 2555 tiam,
712 2489 1013 2546 castitatem
1042 2532 1056 2557 ,
1118 2488 1437 2544 modestiam
1491 2488 1731 2559 aliasque
1778 2487 1846 2543 de
1897 2497 2108 2546 naturae

511 2586 656 2640 bono
684 2583 883 2640 habere
914 2584 1170 2650 virtutes,
1204 2593 1435 2649 constat,
1481 2583 1606 2653 quia
1637 2583 1945 2654 quicunque
1980 2583 2100 2652 phi-

514 2676 864 2749 losophorum
912 2674 1184 2734 Christum
1236 2677 1331 2732 Dei
1374 2677 1627 2733 virtutem
1659 2688 1713 2733 et
1748 2678 1841 2735 Dei
1890 2680 2105 2749 sapien-

514 2773 641 2828 tiam
670 2773 997 2836 nescierunt,
1026 2786 1124 2827 nec
1155 2772 1316 2828 ullam
1343 2787 1528 2828 veram
1555 2774 1875 2843 sapientiam
1904 2774 2109 2833 habere

514 2873 821 2937 potuerunt.
860 2866 916 2921 In
947 2875 1204 2936 quantum
1239 2882 1369 2923 vero
1394 2869 1477 2923 vel
1519 2878 1731 2938 gustum
1766 2869 1999 2940 aliquem
2025 2884 2111 2926 sa-

516 2958 733 3029 pientiai
774 2958 1093 3028 cujuslibet,
1128 2959 1213 3015 vel
1246 2958 1461 3015 virtutis
1490 2959 1779 3032 imaginem
1813 2961 2107 3027 habebant,

515 3061 686 3107 totum
732 3052 834 3105 hoc
875 3051 1110 3120 desuper
1136 3059 1485 3121 acceperunt,
1532 3067 1639 3107 non
1684 3054 1857 3108 solum
1887 3068 2111 3110 munere

515 3144 704 3214 primae
732 3142 1045 3209 creationis,
1072 3157 1258 3199 verum
1297 3144 1458 3199 etiam
1490 3143 1800 3214 quotidiana
1841 3146 1957 3216 ejus
1989 3158 2111 3215 gra-

518 3241 611 3295 tia.
650 3258 669 3291 ι
703 3238 836 3293 Cum
864 3237 1163 3309 Augustino
1190 3239 1350 3295 etiam
1380 3238 1613 3294 concinit
1645 3249 1861 3295 sanctus
1889 3239 2107 3295 Rhemi-

2211 2043 2373 2100 posse
2406 2028 2510 2083 dici
2543 2028 2703 2095 bona,
2754 2026 2849 2083 sed
2892 2035 3094 2081 tantum
3127 2024 3285 2090 mala,
3332 2032 3445 2077 tum
3486 2035 3555 2077 ex
3597 2017 3792 2074 defeetu

2209 2122 2487 2178 relationis
2517 2122 2572 2177 in
2615 2122 2804 2188 Deum,
2854 2132 2962 2175 tum
2989 2133 3056 2176 ex
3089 2116 3216 2175 inde
3249 2116 3486 2172 derivata
3520 2110 3792 2183 pbilautia,

2213 2225 2270 2272 ut
2300 2218 2552 2288 superius
2579 2215 2955 2286 exposuimus.
2993 2232 3013 2268 ι
3047 2212 3190 2281 Tibi,
3223 2212 3396 2283 inquit
3424 2216 3649 2266 sanctus
3678 2208 3792 2263 doc-

2210 2315 2319 2377 tor,
2366 2310 2587 2363 virtutes
2618 2308 2735 2363 sine
2760 2306 2865 2362 ﬁde
2894 2308 2971 2361 sic
2997 2306 3208 2377 placent
3227 2347 3242 2373 ,
3272 2310 3331 2358 ut
3356 2315 3449 2358 eas
3479 2313 3639 2358 veras
3670 2312 3792 2370 prai-

2215 2401 2386 2467 dices,
2416 2400 2601 2469 eisque
2644 2398 2815 2454 bonos
2855 2412 2978 2454 esse
3007 2396 3284 2460 homines;
3332 2405 3385 2451 et
3410 2406 3628 2461 rursus,
3662 2390 3793 2461 quasi

2226 2500 2280 2547 te
2322 2492 2637 2563 pmnituerit
2694 2491 2869 2545 laudis
2917 2505 3140 2556 earum,
3192 2488 3407 2544 steriles
3461 2483 3794 2556 pronuntiare

2212 2603 2319 2645 non
2364 2588 2594 2643 dubites.
2635 2605 2653 2639 ι
2694 2586 2897 2642 Rursus
2932 2603 2944 2638 :
2980 2602 2999 2637 ι
3037 2584 3141 2640 Aut
3181 2566 3349 2648 certe,
3398 2579 3657 2651 quoniam
3702 2576 3792 2633 sal-

2214 2690 2320 2737 tem
2350 2681 2602 2737 concedis
2632 2693 2795 2749 opera
2834 2677 3173 2743 inﬁdelium,
3220 2690 3340 2746 quae
3370 2669 3468 2727 tibi
3498 2684 3687 2728 eorum
3724 2669 3790 2722 vi-

2220 2775 2416 2831 dentur
2445 2776 2585 2830 bona
2605 2815 2619 2840 ,
2673 2787 2780 2828 non
2810 2781 2989 2828 tamen
3021 2785 3119 2843 eos
3144 2770 3211 2825 ad
3242 2771 3471 2825 salutem
3516 2765 3791 2835 sempiter-

2215 2884 2337 2923 nam
2368 2881 2699 2938 regnumque
2727 2865 3046 2935 perducere,
3090 2881 3108 2916 ι
3138 2872 3243 2918 etc.
3301 2860 3412 2916 Hoc
3437 2870 3620 2913 autem
3652 2857 3787 2911 Pela-

2214 2962 2357 3034 giani
2387 2961 2727 3027 asserebant,
2758 2960 2883 3031 quia
2912 2944 3354 3014 credebantenm
3384 2950 3666 3011 catholicis
3690 2965 3786 3019 per

2216 3059 2387 3114 solam
2435 3057 2661 3128 gratiam
2717 3054 3137 3111 sanctiﬁcantem
3190 3050 3437 3106 homines
3492 3046 3609 3103 ﬁeri
3664 3044 3785 3099 ﬁlios

2216 3156 2311 3212 Dei
2343 3156 2630 3225 adoptivos
2674 3168 2796 3209 cum
2824 3153 2948 3223 jure
2978 3149 3043 3207 ad
3076 3150 3299 3219 gloriam
3324 3189 3339 3213 ,
3380 3143 3523 3217 quod
3564 3142 3651 3213 jus
3680 3140 3789 3195 viri-

2216 3249 2317 3306 bus
2364 3259 2571 3305 naturae
2623 3247 2809 3303 haberi
2862 3261 3023 3319 posse
3070 3244 3359 3315 negabant.
3403 3240 3675 3310 chantur
3713 3251 3789 3293 eo-

516 3333 637 3403 gius
659 3346 779 3387 cum
821 3344 920 3387 sua
951 3329 1197 3386 Ecclesia
1242 3330 1608 3402 Lugdunensi,
1640 3331 1734 3386 lib.
1776 3331 1846 3387 de
1876 3331 2106 3388 tenenda
2136 3326 2185 3392 C
2215 3357 2331 3397 rum
2373 3339 2676 3397 testimonia
2716 3338 2855 3408 apud
2882 3337 3238 3410 Augustinum
3289 3334 3425 3389 libro
3470 3333 3539 3388 tle
3583 3332 3787 3387 Peccalo

515 3426 747 3483 veritate
776 3439 945 3482 sacrae
978 3423 1290 3496 Scriptum,
1342 3440 1460 3496 cap.
1496 3426 1582 3491 11,
1630 3426 1912 3482 scribens:
1948 3445 1966 3478 ι
1996 3427 2104 3485 Sed

519 3520 825 3590 hujusmodi
874 3518 1103 3574 humana
1154 3518 1315 3585 bona,
1369 3535 1489 3588 quae
1538 3520 1769 3575 humana
1824 3520 2107 3577 affectione

520 3621 700 3684 potest
728 3612 890 3681 velle,
920 3619 1100 3683 potest
1128 3625 1509 3683 nonnunquam
1540 3627 1701 3685 agere
1736 3614 1963 3669 humana
2007 3631 2105 3670 na-

518 3715 661 3761 tura.
690 3705 824 3762 Cum
848 3713 1067 3777 propter
1099 3706 1413 3776 temporalia
1441 3706 1580 3761 bona
1614 3715 1959 3778 appetuntur,
1989 3709 2107 3765 sine

519 3799 681 3856 dubio
735 3799 1060 3871 cupiditates
1107 3808 1269 3868 sunt;
1318 3815 1439 3856 cum
1480 3809 1699 3872 propter
1744 3818 1914 3858 sonu
1962 3818 2105 3859 γιτιε

516 3911 895 3961 nouusrusu,
921 3895 1039 3951 sine
1066 3894 1231 3950 dubio
1264 3909 1493 3951 lNl‘LATA
1525 3911 1593 3951 ετ
1625 3911 1802 3951 eun
1829 3905 1973 3952 sunt.
2007 3896 2108 3952 Ta-

520 4005 644 4047 men
672 3997 853 4061 potest
879 4002 941 4043 ea
965 3987 1299 4056 discernere,
1332 3996 1509 4059 potest
1546 3990 1706 4045 etiam
1738 3990 1897 4059 velle,
1935 3999 2111 4061 potest

523 4085 682 4138 etiam
724 4082 947 4147 habere,
995 4083 1048 4136 in
1080 4090 1337 4151 quantum
1364 4084 1595 4138 naturali
1631 4083 1770 4139 bono
1795 4084 2108 4154 adjuvetur,

523 4186 577 4231 et
604 4176 699 4232 Dei
730 4175 1086 4243 dispositione
1125 4176 1450 4245 permittitur
1476 4176 1709 4233 humana
1741 4186 1949 4234 natura.
1976 4195 1997 4231 ι
2033 4179 2110 4235 11ιί

522 4268 678 4338 plura
707 4266 918 4323 erudite
946 4276 1281 4323 asseruntur.

570 4388 571 4391 η
598 4359 801 4417 Omitto
823 4360 1071 4415 consulto
1093 4360 1397 4416 testimonia
1428 4359 1706 4432 Cypriani,
1742 4360 1833 4415 lib.
1868 4361 1973 4419 Ide
2005 4362 2113 4419 Pa-

526 4452 734 4519 tientia,
773 4452 801 4522 ς
838 4450 989 4505 Hanc
1017 4467 1069 4505 se
1093 4454 1278 4507 sectari
1307 4453 1620 4525 philosophi,
1652 4453 1987 4521 Tertulliani,
2018 4455 2111 4512 lib.

529 4546 596 4602 de
630 4545 788 4602 Cultu
836 4545 1178 4615 feminarum,
1234 4545 1439 4617 initio§
1474 4545 1516 4600 Α
1558 4546 1759 4616 feminis
1811 4550 2108 4617 nationum,

524 4637 770 4709 Gregorii
810 4636 1009 4707 Magni,
1042 4637 1133 4693 lib.
1172 4652 1209 4692 ιι
1249 4638 1548 4707 Moralium,
1588 4656 1707 4710 cap.
1750 4642 1831 4707 15,
1866 4643 1895 4715 ς
1925 4643 1986 4699 Si
2011 4658 2111 4697 non

2213 3436 2377 3505 orig.,
2410 3449 2527 3503 cap.
2560 3430 2622 3497 5,
2659 3431 2753 3488 lib.
2787 3445 2836 3486 vt
2867 3438 3050 3486 contra
3082 3428 3217 3494 Jul.,
3255 3441 3375 3496 cap.
3408 3424 3501 3491 17,
3543 3432 3599 3479 et
3621 3421 3788 3478 claris-

2211 3531 2347 3586 sime
2393 3528 2489 3583 lib.
2534 3542 2591 3582 ιιι
2641 3524 2836 3590 Operis
2886 3521 3137 3594 imperil,
3187 3536 3307 3591 cap.
3354 3518 3457 3572 108
3497 3527 3555 3574 et
3586 3517 3703 3581 117,
3744 3524 3791 3571 et

2212 3621 2309 3677 lib.
2338 3635 2396 3687 v,
2434 3635 2556 3691 cap.
2576 3618 2629 3675 9.
2682 3618 2764 3674 Ex
2804 3618 2996 3689 quibus
3026 3614 3159 3671 satis
3188 3612 3467 3670 evidenter
3512 3610 3791 3667 ostenditur

2213 3713 2531 3783 Pelagianos
2563 3726 2671 3767 non
2703 3709 2991 3765 admisisse
3020 3708 3075 3762 in
3103 3704 3411 3761 inﬁdelibus
3450 3716 3620 3774 Opera
3647 3700 3789 3758 meri-

2217 3809 2353 3865 toria
2383 3808 2535 3877 regni
2570 3805 2809 3863 caelestis
2831 3811 2884 3860 et
2906 3802 3113 3874 gloriae,
3150 3799 3244 3857 sed
3272 3808 3483 3854 tantum
3510 3797 3581 3853 de
3599 3810 3789 3853 eorum-

2214 3902 2337 3959 dem
2372 3903 2609 3959 bonitate
2638 3898 2938 3956 secundum
2969 3896 3323 3953 substantiam
3353 3906 3478 3950 cum
3511 3889 3787 3963 Augustino

2214 3995 2580 4055 contendisse.
2630 3990 2798 4048 Porro
2855 3990 2921 4047 de
2967 3988 3067 4045 hac
3110 3987 3410 4059 quaestione
3455 3986 3523 4041 ad
3574 3993 3788 4041 mentem

2216 4086 2389 4143 sancti
2421 4085 2598 4141 Patris
2629 4084 2847 4155 egregie
2884 4080 3224 4153 diSputarunt
3271 4076 3379 4134 duo
3426 4078 3664 4150 insignes
3690 4076 3786 4131 Au--

2216 4178 2504 4252 gnstlniani
2550 4176 2808 4247 theologi,
2871 4176 3164 4246 Gregorius
3216 4171 3598 4238 Ariminensis,
3646 4171 3696 4225 in
3744 4168 3787 4235 9,

2216 4273 2457 4328 distinct.
2483 4270 2575 4338 26,
2620 4276 2813 4340 quaest.
2844 4269 2896 4335 1,
2928 4276 2983 4323 et
3014 4266 3221 4337 Gaspar
3243 4264 3492 4322 Casalius
3524 4263 3786 4319 Lusitanus

2220 4369 2505 4439 episcopus
2546 4366 2842 4431 Leirensis,
2877 4365 2968 4421 lib.
3002 4381 3017 4420 ι
3047 4364 3115 4420 de
3145 4362 3543 4435 Quadripartita
3573 4360 3784 4427 Justitia,

2218 4476 2317 4531 per
2358 4459 2513 4530 plura
2546 4460 2746 4529 capita.
2793 4457 3024 4513 Basilius
3064 4454 3287 4513 Pontius
3331 4455 3708 4529 Legionensis,
3743 4454 3785 4507 in

2219 4552 2383 4624 priori
2442 4561 2589 4621 parte
2641 4549 3016 4606 Relectionum
3070 4548 3137 4604 de
3184 4549 3393 4619 gratia,
3456 4547 3524 4603 ad
3577 4553 3783 4602 mentem

2218 4644 2390 4699 sancti
2420 4642 2595 4698 Patris
2626 4640 2933 4713 Augustini,
2964 4655 3086 4711 cap.
3116 4639 3210 4706 75,
3240 4640 3292 4694 in
3320 4653 3468 4709 resp.
3502 4638 3569 4694 ad
3596 4636 3646 4703 2,
3669 4636 3784 4691 scri-

525 4732 691 4801 prius.
742 4730 958 4785 Etenim
994 4730 1182 4785 horum
1226 4729 1369 4786 dicta
1398 4731 1467 4787 ab
1491 4731 1816 4789 adversariis
1846 4735 2108 4804 explicari
2142 4728 2195 4789 D
2221 4724 2297 4791 bit
2327 4750 2386 4791 se
2409 4736 2461 4790 in
2484 4735 2652 4791 altera
2685 4745 2840 4805 parte
2869 4733 2936 4789 de
2961 4733 3214 4805 Operibus
3247 4732 3544 4789 inﬁdelium
3570 4730 3783 4802 disputa-

520 4833 750 4895 possunt
802 4822 871 4879 de
920 4823 1061 4879 bono
1106 4838 1268 4892 opere
1314 4826 1609 4894 meritorio,
1641 4827 1783 4896 quod
1838 4844 2110 4899 nunquam

523 4918 795 4987 reperitur
844 4916 898 4971 in
938 4916 1003 4973 iis
1051 4917 1140 4988 qui
1186 4917 1289 4971 ﬁde
1341 4930 1544 4974 carent.
1602 4920 1712 4975 lmo
1760 4935 1949 4976 omnes
1999 4922 2113 4978 fere

518 5012 853 5077 scholastici,
893 5012 981 5081 qui
1017 5024 1124 5065 non
1157 5010 1404 5066 similiter
1436 5011 1733 5083 Augustino
1759 5014 1828 5069 de
1857 5016 2115 5084 operibus

528 5104 820 5159 inﬁdelium
864 5105 1173 5175 loquuntur,
1226 5122 1295 5160 ne
1338 5106 1622 5162 videantur
1674 5116 1863 5164 sancto
1907 5109 2116 5164 doctori

525 5196 839 5263 adversari,
880 5197 1069 5251 dicunt
1094 5198 1342 5253 eumdem
1368 5212 1593 5269 negasse
1616 5213 1782 5270 opera
1815 5202 2111 5260 inﬁdelium

521 5302 643 5345 esse
671 5289 846 5355 bona,
890 5289 991 5343 hoc
1019 5299 1122 5356 est,
1158 5289 1453 5358 meritoria,
1504 5302 1562 5348 ut
1588 5292 1863 5363 Pelagiani
1892 5305 2114 5352 conten-

522 5382 743 5437 debant.
785 5381 888 5437 Sed
937 5381 990 5436 lii
1020 5382 1178 5451 plane
1206 5384 1489 5453 Augustini
1540 5384 1706 5441 libros
1745 5387 2113 5457 perfunctorie

524 5476 810 5545 legerunt:
842 5488 1116 5544 nunquam
1162 5477 1305 5531 enim
1352 5477 1599 5533 Julianus
1642 5478 1801 5535 aliive
1841 5481 2111 5553 Pelagiani

523 5569 796 5625 admisere
822 5582 986 5638 opera
1026 5568 1323 5637 meritoria,
1356 5585 1453 5627 seu
1482 5572 1737 5629 donantia
1773 5574 1864 5645 jus
1895 5576 1961 5631 ad
1988 5577 2107 5646 glo-

520 5662 653 5720 riam
694 5663 814 5718 sine
844 5663 1011 5733 gratia
1034 5660 1387 5732 justiﬁcante.
1426 5663 1626 5721 Juliani
1654 5666 1818 5723 verba
1840 5669 2009 5724 reddo
2036 5687 2107 5724 ex

522 5756 619 5813 lib.
664 5772 737 5824 tv,
791 5770 911 5826 cap.
953 5755 986 5810 5
1024 5758 1194 5809 sancti
1243 5754 1525 5828 Augustini
1574 5767 1761 5815 contra
1816 5761 2104 5817 eumdem:

529 5867 548 5901 ι
586 5848 935 5915 Cunctarnm,
966 5846 1158 5917 inquit,
1212 5846 1368 5917 origo
1413 5848 1675 5907 virtutum
1718 5852 1774 5907 in
1806 5854 2110 5911 rationabili

524 5944 703 5997 animo
743 5942 847 5997 sita
900 5948 1003 6006 est,
1059 5949 1114 5996 et
1154 5940 1375 5996 aﬁ‘ectus
1430 5956 1637 6011 omnes,
1694 5960 1788 6016 per
1832 5962 1970 6017 quos
2019 5957 2112 6003 aut

2218 4838 2415 4898 turum,
2446 4845 2604 4901 quem
2640 4838 2815 4885 tamen
2848 4827 3043 4884 librum
3076 4842 3338 4899 nusquam
3377 4830 3527 4897 potui
3550 4827 3780 4899 reperire.

2224 4924 2298 4981 Ex
2328 4924 2534 4981 exteris
2574 4922 2855 4995 Augustini
2902 4921 3229 4979 sententiam
3270 4920 3585 4979 doctissime
3626 4921 3785 4977 delen-

2220 5024 2302 5079 dit
2332 5024 2388 5079 P.
2442 5023 2658 5080 Macedo
2690 5024 2742 5077 in
2771 5023 2993 5078 Cortina
3020 5020 3084 5077 D.
3114 5022 3397 5092 Augustini
3431 5030 3624 5091 quaest.
3651 5019 3701 5087 ‘2,
3732 5016 3785 5071 de

2224 5119 2545 5174 necessitate
2573 5115 2781 5189 gratiae.
2815 5118 2916 5183 Qui
2948 5116 3199 5171 doctores
3221 5115 3438 5170 solvunt
3467 5115 3627 5171 etiam
3655 5127 3787 5182 argu-

2226 5218 2403 5265 menta
2440 5226 2559 5280 qua:
2604 5216 2790 5265 contra
2841 5208 3011 5265 sancti
3060 5207 3235 5263 Patris
3282 5207 3607 5264 sententiam
3649 5203 3785 5275 vulgo

2220 5301 2590 5369 adducuntur;
2634 5302 2799 5369 unde,
2850 5317 2921 5357 ne
2965 5310 3143 5357 actum
3185 5315 3430 5373 agamus,
3486 5299 3574 5356 hic
3623 5297 3782 5355 eadem

2221 5408 2325 5447 non
2378 5393 2690 5464 repetimus.
2747 5396 2980 5464 Legatur
3032 5390 3419 5459 Ariminensis,
3466 5392 3558 5464 qui
3608 5389 3782 5461 optimc

2218 5485 2467 5540 omnibus
2495 5483 2723 5554 objectis
2754 5484 3030 5551 occurrit;
3087 5498 3263 5555 neque
3296 5486 3444 5540 enim
3482 5483 3781 5542 recentiores

2218 5592 2354 5633 nova
2387 5586 2707 5648 argumenta
2760 5576 3091 5646 produxere,
3134 5577 3331 5647 quibus
3356 5576 3781 5648 Augustinianum

2217 5679 2482 5727 assertum
2530 5672 2926 5741 impugnarent.
2977 5668 3101 5727 Scio
3132 5668 3254 5725 illos
3282 5685 3558 5741 opponere
3586 5670 3779 5725 damna-

2219 5776 2325 5820 tam
2372 5765 2509 5821 hanc
2548 5766 2659 5821 Baii
2701 5766 3165 5837 propositionem:
3201 5763 3389 5820 Omnia
3430 5781 3584 5837 opera
3623 5758 3780 5829 inﬁde—

2218 5860 2346 5915 lium
2368 5868 2486 5913 sunt
2516 5869 2747 5929 peccata,
2778 5868 2884 5916 etc.
2915 5859 3019 5917 Sed
3052 5858 3152 5915 hac
3176 5873 3403 5915 censura
3434 5857 3599 5915 sancti
3628 5851 3774 5910 Patris

2219 5951 2485 6007 sententia
2527 5951 2839 6025 neutiquam
2877 5949 3209 6023 percellitur.
3256 5949 3471 6010 Etenim
3507 5948 3592 6007 hic
3622 5944 3773 6025 palam
