3962 6346
214 359 317 419 629

1389 349 1708 409 ἮΝΙΜΕΙᾸΞ
1749 351 2310 412 AUGUSTINIANE.

3396 355 3498 410 (27.0

211 476 463 535 concedit
510 475 564 533 in
611 474 916 534 inﬁdelibus
958 474 1133 546 aliqua
1175 486 1338 544 opera
1383 471 1519 528 bona
1554 472 1604 528 in
1637 473 1807 544 prima
1836 478 1889 537 A
1915 475 2259 531 doctissimus
2293 475 2497 548 Gaspar
2537 476 2814 545 Casalius,
2861 475 3230 548 Augustiniani
3265 472 3497 531 insutuu

210 571 404 628 saltem
453 569 538 628 sui
588 567 981 642 productione,
1034 582 1100 624 ex
1146 567 1316 641 gratia
1371 575 1548 623 tamen
1587 566 1805 624 donata.

209 667 482 724 Praeterea
508 664 672 722 etiam
698 665 814 721 sine
841 664 1011 738 gratia
1045 663 1206 719 homo
1247 660 1487 735 appetitu
1535 661 1716 717 innato
1739 676 1806 717 ex

210 760 503 837 Augustini
544 758 809 818 sententia
859 766 1002 816 amat
1043 772 1311 814 summum
1355 757 1576 824 bonum,
1626 755 1807 814 nullus

207 854 356 913 enim
379 861 464 912 est
480 852 571 928 qui
592 868 701 912 non
729 853 858 909 velit
889 867 1010 911 esse
1029 853 1238 909 beatus.
1257 851 1323 907 Et
1341 849 1500 908 dehis
1521 850 1802 907 hactenus.

285 959 357 1014 At
381 955 634 1030 quoniam
674 956 744 1014 ob
779 956 918 1016 hanc
961 955 1134 1028 ipsam
1166 954 1486 1012 sententiam
1524 955 1592 1012 de
1621 957 1806 1027 operi-

206 1049 312 1108 bus
340 1048 640 1107 inﬁdelium
683 1050 1015 1121 Augustinus
1055 1047 1197 1105 male
1228 1047 1374 1106 audit
1414 1063 1445 1104 a
1473 1047 1802 1117 Maldonato,

209 1138 378 1196 libeat
427 1139 612 1212 paucis
661 1139 895 1196 hominis
945 1139 1086 1194 dicta
1132 1138 1400 1198 refellere.
1447 1140 1496 1196 Is
1543 1139 1704 1211 igitur
1750 1142 1804 1198 in

207 1241 503 1291 comment.
537 1248 652 1305 cap.
689 1249 741 1288 v1
770 1231 961 1289 Matth.
993 1246 1139 1289 vers.
1175 1232 1262 1300 l8,
1292 1232 1362 1288 ita
1392 1232 1579 1290 scribit
1607 1253 1619 1288 :
1654 1253 1673 1288 ‹
1695 1232 1806 1292 Nec

206 1321 355 1378 enim
388 1321 663 1395 sequenda
707 1321 798 1380 illa
840 1323 1024 1393 Opinio
1071 1331 1176 1394 est,
1222 1339 1380 1396 quam
1429 1323 1803 1384 Tridentinum

208 1415 501 1472 concilium
545 1431 718 1488 nuper
757 1415 952 1472 merito
980 1415 1278 1487 damnavit,
1327 1415 1504 1472 omnia
1554 1427 1803 1490 peccato-

206 1527 332 1570 rum
361 1522 449 1566 aut
472 1511 632 1568 etiam
663 1505 964 1568 inﬁdelium
993 1525 1156 1581 opera
1187 1524 1308 1567 esse
1340 1518 1580 1580 peccata,
1611 1526 1803 1582 quam-

214 1605 300 1660 vis
333 1605 632 1660 maximum
663 1611 938 1659 auctorem
973 1602 1035 1658 D.
1064 1601 1421 1676 Augustinum
1473 1602 1566 1658 lib.
1602 1617 1654 1658 1v
1680 1616 1808 1659 con-

207 1709 291 1754 tra
319 1699 589 1755 lulianum
613 1713 735 1769 cap.
781 1697 833 1764 5,
866 1707 917 1753 et
948 1704 1135 1754 contra
1158 1696 1290 1752 duas
1321 1696 1575 1767 epistolas
1599 1694 1804 1767 Pelag.,

206 1807 335 1865 cap.
362 1792 413 1862 5,
440 1801 491 1847 et
514 1792 839 1863 Prosperum
866 1800 1008 1847 sent.
1037 1789 1139 1845 106
1159 1833 1175 1861 ,
1211 1790 1464 1846 habuisse
1483 1789 1750 1845 videatur.
1780 1808 1799 1842 ι

1909 567 2009 636 vir,
2035 577 2087 623 et
2110 568 2395 640 episcopus
2425 569 2698 628 Leirensis
2729 570 3037 637 Lusitanus,
3067 569 3156 641 qui
3190 582 3330 624 anno
3360 567 3499 623 1562

1909 663 2096 734 ingens
2125 663 2373 722 volumen
2403 665 2471 722 de
2501 666 2901 737 Quadripertita
2932 663 3142 722 Iustitia
3175 663 3493 734 inscriptum

1909 755 2151 812 Tridenti
2181 759 2521 830 composuit,
2571 774 2631 815 ac
2664 760 2855 833 legatis
2885 767 3083 817 sanctae
3114 755 3258 815 sedis
3289 769 3496 814 nuncu-

1909 850 2077 920 pavit,
2137 851 2190 907 in
2246 852 2401 923 cujus
2457 853 2597 910 libro
2653 871 2692 923 1,
2737 869 2767 910 a
2821 869 2941 925 cap.
2996 852 3092 922 22,
3153 852 3500 912 diﬁ'usissime

1909 945 2079 1002 sancti
2131 946 2414 1018 Augustini
2451 949 2772 1004 sententiam
2804 955 3123 1018 propugnat,
3167 947 3410 1015 Patrum,
3443 953 3502 1005 et

1909 1038 2277 1112 theologorum
2311 1049 2419 1098 tum
2449 1043 2767 1099 auctoritate
2791 1051 2900 1098 tum
2927 1042 3222 1101 rationibus
3250 1043 3499 1101 eamdem

1909 1133 2258 1192 conﬁrmans.
2289 1133 2359 1190 At
2389 1134 2565 1191 sessio
2596 1135 2686 1190 illa
2715 1135 2783 1191 de
2807 1136 3192 1206 justiﬁcatione
3223 1137 3498 1200 celebrata

1908 1225 2086 1283 fuerat
2123 1241 2268 1284 anno
2305 1227 2464 1285 1547.
2526 1227 2675 1284 ltane
2721 1237 2926 1286 tantum
2971 1230 3214 1288 audaciae
3259 1231 3377 1288 viro
3418 1228 3501 1288 illi

1908 1319 2076 1376 fuisse
2106 1318 2346 1376 dicemus
2369 1362 2383 1387 ,
2433 1327 2492 1376 ut
2524 1319 2829 1378 damnatam
2859 1337 2889 1378 a
2921 1322 3127 1394 synodo
3174 1324 3499 1384 sententiam

1909 1412 2103 1471 iterum
2141 1421 2286 1470 tanta
2328 1415 2679 1472 contentione
2719 1415 3067 1476 defenderet?
3120 1416 3307 1478 Libeat
3335 1416 3499 1475 Casa-

1910 1508 2039 1563 lium
2088 1508 2272 1565 audire
2314 1526 2329 1563 :
2368 1528 2387 1562 ‹
2424 1510 2614 1577 Porro,
2671 1510 2864 1583 inquit,
2916 1512 2983 1568 de
3028 1511 3123 1572 illo
3173 1512 3300 1579 alio,
3356 1512 3505 1585 quod

1910 1617 2123 1673 semper
2152 1601 2480 1673 Augustinus
2508 1604 2720 1660 videtur
2745 1605 2978 1675 docere,
3011 1615 3159 1662 extra
3195 1605 3382 1675 ﬁdem,
3411 1621 3498 1664 ex-

1910 1702 1991 1750 tra
2029 1695 2392 1767 cognitionem
2426 1697 2542 1754 veri
2585 1696 2679 1753 Dei
2709 1713 2815 1753 non
2864 1699 3088 1768 reperiri
3137 1699 3372 1770 aliquam
3403 1714 3499 1757 ve-

1910 1804 2026 1846 ram
2056 1789 2342 1857 virtutem,‘
2375 1805 2494 1861 quae
2519 1806 2629 1847 non
2655 1790 2724 1847 sit
2755 1792 2975 1858 vitium,
3009 1792 3135 1863 quid
3165 1792 3447 1849 dicendum
3473 1793 3497 1849 ἳ

205 1887 484 1960 Nusquam
514 1885 694 1943 docuit
715 1895 932 1942 sanctus
972 1883 1132 1942 Pater
1158 1885 1335 1942 omnia
1361 1899 1524 1955 opera
1556 1892 1804 1955 peccato-
1831 1893 1881 1959 Β
1912 1886 2050 1954 Quid
2085 1886 2394 1953 dicendum,
2425 1887 2673 1959 inquam,
2707 1889 3001 1944 secundum
3033 1888 3352 1944 sententiam
3383 1888 3503 1960 ejus

204 1997 328 2037 rum
356 1995 477 2038 esse
510 1979 730 2046 vitiosa,
759 1979 851 2050 qui
897 1978 1194 2036 recentium
1240 1977 1623 2034 haereticorum
1651 1991 1804 2034 error

201 2084 290 2130 est
318 2074 602 2129 damnatus
633 2072 688 2128 in
716 2071 1034 2130 Tridentino
1063 2086 1202 2128 sess.
1237 2071 1291 2140 6,
1322 2086 1440 2127 can.
1477 2071 1531 2127 7.
1558 2071 1670 2127 lmo
1696 2071 1806 2128 Au-

202 2167 455 2238 gustinus
501 2165 806 2236 oppositum
862 2179 1006 2235 saepe
1062 2163 1260 2231 docet;
1312 2179 1432 2219 nam
1475 2179 1595 2234 cap.
1650 2165 1683 2218 7
1736 2163 1801 2219 de

204 2259 692 2315 Prasdestinatione
723 2268 1033 2315 sanctorum
1079 2256 1239 2314 tradit
1265 2257 1446 2313 omnia
1466 2257 1609 2314 bona
1641 2271 1803 2328 opera

202 2352 474 2420 Cornelii,
504 2362 790 2423 antequam
816 2351 1086 2420 crederet,
1127 2353 1240 2409 Deo
1267 2357 1486 2423 accepta
1516 2349 1802 2406 referenda

201 2458 350 2510 esse,
377 2453 432 2502 ut
455 2443 698 2514 proxime
727 2442 1084 2499 ostendimus.
1126 2441 1255 2500 item
1280 2443 1371 2500 lib.
1416 2443 1483 2499 de
1514 2442 1802 2506 Patientia,

201 2551 327 2608 cap.
357 2529 454 2607 26,
486 2535 641 2592 docet
689 2535 1099 2592 schismaticum
1141 2535 1232 2607 qui
1283 2536 1474 2591 timore
1519 2549 1803 2606 poenarum

202 2637 530 2684 antemarum
575 2627 841 2683 cruciatus
884 2627 1134 2696 sustinet,
1184 2643 1252 2684 ne
1299 2627 1574 2684 Chrismm
1621 2635 1800 2700 neget,

203 2719 368 2786 bene,
420 2720 552 2776 citra
603 2719 853 2774 meritum
908 2727 1089 2775 tamen
1140 2719 1260 2775 vitae
1309 2728 1556 2788 mternae,
1604 2734 1802 2793 agere:

209 2836 228 2867 ι
263 2815 426 2871 Nullo
447 2812 609 2871 modo
636 2814 736 2870 ista
768 2813 1031 2886 culpanda
1065 2821 1211 2884 sunt,
1236 2812 1508 2884 inquiens,
1534 2811 1643 2868 imo
1670 2826 1800 2868 vero

201 2917 260 2966 et
303 2910 420 2964 haec
465 2907 730 2963 laudanda
781 2907 1037 2978 patientia
1079 2914 1181 2963 est.
1211 2927 1229 2960 ι
1282 2905 1348 2962 Et
1395 2922 1514 2980 cap.
1559 2906 1630 2961 27
1686 2914 1802 2970 ait;

210 3023 230 3056 ε
260 3002 446 3072 Neque
479 3002 620 3057 enim
657 3000 758 3057 hoc
779 3015 886 3057 non
928 3007 1011 3057 est
1056 3000 1278 3070 bonum,
1321 3009 1378 3056 ut
1410 3002 1594 3057 credat
1645 3001 1808 3060 homo

203 3106 421 3152 aeterno
447 3093 712 3168 supplicio
753 3109 814 3152 se
864 3109 986 3150 esse
1032 3094 1382 3166 puniendum,
1436 3095 1480 3152 si
1531 3099 1807 3167 negaverit

202 3190 505 3255 Christum,
553 3197 608 3244 ut
649 3203 746 3260 pro
777 3188 876 3244 ista
917 3187 1022 3242 ﬁde
1055 3186 1425 3259 qualecunque
1477 3189 1803 3260 supplicium

1910 1986 1961 2033 ct
1992 1979 2216 2034 aliorum
2262 1987 2569 2034 sanctorum
2616 1980 2940 2036 doctorum?
2988 1979 3176 2048 Quoad
3208 1981 3382 2051 ipsum
3426 1981 3502 2038 di.

1908 2073 2076 2130 cimus
2111 2091 2123 2126 :
2151 2072 2270 2144 Ipse
2297 2072 2527 2144 fquidem
2565 2072 2638 2128 ita
2671 2072 2885 2138 docuit,
2918 2081 2973 2130 et
3003 2072 3125 2142 quia
3156 2087 3318 2129 verax
3359 2083 3498 2144 erat,

1907 2174 2067 2236 atque
2097 2179 2163 2222 ex
2202 2165 2364 2222 corde
2410 2165 2728 2236 loquebatur
2752 2207 2767 2232 ,
2813 2166 2886 2221 ita
2917 2163 3170 2221 credidit.
3224 2163 3376 2221 Nunc
3407 2164 3499 2224 alii

1907 2273 2063 2316 secus
2109 2259 2334 2326 dicunt,
2382 2259 2479 2315 sed
2509 2260 2717 2331 seipsos
2747 2258 3108 2330 sapientiores
3136 2272 3257 2314 esse
3290 2258 3500 2330 Augus-

1909 2352 2021 2407 tino
2074 2368 2182 2409 non
2240 2352 2586 2410 ostendunt.)
2644 2352 2748 2410 Sed
2799 2368 2907 2409 non
2965 2352 3100 2409 adeo
3142 2353 3389 2423 rigorose
3433 2352 3503 2410 de

1906 2445 2158 2516 operibus
2195 2445 2489 2503 inﬁdelium
2530 2456 2744 2502 sanctus
2773 2446 2963 2503 doctor
2992 2446 3199 2502 locutus
3233 2453 3338 2514 est,
3370 2458 3494 2501 nam

1905 2543 2114 2616 aliquos
2162 2545 2480 2615 quandoque
2529 2545 2785 2600 virtutum
2832 2552 2982 2599 actus
3036 2543 3259 2598 eosdem
3299 2541 3500 2598 elicere

1906 2637 2081 2707 palam
2113 2637 2412 2703 concessit,
2456 2644 2515 2692 ut
2543 2651 2608 2692 ex
2637 2636 2792 2693 dictis
2822 2635 2952 2692 satis
2979 2642 3219 2706 apparet.

1913 2748 1940 2820 §
1976 2749 2040 2804 ν.
2073 2749 2153 2803 An
2184 2759 2388 2803 sanctus
2428 2749 2747 2820 Augustinus
2782 2764 3012 2820 asserens
3053 2746 3292 2817 paruulos
3325 2748 3502 2818 puniri

1981 2821 2247 2904 mitissima
2278 2837 2425 2890 paena
2465 2819 2640 2876 sensus
2677 2820 2730 2874 in
2772 2819 2972 2890 inferis,
3005 2835 3095 2891 per
3129 2835 3393 2875 excessum
3418 2820 3497 2877 ιο·

1983 2901 2124 2947 cutus
2149 2901 2236 2948 sit.

1982 3007 2248 3079 Nusquam
2283 3008 2402 3062 novi
2428 3007 2705 3077 Augustini
2734 3020 2986 3063 censores
3012 3006 3202 3077 potiori
3227 3007 3381 3064 titulo
3407 3023 3499 3067 el-

1912 3118 2098 3160 cessus
2125 3103 2300 3159 eidem
2344 3101 2578 3172 objicere
2623 3101 2892 3169 videntur,
2926 3116 3084 3171 quam
3115 3101 3204 3157 ubi
3233 3101 3300 3156 de
3329 3103 3504 3172 punis

1917 3211 2200 3265 puerorum
2226 3195 2342 3250 sine
2367 3195 2634 3265 baptismo
2659 3194 3036 3252 decedentium
3057 3210 3180 3251 cum
3203 3195 3504 3268 Pelagianis

205 3284 470 3357 perferat,
505 3295 557 3340 et
588 3290 899 3340 contemnat
931 3283 1249 3338 humanum.
1281 3281 1515 3339 Proinde
1544 3286 1681 3340 sicut
1712 3301 1807 3342 ne-
1839 3291 1884 3354 C
1915 3289 2226 3359 disputavit.
2283 3289 2493 3344 Etenim
2557 3289 2762 3358 antiqui
2815 3288 2976 3345 etiam
3037 3287 3342 3345 scholastici
3404 3288 3506 3347 hoc

202 3381 446 3452 gandum
482 3394 586 3436 non
631 3387 712 3438 est
742 3376 844 3434 hoc
876 3379 1035 3433 etiam
1069 3391 1189 3434 esse
1231 3376 1433 3433 donum
1467 3378 1586 3447 Dei,
1632 3381 1700 3436 ita
1727 3381 1805 3435 in-

205 3473 559 3545 telligendum
610 3480 694 3530 est
741 3472 843 3528 alia
893 3484 1013 3528 esse
1061 3471 1155 3528 Dei
1197 3471 1338 3528 dona
1380 3472 1611 3530 ﬁliorum
1665 3474 1810 3532 illius

206 3567 572 3634 Hierusalem,
616 3580 734 3637 quae
773 3579 983 3622 sursum
1029 3565 1196 3621 libera
1248 3575 1330 3623 est
1379 3577 1550 3622 mater
1599 3575 1804 3624 nostra.

207 3659 341 3718 ﬂmc
370 3668 497 3717 sunt
519 3660 661 3716 enim
691 3657 1091 3732 quodammodo
1130 3657 1495 3729 haereditaria,
1527 3659 1581 3715 in
1616 3660 1810 3733 quibus
1845 3659 1850 3663 ’

204 3768 402 3812 sumus
429 3753 673 3812 heredes
712 3753 828 3821 Dei,
860 3751 1174 3812 cohaaredes
1201 3761 1380 3809 autem
1425 3752 1652 3814 Christi.
1685 3755 1805 3812 Alia

207 3864 370 3918 vero,
419 3864 536 3919 quae
572 3855 796 3920 possunt
835 3848 1087 3918 accipere
1130 3847 1295 3902 etiam
1342 3845 1435 3902 ﬁlii
1483 3846 1810 3904 concubina-

205 3961 358 4012 rum,
393 3944 588 4016 quibus
625 3942 795 4001 Jndmi
818 3943 1093 4010 carnales,
1129 3950 1181 3998 et
1224 3940 1551 3999 schismatici
1580 3942 1664 3998 vel
1699 3942 1810 3999 ha:-

207 4041 371 4097 retici
405 4045 806 4110 comparantur.
857 4040 926 4095 At
964 4036 1248 4093 Cornelius
1294 4043 1420 4094 ante
1462 4036 1807 4106 baptismum,

208 4138 344 4192 item
385 4133 562 4192 Judaei
594 4139 650 4196 et
692 4132 932 4190 haeretici
965 4131 1108 4188 inter
1133 4137 1446 4202 peccatores
1499 4139 1808 4200 censentur,

208 4243 448 4303 quorum
479 4236 659 4286 tamen
693 4240 858 4295 opera
890 4223 1136 4296 quaedam
1169 4221 1459 4290 laudanda,
1500 4229 1685 4292 utpote
1715 4222 1811 4278 Dei

207 4325 381 4392 dona,
407 4322 737 4395 Augustinus
759 4319 1027 4378 concedit.
1074 4317 1208 4374 lllud
1241 4331 1370 4375 vero
1409 4317 1632 4374 tolerari
1665 4316 1811 4373 nullo

207 4417 379 4474 modo
408 4421 602 4485 potest,
629 4413 773 4485 quod
805 4412 966 4472 audet
1005 4409 1346 4468 Maldouatus
1390 4422 1656 4478 asserere,
1688 4407 1811 4464 Tri-

207 4508 493 4568 dentinam
535 4505 797 4579 synodum
842 4505 1128 4561 damnasse
1170 4501 1494 4562 sententiam
1526 4501 1810 4575 Augustini

207 4605 283 4662 de
328 4601 582 4674 operibus
613 4600 930 4660 inﬁdelium.
981 4598 1229 4664 Ubinam,
1266 4612 1448 4670 quasso
1474 4606 1546 4667 te,
1573 4599 1812 4670 synodus

1913 3381 2086 3451 ipsum
2135 3381 2202 3436 de
2247 3388 2434 3436 sancto
2475 3381 2697 3437 doctore
2738 3380 3098 3452 publicarunt.
3135 3381 3246 3438 Hoc
3285 3381 3503 3453 Scottis,

1915 3477 2015 3533 hoc
2047 3474 2369 3542 Richardus,
2401 3474 2504 3529 hoc
2531 3473 2721 3546 Major,
2750 3473 3068 3545 Capreolus,
3095 3474 3294 3547 aliique
3319 3474 3506 3532 unani-

1913 3570 1989 3626 mi
2037 3583 2306 3626 consensu
2357 3568 2646 3625 tradidere.
2689 3568 2767 3625 De
2817 3568 2918 3626 hoc
2964 3569 3246 3642 Augustini
3306 3569 3506 3640 placito

1913 3665 2129 3734 scripsit
2175 3672 2392 3722 sanctus
2445 3664 2818 3720 Bonaventura
2854 3683 2865 3717 :
2905 3682 2923 3718 ι
2976 3663 3102 3719 Plus
3146 3663 3299 3731 dixit,
3331 3665 3510 3720 minus

1917 3758 2102 3814 volens
2140 3757 2388 3829 intelligi.
2427 3778 2446 3812 ι
2482 3759 2654 3827 Quam
2698 3758 3021 3814 sententiam
3062 3756 3304 3813 Annatus
3341 3772 3508 3828 gran-

1915 3851 2157 3908 dioribus
2189 3852 2594 3912 characteribus
2623 3852 2928 3924 exscripsit,
2958 3852 3258 3922 saepiusque
3298 3850 3365 3907 ad
3396 3851 3507 3906 Au-

1914 3947 2114 4019 gustini
2139 3949 2513 4005 auctoritatem
2539 3947 2855 4008 elevandam
2880 3947 3138 4002 obtrudit.
3155 3947 3266 4003 Nec
3286 3945 3509 4002 defuere

1915 4042 2005 4111 qui
2050 4056 2165 4097 rem
2214 4041 2471 4111 politulo,
2503 4048 2562 4096 ut
2594 4040 2724 4110 ipsis
2753 4039 2972 4111 quidem
3000 4039 3231 4108 videtur,
3258 4038 3508 4108 exemplo

1915 4135 2273 4205 esplicarunt,
2297 4141 2434 4191 teste
2465 4133 2750 4203 Hauzerio,
2775 4143 2907 4190 tom.
2930 4132 2974 4188 ll
3006 4132 3303 4188 Anatomiae
3331 4133 3509 4202 Augu-

1913 4227 2182 4294 stinianat,
2210 4227 2316 4284 col.
2349 4225 2455 4282 765
2486 4243 2497 4280 :
2539 4245 2559 4278 ι
2596 4225 2754 4293 Hinc,
2787 4224 2982 4296 inquit,
3013 4223 3152 4280 sicut
3183 4224 3389 4295 equites
3415 4237 3506 4278 ar-

1915 4321 2070 4388 mati,
2096 4321 2221 4378 dum
2249 4321 2573 4381 invehuntur
2613 4320 2665 4376 in
2715 4319 2920 4385 hostes,
2950 4319 3128 4374 solent
3163 4317 3356 4375 eodem
3401 4317 3502 4372 im-

1916 4426 2040 4486 petu
2070 4415 2256 4472 obvios
2283 4415 2444 4472 etiam
2474 4427 2672 4484 pueros
2707 4413 2941 4470 inermes
2972 4413 3320 4479 conculcare;
3351 4412 3424 4467 ita
3455 4419 3512 4470 et

1917 4511 1978 4567 Β.
2006 4512 2338 4581 Augustinus
2384 4509 2755 4580 persequendo
2793 4508 3108 4578 Pelagianos
3145 4507 3357 4563 videtur
3385 4507 3508 4576 qui-

1916 4604 2144 4661 busdam
2190 4603 2343 4675 quasi
2393 4618 2503 4673 prae
2549 4603 2760 4658 fervore
2811 4600 3076 4671 pugnandi
3125 4601 3300 4654 minus
3347 4598 3507 4653 etiam

209 4698 282 4754 de
315 4695 573 4767 operibus
631 4691 924 4749 inﬁdelium
975 4691 1243 4762 loquitur?
1286 4688 1505 4748 Canone
1550 4691 1644 4748 illo
1682 4706 1807 4764 sep-
1841 4687 1894 4748 D
1922 4694 2157 4772 parvulis
2189 4694 2293 4750 illis
2322 4693 2647 4764 pepercisse.
2687 4711 2704 4746 ι
2741 4691 2992 4760 Quinimo
3033 4705 3130 4746 nec
3157 4705 3188 4745 a
3216 4697 3508 4746 scommate

209 4791 352 4846 timo
382 4788 606 4846 damnat
642 4786 908 4846 dicentem
944 4803 956 4841 :
989 4803 1007 4838 t
1049 4785 1222 4855 Opera
1263 4787 1477 4852 omnia,
1513 4799 1634 4854 qua:
1685 4794 1824 4862 ante,

205 4882 657 4956 iustiﬁcationem
732 4881 910 4947 ﬁunt,
988 4892 1312 4949 quacunque
1393 4878 1602 4934 ratione
1671 4877 1810 4933 facta

208 4976 347 5042 sint,
384 4989 511 5030 vere
559 4988 677 5030 esse
726 4979 964 5044 peccata,
1007 4972 1089 5027 vel
1143 4970 1327 5027 odium
1379 4969 1474 5027 Dei
1525 4969 1743 5026 mereri.
1782 4986 1802 5020 ι

210 5070 336 5138 Quo
365 5067 711 5124 anathemate
737 5066 958 5138 contigit
999 5080 1238 5124 errorem
1281 5073 1600 5122 novatorum
1625 5064 1808 5122 dicen-

209 5163 350 5218 tium
395 5161 575 5218 omnia
604 5160 767 5232 opera
799 5161 934 5217 facta
961 5162 1026 5216 ab
1059 5161 1276 5217 homine
1303 5169 1455 5217 extra
1487 5160 1804 5217 charitatem

210 5262 270 5311 et
316 5254 368 5310 in
412 5263 634 5324 peccato
678 5255 972 5311 consﬁtuto
1013 5269 1134 5310 esse
1178 5262 1422 5325 peccata,
1462 5254 1607 5326 quod
1645 5254 1736 5310 illa
1776 5271 1808 5310 a

211 5345 564 5407 conscientias
590 5353 740 5404 reatu
781 5345 1077 5415 vitiantur;
1121 5360 1240 5417 qua?
1278 5346 1546 5404 sententia
1579 5355 1632 5404 et
1671 5346 1805 5404 falsa

212 5449 273 5498 et
309 5439 438 5498 olim
485 5438 734 5498 damnata
781 5439 899 5506 fuit,
952 5441 1029 5496 uti
1077 5439 1331 5509 vidimus,
1378 5441 1445 5496 ab
1487 5440 1802 5511 Augustino.

214 5536 450 5592 Tantum
490 5549 620 5594 vero
647 5534 799 5595 ἐώθει
827 5544 884 5595 ut
925 5534 1111 5592 Patres
1144 5534 1442 5592 Tridentini
1474 5549 1592 5592 eam
1636 5535 1807 5592 sancti

215 5631 458 5692 doctoris
485 5629 805 5690 sententiam
834 5629 1157 5696 damnarint,
1201 5628 1328 5700 quin
1372 5627 1547 5699 potius
1577 5643 1683 5686 non
1710 5628 1804 5686 de-

216 5724 382 5780 fuerit
411 5739 481 5781 ex
512 5738 696 5784 eorum
729 5731 871 5780 coetu
906 5732 960 5778 et
989 5723 1212 5780 scientia
1253 5731 1308 5778 et
1331 5722 1589 5792 dignitate
1618 5737 1805 5792 perce-

212 5817 421 5886 lebris,
465 5817 554 5889 qui
603 5825 785 5888 postea
829 5817 1112 5890 Augustini
1157 5816 1478 5874 sententiam
1532 5817 1586 5872 in
1643 5830 1806 5872 sensu

211 5913 387 5970 etiam
415 5912 670 5970 severiori
706 5921 978 5983 acceptam
1018 5912 1341 5976 defenderit.
1382 5913 1492 5972 .Hic
1515 5919 1805 5976 autemest

1913 4789 2261 4853 abstinuere;
2315 4786 2550 4842 afﬁrmat
2599 4785 2742 4841 enim
2787 4785 2919 4840 Soto
2974 4785 3097 4840 illos
3145 4786 3234 4854 qui
3281 4783 3503 4853 positam

1913 4884 2086 4941 sancti
2133 4880 2414 4951 Augustini
2465 4880 2786 4935 sententiam
2835 4878 3161 4945 defendunt,
3209 4877 3506 4947 nuncupari

1914 4976 2222 5046 ignominiaa
2247 4989 2408 5030 causa
2438 4982 2655 5030 tortores
2687 4990 2984 5043 puerorum,
3015 4969 3072 5027 et
3103 4981 3285 5028 uoster
3315 4972 3507 5027 Putea-

1916 5087 2017 5126 nus
2045 5071 2097 5126 in
2126 5068 2244 5136 1-2,
2271 5077 2461 5138 quaest.
2489 5067 2578 5133 85,
2607 5077 2711 5124 art.
2736 5069 2790 5133 4,
2816 5067 2944 5122 dub.
2977 5066 3031 5131 4,
3056 5075 3280 5121 testatur
3305 5064 3506 5136 Grego-

1915 5169 2053 5223 rium
2085 5164 2506 5231 Ariminensem,
2537 5163 2680 5233 quod
2711 5161 2908 5217 similia
2939 5159 3234 5230 Augustino
3266 5159 3503 5228 tradidit,

1911 5261 2169 5333 appellari
2193 5269 2435 5314 tortorem
2463 5273 2762 5331 puerorum.
2797 5256 2979 5324 Itaque
3009 5253 3267 5320 Adamus,
3298 5268 3418 5325 cap.
3446 5253 3502 5322 6,

1912 5369 2034 5427 pag.
2061 5353 2188 5420 666,
2221 5353 2409 5409 scribit
2447 5351 2804 5421 Augustinum
2849 5349 2901 5402 in
2953 5349 3176 5404 taxanda
3223 5349 3502 5404 infantium

1911 5461 2072 5519 paena
2116 5464 2134 5498 ς
2180 5445 2282 5501 zeli
2325 5457 2550 5499 excessu
2584 5449 2735 5496 extra
2784 5440 3134 5509 quaestionem
3176 5455 3334 5510 quam
3376 5455 3498 5495 cum

1914 5536 2213 5608 Pelagianis
2244 5535 2474 5590 habebat
2506 5541 2732 5588 tractum
2769 5532 2959 5600 fuisse,
2989 5547 3054 5589 ac
3093 5541 3286 5602 praeter
3328 5533 3495 5589 inten-

1911 5631 2114 5687 tionem
2165 5630 2420 5684 locutum.
2466 5644 2484 5678 ι
2537 5625 2832 5697 Additque,
2871 5625 3059 5682 Patres
3094 5643 3115 5679 ι
3151 5626 3239 5695 qui
3288 5625 3355 5680 de
3404 5627 3502 5679 hac

1913 5725 2215 5795 quastione
2261 5720 2527 5790 scripsere
2569 5734 2756 5776 omnes
2801 5719 3127 5776 contrariam
3177 5718 3498 5774 sententiam

1916 5815 2219 5872 tradidisse.
2253 5833 2270 5866 ι
2297 5811 2443 5869 Idem
2474 5812 2632 5869 habet
2655 5811 2936 5876 Moraines,
2956 5812 3095 5882 disp.
3119 5811 3212 5879 40,
3235 5824 3382 5865 num.
3407 5808 3497 5863 60.

1915 5909 2071 5979 Quod
2097 5923 2226 5968 vero
2251 5906 2542 5979 Gregorius
2569 5907 2788 5979 Magnus
2819 5922 2882 5964 ac
2913 5905 3224 5976 Fulgentius
3253 5903 3503 5973 Buspen-
