3962 6346
497 372 591 429 651

1357 368 1940 430 surrnsunnrun
1979 368 2072 427 AD
2108 344 2339 426 cunni.
2378 369 2437 428 s.
2479 366 2873 428 AUGUSTINI.

3660 369 3745 425 652

496 489 572 543 sis
602 489 656 545 in
686 503 748 546 ea
773 488 1014 546 doctrina
1044 503 1162 545 cum
1191 497 1378 547 sancto
1403 490 1698 561 Augustino
1726 492 2072 559 concinuere,
2100 493 2153 551 Δ
2182 490 2526 561 Evangelium
2556 490 2823 561 loquitur;
2852 486 2987 543 duas
3017 493 3195 557 partes
3224 484 3461 543 facturus
3490 494 3610 557 est,
3638 488 3746 544 dex-

494 584 685 639 scribit
723 601 738 637 :
784 603 804 637 ι
856 583 970 639 Non
1013 599 1080 640 es
1119 598 1281 639 sensu
1321 584 1614 649 Ecclesiae,
1644 594 1895 653 tanquam
1934 583 2077 638 illius

497 684 697 741 testes,
723 674 816 730 sed
855 690 921 731 ex
948 690 1048 731 suo
1077 675 1130 731 id
1160 677 1476 732 asseruisse.
1517 695 1534 728 ι
1569 676 1681 748 Ego
1709 676 1925 745 quidem
1962 692 2077 731 rem

496 768 899 837 Augustinianas
928 769 1125 827 scholae
1160 781 1366 841 gratam
1396 786 1484 827 me
1518 770 1781 826 facturum
1821 770 2075 835 arbitror,

495 860 540 913 si
573 860 673 915 hac
699 860 754 915 in
782 875 841 916 re
868 870 1110 919 sanctum
1138 861 1353 918 Patrem
1380 864 1525 918 omni
1550 876 1877 919 excessuum
1907 861 2080 931 suspi-

495 951 651 1007 cione
677 952 1281 1025 liberavero,simulque
1305 954 1592 1011 ostendero
1617 954 1867 1009 eumdem
1894 954 2080 1008 catho-

494 1044 615 1099 licae
641 1044 898 1103 Ecclesia:
926 1047 1203 1119 probatum
1231 1048 1446 1119 dogma,
1469 1061 1805 1103 communem
1836 1046 2081 1115 antiquo-

500 1150 617 1189 rum
646 1136 887 1208 Patrum,
920 1154 984 1194 ac
1013 1140 1193 1209 seipso
1214 1139 1427 1209 dignam
1454 1140 1774 1195 sententiam
1803 1138 2077 1203 docuisse;
2116 1186 2119 1189 .

498 1245 530 1285 e
559 1241 747 1287 contra
776 1247 905 1288 vero
936 1232 1378 1290 scholasticorum
1407 1234 1691 1304 plerosque
1719 1231 1771 1287 in
1802 1232 2081 1302 opiniones

500 1323 757 1392 quasdam
792 1324 861 1381 de
890 1324 1169 1381 infantium
1202 1325 1375 1395 ptenis
1402 1324 1767 1390 descendisse,
1793 1339 1914 1394 qua:
1945 1339 2079 1390 pon-

501 1416 703 1473 tiﬁcum
732 1417 1096 1476 Romanorum
1117 1464 1133 1484 ,
1167 1420 1491 1491 synodorum
1521 1434 1583 1475 ac
1614 1420 1829 1474 Patrum
1870 1420 2083 1475 statutis

502 1510 660 1580 plane
686 1511 1054 1569 adversantur.
1074 1512 1206 1571 Rem
1237 1513 1419 1583 paucis
1446 1513 1523 1569 sic
1545 1510 1793 1568 conﬁcio.

504 1643 687 1704 Sancti
714 1646 888 1701 Patris
916 1648 1187 1719 Augustini
1214 1650 1461 1702 sententia
1494 1648 1556 1702 de
1584 1647 1743 1717 poenis
1766 1646 2085 1719 sensibilibus

576 1720 904 1786 parvulorum
932 1717 1040 1772 sine
1069 1720 1318 1788 baptismo
1346 1720 1696 1774 decedentium
1717 1720 1957 1772 adversus
1985 1717 2085 1772 Pe-

577 1789 805 1862 lagiaan
835 1789 1026 1841 tradita
1056 1790 1377 1862 proponitur.
1408 1789 1644 1843 Primum
1684 1806 1777 1859 pro
1821 1791 1993 1844 eadem
2024 1804 2090 1844 ea:

480 1910 487 1918 ,
574 1874 721 1932 sacra
745 1859 1017 1929 Scriptura
1044 1859 1418 1932 argumentum.
1440 1862 1858 1917 Adversariorum
1876 1877 2091 1932 respon-

574 1928 739 1985 siones
765 1928 1008 2002 explosit.

452 2090 455 2095 -
546 2060 884 2135 Pelagiani,
936 2066 1063 2123 licet
1114 2075 1417 2124 assererent
1456 2082 1649 2138 pueros
1693 2068 1811 2124 sine
1847 2066 2093 2139 originali

508 2166 730 2226 peccato
759 2157 937 2223 nasci,
972 2157 1190 2214 eosdem
1225 2167 1433 2224 tamen,
1463 2159 1508 2213 si
1548 2159 1714 2227 sacris
1748 2158 1906 2213 undis
1936 2158 2093 2213 inex-

509 2250 640 2317 piati
669 2248 1021 2319 decederent,
1052 2253 1104 2306 in
1136 2266 1357 2321 regnum
1385 2251 1649 2306 caelorum
1688 2251 1764 2306 ire
1794 2249 2091 2319 negabant,

506 2342 655 2396 illam
689 2342 898 2397 Domini
926 2344 1248 2400 sententiam
1277 2344 1492 2399 reveriti
1535 2360 1549 2395 :
1585 2341 1701 2396 Nisi
1736 2342 1849 2411 quis
1886 2350 2096 2395 renatus

512 2438 669 2505 fuerit
696 2453 759 2491 ea:
798 2454 932 2507 aqua
969 2446 1018 2493 et
1061 2437 1266 2508 Spiritu
1304 2446 1514 2504 sanrto,
1541 2451 1643 2489 non
1680 2434 1887 2488 intrabit
1920 2434 1977 2487 in
2014 2450 2096 2486 re-

510 2544 670 2598 gnum
700 2528 943 2583 caelorum
975 2528 1153 2601 (Joan.
1185 2544 1263 2600 ιιι,
1290 2528 1370 2599 5).
1399 2527 1597 2585 Scribit
1624 2527 1738 2582 haec
1766 2525 2096 2596 Augustinus

509 2637 675 2677 serm.
709 2621 774 2675 14
820 2622 888 2678 de
919 2623 1079 2681 Verb.
1115 2625 1304 2693 Apost.
1339 2641 1351 2677 :
1392 2641 1410 2674 ι
1449 2622 1607 2689 ldeo,
1639 2620 1843 2693 inquit,
1875 2619 2096 2690 parvulo

506 2730 617 2771 non
664 2716 933 2786 baptizato
981 2716 1219 2787 polliceri
1266 2732 1490 2788 regnum
1540 2715 1635 2772 Dei
1684 2729 1791 2771 non
1841 2728 2093 2785 possum,

507 2818 693 2867 contra
731 2810 940 2865 Domini
988 2812 1309 2867 sententiam
1354 2820 1612 2882 apertam.
1651 2829 1672 2864 ι
1706 2808 1841 2865 Cum
1871 2824 2000 2866 vero
2030 2808 2099 2867 ab

511 2901 659 2958 omni
686 2901 914 2958 crimine
945 2902 1209 2959 immunes
1240 2917 1433 2973 pueros
1462 2902 1904 2973 pronuntiarent,
1937 2903 1990 2955 in
2021 2902 2098 2957 lo-

510 3009 633 3051 cum
678 3010 962 3067 pcenarum
1005 2997 1221 3053 eosdem
1255 2997 1395 3052 trudi
1434 2997 1830 3066 inliciabantur,
1857 2994 2099 3051 dicentes

510 3090 803 3147 secundam
836 3091 1121 3162 quamdam
1151 3091 1458 3148 felicitatem
1486 3091 1594 3146 illis
1620 3099 1873 3146 statutam
1902 3090 1957 3144 in
1987 3104 2101 3144 me-

510 3182 603 3237 dio
634 3183 868 3252 quodam
904 3185 1023 3238 loco
1055 3184 1196 3239 inter
1225 3184 1447 3255 gloriam
1480 3184 1631 3254 regni
1664 3183 1900 3240 cmlestis
1929 3190 1984 3237 et
2011 3182 2097 3237 in-

2180 590 2348 638 teram
2376 592 2431 639 et
2460 584 2769 648 sinistram;
2804 580 3036 637 sinistris
3064 581 3305 636 dicturus
3346 598 3361 636 :
3394 579 3479 635 Ite
3512 581 3568 634 in
3604 580 3749 650 ignem

2178 685 2427 730 internum
2452 718 2466 743 ,
2506 676 2594 745 qui
2642 684 2857 747 paratus
2900 683 2975 728 est
3020 674 3224 729 diabolo
3269 682 3319 727 et
3361 673 3573 742 Angelis
3618 675 3751 743 ejus,-

2180 767 2383 823 dextris
2412 767 2654 824 dicturus
2685 785 2697 822 :
2738 766 2935 833 Venite,
2969 766 3218 821 benedicti
3248 765 3429 825 Patris
3455 768 3579 834 mei,
3612 771 3749 835 paci.

2180 864 2283 933 pite
2310 863 2699 934 regnum,quod
2728 862 2864 916 vobis
2892 871 3134 932 paratum
3160 870 3234 916 est
3260 862 3324 915 ab
3348 862 3548 932 origine
3572 864 3751 916 mundi.

2182 955 2332 1011 Hanc
2360 969 2587 1025 regnum
2619 954 2882 1021 nominat,
2912 954 3050 1009 hanc
3076 968 3199 1009 cum
3226 952 3446 1009 diabolo
3468 954 3753 1008 damnatio-

2186 1064 2325 1104 nem.
2356 1049 2574 1103 Nunws
2600 1063 2858 1103 nunc-rus
2888 1064 2986 1103 nsr
3016 1062 3213 1102 namus
3240 1061 3425 1112 LOCUS,
3456 1046 3547 1101 ubi
3576 1059 3755 1115 ponere

2184 1161 2348 1217 queas
2382 1144 2637 1201 infantes.
2672 1145 2746 1200 De
2774 1145 2908 1200 vivis
2948 1153 3001 1200 et
3042 1143 3268 1199 mortuis
3294 1140 3661 1213 iudicabitur;
3687 1141 3756 1196 alii

2184 1237 2440 1293 eruntad
2467 1236 2771 1302 dexteram,
2789 1236 2879 1290 alii
2905 1235 2971 1291 ad
3000 1234 3298 1291 sinistram.
3318 1234 3436 1289 Non
3459 1233 3585 1289 novi
3615 1233 3756 1290 aliud.

2184 1330 2287 1399 QUI
2323 1345 2512 1386 lNDlClS
2556 1346 2779 1395 ιιεωυιι,
2810 1342 3017 1383 ιιεεευε
3061 1343 3128 1381 an
3168 1341 3355 1382 usuro.
3381 1326 3499 1380 Non
3529 1333 3585 1380 te
3616 1325 3761 1380 ollen-

2184 1422 2303 1488 dat,
2330 1422 2420 1492 qui
2449 1422 2727 1477 dexteram
2757 1420 2980 1491 quaerit,
3008 1428 3063 1475 et
3092 1420 3145 1475 te
3174 1418 3350 1489 ipsum
3380 1418 3656 1473 admonet.
3682 1418 3761 1472 ile-

2185 1514 2321 1573 cede
2344 1514 2411 1569 de
2435 1515 2643 1579 medio;
2674 1513 2768 1570 sed
2801 1512 2912 1569 noli
2943 1512 2996 1567 in
3021 1510 3389 1566 sinistram.Si
3409 1524 3542 1581 ergo
3564 1510 3762 1564 dextera

2190 1609 2295 1662 erit
2322 1615 2377 1663 et
2403 1607 2643 1673 sinistra,
2669 1615 2723 1663 et
2752 1605 2956 1660 nullum
2989 1603 3225 1659 medium
3251 1604 3427 1658 locum
3459 1603 3515 1657 in
3546 1602 3764 1671 Evange-

2192 1702 2265 1757 lio
2298 1703 2563 1769 novimus,
2594 1716 2723 1757 ecce
2754 1701 2807 1756 in
2846 1700 3069 1756 dextera
3103 1713 3329 1769 regnum
3358 1696 3625 1753 cmlorum
3660 1704 3762 1750 est:

2194 1795 2470 1867 Percipite,
2502 1796 2693 1866 inquit,
2724 1810 2960 1865 regnum.
2988 1793 3089 1860 Qui
3123 1792 3196 1849 ibi
3226 1806 3330 1846 non
3357 1799 3461 1859 est,
3489 1790 3547 1845 in
3574 1789 3765 1844 sinistra

2122 1911 2173 1973 Β
2199 1900 2301 1947 est.
2330 1889 2469 1959 Quid
2499 1889 2601 1945 erit
2626 1889 2679 1945 in
2709 1889 2966 1945 sinistra?
3002 1885 3085 1943 Ite
3122 1889 3177 1941 in
3217 1887 3387 1958 ignem
3430 1895 3698 1940 teter-num.
3722 1882 3767 1938 lu

2197 1984 2415 2039 dextera
2464 1980 2647 2051 utique
2705 1979 2772 2034 ad
2829 1994 3053 2049 regnum
3113 1987 3415 2043 aeternum,
3466 1977 3522 2031 in
3576 1975 3769 2031 sinistra

2197 2078 2373 2147 ignem
2402 2084 2685 2131 aeternum.
2712 2073 2814 2143 Qui
2845 2089 2949 2131 non
2979 2076 3031 2129 in
3059 2074 3304 2140 dextera,
3329 2070 3520 2143 procul
3552 2070 3708 2125 dubio
3727 2070 3767 2125 in

2198 2169 2433 2224 sinistra.
2468 2166 2618 2225 Enco
2664 2182 2754 2231 our
2800 2181 2903 2223 non
2950 2182 3002 2221 IN
3050 2182 3245 2234 nscao,
3285 2179 3487 2220 PROCUL
3537 2178 3693 2218 DUBIO
3732 2179 3770 2217 ut

2199 2278 2361 2318 IGNE!
2390 2276 2681 2317 arcanum.
2714 2280 2734 2314 ι
2765 2260 2865 2316 Ubi
2894 2260 3194 2330 despiciens
3221 2257 3467 2313 homines
3494 2270 3654 2312 secus
3679 2255 3773 2325 opi-

2200 2362 2389 2410 nantes
2420 2354 2584 2409 veluti
2615 2355 2683 2409 de
2720 2353 2855 2410 faece
2886 2352 3028 2422 vulgi
3060 2352 3135 2406 ait
3166 2369 3178 2403 :
3210 2350 3315 2404 Hic
3344 2350 3536 2421 quieris
3574 2349 3773 2404 medium

2198 2447 2350 2503 ltomo
2392 2450 2454 2503 de
2496 2449 2687 2503 medio.
2722 2448 2845 2503 Haec
2887 2448 3215 2519 Augustinus
3264 2444 3473 2516 publice
3517 2459 3617 2515 pro
3659 2458 3772 2499 con-

2199 2544 2355 2599 cione
2394 2543 2637 2599 recitavit
2673 2543 2998 2613 Carthagine
3042 2543 3096 2597 in
3125 2542 3348 2598 basilica
3380 2541 3575 2611 majori
3612 2556 3773 2597 coram

2200 2635 2417 2693 Aurelio
2448 2636 2681 2691 Primate
2710 2637 2875 2692 totius
2906 2635 3122 2702 Africae,
3146 2650 3253 2705 quo
3274 2634 3497 2705 jubente
3525 2649 3644 2690 eam
3672 2648 3773 2688 ora-

2201 2730 2401 2786 tionem
2433 2729 2649 2794 habuit,
2679 2738 2737 2784 ut
2773 2728 2941 2785 fusius
2970 2729 3309 2785 narravimus
3339 2727 3435 2783 lib.
3466 2744 3481 2782 l
3514 2726 3654 2784 Hist.
3685 2726 3765 2781 Pe-

2199 2826 2333 2897 lag.,
2354 2840 2473 2897 cap.
2501 2826 2558 2882 5.
2584 2825 2718 2881 Hinc
2748 2839 2936 2880 versus
2967 2824 3124 2879 ﬁnem
3154 2824 3229 2877 ait
3261 2839 3276 2877 :
3313 2841 3331 2874 ‹
3373 2822 3519 2893 Lego
3548 2831 3772 2877 tantum:

2202 2920 2428 2977 Sanctus
2466 2919 2767 2991 Cyprianus
2795 2926 2907 2986 est,
2941 2932 3099 2986 quem
3131 2917 3185 2971 in
3214 2929 3409 2971 manus
3437 2914 3671 2984 sumpsi,
3697 2929 3777 2968 an.

2205 3013 2385 3084 tiquus
2426 3013 2710 3083 episcopus
2741 3010 2887 3067 sedis
2920 3010 3099 3080 hujus.
3138 3028 3159 3062 ι
3191 3008 3285 3064 llla
3332 3008 3493 3078 igitur
3532 3004 3775 3062 sententia

2202 3106 2271 3162 de
2298 3104 2539 3161 sensibili
2569 3118 2857 3175 puerorum
2904 3116 3061 3172 poena
3102 3099 3315 3169 publice
3356 3098 3671 3157 orthodoxis
3713 3106 3776 3153 te-

2205 3201 2380 3255 nenda
2409 3207 2521 3252 tum
2560 3195 2815 3264 temporis
2849 3192 3283 3263 proponebatur,
3308 3206 3468 3261 quam
3502 3194 3649 3244 tanta
3677 3204 3775 3245 cer-

508 3271 748 3329 ferorum
780 3273 1059 3344 supplicia.
1078 3274 1175 3330 Ubi
1205 3283 1385 3331 tamen
1418 3274 1503 3329 hic
1530 3274 1738 3330 medius
1762 3276 1909 3330 locus
1931 3283 2095 3339 esset,

2212 3290 2441 3346 titndine
2469 3298 2685 3344 sanctus
2718 3288 2880 3343 Pater
2907 3287 3281 3350 asseverabat,
3318 3294 3378 3339 ut
3421 3284 3603 3352 procul
3644 3284 3775 3336 dubio

512 3365 632 3434 ipse
676 3364 920 3436 Pelagius
958 3381 1019 3421 se
1056 3367 1264 3422 nescire
1311 3367 1536 3438 ingenue
1581 3368 1753 3423 lassus
1784 3375 1867 3422 est
1901 3366 2102 3423 celebri

513 3457 609 3513 illo
656 3458 800 3514 dicto
847 3458 987 3527 apud
1036 3458 1387 3529 Augustinum
1435 3460 1529 3515 lib.
1563 3459 1631 3516 de
1669 3460 1894 3515 Peccato
1940 3458 2105 3529 orig.,

408 3568 413 3573 ί
515 3562 637 3619 cap.
658 3547 724 3604 21
760 3567 772 3602 :
807 3568 825 3601 ι
861 3550 987 3606 Sine
1012 3549 1280 3621 baptismo
1310 3552 1516 3622 parvuli
1540 3552 1978 3622 morientes,quo
1998 3564 2106 3605 non

518 3652 676 3711 eant,
705 3642 818 3698 scio
864 3659 879 3699 :
927 3659 1035 3715 quo
1065 3654 1219 3712 eant,
1248 3645 1449 3701 nescio.
1490 3663 1509 3696 ι
1548 3643 1659 3701 Nec
1697 3643 1945 3715 discipuli
1982 3642 2109 3713 quid

516 3738 716 3794 certius
745 3738 1051 3807 tradidere,
1082 3738 1183 3795 hoc
1225 3756 1389 3796 unum
1434 3751 1772 3811 asserentes,
1805 3744 1881 3799 ire
1911 3754 2108 3813 pueros

516 3831 576 3886 in
623 3830 827 3898 locum,
864 3839 919 3886 ut
947 3847 1072 3887 mox
1120 3834 1395 3901 notabam,
1426 3835 1677 3891 secunda:
1717 3836 2007 3892 felicitatis.
2040 3838 2111 3893 At

516 3927 848 3996 Augustinus
868 3925 1009 3982 hanc
1028 3942 1058 3982 a
1080 3926 1382 4001 Pelagianis
1402 3931 1723 4000 promissam
1749 3931 1928 4001 pueris
1950 3931 2110 3987 felici-

516 4028 683 4077 tatem
725 4034 833 4076 non
880 4020 1044 4077 modo
1085 4022 1271 4091 irrisit,
1302 4038 1486 4079 verum
1518 4024 1679 4079 etiam
1710 4023 1899 4080 solidis
1945 4040 2107 4095 argu-

518 4115 717 4170 mentis
770 4114 1017 4184 probavit
1062 4117 1295 4175 infantes
1344 4120 1463 4174 sine
1512 4118 1781 4189 baptismo
1828 4119 2110 4176 defunctos

518 4206 660 4260 mitti
704 4205 761 4261 in
809 4208 1110 4277 gehennam
1161 4210 1319 4279 ignis.
1354 4210 1491 4265 Hinc
1539 4211 1777 4266 haeretici
1828 4212 2112 4281 Augustini

518 4297 840 4353 sententiam
872 4299 948 4354 uti
976 4300 1252 4355 crudelem
1287 4300 1622 4371 rejiciebant,
1655 4310 1713 4357 ut
1744 4310 1892 4371 patet
1926 4318 1995 4357 ex
2028 4301 2113 4358 his

519 4391 720 4448 Juliani
746 4392 921 4448 verbis
951 4392 1043 4448 lib.
1066 4409 1125 4448 Ill
1153 4392 1344 4463 Operis
1372 4394 1609 4465 imperil,
1634 4409 1754 4464 cap.
1775 4394 1879 4451 l99
1906 4412 1919 4448 :
1955 4414 1974 4448 ι
2004 4395 2110 4452 Sed

520 4486 804 4543 reclamas.
851 4486 1145 4543 Audiamus
1192 4504 1319 4559 ergo
1364 4490 1491 4559 quid
1542 4492 1747 4560 parias,
1797 4491 2113 4549 Aristoteles

521 4578 832 4636 Poenorum.
858 4578 1111 4649 Tantum,
1137 4580 1336 4651 inquis,
1362 4582 1561 4637 malum
1590 4582 1640 4637 ei
1670 4582 1831 4651 inest,
1856 4594 1913 4640 ut
1940 4584 2114 4655 possi-

2210 3387 2263 3441 in
2292 3387 2460 3457 ignem
2490 3394 2738 3438 internum
2769 3382 2940 3435 ituros
2967 3378 3201 3434 infantes
3231 3378 3620 3448 pronuntiaret
3647 3374 3777 3431 Unde

2212 3492 2320 3533 non
2356 3476 2561 3545 primus
2607 3473 2697 3529 illa
2740 3472 2991 3529 docuisse
3033 3469 3329 3526 credendus
3376 3478 3477 3535 est,
3511 3469 3605 3524 sed
3635 3468 3774 3523 totius

2212 3568 2466 3625 Ecclesia
2494 3568 2637 3622 illius
2664 3565 2837 3621 atatis
2859 3564 3019 3620 ﬁdem
3049 3571 3285 3620 secutus.
3304 3561 3450 3617 ldem
3476 3562 3778 3632 Augustinus

2211 3662 2319 3718 alio
2350 3660 2516 3716 utitur
2558 3657 2900 3726 testimonio,
2926 3656 3067 3728 quod
3104 3670 3225 3711 cum
3257 3654 3421 3709 afﬁne
3450 3654 3668 3709 recitato
3693 3654 3775 3718 sit,

2213 3755 2304 3810 hic
2328 3752 2600 3811 indicabo.
2633 3751 2749 3807 Lib.
2780 3767 2797 3806 ι
2826 3750 2893 3806 de
2919 3748 3270 3805 Peccatorum
3301 3746 3506 3803 Meritis
3534 3756 3589 3803 et
3616 3747 3778 3801 remis—

2214 3848 2365 3905 sione
2385 3888 2399 3914 ,
2428 3862 2549 3917 cap.
2578 3843 2677 3911 28,
2712 3844 2789 3898 ait
2820 3862 2831 3897 :
2872 3861 2891 3894 ‹
2929 3842 3039 3898 Nec
3066 3849 3151 3897 est
3176 3841 3321 3896 ullus
3363 3840 3457 3895 ulli
3488 3839 3685 3895 medius
3710 3838 3779 3892 loc

2214 3955 2330 4007 cus,
2353 3947 2413 3993 ut
2437 3938 2607 4009 possit
2637 3951 2757 3992 esse
2787 3937 2887 3991 nisi
2912 3951 3034 3992 cum
3064 3934 3299 4004 diabolo,
3324 3934 3413 4004 qui
3439 3948 3549 3988 non
3578 3942 3654 3987 est
3677 3938 3777 3985 ct'un

2214 4031 2450 4088 Christo.
2471 4031 2607 4086 Hinc
2632 4039 2685 4085 et
2713 4032 2826 4099 ipse
2858 4029 3117 4083 Dominus
3145 4027 3330 4083 volens
3356 4028 3571 4082 auferre
3596 4024 3656 4080 de
3677 4038 3777 4078 cor-

2214 4124 2370 4179 dibus
2402 4139 2544 4179 uus
2574 4137 2915 4178 cnnnsnrwn
2954 4134 3110 4175 tam:
3152 4134 3341 4175 NBSCIO
3370 4135 3513 4182 quur
3543 4131 3776 4173 μεωειλ-

2216 4233 2359 4283 rem,
2387 4231 2545 4288 quam
2576 4221 2841 4270 conantur
2870 4213 3086 4284 quidam
3117 4211 3357 4282 parvulis
3389 4228 3495 4266 non
3525 4209 3775 4282 baptizatis

2219 4310 2484 4375 tribuere,
2533 4294 2593 4363 ut
2634 4308 2785 4379 quasi
2835 4306 3030 4362 merito
3076 4306 3397 4361 innocentia:
3445 4304 3552 4360 sint
3598 4306 3644 4358 in
3688 4301 3777 4356 vita

2218 4410 2450 4468 aeterna,
2484 4399 2578 4455 sed
2618 4399 2744 4470 quia
2784 4414 2892 4455 non
2924 4407 3051 4453 sunt
3089 4397 3379 4468 baptizati,
3411 4411 3517 4451 non
3557 4396 3655 4450 sint
3679 4408 3775 4448 cum

2218 4496 2435 4552 Christo
2478 4496 2530 4549 in
2567 4510 2732 4565 regno
2769 4495 2920 4565 ejus,
2951 4491 3281 4548 deﬁnitivam
3329 4493 3551 4562 protulit
3591 4491 3650 4545 ad
3684 4489 3775 4543 haec

2220 4605 2316 4646 ora
2343 4590 2673 4645 obstruenda
2706 4590 3054 4651 sententiam,
3080 4588 3171 4643 ubi
3202 4589 3277 4642 ait
3307 4604 3320 4640 :
3352 4589 3455 4654 Qui
3486 4602 3671 4642 mecum
3696 4598 3775 4637 non

520 4673 713 4730 deatur
755 4688 784 4727 a
831 4672 1065 4740 diabolo,
1098 4682 1260 4744 atque
1302 4684 1566 4730 aeternum
1608 4686 1879 4733 mereatur
1924 4680 2113 4737 iucen-
2143 4698 2194 4759 ο
2225 4694 2301 4739 est
2329 4684 2601 4736 aduersum
2632 4698 2710 4735 me
2738 4689 2830 4747 est,
2858 4691 2962 4736 etc.
3002 4678 3221 4752 (Matth.
3253 4676 3379 4749 xu).
3409 4679 3524 4734 lloc
3552 4677 3678 4733 idem
3712 4689 3775 4727 ar-

519 4768 687 4822 dium.
730 4785 749 4818 »
785 4766 913 4822 Haec
950 4766 1070 4834 ille,
1098 4767 1182 4822 cui
1226 4768 1555 4837 Augustinus
1585 4784 1599 4823 :
1636 4787 1655 4819 ι
1705 4769 1761 4826 Si
1792 4779 1973 4827 autem
2005 4788 2113 4829 non

520 4860 728 4916 eruitur
771 4860 839 4915 de
881 4867 1148 4930 potestate
1194 4860 1534 4915 tenebrarum
1560 4899 1574 4924 ,
1617 4870 1674 4916 et
1720 4862 1830 4918 illic
1874 4874 2115 4922 remanet

520 4956 799 5027 parvulus,
832 4954 969 5027 quid
1001 4955 1216 5011 miraris
1253 4956 1308 5011 in
1349 4954 1471 5027 igne
1504 4964 1706 5011 aeterno
1748 4972 1868 5011 cum
1899 4957 2114 5013 diabolo

522 5050 784 5115 futurum,
814 5048 908 5121 qui
939 5048 991 5104 in
1022 5048 1118 5106 Dei
1149 5063 1371 5119 regnum
1404 5049 1607 5104 intrare
1636 5064 1743 5103 non
1772 5047 1999 5104 sinitur?
2027 5048 2109 5104 An

523 5145 645 5213 quia
686 5142 959 5213 Pelagiani
1003 5143 1187 5199 nescio
1216 5158 1375 5214 quem
1422 5142 1661 5212 parvulis
1691 5157 1795 5197 non
1827 5144 2111 5213 baptizatis

519 5243 718 5306 praeter
751 5236 849 5292 Dei
882 5251 1127 5307 regnum,
1154 5234 1352 5307 quietis
1398 5245 1455 5292 et
1500 5237 1624 5291 vitae
1671 5243 1889 5292 aeternae
1938 5237 2113 5292 locum

522 5340 847 5399 praeparant,
866 5330 986 5387 ideo
1012 5329 1211 5386 Christi
1241 5332 1347 5386 erit
1374 5330 1505 5386 falsa
1532 5331 1797 5386 sententia
1830 5348 1842 5384 :
1879 5330 1980 5399 Qui
2006 5348 2115 5386 cre-

521 5425 712 5479 diderit
745 5434 795 5480 et
823 5426 1109 5495 baptizatus
1138 5428 1295 5497 fuerit
1320 5427 1491 5481 saluus
1518 5426 1635 5480 erit.
1668 5425 1769 5493 Qui
1804 5435 1973 5480 autem
2010 5443 2111 5481 non

523 5517 795 5571 crediderit
816 5516 1275 5573 condemnabitur?
1305 5536 1324 5567 ι

595 5614 836 5669 Primum
867 5622 1238 5683 argumentum
1276 5628 1374 5683 pro
1403 5614 1578 5684 poenis
1611 5606 1953 5681 parvulorum
1981 5627 2109 5667 san-

518 5722 635 5770 ctus
669 5712 827 5767 Pater
854 5709 1076 5766 deduxit
1115 5724 1178 5764 ex
1224 5723 1343 5778 cap.
1384 5724 1487 5762 xxv
1521 5708 1734 5772 Matth.,
1763 5710 1902 5777 quod
1944 5720 2108 5762 serm.

519 5807 591 5862 14
620 5807 687 5862 de
717 5804 880 5861 Verb.
914 5802 1160 5873 Apostoli
1194 5802 1261 5857 ita
1298 5803 1581 5871 proposuit
1610 5820 1622 5854 :
1662 5820 1679 5852 ι
1722 5801 1990 5857 Venturus
2028 5810 2114 5856 est

519 5897 797 5964 Dominus,
829 5906 881 5953 et
921 5894 1258 5964 iudicaturus
1300 5894 1367 5949 de
1398 5892 1533 5948 vivis
1582 5902 1636 5947 et
1687 5895 1935 5959 mortuis,
1972 5895 2113 5949 sicut

2218 4786 2528 4847 gumentum
2560 4782 2739 4830 versat
2779 4773 3182 4844 antiquissimus
3222 4780 3409 4827 auctor
3450 4766 3774 4844 Hypognosti-

2219 4886 2322 4927 con
2358 4872 2457 4929 lib.
2484 4886 2539 4937 v,
2570 4886 2690 4939 cap.
2720 4871 2773 4938 5,
2806 4870 2895 4924 ubi
2926 4870 2999 4922 ait
3034 4885 3048 4922 :
3087 4886 3106 4920 r
3154 4869 3293 4923 Ecce
3336 4882 3442 4922 non
3488 4867 3775 4937 baptizatus,

2218 4965 2373 5021 vitali
2401 4965 2562 5022 etiam
2596 4966 2718 5020 cibo
2750 4964 3051 5035 poculoque
3083 4962 3344 5033 privatus,
3382 4962 3635 5017 dividitur
3660 4976 3684 5012 a
3713 4972 3777 5012 re-

2218 5074 2326 5129 gno
2352 5058 2636 5125 calorum,
2654 5056 2743 5112 ubi
2767 5056 2889 5110 fons
2909 5054 3205 5110 viventium
3234 5062 3521 5124 permanet
3545 5052 3775 5107 Christus.

2221 5151 2297 5205 Da
2328 5150 2460 5205 mihi
2491 5159 2687 5220 praeter
2716 5148 2859 5203 hunc
2888 5148 3117 5204 alterum
3149 5147 3352 5214 locum,
3381 5144 3471 5200 ubi
3498 5146 3619 5200 vitae
3644 5138 3780 5212 possit

2219 5248 2434 5315 requies
2461 5259 2583 5300 esse
2612 5243 2885 5315 perennis.
2913 5242 3152 5297 Primum
3184 5241 3330 5296 enim
3362 5239 3542 5295 locum
3572 5238 3692 5292 fides
3712 5248 3781 5287 ca-

2220 5337 2547 5394 tholicorum
2587 5336 2766 5393 divina
2797 5334 3117 5391 auctoritate
3161 5347 3391 5404 regnum
3436 5329 3781 5387 crediditesse

2217 5432 2502 5498 caelorum,
2540 5428 2704 5495 unde,
2739 5435 2799 5482 ut
2845 5426 2979 5494 dixi,
3023 5441 3129 5481 non
3179 5423 3481 5494 baptizatus
3526 5417 3779 5488 excipitur.

2220 5524 2529 5581 Secundum
2556 5522 2879 5593 gehennam,
2900 5520 2989 5575 ubi
3016 5519 3192 5575 omnis
3216 5526 3463 5589 apostata
3490 5517 3570 5571 vel
3598 5529 3623 5567 a
3651 5509 3778 5565 Chri-

2220 5618 2286 5673 sti
2325 5617 2431 5673 ﬁde
2457 5616 2664 5672 alienus
2693 5624 2894 5671 acterna
2926 5613 3186 5684 supplicia
3216 5611 3543 5682 experietur.
3571 5604 3776 5662 Tertium

2220 5712 2436 5781 penitus
2482 5710 2824 5779 ignoramus,
2853 5708 2964 5763 imo
2993 5720 3093 5762 nec
3124 5720 3244 5762 esse
3274 5705 3329 5760 in
3361 5699 3645 5772 Scripturis
3675 5708 3773 5748 san-

2223 5804 2323 5859 ctis
2365 5802 2688 5858 invenimus.
2715 5799 2911 5870 Finge,
2939 5798 3226 5869 Pelagiane
3244 5840 3259 5865 ,
3294 5797 3475 5852 locum
3503 5810 3567 5849 ex
3593 5786 3769 5846 olticina

2224 5895 2464 5966 perversi
2493 5893 2760 5962 dogmatis
2788 5891 2897 5961 tui,
2930 5891 3018 5950 ubi
3047 5890 3209 5949 alieni
3238 5906 3267 5945 a
3304 5887 3509 5945 Christi
3536 5883 3686 5958 gratia
3708 5876 3770 5931 vi-
