3962 6346
192 398 297 449 033

1370 396 1696 455 VINDICIA‘.
1732 394 2300 455 AUGUSTINIANAE.

3376 393 3483 451 6154

190 527 299 571 tam
332 514 537 586 requiei
557 519 610 572 et
637 513 823 584 gloria
848 511 1134 585 possidere
1163 511 1374 583 parvuli
1402 513 1631 583 possint.
1648 510 1788 567 Dex—
1815 514 1868 573 Α
1893 509 2108 565 malum.
2131 510 2345 565 Scimus
2396 506 2558 564 etiam
2605 505 2854 577 parvulos
2907 504 3201 561 secundum
3249 522 3312 564 ea
3364 526 3484 580 qua

190 620 305 664 tera
336 618 418 665 est
442 608 574 679 justi
601 606 799 677 judicis
826 605 1065 663 sedentis
1095 619 1339 674 regnum,
1363 614 1418 661 et
1445 604 1664 660 sinistra
1692 618 1789 673 ge~

190 704 403 769 benna;
433 702 543 758 vita
566 712 622 757 et
652 716 821 767 mors,
843 701 975 771 justi
1004 710 1058 757 et
1081 700 1271 772 iniqui.
1294 700 1352 754 ln
1380 700 1599 756 dextera
1627 698 1788 770 igitur

188 796 326 868 justi
366 805 490 850 sunt
517 795 831 862 constituti,
864 795 918 848 in
952 793 1170 849 sinistra
1200 793 1432 863 operarii
1462 791 1783 862 iniquilalis;

188 891 247 947 in
280 904 448 964 regno
477 890 691 960 requies
719 888 1133 960 baptizatorum,
1160 889 1213 943 in
1242 888 1490 958 gehenna
1520 901 1678 959 pana
1708 887 1790 941 in-

185 987 567 1051 credulorum;
590 986 700 1041 vita
730 984 796 1039 ad
830 985 1069 1039 latitiam
1096 983 1312 1055 gloria;
1344 996 1490 1037 mors
1512 981 1579 1036 ad
1605 982 1788 1036 ﬁetum

187 1089 251 1137 et
295 1079 581 1136 stridorem
628 1078 899 1145 dentium;
945 1079 1077 1147 justi
1127 1079 1181 1133 in
1234 1091 1400 1147 regno
1445 1075 1619 1131 Patris
1666 1090 1791 1131 cum

188 1170 436 1241 ChriSto,
467 1172 637 1243 iniqui
672 1172 726 1227 in
759 1172 884 1242 igne
911 1180 1117 1227 aterno
1152 1178 1339 1241 parato
1368 1168 1585 1224 diabolo
1614 1177 1668 1225 et
1696 1183 1792 1223 an-

189 1266 329 1336 gelis
370 1264 507 1335 ejus.
540 1264 646 1320 Sed
692 1264 795 1321 hoc
829 1265 1016 1320 dicens
1060 1279 1171 1320 non
1212 1263 1507 1320 divisiones
1552 1263 1789 1319 locorum

190 1358 490 1415 multorum
541 1357 688 1424 dedi,
731 1357 836 1413 nisi
882 1358 1111 1413 duorum
1161 1365 1390 1421 tantum,
1427 1355 1677 1426 quoniam
1725 1354 1793 1410 ad

191 1450 335 1518 duo,
371 1466 596 1522 regnum
631 1450 879 1507 videlicet
904 1460 960 1507 et
994 1449 1327 1522 gehennam,
1358 1448 1476 1504 hac
1503 1446 1682 1502 omnia
1710 1462 1793 1502 re-

193 1541 468 1611 feruntur,
498 1543 714 1599 etiamsi
742 1543 895 1613 plura
925 1543 1196 1609 dicantur,
1228 1551 1334 1597 etc.
1363 1541 1464 1608 Qui
1493 1539 1794 1609 baptizatus

193 1650 328 1707 ergo
356 1650 464 1691 non
491 1645 595 1707 est,
619 1637 672 1692 in
702 1637 767 1693 iis
797 1652 919 1709 qua
942 1636 1099 1706 regni
1124 1634 1390 1691 calorum
1416 1642 1543 1688 sunt
1562 1648 1669 1687 non
1701 1647 1796 1702 po-
1842 1656 1843 1659 η

193 1737 307 1784 test
335 1730 582 1800 reperiri.
614 1728 684 1784 Et
711 1731 757 1784 si
797 1744 904 1784 non
939 1728 1036 1795 ibi,
1067 1737 1313 1798 putasne,
1349 1725 1656 1797 Pelagiane,
1682 1723 1795 1795 jam

193 1822 369 1877 sentis
398 1823 510 1890 ubi,
534 1832 626 1877 aut
653 1832 800 1878 certe
827 1821 915 1878 dic
947 1821 1069 1877 ubi?
1103 1841 1123 1873 ι

1894 620 1991 673 per
2014 618 2213 672 corpus
2244 610 2527 673 gesserunt
2574 610 2889 670 recepturos
2918 599 3002 654 vel
3024 600 3223 655 bonum
3253 601 3339 657 vel
3369 618 3486 658 ma-

1892 697 2030 753 lum.
2059 696 2357 753 Cesserunt
2386 705 2565 751 autem
2612 710 2717 749 non
2747 709 2844 763 per
2870 693 3095 763 seipsos,
3131 694 3226 749 sed
3268 710 3365 766 per
3392 711 3488 753 eos

1891 792 2084 861 quibus
2114 805 2211 860 pro
2229 788 2335 845 illis
2358 787 2833 857 reSpondentibus,
2856 796 2911 841 et
2934 787 3243 844 renuntiare
3272 787 3488 844 diabolo

1892 886 2165 949 dicuntur,
2204 894 2260 939 et
2287 883 2514 939 credere
2566 884 2618 937 in
2654 883 2843 951 Deum,
2872 882 3013 936 unde
3055 890 3112 937 et
3160 884 3213 937 in
3262 898 3487 939 numero

1892 981 2130 1036 ﬁdelium
2154 985 2556 1046 computantur,
2594 976 2932 1045 pertinentes
2955 973 3023 1029 ad
3045 977 3367 1032 sententiam
3391 977 3489 1033 Do-

1894 1072 2028 1130 mini
2081 1072 2355 1129 dicentis:
2393 1070 2496 1137 Qui
2535 1070 2802 1124 crediderit
2861 1078 2909 1123 et
2958 1068 3248 1139 baptizatus
3298 1072 3475 1142 fuerit,

1896 1176 2067 1229 salvus
2091 1175 2186 1228 erit
2214 1172 2410 1242 (Marc.
2440 1170 2577 1243 xvr).
2601 1171 2832 1241 Propter
2855 1170 2996 1241 quod
3022 1177 3079 1225 et
3106 1169 3233 1232 illis,
3264 1166 3353 1238 qui
3386 1165 3490 1221 hoc

1897 1274 2294 1323 sacramentum
2325 1280 2434 1320 non
2475 1264 2764 1331 accipiunt,
2799 1262 3068 1333 contingit
3119 1258 3259 1331 quod
3313 1257 3491 1327 sequi-

1898 1370 1985 1416 tur
2016 1379 2028 1413 :
2065 1360 2165 1428 Qui
2183 1367 2353 1413 autem
2378 1374 2481 1412 non
2503 1356 2799 1425 crediderit,
2824 1351 3243 1409 condemnabitur
3270 1348 3488 1417 (lbid.).

1899 1454 2053 1509 Unde
2081 1464 2136 1509 et
2185 1452 2305 1523 ipsi,
2336 1450 2469 1507 sicut
2504 1450 2637 1517 dixi,
2664 1449 2710 1504 si
2755 1448 2809 1503 in
2841 1447 2931 1503 illa
2979 1460 3139 1517 parva
3194 1453 3352 1498 atate
3378 1456 3492 1496 mo-

1898 1548 2132 1611 riuntur,
2168 1546 2352 1614 utique
2374 1543 2667 1600 secundum
2692 1558 2753 1598 ea
2795 1557 2915 1612 qua
2962 1555 3059 1610 per
3091 1552 3288 1608 corpus
3309 1550 3492 1606 gesse-

1900 1648 2045 1701 runt,
2072 1638 2124 1692 id
2150 1648 2232 1693 est
2258 1647 2499 1707 tempore
2524 1651 2632 1707 quo
2674 1636 2726 1689 in
2753 1648 2978 1704 corpore
3008 1632 3245 1696 fuerunt,
3278 1629 3494 1701 quando

1902 1748 1999 1805 per
2033 1731 2197 1787 corda
2227 1743 2280 1786 et
2325 1745 2420 1785 ora
2476 1729 2802 1801 gestantium
2847 1726 3195 1783 crediderunt
3242 1724 3327 1778 vel
3382 1738 3490 1778 non

1903 1825 2280 1889 crediderunt,
2307 1824 2523 1895 quando
2548 1822 2803 1893 baptizati
2830 1820 2912 1875 vel
2939 1835 3043 1874 non
3072 1818 3323 1887 baptizati
3348 1823 3492 1883 sunt,

271 1913 448 1970 Varia
476 1914 600 1972 huic
622 1925 941 1987 argumento
974 1914 1232 1987 applicari
1253 1913 1428 1969 solent
1447 1912 1515 1968 ab
1545 1910 1792 1967 sch0138-
1824 1915 2118 1995 Bqnando
2171 1934 2387 1975 carnem
2438 1916 2647 1972 Domini
2722 1914 3184 1969 manducaverunt
3242 1910 3328 1964 vel
3382 1923 3491 1963 non

195 2006 319 2062 ticis
342 2008 749 2078 responsiones,
773 2007 868 2063 scd
897 2021 1086 2063 omnes
1135 2005 1294 2062 facile
1325 2004 1660 2075 rejiciunlur.
1693 2002 1797 2059 Ca-

196 2099 449 2156 tharinus
479 2102 531 2155 in
563 2100 823 2170 opusculo
849 2100 917 2156 de
944 2106 1088 2155 statu
1112 2098 1479 2168 parvulorum,
1511 2104 1799 2167 postquam

201 2190 349 2246 dixit
380 2191 482 2246 hoc
509 2200 887 2261 argumentum
917 2204 1037 2245 esse
1052 2189 1311 2263 opposita
1323 2187 1604 2243 sententia
1625 2184 1803 2241 Achil-

199 2282 329 2349 lem,
354 2292 516 2352 negat
544 2281 797 2351 parvulos
827 2280 1028 2338 debere
1077 2281 1195 2335 sisti
1250 2281 1304 2336 in
1330 2278 1553 2350 judicio.
1610 2276 1804 2334 Morai-

198 2388 321 2441 nes,
356 2372 496 2445 disp.
526 2372 598 2427 40
628 2373 697 2428 de
726 2370 932 2442 Gratia,
967 2387 1118 2427 num.
1173 2371 1263 2440 11,
1291 2370 1582 2440 respondet
1630 2368 1803 2438 primo

202 2468 352 2523 male
374 2468 606 2538 supponi
631 2466 699 2521 ab
736 2466 1048 2523 adversario
1072 2481 1195 2522 esse
1242 2465 1437 2537 dogma
1482 2463 1606 2519 ﬁdei
1658 2461 1803 2534 quod

200 2561 270 2616 ad
289 2560 555 2631 judicium
580 2559 853 2631 generale,
878 2558 946 2615 de
974 2573 1081 2630 quo
1115 2556 1363 2614 Christus
1406 2556 1640 2627 loquitur
1670 2554 1805 2609 Mat-

209 2658 341 2713 thai
378 2673 507 2725 xxv,
535 2656 740 2727 parvuli
767 2656 875 2711 sint
898 2654 1270 2724 comparituri,
1296 2652 1477 2723 ibique
1526 2649 1592 2705 ad
1619 2650 1804 2706 dexte-

200 2766 324 2807 ram
354 2752 440 2807 vel
477 2750 545 2805 ad
590 2750 867 2805 sinistram
925 2746 1248 2803 collocandi.
1280 2744 1413 2799 Nam
1473 2742 1803 2797 contrarium

202 2847 324 2902 sine
346 2861 533 2902 errore
561 2854 745 2901 contra
769 2845 931 2899 ﬁdem
973 2840 1246 2898 afﬁrmant
1292 2838 1575 2902 Durandus
1612 2846 1669 2893 et
1712 2836 1808 2891 Al-

205 2939 420 2993 bertus.
445 2937 515 2992 Et
547 2952 695 2992 num.
720 2936 789 2993 12
834 2934 1125 3006 respondet
1150 2932 1389 2990 secundo
1444 2946 1617 3002 neque
1644 2929 1808 2985 etiam

214 3032 328 3089 ﬁde
354 3024 535 3087 divina
568 3041 774 3087 certum
800 3046 924 3086 esse
970 3032 1114 3099 quod
1160 3027 1287 3084 licet
1316 3026 1545 3082 infantes
1574 3025 1641 3081 ad
1659 3023 1807 3095 judi-

204 3126 353 3182 cium
405 3126 659 3196 generale
699 3124 806 3180 sint
851 3122 1228 3194 comparituri,
1256 3120 1420 3176 futuri
1463 3119 1570 3175 sint
1590 3119 1658 3174 de
1711 3132 1809 3172 nu-

204 3236 365 3276 mero
380 3220 816 3290 judicandorum.
845 3216 915 3273 Et
959 3218 1089 3273 citat
1144 3216 1445 3281 Tostatum,
1501 3212 1811 3269 Carthusia-

1904 2014 2408 2079 manducaverunt,
2433 2008 2649 2081 quando
2675 2016 2731 2064 et
2776 2005 3093 2078 sanguinem
3136 2003 3385 2058 biberunt
3410 2000 3493 2059 vel

1904 2124 2013 2164 non
2043 2107 2295 2163 biberunt
2321 2123 2335 2172 ;
2386 2103 2680 2159 secundum
2712 2102 2829 2157 hac
2877 2114 3005 2170 ergo
3036 2113 3154 2168 qua
3178 2111 3272 2167 per
3300 2109 3498 2165 corpus

1903 2208 2208 2273 gesserunt,
2237 2215 2345 2255 non
2375 2196 2670 2255 secundum
2699 2211 2762 2252 ea
2778 2195 2982 2265 qua,si
3003 2193 3088 2247 hic
3109 2192 3199 2246 diu
3226 2190 3493 2258 viverent,

1904 2296 2104 2368 gesturi
2134 2294 2367 2361 fuerant,
2388 2291 2719 2362 judicantur.
2752 2306 2771 2340 ι
2799 2287 2967 2343 Porro
2994 2285 3093 2340 has
3117 2284 3251 2339 duas
3282 2291 3497 2338 senten-

1906 2390 2007 2445 tias
2038 2404 2161 2444 cum
2189 2386 2410 2456 reliquis
2431 2384 2552 2439 aliis
2599 2382 2785 2439 decem
2818 2380 3093 2450 pertinere
3122 2377 3188 2432 ad
3222 2378 3382 2432 ﬁdem
3406 2390 3499 2431 ca-

1905 2479 2160 2535 tholicam
2207 2477 2390 2532 docuit
2444 2474 2640 2530 ibidem
2682 2480 2900 2529 sanctus
2950 2470 3110 2526 Pater
3146 2469 3228 2524 his
3273 2466 3498 2523 verbis:

1912 2589 1931 2622 ι
1968 2570 2174 2639 Nempe
2196 2568 2534 2623 manifestum
2563 2575 2729 2621 estex
2752 2564 2857 2620 illis
2886 2562 3167 2619 duodecim
3195 2561 3498 2628 sententiis,

1906 2680 2039 2736 quas
2070 2663 2338 2733 pertinere
2366 2662 2432 2715 ad
2477 2659 2798 2715 catholicam
2841 2658 3003 2713 ﬁdem
3030 2670 3227 2726 negare
3277 2670 3381 2709 non
3426 2653 3499 2707 si-

1907 2758 2074 2821 neris,
2110 2776 2129 2809 ι
2167 2765 2269 2811 etc.
2304 2755 2560 2824 Repetam
2598 2752 2685 2807 hic
2715 2750 3027 2808 Bellarmini
3048 2749 3214 2804 verba
3244 2746 3339 2802 lib.
3368 2761 3405 2801 ιι
3434 2746 3501 2803 de

1908 2848 2060 2905 Grat.
2094 2860 2147 2903 et
2172 2846 2343 2903 libero
2370 2846 2596 2901 arbitrio
2642 2860 2763 2914 cap.
2794 2846 2885 2912 il,
2914 2844 3041 2899 licet
3084 2842 3189 2896 alia
3215 2840 3501 2898 occasione

1909 2944 1976 2999 ab
2007 2943 2126 3012 ipso
2171 2939 2516 3012 pronuntiata
2550 2956 2563 2992 :
2601 2956 2620 2989 ι
2653 2937 2787 2992 Nam
2808 2938 2853 2992 si
2880 2934 3181 3006 Augustini,
3213 2934 3406 3004 inquit,
3435 2934 3504 2991 de

1909 3036 2389 3109 pradestinatione
2410 3032 2608 3105 (dicam
2634 3031 2704 3086 de
2734 3030 2909 3101 panis
2965 3027 3311 3099 parvulorum
3358 3026 3503 3097 judi-

1911 3130 2238 3197 candorum)
2267 3128 2533 3185 sententia
2564 3126 2697 3181 falsa
2745 3132 2911 3191 esset,
2964 3139 3069 3179 non
3118 3130 3305 3194 posset
3361 3120 3502 3176 idem

1914 3224 2249 3296 Augustinus
2299 3222 2369 3278 ab
2423 3221 2627 3293 ingenti
2684 3219 2986 3275 temeritate
3029 3217 3263 3285 defendi,
3311 3216 3507 3287 quippe

204 3329 339 3369 num
387 3322 442 3368 et
496 3322 739 3369 sanctum
788 3312 1071 3377 Thomam,
1100 3308 1156 3377 4,
1183 3309 1311 3365 dist.
1340 3308 1431 3375 47,
1452 3324 1505 3378 q.
1532 3324 1587 3377 p.
1614 3317 1718 3362 art.
1745 3306 1800 3373 5,

1917 3320 2001 3385 qui
2032 3332 2139 3373 non
2169 3316 2343 3372 solum
2372 3323 2477 3369 tam
2500 3314 2699 3370 acriter
2726 3328 2823 3383 pro
2842 3312 3073 3368 falsitate
3099 3319 3378 3377 certasset,
3411 3308 3507 3366 sed

202 3407 275 3462 ad
306 3407 363 3472 5,
394 3406 486 3462 ubi
517 3405 749 3461 afﬁrmat
778 3419 972 3476 pueros
991 3412 1118 3460 ante
1146 3402 1437 3473 perfectam
1461 3411 1674 3457 atatem
1705 3401 1805 3457 de-

206 3501 474 3556 cedentes
505 3499 558 3552 in
586 3498 795 3568 judicio
815 3496 1234 3567 comparitnros,
1258 3509 1364 3549 non
1394 3503 1453 3548 ut
1472 3492 1801 3563 judicentur,

204 3594 306 3651 sed
340 3605 398 3650 ut
419 3594 640 3650 videant
664 3593 892 3664 gloriam
920 3590 1135 3663 judicis.
1166 3589 1321 3657 Quod
1353 3588 1631 3658 probabile
1656 3597 1810 3657 putat

202 3688 413 3745 Suarez
455 3688 597 3759 apud
635 3687 882 3743 eumdem
933 3685 1272 3741 Morainium.
1300 3683 1535 3738 Numero
1584 3696 1712 3737 vero
1742 3681 1810 3738 i3

207 3781 446 3837 ulterius
477 3778 772 3849 reSpondet
802 3795 909 3857 non
938 3778 1069 3834 satis
1103 3786 1353 3834 constare
1383 3776 1592 3831 futuros
1641 3776 1694 3829 in
1739 3775 1812 3829 si-

205 3876 406 3942 nistra,
442 3888 503 3928 ac
536 3887 642 3929 non
669 3872 849 3944 potius
869 3872 922 3927 in
954 3870 1133 3927 medio
1177 3868 1408 3941 quodam
1459 3869 1579 3924 loco
1607 3868 1812 3924 consti—

206 3968 464 4025 tuendos.

283 4060 445 4117 Nulla
475 4068 657 4115 tamen
681 4057 885 4114 existis
907 4055 1352 4126 responsionibus
1373 4054 1581 4111 admitti
1599 4062 1773 4126 potest
1796 4071 1810 4108 :

206 4168 335 4209 nam
363 4158 551 4221 aperte
589 4149 643 4204 in
673 4147 905 4204 concilio
945 4147 1221 4213 Africano,
1247 4156 1305 4202 ut
1343 4146 1813 4213 morostendam,

206 4242 494 4300 deﬁnitum
516 4248 603 4296 est
634 4238 882 4308 parvulos
910 4236 1120 4292 futuros
1145 4237 1201 4292 in
1228 4238 1448 4294 sinistra
1480 4236 1564 4292 liis
1594 4237 1813 4292 verbis:

215 4357 235 4391 ι
274 4336 380 4405 Qui
409 4337 554 4390 enim
577 4333 765 4388 dextra
787 4341 957 4400 caret,
991 4332 1267 4387 sinistram
1294 4332 1481 4403 procul
1512 4332 1673 4387 dubio
1695 4347 1819 4403 par-

209 4440 327 4488 tem
360 4430 619 4485 incurret.
659 4445 679 4479 ι
707 4428 772 4483 Et
792 4436 1009 4482 sanctus
1036 4424 1283 4482 Gelasius
1316 4442 1472 4497 papa,
1508 4428 1560 4482 in
1590 4428 1819 4497 epistola

209 4523 281 4577 ad
304 4521 593 4591 episcopos
642 4534 739 4590 per
786 4517 1063 4585 Picenum,
1100 4518 1361 4574 adversus
1407 4519 1723 4588 Pelagianos
1752 4520 1829 4593 de,

211 4617 408 4673 iisdem
443 4614 679 4685 parvulis
730 4612 905 4683 inquit
938 4629 952 4665 :
988 4631 1006 4664 ι
1047 4611 1116 4667 Et
1137 4613 1259 4682 quia
1282 4628 1388 4667 non
1438 4614 1543 4667 nisi
1574 4616 1819 4669 dextram

219 4722 431 4782 partem
462 4709 688 4778 legimus
708 4718 765 4764 et
793 4706 1090 4773 sinistram,
1122 4722 1227 4761 non
1255 4707 1379 4761 illos
1420 4707 1617 4763 faciant
1645 4709 1696 4763 in
1745 4710 1819 4763 si-
1851 4715 1900 4774 Ι)

215 4804 385 4860 nistra
411 4802 630 4871 regione
656 4800 774 4856 sine
796 4800 1138 4869 ibaptismate
1191 4815 1503 4867 remanere,
1536 4802 1630 4856 sed
1690 4802 1823 4872 bap-

214 4900 413 4953 tizatos
435 4896 615 4952 sinant
640 4895 707 4950 ad
731 4894 981 4949 dextram
1014 4893 1306 4949 salutarem
1356 4910 1508 4949 sacra
1533 4910 1821 4964 regenera-

218 4994 372 5048 tione
402 4990 707 5046 transferri.
745 5008 764 5042 ι
799 4988 947 5045 Hanc
1001 4986 1201 5044 Gelasii
1235 4989 1519 5058 epistolam
1543 4989 1671 5060 legit
1701 4990 1817 5044 Mn-

216 5088 423 5155 raines,
455 5100 681 5157 eamque
730 5084 870 5154 disp.
901 5083 957 5150 9,
1006 5085 1250 5140 num.,3l
1278 5126 1293 5151 ,
1331 5084 1587 5139 eruditam
1642 5096 1815 5143 vocat.

218 5182 422 5237 Verum
479 5178 790 5233 omittamus
837 5176 1149 5233 Africanum
1190 5193 1450 5233 canonem
1502 5194 1565 5234 ac
1622 5178 1820 5235 Gelasii

220 5276 537 5345 epistolam,
566 5275 681 5329 hac
711 5275 854 5330 enim
884 5272 1194 5329 scholastici
1248 5281 1455 5329 veteres
1479 5289 1585 5329 non
1617 5275 1817 5344 legere,

222 5386 405 5425 nonne
420 5368 752 5439 Augustinus
769 5368 909 5422 hanc
926 5366 1246 5422 sententiam
1272 5365 1437 5420 veluti
1459 5366 1821 5423 ortliodoxum

222 5462 417 5532 dogma
451 5459 715 5515 tradidit?
737 5459 937 5516 Statuit
966 5470 1186 5515 sanctus
1224 5459 1414 5514 doctor
1448 5460 1500 5515 in
1530 5462 1689 5531 epist.
1718 5461 1819 5516 107

226 5557 289 5611 ad
328 5552 889 5611 Vit'alem‘duodecim
940 5555 1176 5624 regulas,
1208 5570 1435 5626 quarum
1476 5555 1712 5625 septima
1770 5564 1825 5609 et

231 5660 420 5707 octava
445 5650 528 5703 his
555 5648 1165 5706 verbisdescribuntur:
1203 5668 1223 5703 ί
1251 5649 1458 5707 Scimus
1484 5650 1623 5722 quod
1651 5663 1825 5703 omnes

230 5747 511 5800 astabimus
548 5754 665 5799 ante
700 5744 927 5800 tribunal
953 5744 1181 5813 Christi,
1216 5755 1274 5801 ut
1295 5751 1426 5816 [erat
1476 5745 1825 5815 unusquisque

231 5841 515 5894 secundum
544 5856 602 5891 ea
631 5854 744 5908 qua:
767 5856 857 5909 per
879 5855 1065 5907 corpus
1093 5840 1274 5909 gessit,
1304 5854 1411 5895 non
1443 5836 1736 5893 secundum
1760 5850 1824 5891 ea

231 5948 349 6002 qua
381 5929 426 5985 si
456 5930 656 5987 diutius
684 5928 913 6002 viveret,
942 5939 1194 6003 gesturus
1219 5930 1339 6002 fuit,
1364 5931 1467 5986 sive
1488 5930 1695 5998 bonum,
1724 5932 1824 5989 sive

1786 6164 1819 6188 Φ

1912 3410 2076 3467 etiam
2102 3424 2202 3480 pro
2220 3408 2325 3463 ﬁde
2353 3406 2620 3462 catholica
2634 3405 2913 3461 venditare
2934 3419 3097 3461 ausus
3112 3414 3275 3459 esset.
3306 3423 3326 3457 ι
3362 3403 3508 3460 Idem

1913 3514 2100 3574 postea
2132 3501 2295 3556 etiam
2316 3499 2535 3554 tradidit
2554 3497 2690 3553 libro
2708 3497 2896 3567 quinto
2917 3497 3099 3567 operis
3130 3493 3388 3566 postremi
3412 3496 3509 3551 ad-

1914 3610 2109 3650 versus
2148 3593 2443 3648 Julianum.
2473 3590 2615 3647 Beda
2670 3591 2851 3657 etiam,
2904 3590 2995 3660 qui
3038 3590 3197 3660 longe
3244 3600 3367 3661 post
3396 3594 3505 3646 Au-

1914 3687 2189 3758 gustinum
2222 3685 2438 3751 lloruit,
2466 3682 2698 3737 afﬁrmat
2743 3684 3038 3737 secundum
3097 3681 3417 3739 catholicam
3452 3685 3510 3738 li-

1914 3778 2038 3833 dem
2072 3776 2324 3846 parvulos
2347 3774 2667 3844 iudicandos
2697 3788 2839 3829 esse.
2876 3772 3087 3828 Etenim
3136 3774 3190 3827 in
3252 3775 3512 3844 pralimi-

1916 3871 2035 3928 nari
2059 3870 2127 3925 ad
2161 3883 2373 3924 sacrum
2397 3866 2638 3923 codicem
2674 3864 3019 3922 Canticorum
3049 3866 3307 3923 adversus
3334 3867 3506 3923 Julia-

1918 3985 2045 4024 nnm
2080 3968 2155 4022 ait
2187 3984 2201 4021 :
2242 3987 2260 4019 ι
2300 3966 2453 4035 Quod
2485 3965 2614 4021 dicit
2636 3962 2948 4036 (Julianus),
2977 3978 3083 4018 non
3122 3963 3342 4019 aliunde
3371 3963 3509 4019 alios

1915 4059 2183 4130 judicare,
2220 4058 2353 4113 alios
2389 4056 2647 4127 judicari,
2691 4055 2795 4111 nisi
2823 4055 2947 4125 quia
2975 4055 3029 4110 in
3081 4053 3271 4110 eadem
3322 4065 3512 4110 natura

1919 4155 2103 4225 dispar
2134 4155 2379 4210 voluntas
2403 4155 2509 4221 sit,
2536 4162 2589 4209 et
2615 4153 2760 4224 quia,
2793 4166 2915 4207 cum
2960 4165 3149 4207 omnes
3168 4150 3309 4209 idem
3340 4154 3514 4224 possi-

1922 4265 2063 4315 mus,
2088 4249 2302 4305 diversa
2348 4247 2629 4313 faciamus,
2682 4245 3001 4301 contr-adicit
3039 4245 3317 4302 catholica
3366 4246 3515 4313 ﬁdei,

1922 4357 2042 4412 qua
2068 4344 2230 4397 etiam
2262 4354 2537 4396 ranvunos
2586 4354 2709 4394 esse
2738 4352 3055 4394 JUDICANDOS
3081 4337 3393 4405 conﬁtetur,
3423 4352 3516 4394 eos

1923 4436 2015 4508 qui
2048 4436 2099 4491 in
2127 4434 2315 4490 eadem
2363 4443 2552 4488 natura
2585 4432 2746 4504 positi
2787 4431 3097 4502 priusquam
3140 4430 3338 4503 aliquid
3391 4431 3541 4487 boni

1923 4531 2120 4587 malive
2145 4529 2319 4585 facere
2347 4538 2443 4583 aut
2470 4528 2629 4592 velle,
2673 4537 2766 4585 aut
2792 4528 2986 4584 saltem
3026 4540 3189 4583 nosse
3232 4534 3505 4593 'ioterant,

1924 4627 2041 4681 sine
2066 4625 2330 4695 baptismo
2362 4622 2500 4693 rapti
2529 4635 2672 4678 sunt.
2696 4641 2715 4674 ι

1930 4765 2227 4822 Secundum
2257 4773 2611 4835 argumentum
2639 4778 2703 4815 ex
2733 4761 3027 4829 Scriptura.
3061 4758 3222 4835 Pueri
3238 4767 3517 4812 nascuntur

1994 4837 2083 4889 sub
2114 4832 2356 4902 potestate
2396 4835 2664 4898 damonis,
2688 4850 2751 4888 ex
2778 4850 2878 4903 qua
2908 4832 3213 4903 earumdem
3228 4846 3377 4903 pana
3397 4847 3515 4881 sen-

1998 4908 2158 4961 sibiiis
2201 4922 2374 4977 aperte
2428 4908 2825 4960 demonstratur.
2873 4903 3039 4977 Quam
3087 4902 3361 4977 infeliciter
3400 4903 3517 4977 huic

1997 4971 2299 5049 argumento
2329 4979 2391 5032 ab
2425 4979 2733 5031 adversariis
2767 4975 3165 5049 respondeatur.
3198 4971 3325 5026 Octo
3358 4973 3517 5042 pomis

1999 5048 2237 5121 parvulos
2263 5051 2469 5122 subjici,
2500 5064 2613 5118 quae
2641 5048 2853 5102 breviter
2880 5054 3233 5099 numerantur.

2004 5185 2251 5241 Alterum
2273 5195 2647 5258 argumentum
2689 5180 2990 5237 desumitur
3038 5194 3107 5235 ex
3155 5179 3406 5236 omnibus
3460 5180 3523 5234 iis

1930 5293 2098 5334 sacrm
2129 5278 2336 5347 pagina
2364 5276 2498 5331 locis
2526 5277 2580 5329 in
2625 5274 2821 5344 quibus
2870 5273 3089 5328 humani
3146 5275 3359 5343 generis
3400 5287 3524 5340 cap-

1933 5374 2108 5429 tivitas
2142 5374 2242 5430 sub
2274 5372 2515 5441 principe
2568 5372 2816 5425 daemone
2856 5368 3187 5439 designatur.
3220 5368 3375 5423 .loan.
3426 5385 3521 5433 xu,

1931 5465 1995 5520 5i
2026 5483 2040 5522 :
2072 5464 2121 5519 Ν
2132 5481 2231 5518 unc
2252 5462 2501 5535 Princeps
2525 5464 2682 5535 hujus
2707 5462 2885 5515 mundi
2915 5463 3143 5532 ejiciatur
3168 5464 3328 5530 foras.
3360 5462 3523 5516 Marc.

1934 5573 2014 5623 tu,
2048 5557 2115 5610 27
2151 5574 2163 5609 :
2198 5556 2366 5610 Nemo
2396 5565 2559 5625 potest
2586 5571 2705 5609 vasa
2739 5554 2890 5623 {ortis
2920 5555 3176 5626 ingressus
3224 5554 3275 5607 in
3308 5555 3517 5607 domum

1932 5649 2178 5717 diripere,
2213 5649 2313 5701 nisi
2335 5648 2477 5719 prius
2500 5648 2682 5717 [artem
2722 5647 2922 5720 alliget,
2954 5658 3002 5701 et
3033 5656 3152 5701 tunc
3180 5644 3389 5699 domum
3416 5650 3528 5718 ejus

1934 5744 2159 5814 diripiet.
2197 5743 2339 5798 Ideni
2364 5742 2622 5797 Dominus
2643 5751 2867 5799 testatur
2895 5741 3081 5797 Matth.
3117 5758 3215 5808 xu,
3244 5741 3316 5797 ‘29
3345 5758 3358 5795 :
3388 5741 3528 5806 Quo-

1933 5815 2087 5892 m.odo
2129 5847 2289 5908 potest
2342 5837 2615 5908 quisquam
2668 5838 2862 5892 intrare
2913 5838 2965 5891 in
3010 5838 3215 5890 domum
3265 5837 3433 5904 fortis,
3479 5844 3528 5891 et

1933 5948 2053 5987 vasa
2082 5933 2197 6003 ejus
2244 5931 2488 6001 diripere,
2516 5929 2615 5987 nisi
2663 5932 2807 6003 prius
2862 5930 3149 6003 alligarerit
3181 5929 3413 6000 fortem?
3466 5927 3528 5983 Et
