3962 6346
454 343 561 403 635

1348 322 1902 391 SUPPLEMENTUM
1940 321 2033 380 AD
2068 317 2301 380 OPERA
2338 319 2397 376 δ.
2438 310 2832 374 Αυαυετιηι.

3345 255 3375 263 »ν

3635 298 3732 354 656

454 460 613 515 Lucae
643 472 695 513 ιι
722 455 979 515 Dominus
1026 455 1303 521 comparat
1327 446 1629 504 dmmonem
1680 442 1803 516 forti
1850 448 2048 495 armato
2075 438 2125 500 Α
2156 434 2394 492 Ecclesia
2425 432 2766 490 uniformiter
2794 428 2925 502 agit,
2948 441 3054 483 non
3084 424 3261 521 otioso
3309 421 3737 521 contemplemur

456 550 767 606 custodienti
795 551 983 603 atrium
1003 560 1178 601 suum.
1203 543 1281 598 Ex
1298 541 1495 613 quibus
1516 539 1649 596 locis
1681 545 1901 595 sanctus
1922 536 2048 591 doc-

458 654 542 701 tor
565 641 728 700 infert
749 640 1000 713 parvulos
1017 653 1137 693 cum
1162 636 1406 708 principe
1433 633 1678 689 daemone
1701 639 1903 688 aeterno
1928 630 2051 700 igne

460 737 803 797 cremandos.
835 732 977 790 Audi
1019 733 1289 803 integrum
1342 726 1561 783 maximi
1592 724 1697 781 viri
1749 723 2051 780 discursum

462 832 559 889 lib.
590 846 649 886 lli
680 827 875 898 Operis
899 823 1197 898 imperfecti
1226 831 1413 877 contra
1435 819 1709 876 Julianum
1730 858 1745 883 ,
1777 831 1895 886 cap.
1926 815 2047 882 199,

456 922 609 996 cujus
652 920 898 993 superius
938 917 1299 991 fragmentum
1343 912 1514 969 dedi:
1555 929 1574 963 α
1609 910 1690 966 Tu
1731 919 1943 976 autem,
1972 908 2054 962 in-

457 1016 593 1087 quit,
618 1014 709 1087 qui
742 1028 861 1070 eam
892 1012 1109 1084 (nempe
1139 1008 1424 1080 imaginem
1450 1004 1567 1077 Dei)
1602 1018 1764 1074 negas
1785 1017 1815 1057 a
1838 1001 2077 1058 diabolo.

461 1106 754 1183 possideri,
788 1105 974 1179 procul
1005 1102 1169 1159 dubio
1196 1116 1363 1173 negas
1389 1114 1420 1153 a
1453 1104 1717 1167 potestate
1747 1093 1862 1150 erui
1895 1102 2052 1149 tene-

463 1205 710 1274 brarum,
739 1216 860 1257 cum
882 1201 936 1255 in
964 1198 1168 1256 Christi
1194 1212 1418 1269 regnum
1441 1193 1849 1265 regeneratione
1881 1200 2056 1246 trans-

470 1299 663 1366 fertur,
699 1306 753 1353 et
779 1310 1003 1353 accusas
1034 1293 1341 1348 universam
1391 1287 1711 1345 catholicam
1759 1284 2056 1341 Ecclesiam

467 1407 662 1466 magno
690 1391 918 1447 crimine
944 1387 1239 1457 majestatis
1273 1403 1289 1453 ;
1321 1398 1427 1439 non
1454 1383 1599 1438 enim
1632 1378 1842 1451 legibus
1896 1377 2060 1448 hujus

462 1486 648 1542 mundi
679 1494 892 1541 tenetur
920 1496 1046 1537 reus
1068 1478 1308 1552 quisquis
1336 1476 1647 1547 imaginem,
1679 1472 1922 1544 quamvis
1950 1485 2059 1525 non

461 1577 678 1645 vivam,
733 1574 1073 1643 imperatoris
1129 1569 1399 1627 exsufflat.
1443 1565 1817 1622 Exsuiﬂantur
1866 1570 2060 1634 autem

464 1667 674 1740 parvuli
707 1667 762 1721 in
795 1662 1098 1720 exorcismo
1128 1661 1440 1732 priusquam
1472 1658 1847 1728 baptizentur;
1882 1651 2062 1710 exsuf-

462 1757 659 1813 ﬂantur
706 1755 870 1827 igitur
908 1754 1043 1809 vivae
1089 1750 1371 1821 imagines,
1431 1764 1541 1803 non
1597 1749 1737 1818 regis
1777 1747 2059 1817 cujusque,

2153 528 2379 594 intuitu;
2411 541 2534 583 cum
2564 526 2678 582 sive
2706 521 2948 596 parvuli,
2979 521 3097 579 sive
3120 519 3346 591 juvenes
3366 516 3435 573 ad
3456 531 3738 588 regenera-

2154 623 2315 678 tionis
2342 622 2572 678 veniunt
2600 626 3022 685 sacramentum,
3056 629 3163 669 non
3195 614 3347 683 prius
3399 611 3608 667 fontem
3631 611 3742 667 vitae

2153 718 2371 784 adeunt,
2403 729 2563 789 quam
2587 712 2905 771 exorcismis
2926 756 2941 780 ,
2975 719 3031 767 et
3048 706 3523 766 exsufflationibus
3580 705 3744 762 Cleri-

2155 824 2338 865 corum
2367 806 2588 878 spiritus
2627 805 2697 861 ab
2727 806 2807 861 eis
2837 802 3143 859 immundus
3191 802 3463 873 abigatur,
3522 808 3587 854 ut
3630 808 3745 858 tunc

2156 916 2283 956 vere
2303 908 2584 970 appareat,
2637 897 2907 968 quomodo
2953 894 3204 962 Princeps
3252 893 3432 948 mundi
3460 892 3622 963 hujus
3642 893 3749 947 mit-

2156 1000 2296 1046 tatur
2323 991 2467 1061 {oras
2492 988 2672 1064 (Joan.
2704 988 2829 1060 xu),
2861 998 2911 1042 et
2932 988 3187 1060 quomodo
3216 987 3362 1056 prius
3385 985 3636 1057 alligetur
3656 986 3750 1055 {or-

2158 1087 2244 1153 tis,
2273 1093 2321 1140 et
2343 1085 2583 1156 deinceps
2616 1100 2741 1139 vasa
2779 1085 2894 1156 ejus
2932 1082 3246 1154 diripiantur
3283 1081 3339 1136 in
3387 1082 3749 1147 possessivum

2158 1180 2414 1234 translata
2456 1180 2664 1233 victoris
2715 1176 2933 1250 (Matth.
2992 1177 3116 1249 xu),
3167 1178 3258 1248 qui
3298 1178 3555 1249 captiuam
3619 1178 3752 1232 ducit

2160 1271 2507 1341 captivitatem
2549 1268 2726 1343 (Psal.
2777 1268 2966 1341 cxvu),
3023 1279 3070 1326 et
3127 1271 3219 1325 dat
3273 1271 3410 1325 dona
3468 1270 3755 1328 hominibus

2163 1364 2380 1437 (Ephcs.
2406 1360 2507 1435 tv).
2544 1362 2640 1419 llis
2669 1378 2823 1434 ergo,
2855 1371 2959 1419 etc.
2992 1381 3011 1416 ι
3049 1362 3547 1431 Quamdoctrinam
3579 1374 3753 1433 postea

2162 1458 2414 1513 universa
2446 1455 2689 1512 Ecclesia
2720 1454 2961 1525 tradidit,
2994 1464 3053 1511 ut
3091 1465 3240 1528 patet
3266 1471 3333 1513 ex
3362 1470 3484 1528 cap.
3516 1456 3755 1513 Sacerdo-

2166 1559 2259 1618 tes,
2294 1550 2361 1606 de
2400 1548 2718 1606 Consecrat.
2757 1548 2885 1604 dist.
2918 1550 2975 1617 4,
3003 1559 3056 1605 et
3110 1564 3231 1622 cap.
3267 1550 3505 1620 Parvuli,
3560 1560 3619 1607 et
3649 1566 3755 1623 cap.

2166 1646 2316 1702 Sicut
2344 1645 2532 1714 nossis,
2552 1651 2609 1700 et
2631 1658 2751 1715 cap.
2786 1644 3006 1712 Dehinc,
3022 1654 3150 1712 etc.,
3166 1653 3221 1701 et
3242 1660 3506 1717 expresse
3527 1646 3761 1717 synodus

2164 1739 2500 1809 Tridentina,
2532 1753 2670 1795 sess.
2695 1738 2761 1807 5,
2785 1736 2853 1795 de
2882 1747 3101 1810 peccato
3157 1740 3296 1811 orig.
3355 1739 3575 1808 deﬁnit,
3600 1738 3762 1795 Adam

462 1848 556 1907 sed
584 1848 697 1904 Dei.
726 1848 840 1904 lmo
871 1860 1001 1903 vero
1031 1843 1368 1909 exsufflatnr,
1398 1842 1493 1897 sed
1507 1840 1771 1907 diabolus,
1798 1838 1889 1910 qui
1918 1852 2053 1895 con-
2084 1833 2130 1896 Β
2164 1851 2185 1886 ι
2224 1832 2514 1889 incurrisse
2539 1846 2662 1888 cum
2686 1840 2860 1888 ηιοῐῐϐ
2888 1832 3262 1903 ωριίνίιδιθηι
3286 1833 3386 1889 50b
3436 1832 3559 1905 eius
3583 1842 3764 1905 Ροῑεε·

463 1943 679 2014 tagione
712 1938 920 2012 peccati
958 1945 1111 1995 tenet
1135 1934 1324 2006 procul
1355 1934 1516 1989 dubio
1567 1948 1741 1999 reum,
1774 1943 1827 1985 ut
1861 1930 1953 1988 lllo
1982 1929 2062 1985 foo

465 2048 553 2091 ras
584 2036 780 2103 misso,
813 2032 1073 2105 parvulus
1105 2028 1461 2085 transferatur
1508 2027 1573 2083 ad
1627 2027 1926 2082 Christum.
1952 2026 2062 2081 Ex-

467 2125 716 2182 sntiletur
742 2125 925 2195 itaque
947 2122 1142 2179 Juliani
1183 2119 1439 2187 amentia,
1473 2135 1541 2176 ne
1570 2118 1867 2191 majestatis
1887 2133 1977 2174 rea
2007 2119 2062 2173 in

468 2217 816 2288 parvulorum
850 2214 1196 2271 mundatione
1241 2221 1297 2269 et
1324 2211 1700 2269 exsufﬂatione
1723 2212 1931 2267 dicatur
1961 2210 2064 2267 Ec-

468 2310 659 2367 clesia.
722 2309 778 2366 Si
827 2316 1005 2366 autem
1039 2324 1145 2363 non
1172 2308 1379 2363 eruitur
1425 2306 1492 2363 de
1526 2314 1791 2377 potestate
1818 2303 2065 2360 tenebra-

466 2418 608 2470 rum,
642 2412 695 2461 et
723 2403 830 2460 illic
860 2412 1103 2460 remanet
1124 2403 1401 2474 parvulus,
1436 2402 1564 2473 quid
1598 2399 1812 2455 miraris
1860 2415 1911 2455 tu
1942 2415 2064 2456 rcus

471 2512 696 2554 arcano
725 2512 830 2552 cun
856 2512 1080 2554 DIABOLO
1105 2510 1376 2562 rurunuu,
1408 2495 1499 2566 qui
1532 2497 1585 2550 in
1615 2495 1710 2550 Dei
1736 2508 1956 2566 regnum
1986 2496 2067 2549 in-

469 2599 614 2647 trare
644 2606 751 2647 non
792 2592 1031 2647 sinitur?
1060 2591 1141 2647 An
1171 2591 1291 2663 quia
1336 2590 1610 2660 Pelagiani
1670 2589 1853 2645 nescio
1905 2604 2065 2661 quem

470 2680 705 2753 parvulis
737 2682 1345 2754 nonbaptizatisprteter
1375 2682 1469 2737 Dei
1491 2696 1736 2752 regnum,
1770 2681 1965 2751 quietis
2012 2688 2068 2738 et

470 2773 598 2828 vitae
618 2782 833 2830 aeternae
860 2774 1035 2831 locum
1068 2784 1392 2846 praeparant,
1423 2773 1544 2830 ideo
1570 2773 1769 2830 Christi
1799 2774 1904 2829 erit
1934 2773 2067 2831 falsa

468 2866 782 2922 sententia:
827 2866 930 2935 Qui
975 2868 1252 2929 crediderit
1282 2875 1329 2921 et
1385 2866 1678 2936 baptizatus
1723 2866 1875 2937 fuerit
1897 2866 2067 2923 salvus

469 2962 585 3028 erit,
614 2962 703 3032 qui
740 2971 912 3019 autem
965 2980 1067 3019 non
1097 2965 1373 3021 crediderit
1420 2963 1839 3019 condemnabitur
1869 2964 2065 3039 (Marc.

472 3054 629 3127 xvi)?
660 3074 679 3108 ι
710 3055 913 3112 Rursus
958 3056 1052 3115 lib.
1098 3073 1129 3112 v
1157 3057 1399 3128 ejusdem
1448 3057 1628 3128 operis
1653 3073 1773 3129 cap.
1804 3058 1837 3114 6
1866 3075 1877 3111 :
1929 3075 1947 3109 ι
1986 3057 2069 3113 An

470 3150 631 3219 forte,
692 3150 885 3222 inquit,
911 3150 1159 3209 homines
1193 3169 1301 3208 non
1350 3163 1512 3221 sunt,
1544 3154 1636 3224 qui
1685 3160 1945 3209 eruantur
2001 3154 2070 3210 de

2168 1934 2298 1991 tate,
2330 1924 2421 1994 qui
2447 1925 2639 1981 mortis
2656 1923 2856 1981 deinde
2880 1924 3068 1982 habuit
3088 1926 3399 1997 imperium,
3426 1927 3535 1983 hoc
3557 1935 3643 1985 est
3666 1927 3766 1985 dia-

2167 2021 2301 2077 boli.
2336 2037 2357 2073 ι
2385 2019 2523 2077 Hinc
2563 2028 2783 2077 sanctus
2838 2020 3190 2093 Augustinus,
3224 2022 3317 2078 lib.
3350 2039 3403 2078 v1
3432 2022 3635 2097 Operis
3676 2024 3766 2083 im-

2167 2114 2308 2187 perf.
2334 2122 2519 2170 contra
2544 2113 2675 2183 Jul.,
2700 2128 2821 2185 cap.
2839 2113 2931 2183 2t),
2955 2115 3302 2186 reprehendit
3328 2115 3611 2173 Iulianum
3636 2134 3771 2192 aegre

2168 2206 2429 2265 ferentem
2459 2208 2750 2275 dominum,
2774 2224 2836 2263 ac
2854 2225 3205 2280 possessorem
3226 2212 3448 2284 imagini
3469 2212 3575 2267 Dei
3604 2211 3770 2267 diabo-

2169 2303 2277 2358 lum
2302 2304 2519 2375 imponi,
2552 2302 2671 2360 haec
2700 2303 2944 2361 scribens
2976 2323 2991 2361 :
3025 2324 3045 2358 ‹
3082 2305 3222 2363 Dicit
3245 2305 3430 2375 Jesus,
3457 2307 3552 2379 qui
3582 2322 3770 2365 secun-

2168 2396 2296 2452 dum
2324 2396 2424 2454 hoc
2462 2411 2659 2453 nomen
2690 2412 2847 2454 suum
2881 2397 3087 2455 salvum
3134 2398 3265 2455 facit
3325 2400 3588 2474 populum
3622 2416 3771 2459 suum

2168 2510 2198 2550 a
2226 2492 2459 2567 peccatis
2486 2509 2672 2550 eorum
2698 2512 2711 2549 :
2751 2493 2919 2551 Nemo
2957 2496 3114 2550 intrat
3143 2496 3197 2551 in
3228 2497 3439 2553 domum
3471 2501 3653 2573 fortis,
3679 2502 3771 2557 nisi

2168 2589 2314 2660 prius
2343 2587 2632 2659 alligaverit
2654 2588 2859 2660 fortem,
2892 2598 2946 2646 et
2982 2604 3077 2645 vos
3102 2592 3155 2645 in
3188 2590 3291 2647 hoc
3319 2592 3520 2665 populo
3550 2594 3769 2665 Christi,

2170 2698 2330 2755 quem
2366 2683 2574 2738 salvum
2614 2682 2741 2740 facit
2788 2698 2817 2738 a
2876 2684 3112 2756 peccatis
3144 2701 3353 2754 eorum,
3386 2688 3645 2757 parvulos
3672 2705 3770 2747 non

2171 2790 2293 2833 esse
2319 2776 2640 2845 conceditis,
2679 2791 2814 2848 quos
2846 2786 2905 2834 ut
2932 2792 2961 2835 a
2992 2780 3257 2853 propriis,
3287 2780 3363 2835 ita
3391 2797 3493 2836 nec
3544 2782 3769 2854 origina-

2172 2870 2312 2927 libus
2334 2870 2500 2926 vultis
2525 2871 2817 2927 obstrictos
2847 2884 2967 2928 esse
3004 2874 3272 2944 peccatis,
3325 2883 3377 2929 et
3427 2889 3554 2932 cum
3602 2874 3768 2931 fallaci

2170 2969 2353 3020 vestro
2372 2976 2623 3019 sermone
2668 2961 2906 3019 minuitis
2955 2963 3099 3020 vires
3122 2964 3265 3036 ejus,
3300 2979 3461 3037 quem
3507 2963 3767 3024 dixit‘Vc-

2171 3052 2304 3109 ritas
2332 3052 2546 3109 fortem.
2578 3070 2598 3105 ι
2627 3052 2820 3109 Postea
2853 3069 2868 3107 :
2898 3071 2917 3105 ί
2954 3050 3064 3108 Nec
3094 3052 3188 3109 tibi
3212 3053 3467 3113 videatur
3496 3055 3765 3130 indignum

2176 3146 2319 3218 quod
2349 3146 2596 3218 subjecta
2628 3150 2711 3201 est
2738 3144 2953 3201 diabolo
2989 3146 3167 3219 imago
3196 3144 3328 3214 Dei;
3363 3147 3467 3203 hoc
3498 3148 3644 3203 enim
3671 3163 3763 3203 non

473 3252 738 3315 potestate
781 3246 1148 3315 tenebrarum,
1184 3263 1413 3319 quarum
1468 3255 1612 3303 tenet
1641 3246 1891 3303 diabolus
1921 3246 2067 3317 prin-
2093 3223 2143 3289 (ἶ
2174 3240 2329 3301 fieret
2360 3240 2462 3295 nisi
2486 3238 2691 3312 judicio
2718 3239 2852 3308 Dei,
2887 3253 2985 3296 nec
3012 3250 3327 3298 removetur
3351 3243 3453 3297 ista
3480 3241 3761 3312 damnatio,

472 3335 709 3405 cipatum
735 3335 756 3390 i
784 3337 888 3394 Aut
917 3353 1046 3395 vero
1078 3354 1165 3395 iTA
1194 3355 1397 3396 DESlPlS
1426 3348 1483 3394 ut
1523 3337 1765 3397 affirmes
1814 3352 1909 3395 eos
1964 3338 2067 3394 sibi

482 3427 757 3484 diabolum
791 3446 897 3487 non
925 3433 1224 3500 vindicare,
1252 3449 1387 3505 quos
1414 3434 1656 3505 possidet
1677 3443 1868 3491 et‘suze
1890 3440 2072 3508 potes-

486 3521 583 3576 tati
614 3522 860 3579 subditos
894 3526 1207 3584 tenetiSed
1240 3539 1297 3583 ut
1340 3538 1546 3587 taceam
1578 3529 1645 3585 de
1676 3529 1759 3587 his
1802 3545 1944 3602 quos
1976 3547 2072 3601 po-

473 3618 627 3672 testis
650 3617 831 3675 dicere
860 3635 956 3691 per
983 3638 1135 3679 suam
1195 3622 1388 3679 malam
1418 3624 1749 3685 voluntatem
1777 3639 1807 3680 a
1856 3624 2072 3683 diabolo

476 3709 771 3778 possideri,
807 3712 934 3784 quid
962 3714 1203 3771 dicturus
1244 3731 1302 3771 es
1329 3715 1396 3772 de
1427 3715 1521 3773 illo
1549 3716 1616 3774 de
1666 3732 1773 3789 quo
1814 3724 1967 3791 pater
1990 3716 2071 3790 ip-

487 3802 623 3869 sius,
660 3804 886 3861 Domino
917 3806 1306 3880 interrogante,
1334 3808 1613 3881 respondit
1641 3810 1782 3883 quod
1810 3826 1875 3867 ex
1907 3811 2074 3866 infan-

481 3896 549 3951 tia
581 3911 675 3952 sua
708 3896 774 3953 ab
803 3900 1081 3958 immundo
1097 3903 1285 3974 spiritu
1318 3904 1645 3961 vexaretur?
1683 3905 1872 3962 Nonne
1902 3920 2073 3961 mem-

404 3979 413 3993 ’
476 3986 573 4043 bra
597 3988 712 4059 ejus
743 4000 794 4047 et
823 4007 1037 4061 sensus,
1066 4012 1185 4075 quae
1217 3999 1396 4052 omnia
1428 3997 1538 4054 Deo
1586 4007 1805 4053 auctore
1829 3998 2070 4057 instituta

476 4086 622 4146 sunt,
658 4089 714 4135 et
740 4086 1049 4139 communia
1099 4086 1411 4157 impiorum,
1447 4086 1769 4158 pierumque
1800 4096 1927 4144 sunt
1954 4103 2073 4144 mu-

476 4189 631 4242 nera,
656 4176 901 4235 diabolus
932 4180 1059 4245 sibi,
1106 4190 1166 4236 ut
1218 4181 1503 4254 affligeret,
1535 4181 1873 4239 vindicabat?
1899 4188 2005 4238 etc.
2046 4200 2066 4235 ι

485 4265 600 4321 Hoc
649 4280 1024 4337 argumentum
1064 4272 1219 4327 valde
1286 4282 1501 4344 torquet
1551 4274 1913 4340 adversarios,
1981 4273 2073 4345 qui

482 4357 649 4413 variis
737 4358 879 4415 datis
932 4362 1289 4419 solutionibus
1361 4366 1465 4421 vim
1538 4366 1819 4435 ejusdem,
1864 4376 1922 4423 ut
1972 4382 2074 4439 ego

480 4452 698 4521 quidem
725 4453 956 4511 arbitror
974 4498 988 4522 ,
1026 4457 1223 4513 frustra
1250 4460 1479 4517 evadere
1504 4474 1784 4520 conantur.

558 4545 871 4620 ReSpondet
895 4552 1070 4621 primo
1092 4551 1305 4624 quidam
1348 4554 1480 4610 alias
1506 4556 1892 4616 celeberrimus
1922 4558 2073 4615 theo-

482 4641 633 4713 logus
663 4659 678 4698 :
713 4642 836 4698 Haec
864 4660 1018 4715 poena
1046 4661 1150 4701 non
1177 4647 1387 4702 videtur
1426 4649 1605 4705 debita
1664 4660 1884 4721 peccato
1908 4652 2068 4723 origi.

480 4735 588 4795 nali
614 4754 628 4804 ;
660 4736 801 4795 sicut
820 4738 871 4796 ei
896 4755 1000 4800 non
1033 4741 1263 4799 debetur
1294 4758 1451 4811 paena
1482 4759 1699 4811 sensus,
1726 4748 1798 4803 ita
1846 4763 1953 4803 non
1975 4747 2071 4803 de-

482 4828 636 4885 betur
665 4829 823 4886 simui
853 4831 1071 4887 traditio
1096 4834 1147 4887 in
1172 4849 1361 4891 manus
1392 4836 1561 4893 hostis
1608 4840 1967 4909 potentissimi
2018 4851 2072 4895 et

480 4921 851 4993 infensissimi,
884 4922 973 4995 qui
1002 4921 1260 4994 perducat
1305 4926 1574 4984 hominem
1608 4928 1658 4983 in
1695 4930 2068 4987 nece85itatem

483 5020 745 5076 moralem
765 5018 1075 5078 incurrendi
1120 5020 1387 5092 ejusmodi
1418 5038 1653 5092 poenam,
1688 5036 1741 5081 et
1770 5025 1929 5082 simul
1952 5030 2073 5095 pro-

486 5108 675 5164 hibitio
701 5108 1109 5166 auxiliatoribus
1142 5126 1209 5167 ne
1235 5115 1509 5183 suppetias
1532 5114 1725 5170 ferant.
1755 5116 1881 5172 Haec
1928 5117 2070 5173 enim

485 5208 628 5256 esset
658 5216 816 5272 pmna
842 5203 1056 5271 gravior
1077 5218 1235 5276 quam
1262 5220 1419 5277 paena
1448 5221 1638 5262 sensus
1666 5225 1679 5274 ;
1713 5209 1910 5279 quippe
1942 5211 2074 5265 tole-

484 5294 708 5350 rabilius
721 5302 804 5350 est
816 5294 990 5351 solum
1010 5297 1234 5353 cruciari
1254 5314 1413 5367 quam
1431 5300 1555 5369 poni
1572 5300 1623 5353 in
1644 5300 1829 5355 morali
1848 5302 2075 5357 necessi-

488 5398 597 5444 tate
624 5390 745 5445 novi
762 5389 1006 5446 criminis
1023 5394 1284 5461 merentis
1301 5392 1449 5449 illum
1470 5397 1790 5451 cruciatum.
1815 5394 1941 5452 Haec
1965 5412 2077 5454 res-

486 5481 680 5551 ponsio
697 5494 804 5537 non
818 5493 1080 5538 consonat
1099 5484 1357 5541 Ecclesia:
1376 5487 1593 5542 statutis
1607 5502 1668 5543 ex
1685 5487 1879 5557 quibus
1894 5497 2079 5560 aperte

494 5573 766 5643 colligitur
795 5589 858 5629 ex
878 5583 1096 5643 peccato
1108 5576 1353 5649 originali
1370 5592 1467 5632 nos
1491 5592 1612 5635 esse
1627 5577 1866 5649 captivos
1878 5580 2077 5635 daemo-

491 5668 595 5725 nis.
610 5667 839 5727 Sanctus
851 5667 1193 5737 leestinus,
1219 5679 1271 5725 ut
1295 5671 1453 5743 vulgo
1476 5681 1681 5741 putant,
1704 5672 1755 5727 in
1771 5672 1996 5743 epistola
2013 5672 2076 5727 ad

490 5761 773 5831 episcopos
800 5760 1135 5832 Gallim,cap.
1168 5762 1257 5830 12,
1278 5762 1392 5818 haec
1413 5762 1602 5818 definit
1634 5780 1646 5818 :
1679 5784 1697 5817 ς
1734 5763 1863 5819 Illud
1890 5765 2075 5833 etiam,

490 5852 633 5928 quod
663 5853 804 5913 circa
858 5851 1209 5928 baptizandos
1240 5853 1291 5911 in
1350 5855 1602 5912 universo
1642 5855 1841 5913 mundo
1896 5867 2079 5913 sancta

2172 3334 2278 3393 nisi
2308 3335 2480 3410 gratia
2504 3332 2619 3402 Dei,
2648 3341 2753 3389 etc.
2796 3351 2815 3385 ι

2243 3428 2568 3485 Catharinus
2598 3443 2750 3485 more
2776 3427 2957 3496 solito,
2989 3427 3095 3487 hoc
3114 3436 3196 3485 est
3222 3429 3498 3500 audacter,
3532 3432 3587 3487 in
3615 3446 3764 3504 Opus-

2172 3523 2299 3580 culo
2327 3524 2493 3580 citato
2522 3523 2598 3580 ait
2626 3541 2642 3581 :
2678 3542 2697 3577 ι
2732 3524 2917 3596 Neque
2946 3524 3047 3582 sub
3076 3525 3278 3583 diaboli
3310 3540 3576 3600 perpetuo
3606 3542 3767 3602 potes-

2173 3625 2282 3679 tate
2311 3627 2489 3691 erunt,
2526 3618 2651 3691 quia
2681 3626 2736 3675 et
2765 3632 2864 3691 pro
2909 3618 3012 3675 illis
3042 3619 3248 3691 ejectus
3279 3623 3385 3679 erit
3412 3623 3662 3683 diabolus
3699 3628 3767 3683 fo-

2173 3724 2263 3767 ras
2292 3711 2346 3765 in
2378 3710 2467 3766 die
2515 3710 2835 3781 novissimo,
2866 3719 2924 3767 ut
2949 3710 3083 3768 nihil
3122 3712 3263 3784 juris
3310 3713 3509 3772 habeat
3557 3718 3767 3776 ulterius

2174 3806 2226 3862 in
2274 3803 2419 3860 illos.
2459 3823 2478 3857 ι
2514 3800 2627 3859 lloc
2678 3811 2855 3860 tamen
2912 3819 3266 3877 responsum,
3316 3819 3373 3862 ut
3421 3809 3563 3866 bene
3620 3811 3768 3868 etiam

2173 3898 2379 3954 notavit
2419 3894 2797 3963 Bellarminus,
2846 3895 2914 3951 ab
2965 3896 3183 3953 homine
3234 3897 3510 3956 catholico
3565 3901 3769 3959 defendi

2174 3991 2397 4047 minime
2426 3998 2627 4061 potest.
2661 3990 2793 4046 Peto
2821 3991 2965 4046 enim
2994 4005 3160 4065 quare
3205 3991 3437 4049 infantes
3466 3996 3630 4051 modo
3673 3996 3772 4054 sint

2174 4083 2370 4154 captivi
2418 4081 2719 4139 daemonis?
2778 4083 2931 4139 Clara
2988 4092 3113 4141 sunt
3172 4083 3429 4142 Ecclesiae
3480 4090 3769 4160 dogmata:

2173 4174 2255 4232 0b
2290 4176 2497 4249 peccati
2548 4174 2824 4247 originalis
2866 4176 3153 4234 maculam.
3185 4177 3395 4237 Rursus
3440 4180 3769 4259 interrogar-

2175 4264 2276 4323 dus
2304 4274 2389 4323 est
2416 4266 2738 4323 Cathariuus
2765 4282 2832 4322 an
2873 4266 2990 4324 haec
3035 4268 3243 4323 macula
3273 4269 3529 4329 duratura
3561 4274 3631 4331 sit
3656 4282 3768 4348 post

2176 4359 2319 4415 diem
2347 4358 2533 4431 judicii
2593 4359 2679 4416 vel
2709 4362 2860 4417 non?
2899 4360 2953 4418 Si
2982 4361 3276 4418 secundum
3327 4362 3492 4435 dicat,
3522 4366 3575 4422 in
3620 4383 3764 4423 erro-

2178 4470 2290 4510 rcm
2320 4453 2539 4527 labitur,
2567 4455 2683 4510 solo
2710 4455 2852 4510 cnim
2883 4455 3211 4531 baptismate
3241 4456 3335 4514 illa
3366 4458 3523 4531 culpa
3550 4457 3761 4517 destrui-

2144 4558 2266 4605 °tur
2300 4567 2311 4602 :
2348 4567 2367 4601 ι
2404 4548 2528 4603 Haec
2572 4547 2684 4604 noli
2716 4547 2918 4617 dicere,
2951 4548 3025 4604 ait
3064 4549 3421 4622 Augustinus,
3476 4552 3520 4608 si
3551 4551 3625 4607 vis
3655 4566 3759 4608 esse

2102 4617 2473 4699 Bcatholicus
2518 4640 2629 4713 (lib.
2678 4657 2735 4697 tn
2785 4641 2848 4697 de
2909 4641 3055 4717 Orig.
3128 4617 3337 4715 animae,
3382 4617 3499 4718 cap.
3548 4645 3622 4719 9).
3660 4665 3677 4700 ι
3710 4644 3758 4701 Si

2179 4740 2433 4811 primum,
2473 4753 2601 4809 ergo
2650 4737 2949 4795 remanebit
2993 4737 3257 4813 integrum
3301 4739 3390 4815 jus
3438 4740 3666 4799 daemoni
3712 4740 3759 4794 in

2180 4845 2375 4902 pueros
2405 4830 2564 4887 etiam
2598 4840 2719 4902 post
2762 4829 2903 4886 diem
2942 4828 3153 4902 judicii,
3186 4844 3307 4889 cum
3339 4831 3519 4887 adhuc
3561 4831 3758 4889 obnoxii

2177 4931 2338 4978 erunt
2382 4930 2602 4994 peccato
2652 4922 2919 4992 originali.
2963 4921 3181 4995 Audiat,
3231 4922 3358 4980 velit
3407 4924 3565 4995 nolit,
3595 4928 3759 4998 Augu-

2180 5016 2401 5084 stinum,
2437 5031 2595 5086 quem
2640 5013 2741 5070 hac
2781 5015 2835 5071 in
2866 5016 3186 5087 quaeStione,
3230 5012 3307 5072 uti
3352 5017 3405 5073 in
3458 5018 3580 5076 aliis
3616 5019 3757 5076 etiam

2182 5124 2324 5182 smpe
2355 5110 2630 5179 impugnat
2659 5108 2752 5164 lib.
2783 5125 2799 5164 ι
2830 5110 2897 5166 de
2928 5108 3133 5180 Nuptiis
3163 5120 3216 5168 et
3244 5127 3503 5187 concup.,
3527 5132 3637 5187 cap.
3662 5114 3755 5169 ἣδε

2188 5223 2205 5254 ‹
2248 5202 2356 5260 Hoc
2402 5202 2585 5275 generi
2637 5203 2872 5259 humano
2913 5203 3170 5259 inﬂictum
3218 5204 3417 5262 vulnus
3464 5222 3494 5261 a
3542 5207 3756 5272 diabolo,

2181 5299 2436 5371 quidquid
2472 5314 2569 5369 per
2613 5296 2747 5353 illud
2795 5296 3034 5354 nascitur
3074 5299 3217 5375 cogit
3263 5315 3387 5357 esse
3415 5302 3517 5357 sub
3544 5299 3755 5362 diabolo,

2183 5397 2434 5460 tanquam
2467 5390 2535 5445 de
2563 5405 2661 5445 suo
2693 5388 2885 5444 frutice
2931 5388 3161 5444 fructum
3205 5390 3328 5462 jure
3357 5392 3624 5466 decerpat,
3662 5404 3755 5445 non

2182 5484 2324 5551 quod
2354 5483 2421 5538 ab
2454 5483 2545 5537 illo
2576 5484 2646 5537 sit
2695 5491 2882 5539 natura
2931 5483 3186 5551 humana,
3220 5500 3340 5559 quae
3392 5503 3501 5549 non
3550 5496 3627 5544 est
3668 5486 3756 5541 nisi

2185 5590 2251 5630 ex
2278 5574 2409 5645 Deo,
2436 5575 2530 5632 sed
2559 5574 2767 5641 vitium,
2792 5574 2933 5645 quod
2966 5589 3071 5630 non
3103 5583 3188 5631 est
3226 5591 3296 5631 ex
3330 5577 3460 5632 Deo.
3491 5577 3599 5634 Non
3630 5577 3758 5634 enim

2189 5664 2410 5736 propter
2462 5668 2699 5737 seipsum
2732 5681 2852 5737 quae
2882 5665 3163 5722 laudabilis
3193 5677 3295 5734 est,
3342 5669 3464 5734 quia
3516 5684 3640 5740 opus
3675 5666 3759 5721 Dei

2191 5770 2292 5829 est,
2325 5760 2416 5818 sed
2461 5770 2684 5832 propter
2727 5760 3030 5816 damnabile
3069 5762 3281 5829 vitium,
3317 5778 3424 5832 quo
3454 5764 3628 5818 vitiata
3668 5772 3757 5822 est,

2194 5863 2381 5913 natura
2414 5855 2642 5912 humana
2676 5853 2996 5937 damnatur;
3031 5862 3088 5911 et
3134 5862 3353 5935 propter
3389 5859 3528 5928 quod
3555 5855 3758 5914 damna-
