3962 6346
158 435 264 492 657

1339 417 1665 479 νιΝοιςιιΕ
1708 406 2272 474 ΑυαυΒΊΊΝΙΑΝΕ.

3356 384 3467 449 638

156 564 269 617 tur,
311 558 530 621 propter
571 547 673 605 hoc
713 554 767 603 et
816 539 1112 600 damnabili
1157 537 1373 596 diabolo
1421 534 1756 607 subiugatur,
1788 532 1841 595 Α
1866 529 2173 585 nationibus
2211 539 2320 583 non
2344 522 2544 580 utimur
2573 519 2645 581 ad
2686 512 3075 577 absolvendum
3124 513 3465 581 peccatorem

158 646 287 717 quia
314 651 373 700 et
402 644 518 713 ipse
558 640 809 697 diabolus
835 635 1056 708 spiritus
1085 630 1390 689 immundus
1419 638 1522 684 est.
1563 644 1582 680 ι
1614 624 1763 681 idem

158 738 394 795 asseruit
442 742 662 790 sanctus
704 730 1018 801 Fulgentius
1060 727 1156 784 lib.
1190 741 1208 780 ι
1245 723 1313 780 de
1343 721 1583 779 Veritate
1626 732 1765 788 prte-

160 827 557 893 destinationis,
588 840 707 896 cap.
742 825 810 881 14
843 841 857 879 :
888 841 908 876 t
949 822 1121 877 Causa
1151 832 1281 874 vero
1310 813 1575 886 majorum
1604 818 1765 879 atque

164 928 444 983 minorum
473 923 566 994 qui
596 923 715 979 sine
741 921 1065 990 baptismate
1102 927 1320 970 cursum
1356 911 1482 966 vitai
1521 920 1764 979 praesen-

164 1024 237 1078 tis
274 1022 330 1077 in
361 1018 681 1077 infidelitate
725 1020 1130 1075 consummant,
1162 1015 1419 1079 quantum
1462 1004 1656 1060 attinet
1698 1000 1765 1057 ad

162 1114 603 1172 communionem
656 1108 935 1180 originalis
984 1104 1215 1176 peccati,
1263 1113 1366 1156 una
1407 1106 1509 1155 est.
1555 1097 1634 1152 Ea
1668 1095 1768 1151 hac

165 1206 389 1277 utrique
437 1206 592 1259 ibunt
640 1204 697 1257 in
745 1202 925 1271 ignem
968 1204 1252 1259 aeternum,
1293 1192 1383 1262 qui
1432 1198 1649 1257 paratus
1685 1197 1769 1242 est

166 1302 387 1359 diabolo
433 1309 487 1356 et
512 1297 719 1369 angelis
760 1296 897 1364 ejus,
944 1292 1067 1363 quia
1102 1291 1158 1345 in
1204 1287 1282 1343 eis
1330 1282 1765 1352 chirographum,

165 1410 275 1465 quo
303 1395 408 1451 sibi
436 1407 535 1451 eos
564 1389 873 1461 deceptoris
902 1386 1142 1457 nequitia
1184 1378 1441 1443 subdidit,
1475 1374 1768 1433 Salvatoris

165 1491 340 1564 gratia
369 1503 478 1544 non
503 1486 725 1543 delevit.
753 1502 773 1537 υ

246 1581 556 1652 Respondet
581 1578 825 1647 Arriaga,
861 1583 991 1629 tom.
1026 1586 1043 1627 ι
1073 1571 1126 1627 in
1159 1567 1278 1633 4-2,
1310 1565 1451 1633 disp.
1500 1558 1590 1629 52,
1637 1559 1771 1616 nihil

168 1675 321 1734 aliud
350 1672 651 1745 significare
698 1680 897 1738 pueros
925 1678 1049 1721 esse
1093 1661 1192 1717 sub
1235 1664 1499 1729 potestate
1546 1652 1767 1719 diaboli,

170 1785 337 1842 quam
366 1782 490 1825 esse
530 1773 867 1836 peccatores.
899 1758 1004 1815 Alii
1036 1770 1164 1813 vero
1196 1754 1321 1810 ideo
1351 1757 1539 1821 putant
1578 1760 1770 1818 pueros

172 1839 297 1919 esse
336 1862 440 1918 sub
488 1866 753 1930 potestate
782 1853 976 1911 diaboli
1020 1865 1115 1921 per
1154 1855 1435 1919 peccatum
1487 1839 1768 1912 originale,

172 1954 299 2025 quia
331 1952 545 2007 daemon
573 1965 646 2005 ex

175 2049 327 2105 tandi
358 2062 529 2119 genus
579 2046 891 2103 humanum,
945 2050 997 2097 et
1026 2044 1418 2107 consequenter
1446 2034 1619 2103 ipsum
1651 2043 1773 2099 per-

177 2142 343 2197 dendi
372 2141 427 2198 in
453 2140 720 2212 gehenna.
752 2137 949 2194 Verum
978 2134 1119 2191 aliud
1150 2140 1236 2189 est
1263 2145 1387 2187 esse
1420 2138 1775 2199 peccatorem,

174 2233 325 2290 aliud
356 2233 626 2304 captivum
663 2229 893 2295 diaboli;
928 2226 1210 2296 captivitas
1256 2224 1401 2279 enim
1450 2230 1530 2277 est
1557 2217 1779 2275 effectus

178 2327 415 2401 peccati,
446 2326 604 2385 sicuti
641 2324 687 2380 si
713 2323 833 2394 quis
865 2322 1115 2391 princeps
1161 2316 1434 2373 subditum
1465 2313 1535 2367 ob
1566 2309 1779 2380 aliquod

179 2422 393 2478 crimen
439 2418 493 2475 in
540 2418 752 2489 tyranni
795 2412 1022 2483 alicujus
1072 2418 1394 2480 potestatem
1444 2402 1779 2461 detruderet.

180 2514 360 2571 Porro
397 2509 854 2584 quemadmodum
904 2513 1185 2577 peccatum
1230 2499 1461 2557 mortale
1505 2497 1783 2553 hominem

184 2605 510 2665 transcribit
548 2605 601 2661 in
644 2601 898 2657 familiam
930 2598 1198 2655 subditum
1229 2594 1465 2660 diabolo,
1496 2592 1597 2647 hoc
1619 2589 1784 2646 etiam

182 2708 467 2772 peccatum
511 2696 771 2766 originale
815 2701 1060 2763 priestat,
1110 2688 1255 2745 unde
1304 2686 1517 2744 dicebat
1562 2691 1784 2740 sanctus

183 2794 378 2849 doctor
398 2791 491 2846 lib.
513 2790 616 2846 tde
632 2802 749 2858 pec.
774 2786 979 2842 Meritis
1000 2792 1055 2855 et
1075 2782 1315 2849 remiss.,
1337 2793 1457 2849 cap.
1480 2775 1571 2843 ‘54,
1600 2774 1784 2831 initio:

78 2926 83 2933 .
190 2905 210 2941 ι
249 2885 393 2952 Quid
421 2885 491 2940 de
533 2884 650 2952 ipsa
675 2882 848 2937 forma
874 2876 1198 2934 sacramenti
1232 2871 1451 2943 loquar?
1477 2871 1669 2926 vellem
1690 2868 1790 2922 ali-

183 2982 311 3052 quis
347 2980 597 3043 istorum,
640 2977 731 3047 qui
755 2972 1028 3032 contraria
1064 2970 1303 3040 sapiunt,
1334 2966 1467 3023 mihi
1509 2964 1788 3034 baptizan-

184 3076 320 3132 dum
350 3072 631 3144 parvulum
658 3068 898 3126 afferret.
931 3065 1069 3135 Quid
1099 3064 1153 3120 in
1187 3064 1281 3119 illo
1320 3062 1432 3133 agit
1458 3058 1791 3115 exorcismos

185 3181 369 3235 meus,
403 3166 454 3223 si
484 3166 538 3219 in
567 3162 769 3219 familia
794 3160 995 3216 diaboli
1030 3172 1136 3214 non
1165 3154 1407 3212 tenetur?
1436 3171 1455 3205 ι
1482 3150 1638 3219 Quod
1664 3164 1792 3208 vero

186 3263 287 3318 alii
333 3261 523 3317 dicunt
570 3258 696 3316 ideo
740 3270 864 3313 esse
916 3267 1086 3325 genus
1132 3252 1425 3309 humanum
1468 3246 1569 3303 sub
1615 3252 1795 3315 potes-

190 3365 305 3413 tate
345 3352 630 3416 daemonis,
683 3351 803 3421 quia
855 3348 941 3404 hic
992 3354 1332 3417 potestatem,
1372 3352 1427 3398 et
1463 3342 1551 3410 jus
1594 3354 1660 3395 ex

190 3460 424 3522 peccato
450 3446 717 3504 contraxit
746 3440 989 3500 tentandi
1040 3440 1304 3503 homines,
1353 3435 1536 3506 inepte
1582 3443 1801 3502 prorsus

191 3544 482 3611 asseritur,
516 3552 628 3598 tum
658 3542 781 3613 quia
817 3540 1001 3609 nequit
1031 3550 1227 3607 pueros
1260 3542 1496 3598 tentare,
1540 3529 1634 3602 qui
1664 3526 1804 3583 velle

192 3638 275 3695 nil
318 3645 566 3708 possunt,
596 3644 709 3692 tum
737 3634 861 3705 quia
915 3631 1086 3702 potuit
1133 3636 1343 3685 tentare
1372 3624 1661 3689 Adamum,
1709 3615 1800 3690 qui

196 3744 391 3792 tamen
438 3731 673 3788 nondum
719 3738 836 3787 erat
883 3727 985 3783 sub
1038 3730 1305 3795 potestate
1349 3717 1643 3784 daemonis,
1692 3725 1804 3771 tum

196 3827 327 3895 quia
360 3840 522 3897 posse
555 3823 772 3886 tentari.
805 3835 912 3875 non
946 3827 1198 3882 estesse,
1230 3813 1325 3870 sed
1358 3826 1519 3883 posse
1537 3823 1660 3866 esse
1685 3821 1811 3877 cap-

198 3923 401 3978 tivum.
431 3917 501 3975 At
532 3916 686 3987 pueri
725 3921 1020 3970 nascuntur
1066 3922 1259 3979 reapse
1286 3905 1483 3975 captivi
1525 3901 1807 3959 daemonis.

199 4012 363 4071 Unde
395 4010 645 4067 Zosimus
676 4021 835 4078 papa,
877 4005 1033 4074 epist.
1071 4002 1197 4065 157,
1230 3997 1373 4069 apud
1417 4004 1662 4053 sanctum
1703 3996 1813 4048 Au-

196 4107 484 4175 gustinum
513 4104 588 4158 ait
613 4120 626 4156 :
661 4119 681 4154 t
714 4100 902 4157 Nullus
932 4097 1100 4161 enim,
1131 4094 1236 4149 nisi
1264 4093 1354 4163 qui
1389 4090 1595 4163 peccati
1625 4099 1815 4143 servus

202 4208 315 4266 est,
348 4198 485 4254 liber
514 4195 767 4261 efficitur,
811 4206 912 4249 nec
960 4188 1272 4257 redemptus
1318 4184 1425 4241 dici
1474 4189 1666 4252 potest,
1714 4177 1817 4235 nisi

202 4295 303 4366 qni
343 4306 472 4348 vere
514 4304 611 4360 per
655 4294 935 4359 peccatum
989 4281 1085 4339 fuit
1135 4287 1261 4336 ante
1309 4276 1570 4349 captivus.
1612 4293 1631 4329 ι
1665 4269 1819 4328 Clare

206 4364 377 4445 etiam
415 4393 633 4441 sanctus
663 4378 956 4450 Gregorius
1006 4375 1104 4431 lib.
1141 4388 1267 4428 xxvr
1313 4369 1529 4434 Moral.,
1558 4381 1677 4435 cap.
1722 4364 1816 4431 20,

208 4479 500 4549 distinguit
524 4474 893 4545 captivitatem
931 4486 959 4525 a
993 4474 1259 4541 potestate
1293 4462 1534 4521 tentandi
1565 4476 1580 4516 :
1618 4477 1637 4513 r
1670 4456 1822 4513 Nunc

209 4578 491 4650 princeps,
521 4570 719 4642 inquit,
769 4566 932 4636 hujus
973 4562 1163 4620 mundi
1191 4558 1438 4631 ejiciatur
1466 4554 1633 4610 foras.
1670 4550 1824 4608 Unde

211 4642 322 4742 jam
371 4642 517 4723 nunc
558 4668 775 4719 sanctos
832 4657 1079 4713 homines
1126 4667 1231 4708 non
1277 4647 1508 4706 tenendo
1561 4642 1821 4727 possidet,

213 4735 309 4821 sed
343 4758 603 4817 tentando
650 4751 1010 4825 persequitur.
1062 4747 1194 4803 Nam
1237 4743 1359 4814 quia
1394 4755 1499 4798 non
1534 4740 1586 4793 in
1632 4736 1714 4792 eis
1742 4735 1822 4789 in-

215 4859 489 4911 trinsecus
530 4858 740 4920 regnat,
773 4855 962 4903 contra
1008 4857 1103 4899 eos
1142 4846 1343 4910 pugnat
1386 4835 1741 4897 extrinsecus,
1772 4838 1827 4885 et

217 4951 343 5022 quia
388 4949 533 5001 intus
562 4941 855 4998 dominium
899 4934 1155 5003 perdidit,
1190 4930 1326 4987 bella
1368 4926 1585 4982 molitur
1616 4922 1761 4978 foris.
1802 4939 1821 4973 ι

295 5049 561 5103 Praeterea
620 5039 808 5093 falsum
858 5041 947 5091 est
998 5042 1194 5101 pueros
1248 5027 1439 5082 eodem
1499 5019 1659 5075 modo
1707 5030 1829 5073 esse

221 5144 325 5200 sub
392 5144 656 5211 potestate
717 5132 977 5187 daemonis
1036 5141 1133 5196 per
1186 5129 1462 5192 peccatum
1536 5111 1827 5185 originale,

222 5239 367 5293 sicut
397 5209 493 5301 per
514 5226 791 5301 quodlibet
816 5221 1048 5285 scutale,
1079 5216 1156 5271 uti
1176 5215 1338 5271 docet
1362 5209 1645 5272 Moraiues,
1674 5220 1826 5261 num.

226 5333 332 5387 1‘5:
363 5298 486 5384 nam
520 5298 571 5379 in
622 5318 859 5392 parvulis
904 5325 959 5372 et
1000 5311 1212 5369 (nr-teris
1252 5321 1359 5363 non
1418 5300 1700 5374 baptizatis
1744 5298 1830 5368 jus

231 5426 396 5478 habet
442 5394 654 5474 dmmon
698 5410 864 5467 veluti
914 5410 968 5462 in
1021 5405 1237 5477 proprio
1274 5397 1569 5467 mancipio,
1603 5400 1662 5448 ut
1687 5392 1829 5447 enim

229 5514 418 5570 definit
447 5517 667 5565 sanctus
686 5504 1012 5561 leestinus
1057 5510 1195 5569 papa
1227 5507 1412 5561 supra,
1443 5488 1645 5544 utimur
1677 5498 1834 5539 exor-

229 5608 417 5665 cismis
443 5615 498 5660 et
526 5597 991 5658 exsufflationibus
1038 5589 1400 5653 clericorum,
1430 5592 1492 5639 ut
1517 5580 1729 5650 spiritus
1765 5574 1829 5629 ab

230 5705 303 5758 eis
348 5698 644 5753 immundus
685 5694 944 5761 abigatur.
997 5686 1137 5754 Ergo
1180 5696 1307 5737 vere
1358 5685 1484 5735 sunt
1524 5669 1760 5747 possessi
1804 5681 1835 5721 a

236 5798 483 5851 daemone
520 5806 617 5862 per
643 5785 1113 5849 inhabitationem,
1146 5793 1265 5833 cum
1298 5787 1475 5844 neque
1503 5770 1712 5840 spiritus
1734 5770 1833 5821 im-

240 5888 461 5944 mundus
487 5859 624 5954 aiiigi
655 5895 754 5938 nec
798 5879 1030 5951 princeps
1066 5872 1185 5946 ejici
1226 5870 1367 5940 feras
1399 5864 1589 5937 possit,
1631 5860 1732 5917 nisi
1766 5859 1835 5914 sit

243 5982 392 6055 intus
419 5982 473 6039 in
501 5951 745 6053 parvulo.
774 5972 980 6047 Quibus
1004 5977 1187 6025 tamen
1212 5958 1536 6022 exorcismis
1560 5962 1615 6013 et
1656 5951 1838 6029 exsuf-

1704 3337 1796 3393 illo
1823 3322 1870 3387 C
1905 3326 2049 3379 visos
2096 3324 2314 3390 propter
2363 3321 2644 3387 peccatum
2684 3307 2963 3380 originale,

1865 624 1951 681 vel
1978 621 2219 678 omnium
2248 618 2565 689 pessimum,
2597 612 2691 669 sed
2736 619 2941 667 tantum
2978 606 3032 662 in
3080 598 3462 673 energumenis

1866 714 2152 782 sanandis,
2204 710 2297 783 qui
2348 710 2494 766 intus
2542 721 2574 763 a
2620 703 2836 761 diabolo
2884 715 2978 770 per
3016 693 3464 754 inhabitationem

1870 809 2230 877 possidentur.
2262 802 2480 860 Notavit
2505 802 2607 857 hoc
2635 797 2861 869 insignis
2885 794 2978 851 ille
2999 789 3278 849 carmelita
3302 786 3471 843 Joan-

1867 876 1964 962 nes
1997 902 2293 965 Bacconus,
2340 896 2431 967 qui
2479 890 2693 949 caeteris
2740 884 3077 944 scholasticis
3126 879 3359 950 antiquis
3400 876 3469 935 de

1870 1000 1971 1056 hac
2007 994 2342 1067 captivitate,
2382 987 2524 1046 unde
2572 984 2915 1057 parvulorum
2956 992 3132 1049 pruna:
3160 975 3291 1033 satis
3327 972 3473 1031 clare

1870 1066 2198 1155 inferuntur,
2240 1086 2330 1141 vix
2374 1095 2545 1154 pauca
2585 1078 2751 1136 verba
2802 1073 3141 1138 facientibus,
3174 1081 3310 1128 unus
3356 1066 3473 1137 ipse

1872 1178 2482 1258 Augustino-catholica:
2532 1171 2813 1232 sententiae
2867 1167 3095 1225 adhaesit
3140 1165 3195 1222 in
3245 1164 3281 1219 2
3329 1169 3471 1216 sent.

1871 1254 1997 1338 dist.
2047 1280 2141 1343 '59,
2190 1283 2381 1347 qtttest.
2428 1270 2478 1334 l,
2520 1267 2610 1324 ubi
2658 1264 2736 1321 ait
2780 1264 2848 1321 de
2882 1259 3143 1319 daemonis
3182 1254 3469 1315 dominio:

1877 1393 1897 1428 ι
1937 1372 2207 1429 lnhabitat
2252 1368 2396 1431 dico,
2432 1377 2538 1419 non
2588 1360 2731 1415 sicut
2771 1354 2944 1412 forma
2993 1352 3315 1415 informans,
3376 1358 3477 1403 nec

1873 1482 1967 1536 per
2010 1465 2236 1519 formam
2286 1458 2542 1529 aliquam,
2571 1466 2734 1525 quam
2764 1456 2914 1505 creat
2960 1448 3013 1502 in
3066 1444 3245 1501 anima
3285 1453 3479 1511 pecca-

1875 1531 2034 1621 trice,
2070 1555 2207 1609 sicut
2257 1551 2397 1605 Deus
2438 1562 2558 1603 eam
2590 1552 2758 1610 creat,
2803 1540 2899 1597 sed
2945 1537 3149 1595 habitat
3180 1549 3273 1606 per
3301 1531 3477 1621 domi:

1874 1650 2021 1704 nium
2070 1647 2122 1699 in
2175 1649 2456 1713 peccante,
2507 1652 2604 1693 seu
2637 1634 2758 1690 aliis
2786 1630 2969 1689 verbis
3003 1628 3126 1701 jure
3168 1621 3390 1682 dominii
3424 1610 3482 1676 ει

1872 1738 2181 1815 potestatis.
2216 1756 2234 1790 ι
2287 1733 2352 1789 Et
2376 1732 2450 1790 ibi
2500 1730 2569 1787 ad
2618 1727 2654 1781 2
2698 1726 2922 1803 dubium
2980 1719 3171 1777 definit
3221 1712 3484 1786 originale

1874 1840 2158 1906 peccatum
2204 1846 2223 1883 ι
2262 1841 2358 1897 per
2407 1820 2724 1893 obsequium
2763 1824 2967 1874 nostra:
3014 1808 3305 1869 voluntatis
3356 1821 3482 1876 erga

692 1948 789 2003 illo
816 1898 1050 2015 peccato
1090 1898 1278 1997 habuit
1306 1898 1631 2008 potestatein
1663 1898 1777 1989 ten-
1808 1927 1856 1989 Β
1879 1898 2187 1990 diabolum,
2218 1928 2273 1975 et
2313 1933 2374 1975 ex
2410 1910 2761 1983 consequenti
2814 1910 2974 1966 etiam
3027 1900 3225 1961 diaboli
3278 1898 3484 1959 inhabi-

2275 2013 2287 2015 -
2333 2012 2345 2015 -
2404 2010 2455 2015 --
2603 2007 2615 2015 -
2660 2007 2669 2015 -
2819 2003 2831 2015 -
3071 2000 3115 2015 η
3176 1991 3483 2015 --_--_=...._

1883 2020 2163 2077 tationem.
2209 2034 2227 2068 ι
2274 2010 2541 2067 lnhabitat
2602 2007 2762 2077 igitur
2802 2003 3017 2058 dmmou
3071 2000 3123 2054 in
3169 1991 3486 2065 corporibus

1881 2129 1989 2173 non
2036 2111 2428 2181 baptizatorum
2478 2112 2591 2158 tum
2640 2096 2961 2170 pusillorum
2991 2100 3105 2150 tum
3152 2088 3483 2155 adultorum,

1886 2221 1993 2263 non
2026 2212 2087 2260 ut
2122 2215 2251 2258 vere
2281 2200 2389 2255 sint
2416 2190 2790 2263 energumeni,
2844 2187 2940 2244 sed
2981 2194 3042 2241 ut
3089 2182 3339 2254 princeps
3364 2178 3488 2250 jure

1884 2295 2107 2356 dominii
2137 2297 2192 2349 in
2217 2302 2382 2360 regno
2409 2301 2529 2357 suo,
2559 2292 2706 2339 tanta
2727 2288 2810 2339 est
2833 2284 3074 2350 potestas
3095 2288 3255 2345 quam
3282 2272 3335 2327 in
3364 2269 3488 2325 illos

1887 2392 2046 2448 habet
2074 2386 2325 2460 princeps
2357 2379 2731 2440 tenebrarum,
2762 2386 2883 2443 qua:
2916 2368 3097 2427 omnia
3129 2381 3195 2423 ex
3227 2362 3487 2421 exsuffla-

1889 2487 2123 2545 tionihus
2172 2491 2227 2537 et
2273 2476 2595 2537 exorcismis
2639 2471 2995 2542 colliguntur;
3049 2463 3312 2536 siquidem
3359 2460 3488 2516 dum

1892 2578 2143 2654 parvulus
2174 2573 2495 2646 baptizatur,
2520 2566 2649 2625 dicit
2676 2563 2962 2621 sacerdos:
2994 2559 3114 2625 Exi,
3147 2557 3360 2628 spiritus
3386 2554 3488 2609 im-

1892 2674 2104 2739 munde,
2136 2680 2183 2726 et
2226 2669 2293 2723 da
2323 2667 2493 2721 locum
2527 2662 2749 2732 Spiritui
2786 2666 2989 2715 sancto.
3021 2656 3337 2711 Peccatores
3362 2664 3491 2707 vero

1893 2767 2079 2826 fideles
2126 2768 2252 2818 sunt
2295 2759 2362 2816 de
2409 2768 2636 2824 corpore
2680 2749 2957 2818 Ecclesiae,
3010 2745 3163 2817 cujus
3210 2750 3371 2812 caput
3409 2747 3494 2796 est

1893 2859 2163 2918 Christus.
2202 2852 2274 2909 De
2316 2854 2583 2922 potestate
2611 2842 2874 2901 daemonis
2919 2854 3078 2912 supra
3105 2835 3348 2893 infideles
3385 2832 3496 2889 late

1897 2950 2150 3010 discurrit
2179 2953 2398 3003 sanctus
2428 2942 2620 2997 doctor
2659 2938 2819 3007 epist.
2851 2934 2975 3000 107,
3004 2931 3072 2987 ad
3105 2930 3354 2988 Vitalem.

1970 3039 2289 3112 Respondet
2337 3033 2551 3092 tandem
2583 3030 2899 3091 Moraines:
2939 3044 2957 3079 ι
2997 3023 3176 3081 Tertia
3225 3018 3383 3086 ratio,
3416 3016 3498 3074 in-

1900 3139 2016 3211 quit
2044 3150 2196 3193 num.
2232 3131 2319 3195 i7,
2352 3143 2450 3186 nos
2478 3125 2701 3183 minime
2728 3122 2918 3193 tangit,
2946 3116 3038 3191 qui
3081 3131 3188 3173 non
3241 3124 3498 3184 negamus

1902 3205 2157 3303 parvulos
2196 3225 2315 3281 illos
2368 3232 2651 3279 mansuros
2700 3230 2823 3276 esse
2862 3216 2917 3273 in
2967 3220 3227 3273 internum
3265 3207 3377 3264 Deo
3413 3205 3500 3260 in-

3007 3314 3063 3367 et
3101 3297 3504 3375 quodammodo

1905 3425 2006 3481 sub
2052 3418 2359 3491 captivitate
2404 3429 2468 3471 ac
2506 3409 2767 3468 servitute
2807 3402 3028 3468 diaboli,
3072 3409 3127 3457 ut
3158 3398 3211 3458 iu
3246 3396 3348 3455 hac
3374 3393 3505 3461 vita,

1907 3485 2145 3589 privatos
2172 3510 2377 3568 scilicet
2399 3503 2620 3579 speciali
2650 3500 2747 3557 Dei
2774 3494 3134 3571 protectione,
3160 3505 3263 3561 qua
3295 3487 3363 3542 ab
3393 3485 3512 3556 ejus

1908 3578 2279 3671 invasionibus
2310 3611 2366 3658 et
2416 3593 2853 3659 infestationibus
2900 3588 3031 3645 ﬁant
3077 3585 3361 3643 immunes.
3403 3599 3421 3633 ι
3455 3578 3514 3639 ln
3582 3578 3587 3583 ‘

1912 3704 2014 3760 bac
2045 3697 2401 3771 responsione
2427 3692 2659 3749 maxime
2687 3684 2937 3758 displicet
2977 3681 3065 3739 illa
3098 3675 3354 3747 particula
3374 3690 3514 3745 qua-

1915 3792 2211 3858 dammodo,
2244 3787 2483 3850 limitans
2523 3779 2785 3839 damonis
2813 3778 2868 3835 in
2898 3773 3141 3841 captivos
3168 3774 3510 3839 potestatem.

1918 3888 2148 3959 Egregie
2178 3884 2351 3956 inquit
2410 3876 2738 3949 Augustinus
2768 3872 2862 3928 lib.
2903 3885 2955 3924 vt
2997 3874 3183 3923 contra
3223 3861 3356 3931 Jul.,
3390 3873 3511 3929 cap.

1916 3987 2027 4045 20;
2062 4003 2081 4040 ι
2111 3952 2453 4041 (ἔψη-[δηαοί
2482 3981 2664 4031 vestro
2690 3979 2939 4029 sermone
2971 3959 3210 4020 minuitis
3235 3956 3377 4012 vires
3400 3952 3518 4023 ejus

1921 4093 2079 4152 quem
2120 4074 2257 4135 dixit
2298 4070 2511 4127 Veritas
2558 4063 2776 4123 fortem.
2809 4078 2828 4115 ι
2856 4053 3055 4125 thuid
3100 4051 3245 4109 enim
3304 4045 3520 4105 additur

1922 4144 2192 4231 restrictio
2223 4178 2383 4241 quam
2417 4174 2517 4218 nec
2544 4153 2775 4213 concilia
2802 4165 2900 4209 nec
2938 4144 3224 4219 pontifices
3252 4153 3521 4214 apposue-

1923 4265 2014 4327 re‘t
2039 4260 2174 4322 Illud
2200 4231 2378 4315 autem
2405 4255 2458 4308 in
2490 4249 2678 4313 eadem
2702 4243 3059 4315 responsione
3084 4249 3294 4296 summe
3324 4231 3522 4303 placet,

1925 4357 2068 4433 quod
2110 4354 2309 4414 fatetur
2338 4360 2536 4421 pueros
2567 4356 2674 4399 non
2719 4340 2927 4395 futuros
2969 4335 3236 4395 immunes
3261 4344 3291 4383 a
3320 4326 3524 4382 deamo-

1928 4420 2010 4511 nis
2057 4420 2422 4505 iuvasionibus
2468 4445 2524 4499 et
2568 4430 3032 4497 infestationibus,
3093 4426 3195 4487 hoc
3241 4420 3384 4481 enim
3444 4425 3527 4475 est

1930 4544 2074 4619 quod
2121 4537 2487 4602 intendimus,
2537 4543 2735 4600 nempe
2792 4522 3003 4585 futuros
3046 4517 3308 4579 obnoxios
3355 4511 3527 4583 ptenis

1936 4603 2302 4699 sensibilibus,
2332 4646 2400 4686 eo
2444 4625 2588 4698 quod
2642 4620 2804 4681 futuri
2854 4623 2981 4677 sunt
3024 4612 3123 4671 sub
3172 4603 3528 4663 crudelissimi

1858 4727 2145 4808 Dtyranni
2176 4735 2461 4803 potestate.
2493 4719 2608 4779 Nisi
2636 4717 2780 4777 dicat
2829 4712 3058 4773 infantes
3107 4706 3236 4763 nihil
3288 4701 3412 4759 mali
3464 4714 3530 4756 ex

1931 4802 2240 4898 hujusmodi
2266 4814 2615 4876 invasionibus
2636 4822 2692 4869 et
2716 4802 3129 4879 infestationibus
3161 4804 3528 4873 percepturos,

1931 4890 2036 4993 quo
2065 4917 2192 4991 quid
2219 4914 2325 4973 dici
2365 4916 2546 4983 potest
2575 4901 2848 4975 ineptius?
2874 4903 3136 4955 vexantur
3166 4890 3309 4951 enim
3352 4903 3458 4949 non
3501 4902 3531 4940 a

1935 4979 2151 5087 frigore,
2183 5023 2291 5067 non
2339 4979 2380 5065 at
2401 5003 2609 5070 calore,
2654 4996 2749 5058 sed
2784 5009 2813 5055 a
2854 4991 3118 5055 dmmone,
3142 4983 3242 5043 ἐιιὶ
3273 4979 3413 5039 mitte
3442 4996 3534 5033 ηομ

1933 5107 2082 5167 cendi
2104 5112 2261 5163 artes.
3292 5128 3293 5137 χ

2005 5198 2194 5257 Simile
2238 5193 2401 5251 etiam
2438 5186 2673 5247 adducto
2720 5183 3040 5257 argumento
3085 5178 3168 5233 est
3207 5166 3362 5233 illud,
3393 5165 3536 5243 quod

1937 5290 2206 5362 colligitur
2250 5300 2317 5340 ex
2363 5278 2597 5353 Epistula
2647 5274 2713 5330 ad
2756 5272 2908 5327 liom.
2940 5265 3012 5325 IX
3040 5283 3050 5323 :
3076 5264 3167 5323 Sic
3197 5268 3369 5319 autem
3403 5257 3537 5311 Deus

1940 5385 2111 5441 volens
2136 5377 2401 5437 ostendere
2427 5373 2581 5436 iram,
2614 5376 2661 5427 et
2694 5367 3045 5427 demonstrare
3082 5354 3366 5429 potentiam
3393 5365 3539 5407 suam

1941 5474 2115 5530 attulit
2144 5472 2196 5527 in
2228 5469 2386 5526 multa
2422 5462 2671 5537 patientia
2701 5473 2823 5515 vasa
2852 5456 2963 5519 irw,
2996 5466 3111 5525 qua:
3159 5448 3383 5520 perfecta
3423 5450 3540 5499 sunt

1944 5572 1997 5626 in
2053 5566 2411 5640 perditionem.
2463 5558 2596 5625 Quae
2648 5568 2772 5609 vasa
2826 5548 2921 5606 ira:
2969 5544 3165 5601 ibidem
3214 5556 3335 5601 vasa
3376 5537 3538 5597 etiam

1946 5629 2267 5723 contumelia:
2293 5654 2632 5731 appellantur
2671 5649 2739 5705 ab
2769 5643 3046 5717 Apostolo.
3092 5637 3228 5699 Cum
3270 5633 3432 5705 igitur
3450 5629 3538 5731 ,ἰλι-

1940 5760 2111 5817 iantes
2141 5756 2250 5811 sint
2275 5718 2403 5807 vasa
2447 5742 2811 5811 contumeliae,
2864 5736 2974 5801 cui,
3032 5744 3235 5804 tjtueso,
3281 5726 3400 5780 loco
3450 5718 3539 5773 illa

1943 5854 2081 5909 Deus
2107 5843 2426 5921 deputabit?
2452 5860 2472 5897 t
2505 5842 2668 5904 Deus,
2702 5833 2877 5908 inquit
2906 5824 3239 5899 Fulgentius,
3269 5830 3539 5921 vasa'con-

1945 5909 2407 6025 tumetite'arterno
2446 5948 2664 6018 semper
2684 5942 2873 6003 arsura
2903 5909 3472 6009 deputabltinceodiot
3511 5923 3532 5964 ι
