3962 6346
473 391 580 446 659
1367 384 1931 446 SUPPLEMENTUM
1970 385 2064 441 AD
2103 383 2333 444 ()PERA
2373 386 2431 444 S.
2474 385 2867 445 AUGUSTINI.
3653 391 3749 445 640

474 508 662 565 Patres
691 507 925 564 Africani
948 508 999 562 in
1030 505 1257 577 epistola
1280 506 1559 577 synodica,
1592 520 1713 576 cap.
1742 504 1806 558 15
1832 522 1845 560 :
1879 523 1897 556 ι
1939 503 2073 558 Vasa
2099 505 2154 563 Α
2179 504 2295 558 cula
2325 503 2447 559 illos
2498 504 2609 574 pati
2636 514 2841 559 certum
2871 513 2973 570 est,
3016 519 3140 559 cum
3169 504 3279 560 sint
3303 505 3523 575 captivi,
3547 520 3645 561 nec
3672 507 3753 563 illa

474 603 795 657 contumelia:
822 609 966 665 sunt,
1014 598 1207 667 quibus
1249 598 1487 653 dicitur:
1544 596 1643 663 Ite,
1686 597 1967 663 maledicti,
2014 599 2068 652 in
2174 596 2309 651 solvi
2373 598 2579 665 possint
2617 597 2716 652 nisi
2746 597 2896 667 prius
2936 598 3052 668 ipse
3092 597 3243 654 fortis
3290 608 3531 653 armatus
3585 610 3756 655 custos

473 700 641 770 ignem
669 706 934 759 teternum,
968 694 1057 765 qui
1085 704 1407 764 purpuratus
1438 701 1509 747 est
1540 692 1744 748 diabolo
1790 702 1837 747 et
1874 694 2072 766 angelis
2172 690 2295 745 atrii
2344 689 2612 760 alligetur.
2662 690 2943 747 Patiuntur
2977 693 3137 747 etiam
3180 707 3395 763 poenam
3448 694 3753 764 ignominia,

477 792 610 860 ejus.
644 808 663 841 ι
696 786 849 855 Quod
881 787 1028 857 prius
1055 785 1313 840 docuerat
1334 784 1603 841 Africana
1635 786 1889 841 Ecclesia
1914 786 2074 856 magi—
2174 784 2477 848 suntenim,
2509 794 2645 839 teste
2668 786 2951 855 Apostolo,
2976 802 3097 839 vasa
3114 786 3442 841 contumelia
3462 785 3641 856 (Rom.
3664 788 3756 858 ix).

475 890 587 938 ater
618 882 712 936 lib.
744 898 758 935 ι
789 880 980 951 Operis
1016 878 1229 949 imperl‘.
1272 880 1459 933 contra
1489 879 1621 945 .lul.,
1654 880 1707 934 in
1738 879 1842 935 ﬁne
1870 898 1882 935 :
1913 897 1933 932 ι
1966 879 2074 935 Nos
2179 875 2314 931 Hinc
2342 886 2560 932 sanctus
2606 878 2815 945 doctor,
2847 879 2943 934 lib.
2972 895 2990 933 ι
3020 888 3212 934 contra
3248 878 3544 945 lulianum,
3577 881 3756 947 Operis

474 990 605 1030 vero
650 974 816 1029 Deum
860 972 1075 1043 quidem
1120 972 1464 1042 parvulorum
1516 972 1762 1042 opiﬁcem
1814 973 2078 1050 pradicas
2177 969 2387 1038 imperi.
2423 986 2543 1039 cap.
2580 970 2683 1025 158
2715 988 2730 1026 :
2766 991 2785 1024 ί
2823 972 2906 1027 Ex
2931 987 3035 1043 qua
3076 982 3254 1030 tamen
3287 974 3516 1043 (massa)
3542 974 3678 1028 alios
3708 974 3754 1028 in

477 1086 619 1138 mus,
673 1071 768 1127 sed
814 1086 881 1127 ex
930 1071 1120 1125 eadem
1162 1082 1342 1123 massa
1398 1068 1633 1126 medium
1678 1070 1853 1126 locum
1897 1072 2072 1141 vasis,

2201 1062 2275 1116 )ei
2297 1077 2519 1133 regnum
2542 1064 2788 1134 adoptari
2819 1064 3083 1133 fatemini,
3116 1082 3251 1136 quos
3274 1066 3458 1136 procul
3486 1066 3652 1121 dubio
3677 1083 3761 1121 va-

476 1163 569 1219 ubi
601 1179 698 1219 nec
730 1166 782 1219 in
834 1163 1096 1220 honorem
1145 1166 1297 1235 ﬁant,
1347 1182 1520 1236 neque
1566 1167 1621 1222 in
1671 1168 2073 1234 conlumeliam,
2179 1168 2236 1208 $3
2265 1154 2318 1208 in
2348 1154 2609 1211 honorem
2641 1154 2777 1211 facta
2826 1158 3153 1225 conceditis;
3199 1158 3337 1212 alios
3376 1173 3509 1215 vero
3563 1173 3668 1213 non
3702 1160 3761 1214 Id

479 1270 640 1326 quem
688 1272 794 1312 non
836 1257 985 1312 dedit
1016 1258 1326 1328 Apostolus,
1364 1275 1469 1314 non
1526 1260 1735 1315 damus.
1771 1280 1790 1313 ο
1818 1259 2078 1315 Conside-

2201 1264 2283 1303 IOC
2310 1249 2580 1319 adoptari,
2628 1267 2764 1320 quos
2795 1251 2934 1308 facta
2967 1268 3093 1310 vasa
3121 1253 3175 1309 in
3223 1254 3628 1322 contumeliam,
3674 1256 3763 1311 nisi

478 1358 602 1406 rent
628 1351 789 1422 igitur
818 1351 1111 1407 adversarii
1153 1361 1353 1407 tantam
1383 1368 1499 1408 esse
1527 1361 1845 1422 potestatem
1877 1354 2079 1409 damo-

2202 1341 2542 1412 ntelligenter
2564 1345 2940 1412 consentiatis,
2970 1346 3316 1415 impudenter
3342 1348 3579 1419 negatis.
3600 1345 3765 1417 Neque

480 1442 566 1497 nis
595 1442 651 1497 in
679 1457 775 1498 sua
809 1458 960 1511 vasa,
1004 1453 1060 1499 ut
1092 1446 1261 1514 prius,
1300 1454 1357 1500 ut
1387 1446 1841 1517 inquitCliristus,
1874 1448 2077 1503 damo-
2182 1436 2347 1501 θυίων
2382 1436 2424 1489 εί
2474 1451 2579 1490 υοη
2628 1446 2711 1491 εει
2754 1452 2910 1506 P0911a
2966 1438 3345 1507 damnationis.
3403 1442 3547 1495 Sicut
3599 1442 3764 1509 “Illis.

482 1534 570 1591 nis
602 1536 975 1605 triumphator
990 1537 1235 1607 ligandus
1269 1540 1450 1607 fuerit,
1492 1556 1650 1609 quam
1678 1557 1742 1596 ex
1775 1542 1890 1611 ejus
1919 1543 2080 1597 domo
2188 1545 2293 1584 non
2335 1530 2438 1583 erit
2470 1529 2657 1583 saltem
2681 1532 3006 1587 contumelia
3038 1533 3289 1603 imaginis
3322 1533 3439 1599 Dei,
3489 1536 3765 1604 separaris

484 1640 608 1681 vasa
631 1636 965 1697 raperentur,
993 1643 1093 1683 nec
1115 1631 1392 1697 minuant,
1429 1642 1487 1686 ut
1517 1633 1590 1686 ait
1622 1644 1840 1687 sanctus
1867 1635 2076 1700 doctor,
2186 1640 2354 1695 ι’θῧηο
2386 1627 2498 1681 θεῖ·
2534 1648 2551 1679 ³
2575 1628 2799 1699 Insuper
2827 1631 3103 1699 Ρειῐίυηιυτ
3131 1630 3381 1695 Verbera.
3402 1639 3595 1686 (ιπθηῐ
3617 1632 3768 1699 θυίων

484 1719 664 1789 fallaci
706 1735 936 1774 sermone
960 1722 1094 1776 vires
1121 1724 1261 1793 ejus,
1295 1739 1439 1792 quem
1470 1724 1599 1778 dixit
1643 1725 1840 1779 Veritas
1870 1725 2076 1797 fortem.
2188 1730 2323 1776 lesle
2344 1721 2621 1785 MorainiO,
2652 1718 2802 1777 num.
2836 1724 2922 1791 l7,
2954 1724 3166 1796 speciali
3197 1724 3293 1778 Dei
3322 1725 3655 1793 protectione,
3680 1741 3769 1794 qua

552 1809 768 1864 Certum
820 1811 981 1881 igitur
1028 1822 1113 1867 est
1160 1815 1414 1883 parvulos
1463 1832 1568 1871 non
1621 1817 1915 1887 baptizatos
1960 1834 2080 1876 esse
2188 1817 2249 1869 ab
2272 1819 2403 1887 ejus,
2435 1817 2639 1871 scilicet
2668 1817 2950 1885 damonis,
2983 1818 3353 1886 irwasionibus,
3406 1828 3455 1871 et
3494 1818 3773 1888 infestatio-

482 1916 611 1958 vasa
640 1904 984 1960 contumelia
1014 1905 1067 1960 in
1101 1901 1269 1961 domo
1288 1907 1570 1977 damonis,
1605 1927 1635 1966 e
1658 1928 1760 1981 qua
1799 1928 1892 1981 per
1922 1912 2079 1967 Cliri-
2112 1892 2161 1953 Β
2191 1912 2337 1965 nibus
2367 1911 2497 1979 [iant
2524 1912 2796 1964 immunes.
2828 1911 2939 1965 Nec
2971 1911 3236 1980 putandus
3262 1919 3346 1967 est
3370 1910 3510 1966 adeo
3538 1910 3681 1965 mitis
3704 1910 3775 1965 hic

485 2005 625 2051 stum
668 2013 772 2052 non
804 2007 930 2053 sunt
977 2009 1185 2070 erepta,
1236 2010 1290 2056 et
1326 2004 1542 2071 captiva
1592 2004 1787 2059 ibidem
1837 2006 2005 2060 teneri
2050 2023 2084 2060 α
2192 2015 2472 2076 tyrannus,
2499 2016 2555 2060 ut
2577 2021 2761 2061 servos
2788 2021 2916 2061 suos
2966 2022 3033 2061 ne
3055 2006 3223 2061 semel
3251 2004 3471 2075 quidem
3494 2004 3679 2073 ﬂagris
3705 2002 3776 2057 al-

485 2092 609 2162 forti
643 2101 842 2146 armato
873 2095 1179 2148 custodienti
1212 2099 1399 2151 atrium
1438 2114 1608 2152 suum.
1643 2099 1791 2153 lianc
1840 2101 2087 2156 tenebro-
2191 2096 2358 2166 ﬁigat.
2391 2098 2533 2152 Satis
2561 2098 2651 2165 sit,
2685 2082 2918 2154 infantes
2947 2113 3067 2153 esse
3097 2113 3223 2152 vasa
3256 2097 3307 2151 in
3339 2097 3487 2151 illius
3514 2096 3702 2162 domo,
3732 2105 3779 2151 ut

484 2199 601 2240 sam
638 2186 857 2241 domum
895 2188 1201 2245 scholastici
1240 2194 1567 2263 antiquiores
1605 2194 1790 2249 dixere
1838 2194 2084 2261 limbum,

489 2278 542 2331 in
581 2292 686 2347 quo
712 2280 921 2348 parvuli
954 2281 1283 2339 detinentur.
1317 2285 1390 2339 lta
1422 2286 1592 2341 sancti
1624 2286 1877 2354 Thomas,
1918 2288 2089 2343 Bona-

488 2381 735 2439 ventura,
762 2374 888 2430 item
931 2376 1148 2445 Scotus,
1198 2378 1467 2450 Egidius,
1514 2379 1819 2448 Durandus,
1865 2381 2090 2437 Richar-

489 2462 590 2518 dus
634 2474 687 2519 et
734 2467 823 2521 alii
868 2471 1245 2537 communiter,
1296 2483 1431 2529 teste
1480 2473 1825 2543 Bellarmino,
1879 2491 1999 2545 cap.
2028 2477 2090 2544 :2

489 2570 674 2627 supra.
722 2559 803 2613 Ex
855 2576 958 2631 qua
1015 2563 1292 2631 doctrina,
1350 2566 1515 2620 velint
1574 2566 1781 2631 nolint,
1834 2567 2092 2636 probatur

489 2661 648 2716 pana
691 2662 902 2706 sensus.
952 2651 1059 2709 Pro
1105 2671 1211 2726 quo
1260 2658 1554 2712 notandum
1606 2668 1707 2725 est,
1744 2660 1885 2731 quod
1935 2660 2092 2717 docet

489 2748 710 2795 sanctus
738 2741 926 2799 doctor
963 2744 1058 2801 lib.
1094 2746 1154 2799 21
1186 2748 1253 2804 de
1280 2746 1442 2806 Civit.
1494 2751 1607 2818 Dei,
1641 2768 1756 2824 cap.
1792 2754 1875 2821 ll,
1913 2771 1933 2805 t
1969 2766 2093 2811 octo

492 2848 689 2904 genera
721 2850 1000 2905 poenarum
1032 2840 1083 2893 in
1110 2840 1317 2911 legibus
1357 2858 1477 2900 esse
1503 2862 1514 2897 :
1540 2844 1821 2914 damnum,
1852 2848 2090 2915 vincula,

491 2927 737 2994 verbera,
769 2928 1049 2998 talionem,
1092 2933 1462 3003 ignominiam,
1508 2938 1781 3004 exsilium,
1834 2950 2091 3009 mortem,

490 3018 825 3075 servitutem.
869 3040 887 3073 ι
924 3021 1088 3093 Ergo,
1122 3040 1243 3079 cum
1277 3028 1501 3095 parvuli,
1535 3041 1728 3099 prater
1755 3047 1967 3101 paenam
1997 3050 2093 3089 ex-

492 3110 620 3181 silii,
652 3127 811 3183 quam
844 3114 1155 3173 scholastici
1187 3130 1379 3175 vocant
1406 3136 1616 3191 poenam
1647 3122 1850 3191 damni,
1885 3125 2095 3195 patian-

492 3211 581 3258 tur
604 3205 913 3261 servitutem
946 3209 1046 3263 sub
1072 3210 1341 3280 damone,
1374 3221 1427 3268 et
1456 3228 1753 3282 carcerem,
1786 3217 1947 3272 aliam
1974 3233 2094 3287 pro-

496 3295 637 3352 lecto
665 3313 879 3368 patiam
912 3302 1191 3372 patiuntur
1219 3321 1248 3359 a
1284 3320 1440 3376 pana
1470 3307 1673 3363 damni.
1708 3309 1891 3377 Qualis
1916 3322 2094 3367 autem
2120 3287 2167 3350 (ἶ

496 3388 568 3444 sit
598 3392 697 3448 ista
741 3408 897 3463 pana
945 3398 1217 3455 servitutis
1236 3401 1346 3475 sub
1385 3402 1631 3474 principe
1661 3405 2007 3461 tenebrarum
2033 3421 2097 3464 ac

499 3485 621 3542 forti
650 3498 859 3545 armato
899 3492 1201 3550 audivimus
1229 3510 1391 3565 supra
1419 3513 1449 3552 a
1480 3497 1833 3555 celeberrimo
1862 3500 2094 3570 quodam

499 3578 749 3651 tlteologo
804 3582 1020 3641 dicente
1068 3604 1081 3641 :
1133 3586 1263 3642 Hec
1309 3590 1445 3644 enim
1492 3600 1622 3646 esset
1666 3608 1815 3661 paena
1868 3594 2095 3663 gravior,

497 3687 653 3741 quam
680 3692 828 3744 poena
849 3694 1048 3735 sensus.
1079 3680 1392 3738 Verissime.
1436 3683 1603 3750 Pone,
1635 3685 1868 3757 exempli
1900 3687 2094 3757 gratia,

498 3763 791 3834 principem
841 3767 980 3825 ﬁlios
1026 3769 1254 3843 alicujus
1300 3773 1499 3829 subditi
1542 3789 1648 3831 non
1689 3776 1861 3832 solum
1903 3776 2097 3834 exsilio

499 3860 778 3929 mulctare,
805 3872 859 3919 et
891 3874 1110 3933 paterna
1158 3868 1318 3922 etiam
1360 3869 1676 3927 hzcreditate
1727 3872 1959 3941 privare,
1999 3872 2096 3928 sed

498 3953 617 4009 illos
642 3969 855 4026 quoque
878 3967 1106 4029 tyranno
1135 3962 1373 4033 cuipiam
1402 3963 1456 4018 in
1486 3955 1752 4036 mancipia
1781 3965 2093 4031 divendere,

498 4047 639 4104 haud
672 4066 804 4108 sane
833 4055 1023 4125 exigua
1058 4067 1202 4112 esset
1252 4067 1521 4126 postrema
1571 4061 1667 4115 ista
1724 4075 1883 4130 pana
1928 4060 2100 4131 capti-

502 4145 701 4200 vitatis.
726 4143 896 4201 Porro
930 4150 1075 4203 nulla
1108 4149 1281 4220 pejor,
1306 4152 1452 4207 nulla
1482 4154 1748 4220 acerbior,
1780 4155 1923 4211 nulla
1952 4165 2097 4211 atro-

502 4237 910 4307 ciorcaptivitas
935 4252 1036 4307 est,
1052 4258 1211 4313 quam
1235 4260 1354 4301 esse
1378 4248 1479 4301 sub
1497 4248 1764 4317 damone,
1790 4251 2096 4319 Phalaride,

501 4331 784 4404 Dionysio,
817 4335 1085 4393 Maxentio
1122 4340 1448 4410 crudeliore,
1477 4328 1829 4414 tyrannorum
1859 4350 2099 4405 omnium

505 4425 989 4483 truculentissimo.
1023 4429 1205 4500 Neque
1234 4431 1369 4487 levis
1397 4437 1665 4492 censenda
1693 4447 1779 4494 est
1797 4455 1954 4509 pana
1980 4456 2102 4498 car-

502 4518 664 4582 ceris,
698 4520 967 4591 pracipue
996 4521 1097 4577 sub
1131 4523 1257 4593 forti
1294 4536 1490 4581 armato
1528 4531 1846 4585 custodiente
1885 4536 2098 4591 atrium.

506 4609 561 4665 ld
608 4611 770 4667 etiam
817 4612 957 4669 alter
998 4629 1029 4669 e
1059 4616 1317 4673 societate
1355 4621 1589 4691 scriptor
1632 4622 1950 4682 Neotericus
1993 4644 2099 4684 non

503 4702 797 4772 inﬁciatur;
826 4708 1203 4777 gravissimam,
1234 4710 1408 4781 inquit
1441 4715 1669 4788 Arriaga
1699 4717 1811 4785 i-2,
1838 4720 1977 4790 disp.
2004 4722 2095 4791 52,

502 4812 653 4855 num.
687 4798 744 4864 5,
768 4815 970 4867 panum
1001 4800 1149 4857 illam
1171 4806 1404 4860 carceris
1426 4806 1559 4873 fore,
1588 4808 1678 4864 ubi
1705 4810 1897 4869 velutis
1920 4814 2098 4884 tipites

503 4907 603 4949 nec
623 4892 830 4962 videre,
862 4895 946 4950 vel
989 4895 1245 4966 olfacere,
1274 4912 1376 4955 nec
1410 4908 1626 4971 gustare
1668 4902 1795 4974 quid
1837 4901 2097 4975 possent,

502 5000 637 5043 sane
665 4986 781 5045 hac
804 4988 1079 5045 sensibilis
1118 5005 1276 5060 pana
1304 5001 1469 5049 esset.
1506 4993 1659 5052 Unde
1688 4997 1872 5066 plures
1914 5016 1980 5055 ex
2007 5001 2099 5055 iis-

502 5080 625 5136 dem
651 5080 989 5138 scholasticis
1015 5083 1429 5153 recentioribus,
1469 5102 1538 5142 ne
1565 5103 1762 5157 pueros
1789 5106 1945 5159 pana
1979 5108 2099 5147 car-

502 5177 644 5231 ceris
673 5178 929 5247 allligant,
978 5181 1148 5236 nescio
1184 5196 1338 5252 quem
1377 5182 1584 5237 tertium
1628 5184 1946 5255 decipiendis
1976 5204 2098 5257 par-

505 5269 639 5325 aulis
672 5271 870 5341 faciunt
911 5275 1100 5342 locum,
1135 5275 1211 5330 uti
1256 5275 1381 5331 olim
1412 5276 1705 5349 Pelagiani,
1749 5287 1883 5335 teste
1913 5291 2100 5337 sancto

505 5361 723 5417 Gelasio
737 5378 891 5434 papa,
911 5367 1067 5435 cujus
1080 5369 1323 5437 proxima
1335 5370 1499 5425 verba
1512 5380 1716 5436 sunt,et
1732 5382 1918 5428 sancto
1931 5374 2100 5445 Augu-

504 5455 962 5526 stinosapissime
982 5459 1037 5515 id
1061 5460 1367 5518 afﬁrmante
1400 5473 1456 5520 et
1486 5464 1766 5533 irridente,
1800 5466 2096 5525 ﬁnxerunt.

584 5547 778 5605 Verum
827 5551 953 5621 quid
993 5552 1173 5610 dicent
1193 5556 1487 5613 adversarii
1536 5558 1583 5614 si
1621 5569 1745 5616 octo
1774 5560 1864 5616 illa
1916 5579 2099 5632 pana-

508 5654 627 5695 rum
652 5656 849 5711 genera
878 5658 911 5700 a
960 5646 1197 5716 parvulis
1238 5650 1493 5706 sustineri
1540 5652 1924 5722 probabimus?
1977 5657 2101 5715 Pa-

508 5749 631 5789 nam
658 5734 839 5793 damni
882 5748 938 5795 et
976 5740 1150 5797 exsilii
1181 5742 1281 5814 ipsi
1308 5746 1631 5815 concedunt,
1676 5750 1839 5807 modo
1884 5766 2097 5822 panam

509 5832 831 5900 captivitatis
877 5840 931 5891 et
959 5838 1189 5893 carceris
1216 5853 1280 5894 ea
1312 5842 1480 5897 sacris
1511 5842 1707 5899 litteris
1753 5846 1898 5902 clare
1925 5848 2095 5903 dedua

511 5924 706 5980 ximus.
735 5924 812 5985 De
837 5927 1059 6000 reliquis
1098 5937 1325 6000 quatuor
1363 5928 1593 6001 idipsum
1628 5934 1935 6001 probamus.
1964 5934 2097 5995 Vlu-

2194 2189 2267 2242 ait
2291 2187 2560 2255 Christus,
2583 2199 2639 2245 et
2677 2192 2920 2261 captivos
2946 2193 3000 2245 in
3030 2192 3233 2262 familia
3271 2192 3462 2246 diaboli
3496 2192 3681 2257 teneri,
3732 2202 3780 2248 ut

2191 2286 2352 2342 docet
2380 2296 2600 2343 sanctus
2641 2288 2799 2343 Pater
2831 2288 2923 2344 lib.
2948 2288 3039 2343 cit.
3094 2288 3164 2343 de
3198 2297 3511 2357 pecatorutn
3563 2287 3778 2356 Meritis,

2195 2394 2318 2450 cap.
2372 2380 2461 2435 54.
2513 2380 2664 2437 Adde
2722 2383 2806 2436 his
2846 2397 3059 2451 panem
3107 2382 3346 2449 talionis,
3375 2383 3463 2453 qui
3492 2383 3643 2437 enim
3671 2398 3780 2439 cum

2196 2490 2295 2530 suo
2322 2477 2497 2546 primo
2522 2486 2743 2545 parente
2770 2476 2993 2533 noluere
3034 2492 3155 2532 esse
3178 2479 3277 2531 sub
3304 2476 3435 2541 Deo,
3489 2474 3621 2532 facti
3672 2488 3781 2533 sunt

2195 2569 2332 2625 servi
2364 2569 2463 2623 sub
2486 2568 2725 2624 diabolo.
2754 2570 2900 2625 Tene
2928 2585 3089 2624 aurea
3140 2568 3315 2624 sancti
3342 2570 3583 2625 doctoris
3630 2570 3781 2626 verba

2197 2659 2294 2715 lib.
2322 2676 2413 2715 xtv
2454 2660 2522 2715 de
2551 2662 2778 2717 Civitate
2818 2661 3081 2731 Dei,cap.
3114 2663 3219 2717 15:
3258 2682 3277 2715 (
3333 2661 3486 2717 Justa
3517 2662 3781 2718 damnatio

2195 2754 2477 2809 subsecuta
2508 2762 2611 2820 est,
2647 2755 2767 2808 talis
2808 2754 3024 2824 quidem
3054 2754 3348 2823 damnatio,
3376 2764 3436 2808 ut
3482 2755 3572 2824 qui
3611 2765 3780 2810 custo-

2197 2847 2395 2902 diendo
2425 2847 2735 2902 mandatum
2759 2846 2937 2902 fuerat
2964 2848 3127 2903 etiam
3167 2862 3332 2903 carne
3358 2846 3635 2915 spiritalis,
3698 2850 3780 2903 tie-

2197 2950 2279 2995 ret
2308 2941 2467 2997 etiam
2514 2950 2697 2995 mente
2726 2940 2988 3004 carnalis;
3020 2950 3073 2995 et
3098 2941 3222 3010 quia
3267 2954 3363 2994 sua
3392 2939 3644 3009 superbia
3671 2940 3779 2995 sibi

2203 3032 2500 3101 placuerat,
2537 3032 2630 3086 Dei
2660 3032 2860 3099 iustitia
2907 3032 3007 3087 sibi
3036 3032 3347 3097 donaretur,
3399 3046 3497 3086 nec
3524 3033 3667 3087 sicut
3710 3030 3779 3084 af-

2202 3123 2431 3179 fectabat
2455 3125 2507 3179 in
2531 3139 2623 3179 sua
2655 3136 2798 3179 esset
2821 3124 3128 3181 omnimoda
3162 3133 3451 3195 potestate,
3480 3124 3577 3179 sed
3605 3139 3637 3178 ι
3680 3123 3778 3178 sei-

2204 3231 2303 3285 pso
2331 3232 2541 3287 quoque
2580 3218 2909 3273 dissentiens
2931 3218 3029 3272 sub
3070 3217 3188 3285 illo,
3244 3218 3332 3273 cui
3365 3216 3640 3289 peccando
3665 3233 3779 3271 cou-

2200 3308 2387 3373 sensit,
2413 3323 2511 3377 pro
2540 3308 2784 3364 libertate
2806 3324 2961 3378 quam
2986 3310 3351 3379 concupierat,
3384 3312 3596 3373 duram,
3629 3308 3777 3363 misce

2201 3416 2425 3472 ramque
2470 3412 2655 3472 ageret
2694 3403 3037 3470 servitutem;
3087 3413 3326 3460 mortuus
3357 3403 3550 3472 Spiritu
3582 3404 3776 3469 volens,

2199 3504 2254 3550 et
2293 3509 2523 3565 corpore
2563 3496 2857 3551 moriturus
2911 3496 3110 3551 invitus
3145 3516 3159 3552 :
3192 3497 3440 3554 desertor
3471 3507 3684 3553 aterna
3710 3498 3779 3551 vi-

2201 3595 2289 3653 ta,
2331 3586 2494 3641 etiam
2522 3594 2747 3653 aterna,
2788 3587 2889 3643 nisi
2928 3589 3100 3659 gratia
3127 3588 3404 3654 liberaret,
3438 3598 3615 3645 morte
3643 3591 3781 3645 dam-

2199 3686 2376 3735 natus.
2412 3699 2431 3732 ι
2460 3678 2686 3735 Mortem
2724 3695 2852 3735 vero
2877 3695 3156 3750 poenarum
3198 3681 3443 3735 ultimam
3479 3698 3589 3736 non
3618 3681 3777 3736 solum

2198 3771 2562 3841 corporalem,
2603 3771 2697 3826 sed
2736 3770 2901 3826 etiam
2956 3773 3289 3843 spiritualem
3345 3773 3648 3828 incurrisse
3700 3787 3781 3841 per

2200 3874 2479 3933 peccatum
2530 3863 2837 3920 universam
2896 3866 3089 3921 Adami
3151 3867 3520 3935 posteritatem
3586 3875 3778 3922 certum

2200 3967 2302 4013 est.
2334 3956 2655 4027 Etvquidem
2707 3971 2903 4027 pueros
2950 3972 3019 4012 ex
3061 3965 3284 4029 peccato
3334 3957 3589 4029 originali
3638 3972 3783 4028 pana

2199 4050 2395 4105 mortis
2416 4049 2679 4105 secunda
2699 4051 2984 4107 mulctatos
3014 4050 3177 4105 tradit
3206 4050 3404 4121 passim
3428 4063 3649 4106 sanctus
3669 4053 3784 4105 doc-

2201 4154 2317 4211 tor;
2340 4146 2434 4200 lib.
2457 4161 2473 4200 l
2494 4145 2561 4200 ad
2584 4145 2937 4210 Bonifacium,
2961 4161 3079 4216 cap.
3103 4145 3196 4212 22,
3219 4146 3332 4202 ait:
3359 4165 3379 4199 t
3409 4149 3517 4202 Aut
3542 4146 3591 4201 si
3631 4162 3781 4201 evan-

2201 4236 2388 4307 gelieis
2418 4238 2639 4293 vocibus
2667 4238 2920 4308 cogimiui
2956 4240 3223 4304 conﬁteri,
3266 4254 3370 4294 nec
3399 4241 3588 4304 vitam,
3652 4240 3783 4293 salu-

2203 4338 2421 4401 temque
2462 4344 2621 4399 posse
2661 4331 2861 4386 liabere
2884 4331 3133 4401 parvulos
3164 4332 3233 4387 de
3260 4345 3491 4401 corpore
3513 4342 3781 4397 exeuntes,

2203 4424 2305 4477 nisi
2332 4423 2535 4478 iuerint
2565 4425 2839 4495 baptizati,
2866 4427 3093 4495 quarite
3131 4440 3227 4481 cur
3264 4426 3663 4496 compellantur
3687 4441 3778 4480 non

2203 4516 2459 4586 baptizati
2488 4520 2738 4575 secunda
2767 4522 2958 4574 mortis
2986 4520 3169 4576 subire
3216 4522 3565 4591 supplicium.
3603 4540 3622 4573 ι
3652 4522 3778 4575 Mors

2206 4619 2385 4664 autem
2413 4610 2648 4666 secunda
2678 4628 2746 4667 ex
2787 4626 2906 4681 cap.
2938 4610 3009 4667 20
3057 4613 3409 4685 Apocalypsis
3457 4614 3773 4684 intelligitur,

2207 4704 2293 4758 ubi
2337 4705 2451 4759 hac
2476 4704 2725 4774 leguntur
2758 4722 2773 4760 :
2806 4704 2875 4760 Et
2904 4708 2994 4777 qui
3048 4724 3149 4761 non
3177 4716 3252 4762 est
3303 4709 3543 4763 inventus
3574 4710 3621 4762 in
3666 4707 3776 4760 libro

2207 4799 2324 4851 vita
2350 4799 2595 4867 scriptus,
2620 4799 2807 4854 missus
2826 4810 2899 4853 est
2924 4801 2979 4853 in
3008 4808 3247 4873 stagnum
3275 4802 3432 4874 ignis.
3466 4803 3534 4856 Et
3566 4811 3732 4871 postea
3759 4814 3773 4850 :

2210 4890 2453 4957 Infernus
2483 4900 2529 4945 et
2582 4907 2719 4946 mors
2743 4893 2886 4947 missi
2914 4903 3032 4946 sunt
3078 4894 3130 4947 in
3178 4903 3422 4965 stagnum
3475 4896 3629 4965 ignis.
3668 4891 3780 4945 lites

2205 4996 2278 5040 est
2303 5002 2439 5039 mors
2468 4985 2713 5040 secunda.
2754 4988 2955 5054 Quare,
3008 5002 3130 5041 cum
3172 4988 3323 5057 pueri
3365 4990 3488 5043 sine
3537 4988 3780 5059 baptismo

2207 5078 2530 5133 decedentes
2571 5094 2679 5133 non
2745 5080 2856 5133 sint
2905 5080 3090 5148 scripti
3140 5080 3192 5134 in
3240 5080 3378 5135 libro
3427 5081 3577 5145 vita,
3639 5078 3780 5134 dubio

2207 5170 2396 5240 procul
2448 5171 2608 5225 morti
2664 5171 2939 5239 secunda,
2998 5173 3099 5227 hoc
3146 5181 3248 5237 est,
3314 5172 3425 5244 igni
3453 5172 3780 5242 deputantur.

2209 5264 2321 5319 Hoc
2340 5276 2717 5335 argumentum
2764 5276 2820 5320 et
2879 5266 2995 5323 fuse
3038 5277 3093 5321 et
3136 5268 3349 5323 erudite
3370 5282 3439 5323 ex
3507 5266 3782 5338 Augustino

2208 5366 2361 5427 urget
2390 5359 2831 5429 archiepiscopus
2851 5361 3208 5416 'l‘huamensis
3233 5363 3285 5415 in
3317 5363 3585 5432 opusculo
3606 5363 3667 5417 de
3695 5362 3783 5414 hac

2206 5451 2521 5521 quastione,
2553 5466 2670 5521 cap.
2712 5453 2771 5506 ll
2825 5460 2880 5507 et
2909 5453 2998 5507 l2.
3036 5454 3161 5509 Scio
3190 5453 3530 5520 ,Morainium
3579 5467 3782 5522 respon—

2207 5544 2354 5609 dere,
2390 5560 2538 5598 num.
2575 5546 2664 5611 69,
2693 5556 2918 5600 mortem
2951 5547 3241 5602 secundam
3297 5563 3420 5603 esse
3450 5548 3775 5618 privationem

2208 5648 2428 5704 visionis
2450 5649 2543 5705 Dei
2566 5666 2581 5716 ;
2603 5648 2698 5703 sed
2739 5649 2853 5705 hac
2899 5650 3184 5721 responsio
3218 5650 3462 5721 rejicitur
3490 5654 3559 5707 ab
3604 5650 3776 5719 Augu-

2206 5752 2347 5806 stino
2366 5766 2486 5818 cap.
2517 5752 2587 5805 92
2611 5752 2921 5815 Enchiridii,
2955 5764 3009 5808 et
3057 5753 3152 5809 lib.
3184 5769 3279 5809 χιιι
3310 5754 3380 5809 de
3405 5753 3561 5810 Civit.
3587 5766 3694 5819 cap.
3723 5745 3769 5809 8ο

2206 5857 2259 5901 et
2292 5846 2381 5901 lib.
2412 5862 2520 5912 xix,
2553 5862 2672 5917 cap.
2700 5846 2805 5911 28;
2831 5847 2957 5903 item
2981 5864 3008 5900 a
3040 5858 3229 5903 sancto
3253 5849 3537 5918 Fulgentio
3567 5849 3651 5901 lib.
3681 5840 3771 5898 tad

2207 5935 2522 6007 "animum,
2546 5953 2663 6007 capi
2695 5938 2750 6005 ϐ,
2776 5937 2864 5995 ubi
2890 5954 2955 5996 ex
3008 5943 3177 5998 sacris
3207 5940 3407 5999 litteris
3455 5936 3772 6014 pronuntiant
