3962 6346
179 376 279 433 611

1363 373 1687 432 νΙΝΒΙΟΙᾸΕ
1731 372 2296 434 ΑυϐυΞΤΙΝΙΑΝᾹΞ.

3370 371 3478 429 642

175 519 407 566 mortem
444 511 664 580 primam
695 526 837 580 esse,
868 526 990 567 cum
1013 510 1189 566 anima
1211 521 1494 581 separatur
1532 527 1561 567 a
1585 524 1780 582 corpo-

1896 495 2158 547 haereseos
2184 491 2472 546 falsitatem
2502 486 2762 544 conﬁxit:
2804 504 2821 538 1
2863 485 2999 542 Illud
3022 501 3168 553 vero,
3206 487 3476 559 inquiens,

131 666 139 671 I
176 618 260 670 re,
287 604 576 658 secundam
603 620 730 660 vero
753 619 872 659 cum
904 604 1093 661 eadem
1114 613 1377 660 aeternum
1409 604 1628 675 punitur
1657 619 1781 660 cum

174 708 424 765 corpore.

175 785 378 841 Eadem
406 788 571 843 sancti
621 788 844 842 doctoris
874 788 1126 842 sententia
1166 788 1415 857 probatur
1443 804 1511 844 ea:
1538 786 1781 841 conciliis

252 861 539 929 Africanis,
595 869 641 914 et
667 859 852 914 litteris
883 859 1173 914 Innocentii
1201 858 1381 931 Papw.
1430 860 1660 913 Assertio
1710 860 1773 931 tle

254 931 417 1000 panis
449 932 782 1001 parvulorum
834 932 898 985 ab
918 931 1161 1001 Ecclesia
1189 929 1597 1001 Africanajnter
1649 929 1773 999 ﬁdei

259 999 523 1073 dogmata,
554 1012 677 1057 teste
695 1012 869 1073 sancto
897 1000 1194 1072 Fulgentio,
1218 999 1397 1057 relata.
1434 999 1652 1073 Insigne
1678 1017 1771 1071 pro

251 1076 429 1127 eadem
457 1091 511 1127 re
531 1075 697 1127 sancti
719 1072 917 1128 Gelasii
948 1090 1095 1144 paptB
1125 1074 1487 1128 testimonium.

252 1166 601 1233 Scholastici,
629 1167 719 1238 qui
762 1168 817 1222 in
846 1167 1145 1223 statuendis
1202 1168 1547 1237 parvulorum
1596 1166 1775 1238 pmnis

176 1261 231 1317 in
264 1262 532 1317 diversam
557 1261 626 1317 ab
654 1262 953 1331 Augustino
983 1261 1308 1317 sententiam
1369 1262 1573 1329 abiere,
1601 1261 1779 1331 publi-

175 1364 390 1422 carunt,
416 1353 665 1425 ejusdem
697 1354 1007 1423 opinionem
1037 1370 1195 1407 unum
1221 1354 1570 1422 Augustinum
1598 1361 1781 1422 patro-

176 1463 303 1501 num
334 1448 558 1515 habere,
584 1458 642 1503 ut
669 1447 906 1517 loquitur
933 1446 1277 1509 Catliarinus,
1325 1459 1551 1515 eamque
1579 1446 1782 1514 paucis-

178 1538 338 1591 simos
350 1538 524 1607 sequi,
539 1546 600 1591 ut
621 1535 696 1590 ait
717 1536 1000 1591 Moraines.
1018 1534 1484 1601 lmoCatharinus,
1501 1550 1665 1589 unum
1679 1535 1783 1590 sibi

176 1644 459 1699 opponens
492 1630 867 1700 Augustinum,
900 1627 1119 1683 scribit:
1152 1645 1171 1680 ι
1193 1631 1261 1681 At
1282 1626 1780 1697 magna,inquiunt,

176 1732 264 1780 est
284 1725 573 1780 auctoritas
586 1724 887 1794 Augustini,
907 1738 1096 1794 magna
1121 1723 1385 1792 profecto,
1408 1722 1502 1777 sed
1517 1722 1776 1787 veritatis,

175 1829 299 1885 quae
317 1818 429 1886 jam
460 1826 636 1887 pateat
665 1817 821 1887 longe
852 1816 1046 1887 major,
1072 1816 1230 1887 longe
1269 1816 1442 1885 major
1468 1815 1778 1886 pontificum

1888 586 2031 655 quod
2057 599 2153 641 eos
2186 591 2365 638 vestra
2413 583 2722 638 fraternitas
2751 582 2947 637 asserit
2984 582 3293 651 praedicare,
3351 597 3475 650 par-

1889 679 2044 735 vulos
2082 688 2301 734 aeterna:
2322 678 2445 732 vitae
2502 675 2738 746 praemiis
2767 677 2930 731 etiam
2982 677 3099 731 sine
3143 675 3478 745 baptismatis

1886 772 2057 841 gratia
2081 784 2240 839 posse
2264 769 2477 835 donari,
2510 768 2811 839 perfatuum
2843 776 2946 823 est.
2977 786 2996 819 1
3034 767 3202 838 Epist.
3236 765 3306 822 95
3333 765 3477 836 apud

1885 862 2265 933 Augustinum.
2299 861 2485 926 Itaque
2515 870 2625 914 tum
2650 860 2841 931 synodi
2891 868 3001 913 tum
3043 858 3279 928 pontifex
3327 857 3475 912 illam

1886 956 2052 1010 vitam
2080 962 2339 1011 aeternam
2371 952 2612 1024 parvulis
2641 952 2693 1006 in
2718 951 2965 1022 originali
2999 960 3220 1022 peccato
3246 949 3485 1005 mortuis

1887 1058 2172 1119 negarunt,
2203 1060 2362 1117 quam
2414 1044 2687 1115 Pelagiani
2736 1043 2945 1099 eisdem
3005 1042 3188 1113 pueris
3245 1040 3469 1097 dabant.

1885 1141 2009 1197 Vita
2054 1149 2233 1195 autem
2276 1147 2477 1194 aeterna
2523 1136 2655 1192 dicit
2705 1145 3019 1207 perpetuam
3076 1133 3477 1205 possessionem

1887 1232 1983 1289 Dei
2011 1234 2245 1289 animam
2269 1230 2478 1287 beantis
2500 1230 2555 1285 in
2578 1245 2744 1300 regno
2786 1229 3068 1294 caelorum,
3120 1235 3175 1282 et
3204 1242 3269 1281 ex
3290 1238 3481 1280 conse-

1885 1326 2465 1398 quentiexclusionem
2517 1324 2890 1395 cujuscunque
2921 1322 3173 1388 miseriae,
3214 1321 3302 1375 cui
3354 1319 3480 1375 vitae

1885 1420 2175 1489 Opponitur
2202 1428 2405 1474 aeterna
2458 1433 2627 1484 mors,
2657 1432 2777 1487 quae
2819 1415 3068 1471 consistit
3108 1414 3164 1468 in
3222 1419 3479 1481 perpetua

1885 1514 2182 1569 amissione
2222 1510 2418 1568 summi
2466 1510 2615 1577 boni,
2663 1520 2718 1566 et
2782 1508 3006 1578 perenni
3070 1505 3368 1560 afflictione
3414 1517 3479 1557 ac

1886 1608 2214 1664 cruciatibus
2265 1608 2317 1661 in
2347 1606 2553 1662 inferis.
2605 1610 2675 1661 At
2727 1606 3000 1675 Pelagiani
3052 1617 3318 1672 nusquam
3367 1601 3481 1654 ausi

1886 1710 2015 1755 sunt
2043 1700 2223 1755 dicere
2252 1715 2448 1770 pueros
2492 1701 2610 1755 sine
2647 1699 2916 1769 baptismo
2946 1700 3118 1753 ituros
3176 1697 3227 1750 in
3254 1709 3479 1764 regnum

1888 1794 2171 1857 caelorum,
2204 1802 2256 1847 ut
2288 1808 2355 1848 ex
2382 1808 2549 1848 serm.
2586 1791 2652 1846 14
2690 1791 2759 1847 de
2790 1792 2983 1847 Verbis
3029 1789 3273 1860 Apustoli
3324 1801 3483 1857 snpe—

177 1882 494 1974 auctoritas,
521 1916 576 1964 et
597 1882 856 1965 Ecclesiae
878 1882 952 1963 de
968 1882 1226 1964 cathedra
1253 1882 1520 1975 docentis,
1548 1918 1602 1962 et
1630 1921 1779 1963 com-
1810 1898 1859 1959 Β
1884 1888 1996 1943 ΐίυδ
2026 1888 2245 1943 landum
2273 1888 2648 1957 exposuimus-
2697 1886 2899 1942 Scribit
2926 1885 2994 1939 de
3030 1883 3224 1939 “Sde
3274 1882 3482 1950 Λαϐω-

178 2000 363 2054 munis
386 1999 667 2055 doctorum
700 2000 990 2055 sententia.
1032 2019 1050 2051 1
1102 1999 1308 2067 Quibus
1353 1999 1441 2054 ille
1491 2008 1678 2054 auctor
1727 1999 1779 2053 in

176 2099 425 2145 veterum
453 2088 672 2144 Patrum
700 2091 917 2159 scriptis
943 2104 1004 2145 se
1034 2090 1195 2159 plane
1217 2089 1482 2161 hospitem
1510 2089 1780 2160 prodidit;

177 2182 383 2237 etenim
425 2182 597 2237 sancti
648 2181 825 2237 Patris
870 2182 1193 2239 sententiam
1239 2192 1292 2238 et
1345 2182 1675 2254 synodorum
1729 2191 1785 2237 et

176 2274 503 2330 Pontiﬁcum
542 2276 862 2332 testimoniis
886 2276 1345 2342 confirmabimus,
1378 2284 1434 2332 et
1471 2275 1538 2331 iis
1564 2275 1781 2347 quidem

176 2367 318 2425 adeo
346 2367 703 2436 evidentibus,
733 2377 792 2425 ut
848 2368 1070 2425 minime
1112 2368 1352 2425 dubitem
1392 2369 1520 2439 quin
1568 2368 1784 2425 schola-

180 2459 329 2525 stici,
363 2462 410 2516 si
438 2461 491 2515 in
524 2454 713 2518 eadem
745 2462 1085 2529 incidissent,
1120 2477 1189 2518 ne
1217 2462 1382 2517 latum
1434 2462 1653 2533 quidem
1678 2478 1781 2517 un-

178 2568 341 2624 guem
373 2556 441 2611 ab
464 2555 849 2626 Augustiniana
880 2557 1149 2613 sententia
1176 2555 1582 2612 discessissent.
1616 2556 1785 2611 Recte

175 2646 394 2712 Scotus,
420 2648 474 2702 in
502 2648 562 2716 ‘2,
596 2648 723 2703 dist.
757 2647 849 2716 55,
878 2647 1178 2719 quaestione
1229 2649 1386 2702 unica
1415 2648 1785 2718 magistrorum

178 2741 575 2799 Parisiensium
598 2743 851 2813 placitum
878 2752 1066 2799 contra
1117 2742 1477 2813 Augustinum
1510 2750 1657 2798 stare
1699 2742 1783 2797 di-

176 2837 283 2903 xit,
314 2836 509 2906 quibus
530 2846 711 2894 tamen
742 2838 904 2894 totius
920 2838 1118 2894 Africae
1145 2838 1476 2894 vetustiores
1498 2838 1786 2908 episc0pos

184 2946 551 3003 opponemus.

128 3108 131 3109 7
258 3025 327 3080 Et
356 3026 573 3097 quidem
615 3034 825 3083 veteres
876 3025 1201 3083 Parisiensis
1252 3024 1454 3082 scholae
1508 3024 1785 3091 doctores,

181 3131 310 3173 cum
345 3133 554 3174 summa
584 3116 799 3188 ingenia
849 3116 1050 3173 scholae
1100 3114 1487 3172 subtilitatibus
1538 3114 1789 3169 devovis-

182 3200 330 3275 sent,
362 3226 550 3281 parum
581 3213 733 3268 fuere
753 3212 808 3266 in
851 3210 1180 3283 synodorum
1204 3224 1269 3265 ac
1308 3209 1527 3264 Patrum
1552 3208 1786 3263 lectione

1890 1983 2032 2039 tinus
2056 1983 2150 2038 lib.
2185 1999 2200 2036 1
2228 1982 2293 2037 de
2324 1990 2666 2052 peccatorum
2691 1979 2893 2035 Meritis
2912 1988 2967 2033 et
2995 1977 3336 2042 remissione,
3357 1989 3477 2044 cap.

1880 2076 1957 2131 18
1991 2092 2005 2128 :
2040 2094 2057 2127 1
2090 2075 2284 2129 Dicunt
2316 2074 2565 2144 parvulos
2592 2072 2795 2129 recenti
2827 2073 2934 2127 vita
2970 2070 3149 2125 editos
3176 2068 3478 2123 visceribus

1887 2176 2140 2230 matrum,
2176 2182 2285 2220 non
2315 2173 2538 2235 propter
2584 2162 2969 2219 remittendum
3002 2170 3279 2231 peccatum
3309 2156 3483 2229 perci-

1886 2277 2015 2333 pere
2043 2261 2392 2327 baptismum,
2445 2260 2539 2314 sed
2588 2269 2646 2312 ut
2699 2256 2998 2328 spiritalem
3048 2251 3482 2325 procreationem

1885 2369 1994 2410 non
2018 2352 2300 2420 habentes,
2323 2359 2577 2408 creentur
2600 2350 2653 2405 in
2674 2349 2914 2417 Christo,
2934 2356 2991 2404 et
3009 2347 3181 2417 ipsius
3201 2343 3352 2417 regni
3371 2358 3483 2400 cato

1886 2447 2063 2504 lorum
2089 2447 2381 2518 participes
2409 2447 2561 2512 ﬁant,
2595 2460 2661 2500 eo
2683 2444 2847 2500 modo
2876 2443 2970 2497 lilii
3003 2451 3058 2498 et
3086 2439 3481 2506 haeredesDei,

1886 2538 2201 2595 cohaeredes
2232 2548 2412 2592 autem
2441 2535 2663 2591 Christi.
2698 2553 2717 2586 1
2753 2535 2887 2589 Hinc
2932 2533 3074 2589 idem
3105 2541 3323 2587 sanctus
3351 2530 3485 2585 doc-

1892 2642 1977 2688 tor
2005 2639 2196 2687 contra
2224 2629 2547 2700 Pelagianos
2576 2630 2652 2682 ait
2682 2627 2776 2682 lib.
2813 2641 2851 2681 11
2877 2625 3067 2695 Operis
3089 2624 3330 2694 imperf.,
3360 2638 3484 2693 cap.

1890 2727 1993 2782 115
2027 2744 2040 2780 :
2078 2744 2096 2777 σ
2135 2723 2478 2794 Respondete
2524 2720 2651 2791 quid
2676 2720 2819 2786 sitis,
2850 2719 2941 2788 qui
2974 2726 3052 2774 tot
3080 2716 3344 2788 imagines
3384 2716 3485 2771 Dei

1888 2821 2005 2876 sine
2037 2820 2183 2874 illius
2215 2817 2423 2889 peccati
2468 2815 2663 2871 merito
2693 2814 2957 2884 separatis
3004 2828 3034 2867 a
3084 2827 3254 2881 regno
3286 2811 3399 2877 Dei,
3431 2816 3489 2865 et

1888 2914 2068 2969 facitis
2098 2914 2232 2967 duas
2278 2919 2514 2968 aeternas
2564 2908 2854 2964 felicitates
2886 2924 2901 2960 :
2929 2922 3090 2962 unam
3136 2922 3256 2978 qua:
3308 2905 3381 2962 sit
3430 2907 3486 2959 in

1890 3021 2061 3075 regno
2084 3005 2180 3060 Dei
2201 3022 2221 3074 ;
2242 3005 2493 3070 alteram,
2523 3016 2645 3073 quae
2673 3003 2743 3057 sit
2772 3008 2925 3056 extra
2954 3014 3181 3072 regnum
3211 2998 3327 3054 Dei.
3367 3016 3388 3051 1
3418 2996 3489 3052 Et

1889 3100 1986 3155 lib.
2013 3116 2029 3154 l
2057 3097 2300 3169 ejusdem
2321 3096 2523 3168 Operis,
2565 3111 2685 3166 cap.
2718 3095 2842 3161 I52,
2874 3093 3037 3149 tradit
3067 3092 3490 3163 parvulosjuxta

1891 3191 2210 3262 Pelagianos
2235 3190 2442 3245 futuros
2464 3208 2483 3241 ‹
2516 3191 2569 3245 111
2622 3188 2742 3245 loco
2763 3188 2943 3258 aliquo
2972 3185 3226 3242 secunda:
3255 3184 3490 3242 felicita-

182 3277 413 3359 versafi.
445 3305 582 3361 Hinc
621 3277 944 3360 eruditionis
970 3302 1184 3358 defectu
1214 3300 1472 3371 quasdam
1502 3299 1785 3370 opiniones
1816 3282 1865 3346 C
1896 3286 1986 3354 tis.
2007 3302 2190 3357 quem:
2217 3285 2411 3355 inquit.
2438 3284 2635 3341 mihi“
2655 3277 2943 3339 ωάίίίοθνίι
2959 3282 3185 3339 ῢωΐθείε
3237 3290 3436 3337 V081”!-
3462 3299 3485 3335 ι

186 3397 502 3465 obtrusere,
550 3414 580 3452 a
637 3398 832 3468 quibus
876 3396 1196 3467 antiquioris
1230 3395 1491 3451 Ecclesiae
1548 3392 1788 3463 magistri

186 3492 403 3563 longius
426 3491 714 3547 distarunt.
739 3492 855 3548 Hoc
892 3493 950 3546 in
978 3493 1236 3561 praesenti
1290 3488 1664 3546 controversia
1696 3504 1789 3559 pa-

186 3588 351 3654 tebit,
377 3588 431 3643 in
462 3603 565 3658 qua
586 3586 892 3644 scholastici
940 3600 1009 3642 ex
1036 3600 1222 3641 manca
1246 3584 1549 3655 Pelagianae
1607 3584 1791 3637 Incre-

188 3696 318 3737 seos
346 3680 555 3747 notitia,
589 3682 667 3736 nti
688 3697 718 3736 a
743 3690 961 3751 recepta
988 3680 1286 3750 antiquitus
1317 3677 1582 3734 sententia
1609 3689 1792 3731 reces-

187 3784 405 3842 serunt,
438 3775 511 3829 ita
532 3774 744 3830 illorum
776 3775 1022 3845 plerique
1054 3773 1110 3828 in
1131 3773 1449 3843 quibusdam
1480 3786 1601 3827 cum
1634 3770 1790 3825 Pela-

187 3868 371 3937 gianis
391 3882 719 3933 convenere,
769 3867 912 3936 quod
968 3867 1130 3922 etiam
1178 3864 1392 3920 notavit
1440 3878 1562 3918 cum
1621 3856 1795 3917 laudis

189 3959 523 4030 praefatione
566 3961 930 4016 nominandus
957 3958 1254 4015 cardinalis
1286 3955 1666 4019 Bellarminus,
1696 3969 1794 4009 cu-

188 4054 280 4125 jus
306 4056 472 4111 verba
502 4054 557 4109 in
584 4055 739 4111 calce
769 4054 885 4109 fere
929 4052 1088 4124 hujus
1118 4050 1504 4108 controversiae
1530 4048 1795 4104 recitabo.

193 4147 369 4203 Primi
398 4148 640 4203 omnium
665 4146 906 4202 Africani
934 4145 1122 4200 Patres
1149 4144 1556 4214 Pelagianorum
1583 4154 1798 4196 errores

193 4240 546 4297 anathemate
567 4242 912 4311 perculerunt
937 4238 992 4293 in
1021 4245 1247 4308 utraque
1275 4235 1482 4307 synodo
1504 4232 1797 4304 provinciae

193 4332 671 4403 Carthaginensis,
702 4332 941 4401 itemque
969 4330 1023 4384 in
1046 4329 1215 4384 altera
1237 4329 1445 4399 synodo
1466 4324 1797 4389 Milevitana,

196 4428 325 4483 dein
338 4428 393 4482 in
408 4425 661 4497 plenariis
671 4424 1019 4492 conciliis,uti
1032 4421 1200 4477 fusius
1217 4420 1355 4476 libro
1375 4418 1537 4489 priori
1552 4417 1813 4481 Historiae

197 4519 509 4591 Pelagianae
538 4518 691 4574 nobis
717 4516 1052 4587 descriptum
1073 4525 1175 4571 est.
1201 4514 1260 4570 ln
1288 4514 1371 4569 his
1406 4522 1582 4569 autem
1633 4512 1802 4568 sacris

197 4611 562 4671 conventibus
581 4625 769 4682 poenas
794 4609 1079 4666 seusibiles
1095 4622 1385 4679 puerorum
1402 4607 1519 4662 sine
1534 4604 1803 4674 baptismo

1894 3380 1971 3435 Ex
2003 3378 2088 3433 his
2120 3378 2351 3433 infertur
2389 3377 2559 3433 vitam
2613 3387 2890 3442 mternam,
2926 3390 3085 3446 quam
3137 3375 3211 3429 illi
3252 3372 3493 3430 haeretici

1895 3470 2078 3542 pueris
2107 3469 2513 3540 promittebant,
2536 3468 2695 3523 sitam
2722 3468 2889 3523 fuisse
2915 3466 2966 3521 in
2995 3465 3226 3522 secunda
3257 3463 3493 3536 quadam

1894 3561 2173 3627 felicitate,
2208 3561 2310 3617 hoc
2333 3570 2437 3628 est,
2474 3559 2671 3616 minori
2694 3574 2754 3613 ea
2785 3574 2890 3629 qua
2922 3556 3241 3612 fruebantur
3262 3554 3407 3611 beati
3436 3554 3493 3609 in

1894 3670 2064 3727 regno
2090 3654 2375 3710 coelorum.
2408 3653 2541 3708 Nam
2571 3667 2695 3708 cum
2731 3652 2926 3707 ibidem
2952 3649 3105 3720 pueri
3138 3648 3318 3702 nullos
3370 3661 3495 3701 cru-

1896 3747 2072 3801 ciatus
2095 3760 2192 3815 per
2222 3754 2387 3802 totam
2420 3744 2783 3799 aeternitatem
2831 3739 3045 3811 passuri
3094 3747 3293 3802 essent,
3338 3746 3496 3792 acter~

1898 3855 2027 3896 num
2060 3839 2243 3894 felices
2265 3838 2449 3893 vivere
2478 3838 2548 3893 ab
2576 3835 2705 3905 ipsis
2741 3833 3081 3889 dicebantur.
3117 3829 3318 3887 Scribit
3366 3844 3495 3883 san-

1899 3945 2020 3991 ctus
2067 3933 2405 4004 Fulgentius,
2450 3930 2544 3986 lib.
2585 3946 2604 3985 1
2639 3928 2706 3982 ad
2744 3926 3060 3991 Monimum,
3091 3938 3210 3993 cap.
3234 3923 3289 3989 6,
3322 3921 3493 3977 Deum

1900 4029 2098 4083 animae
2130 4041 2223 4096 per
2252 4033 2530 4095 peccatum
2561 4033 2785 4078 mortuae
2814 4019 3082 4089 duplicem
3111 4018 3333 4088 insuper
3359 4029 3494 4071 mor-

1902 4130 2011 4177 tem
2039 4119 2465 4176 comminatum:
2505 4134 2525 4169 (
2573 4114 2810 4171 Primam
2842 4114 2893 4167 in
2938 4111 3279 4181 separatione
3302 4110 3498 4164 animae

1903 4221 1960 4267 et
1984 4211 2263 4281 c0rporis;
2295 4206 2586 4265 secundam
2620 4206 2676 4261 in
2707 4216 2909 4261 aeterna
2940 4203 3272 4258 cruciatione
3299 4201 3495 4255 anima:

1906 4312 1963 4359 et
1989 4302 2254 4373 corporis.
2282 4301 2360 4357 Ac
2388 4315 2485 4371 per
2507 4299 2611 4355 hoc
2633 4298 2884 4369 primam,
2903 4311 3008 4367 qua
3037 4293 3351 4349 discedente
3378 4292 3497 4345 ani-

1907 4413 1996 4455 ma
2025 4412 2152 4453 caro
2176 4397 2290 4453 sola
2316 4394 2575 4452 moritur:
2627 4392 2923 4449 secundam
2956 4403 3107 4456 vero,
3132 4388 3351 4459 quando
3406 4399 3500 4441 re-

1907 4492 2063 4548 diens
2093 4492 2148 4546 in
2176 4503 2397 4546 carnem
2429 4487 2607 4543 anima
2656 4486 2711 4540 in
2751 4484 2942 4541 eadem
2972 4492 3026 4539 et
3058 4497 3180 4538 cum
3211 4480 3399 4536 eadem
3447 4477 3501 4533 in

1910 4599 2012 4655 qua
2037 4568 2309 4654 peccavit,
2353 4594 2517 4636 carne
2546 4587 2850 4648 torquetur.
2892 4572 2922 4630 1’
2952 4576 3144 4631 Primae
3189 4574 3352 4628 morti
3404 4585 3503 4641 op-

199 4708 584 4766 decedentium
626 4714 855 4762 statutas
894 4719 1018 4761 esse
1044 4702 1381 4760 demonstro.
1414 4700 1605 4756 Patres
1633 4712 1791 4769 syno-

1909 4679 2128 4750 ponitur
2177 4677 2285 4732 vita
2324 4684 2709 4745 temporanea,
2760 4670 2918 4725 alteri
2959 4683 3088 4724 vero
3120 4667 3229 4720 vita
3282 4672 3503 4729 aeterna,

200 4804 257 4859 di
279 4800 754 4872 Carthaginensis,
798 4798 853 4853 in
885 4795 1081 4852 litteris
1128 4795 1198 4849 ad
1228 4794 1622 4858 Innocentium,
1656 4788 1798 4859 apud

201 4895 564 4966 Augustinum
582 4890 809 4962 epistola
837 4889 930 4954 90,
954 4887 1073 4944 hac
1097 4885 1167 4941 de
1195 4880 1759 4954 Pelagianisjscribunt
1783 4896 1800 4935 :

209 5008 229 5040 ι
270 4987 537 5043 Parvulos
566 4985 728 5041 etiam
762 4988 983 5053 propter
1007 4979 1263 5045 salutem,
1292 4990 1412 5047 quae
1433 4989 1528 5045 per
1554 4972 1801 5028 Salvam-

205 5096 323 5138 rem
354 5078 633 5137 Christum
660 5078 841 5142 datur,
890 5072 1246 5144 baptizandos
1274 5076 1498 5139 negant,
1523 5081 1585 5121 ac
1604 5066 1682 5122 sic
1706 5079 1803 5121 eos

206 5172 490 5230 mortifera
527 5172 629 5227 ista
660 5168 904 5225 doctrina
932 5166 988 5222 in
1021 5174 1281 5221 aeternum
1312 5169 1530 5226 necant,
1578 5158 1803 5230 promit-

208 5274 411 5334 tentes,
444 5263 609 5321 etiam
662 5262 710 5317 si
750 5275 858 5316 non
904 5257 1277 5329 baptizentur,‘
1310 5252 1588 5309 habituros
1642 5250 1806 5305 vitam

207 5370 493 5417 aeternam.
531 5375 553 5410 1
587 5356 776 5413 Patres
807 5368 935 5410 vero
954 5350 1219 5408 Numidiae
1245 5346 1558 5420 provincia,
1586 5345 1641 5401 in
1667 5344 1810 5415 epis-

209 5457 315 5512 tola
337 5453 408 5510 ad
436 5453 686 5511 eumdem
712 5448 1105 5513 Innocentium,
1133 5459 1255 5517 quae
1282 5443 1427 5500 inter
1453 5440 1808 5512 Augustinia-

208 5563 305 5605 nas
344 5554 431 5603 est
461 5545 552 5612 92,
584 5543 704 5599 haec
745 5540 862 5612 ipsa
891 5539 1138 5596 scribunt
1165 5538 1234 5594 de
1262 5536 1466 5593 eisdem
1491 5533 1760 5591 haereticis
1791 5550 1804 5585 :

216 5661 235 5695 ι
261 5644 466 5700 Pueros
488 5652 704 5711 quoque
726 5635 997 5708 parvulos,
1025 5635 1071 5690 si
1091 5632 1253 5689 nullis
1274 5631 1598 5687 innoventur
1619 5627 1809 5684 Chris-

215 5740 373 5793 tianae
400 5736 591 5807 gratiae
622 5729 995 5796 sacramentis,
1021 5728 1299 5784 habituros
1327 5725 1490 5780 vitam
1523 5732 1806 5790 aeternam,

213 5843 445 5900 nequam
492 5824 914 5898 praesumptione
972 5820 1326 5877 contendunt.
1381 5837 1400 5870 1
1460 5815 1809 5872 Innocentius

215 5920 490 5992 pontifex,
550 5919 631 5976 his
659 5916 852 5975 litteris
882 5913 1141 5985 acceptis,
1182 5910 1331 5983 gravi
1356 5907 1623 5979 rescripto
1650 5922 1807 5966 nova:

1910 4772 2125 4844 quando
2150 4770 2327 4825 anima
2364 4776 2624 4837 perpetua
2654 4762 2908 4819 felicitate
2941 4760 3169 4823 fruetur,
3202 4756 3400 4827 qua‘de
3446 4770 3508 4810 re

1912 4864 2462 4939 IegaturAugustinus
2478 4862 2573 4917 lib.
2590 4877 2659 4915 xx
2676 4860 2744 4916 de
2757 4859 2982 4914 Civitate
2996 4856 3238 4924 Dei,cap.
3256 4853 3308 4907 6.
3324 4851 3509 4922 Itaque

1912 4964 2019 5018 vita
2031 4972 2233 5018 aeterna
2248 4959 2558 5025 infantium,
2580 4973 2645 5014 ex
2663 4954 3071 5024 Pelagianorum
3099 4947 3389 5014 sententia,
3417 4947 3509 5002 illa

1914 5066 1997 5112 est
2020 5071 2141 5127 quae
2157 5054 2447 5125 opponitur
2462 5053 2621 5107 morti
2644 5049 2917 5113 secundae,
2934 5046 3188 5119 quaeideo
3206 5059 3271 5100 ex
3293 5048 3509 5111 Augus-

1915 5152 2047 5219 tino,
2080 5151 2175 5205 lib.
2204 5165 2354 5216 xvni,
2388 5146 2612 5214 ibidem,
2637 5160 2759 5214 cap.
2785 5142 2878 5211 28,
2905 5161 2924 5195 ‹
2951 5139 3188 5197 secunda
3212 5153 3359 5194 mors
3377 5136 3510 5191 dici-

1915 5251 2023 5311 tur,
2051 5242 2174 5313 quia
2208 5255 2307 5296 ncc
2352 5241 2534 5294 anima
2577 5237 2651 5291 ibi
2680 5236 2864 5290 vivere
2895 5232 3121 5288 dicenda
3156 5241 3258 5297 est,
3308 5242 3428 5299 quas
3480 5243 3511 5283 a

1917 5338 2011 5393 Dei
2041 5337 2147 5392 vita
2176 5335 2355 5391 aliena
2382 5332 2508 5398 erit,
2538 5345 2637 5386 nec
2659 5342 2878 5401 corpus,
2912 5326 3055 5398 quod
3110 5335 3332 5380 aeternis
3357 5323 3513 5379 dolo-

1914 5431 2067 5488 ribus
2091 5429 2409 5500 subiacebit.
2452 5446 2471 5479 1
2506 5426 2706 5492 Quare,
2738 5437 2858 5481 cum
2906 5419 3099 5491 synodi
3139 5419 3407 5474 Africanae
3449 5430 3513 5471 ac
3586 5428 3593 5434 '

1914 5534 2134 5580 sanctus
2170 5520 2510 5577 Innocentius
2553 5518 2873 5572 damnarunt
2903 5514 3145 5569 dicentes
3171 5522 3367 5582 pueros
3396 5507 3514 5563 sine

1917 5618 2184 5690 baptismo
2210 5614 2493 5671 defunctos
2520 5611 2736 5679 ,habere
2759 5609 2920 5663 vitam
2954 5615 3233 5671 aeternam,
3265 5602 3513 5672 exploso-

1904 5724 2043 5771 .runt
2071 5708 2360 5768 secundam
2401 5706 2546 5762 illam
2590 5703 2896 5761 felicitatem
2925 5715 3083 5773 quam
3107 5708 3260 5755 extra
3285 5708 3513 5763 regnum

1920 5809 2015 5864 Dei
2046 5803 2311 5876 Pelagiani
2339 5799 2633 5857 infantibus
2674 5796 3073 5870 promittebant,
3116 5800 3169 5847 et
3199 5806 3263 5844 ex
3317 5799 3513 5841 conse-

1864 5962 1875 5983 ,
1920 5903 2107 5976 quenti
2135 5897 2654 5959 decrevereeosdem
2682 5895 2953 5953 subituros
2973 5890 3135 5950 etiam
3166 5892 3393 5943 mortem
3426 5893 3512 5935 se-
