  <div class='ocr_page' id='page_1' title='image "/cluster/home/n/w/nwhite01/storage/ocr_20150623/47/hvd.32044015471527/327.png"; bbox 0 0 3962 6346; ppageno 0'>
   <div class='ocr_carea' id='block_1_1' title="bbox 504 366 611 432">
    <p class='ocr_par' dir='ltr' id='par_1_1' title="bbox 504 366 611 432">
     <span class='ocr_line' id='line_1_1' title="bbox 504 366 611 432; baseline -0.037 1"><span class='ocrx_word' id='word_1_1' title='bbox 504 366 611 432; x_wconf 72' lang='grc'><strong>613</strong></span> 
     </span>
    </p>
   </div>
   <div class='ocr_carea' id='block_1_2' title="bbox 1394 356 2895 423">
    <p class='ocr_par' dir='ltr' id='par_1_2' title="bbox 1394 356 2895 423">
     <span class='ocr_line' id='line_1_2' title="bbox 1394 356 2895 423; baseline -0.006 0"><span class='ocrx_word' id='word_1_2' title='bbox 1394 361 1952 423; x_wconf 73' lang='lat' dir='ltr'><strong>SUPPLEMENTUM</strong></span> <span class='ocrx_word' id='word_1_3' title='bbox 1990 359 2082 420; x_wconf 83' lang='lat' dir='ltr'><strong>AD</strong></span> <span class='ocrx_word' id='word_1_4' title='bbox 2115 356 2354 421; x_wconf 75' lang='lat' dir='ltr'><strong>OPERA</strong></span> <span class='ocrx_word' id='word_1_5' title='bbox 2395 360 2455 421; x_wconf 78' lang='lat'><strong>8.</strong></span> <span class='ocrx_word' id='word_1_6' title='bbox 2498 356 2895 418; x_wconf 78' lang='lat' dir='ltr'><strong>AUGUSTINI.</strong></span> 
     </span>
    </p>
   </div>
   <div class='ocr_carea' id='block_1_3' title="bbox 3683 351 3773 407">
    <p class='ocr_par' dir='ltr' id='par_1_3' title="bbox 3683 351 3773 407">
     <span class='ocr_line' id='line_1_3' title="bbox 3683 351 3773 407; baseline 0 0"><span class='ocrx_word' id='word_1_7' title='bbox 3683 351 3773 407; x_wconf 66' lang='lat' dir='ltr'><strong>6M</strong></span> 
     </span>
    </p>
   </div>
   <div class='ocr_carea' id='block_1_4' title="bbox 506 454 3771 558">
    <p class='ocr_par' dir='ltr' id='par_1_4' title="bbox 506 454 3771 558">
     <span class='ocr_line' id='line_1_4' title="bbox 506 454 3771 558; baseline -0.009 -12"><span class='ocrx_word' id='word_1_8' title='bbox 506 488 759 557; x_wconf 89' lang='lat' dir='ltr'><strong>cundam,</strong></span> <span class='ocrx_word' id='word_1_9' title='bbox 791 454 910 558; x_wconf 66' lang='lat' dir='ltr'><strong>quae</strong></span> <span class='ocrx_word' id='word_1_10' title='bbox 956 484 1125 543; x_wconf 61' lang='lat' dir='ltr'><strong>beatae</strong></span> <span class='ocrx_word' id='word_1_11' title='bbox 1164 483 1286 539; x_wconf 78' lang='lat' dir='ltr'><strong>vitae</strong></span> <span class='ocrx_word' id='word_1_12' title='bbox 1325 482 1635 554; x_wconf 89' lang='lat' dir='ltr'><strong>opponitur.</strong></span> <span class='ocrx_word' id='word_1_13' title='bbox 1675 482 1953 546; x_wconf 79' lang='lat' dir='ltr'><strong>Czeterum</strong></span> <span class='ocrx_word' id='word_1_14' title='bbox 1997 482 2106 537; x_wconf 85' lang='lat' dir='ltr'><strong>vita</strong></span> <span class='ocrx_word' id='word_1_15' title='bbox 2132 487 2188 551; x_wconf 67' lang='grc' dir='ltr'><strong>Α</strong></span> <span class='ocrx_word' id='word_1_16' title='bbox 2210 487 2398 539; x_wconf 84' lang='lat' dir='ltr'><strong>rentur</strong></span> <span class='ocrx_word' id='word_1_17' title='bbox 2417 478 2625 535; x_wconf 83' lang='lat' dir='ltr'><strong>visione</strong></span> <span class='ocrx_word' id='word_1_18' title='bbox 2653 476 2773 545; x_wconf 91' lang='lat' dir='ltr'><strong>Dei,</strong></span> <span class='ocrx_word' id='word_1_19' title='bbox 2797 484 2848 531; x_wconf 89' lang='lat' dir='ltr'><strong>et</strong></span> <span class='ocrx_word' id='word_1_20' title='bbox 2880 470 3120 544; x_wconf 90' lang='lat' dir='ltr'><strong>profecto</strong></span> <span class='ocrx_word' id='word_1_21' title='bbox 3147 468 3285 527; x_wconf 90' lang='lat' dir='ltr'><strong>Deus</strong></span> <span class='ocrx_word' id='word_1_22' title='bbox 3307 467 3360 523; x_wconf 93' lang='lat' dir='ltr'><strong>in</strong></span> <span class='ocrx_word' id='word_1_23' title='bbox 3385 466 3495 524; x_wconf 82' lang='lat' dir='ltr'><strong>illis</strong></span> <span class='ocrx_word' id='word_1_24' title='bbox 3525 479 3771 538; x_wconf 78' lang='lat' dir='ltr'><strong>regnaret,</strong></span> 
     </span>
    </p>
   </div>
   <div class='ocr_carea' id='block_1_5' title="bbox 504 578 2101 654">
    <p class='ocr_par' dir='ltr' id='par_1_5' title="bbox 504 578 2101 654">
     <span class='ocr_line' id='line_1_5' title="bbox 504 578 2101 654; baseline -0.008 -10"><span class='ocrx_word' id='word_1_25' title='bbox 504 586 597 643; x_wconf 88' lang='lat' dir='ltr'><strong>illa</strong></span> <span class='ocrx_word' id='word_1_26' title='bbox 626 598 886 644; x_wconf 73' lang='lat' dir='ltr'><strong>aeternum</strong></span> <span class='ocrx_word' id='word_1_27' title='bbox 923 585 1100 651; x_wconf 86' lang='lat' dir='ltr'><strong>beata,</strong></span> <span class='ocrx_word' id='word_1_28' title='bbox 1152 597 1311 652; x_wconf 88' lang='lat' dir='ltr'><strong>quam</strong></span> <span class='ocrx_word' id='word_1_29' title='bbox 1356 581 1626 654; x_wconf 91' lang='lat' dir='ltr'><strong>Pelagiani</strong></span> <span class='ocrx_word' id='word_1_30' title='bbox 1657 580 1837 653; x_wconf 89' lang='lat' dir='ltr'><strong>pueris</strong></span> <span class='ocrx_word' id='word_1_31' title='bbox 1863 578 2101 635; x_wconf 83' lang='lat' dir='ltr'><strong>destina—</strong></span> 
     </span>
    </p>
   </div>
   <div class='ocr_carea' id='block_1_6' title="bbox 505 670 2099 751">
    <p class='ocr_par' dir='ltr' id='par_1_6' title="bbox 505 670 2099 751">
     <span class='ocr_line' id='line_1_6' title="bbox 505 670 2099 751; baseline -0.006 -15"><span class='ocrx_word' id='word_1_32' title='bbox 505 680 656 747; x_wconf 87' lang='lat' dir='ltr'><strong>bant,</strong></span> <span class='ocrx_word' id='word_1_33' title='bbox 679 691 801 736; x_wconf 90' lang='lat' dir='ltr'><strong>ante</strong></span> <span class='ocrx_word' id='word_1_34' title='bbox 830 677 1064 751; x_wconf 84' lang='lat' dir='ltr'><strong>synodos</strong></span> <span class='ocrx_word' id='word_1_35' title='bbox 1089 675 1369 731; x_wconf 85' lang='lat' dir='ltr'><strong>Africanas</strong></span> <span class='ocrx_word' id='word_1_36' title='bbox 1408 676 1611 745; x_wconf 86' lang='lat' dir='ltr'><strong>rejecta</strong></span> <span class='ocrx_word' id='word_1_37' title='bbox 1642 673 1742 731; x_wconf 91' lang='lat' dir='ltr'><strong>fuit</strong></span> <span class='ocrx_word' id='word_1_38' title='bbox 1793 674 1848 729; x_wconf 90' lang='lat' dir='ltr'><strong>in</strong></span> <span class='ocrx_word' id='word_1_39' title='bbox 1872 670 2099 729; x_wconf 83' lang='lat' dir='ltr'><strong>concilio</strong></span> 
     </span>
    </p>
   </div>
   <div class='ocr_carea' id='block_1_7' title="bbox 504 767 2102 848">
    <p class='ocr_par' dir='ltr' id='par_1_7' title="bbox 504 767 2102 848">
     <span class='ocr_line' id='line_1_7' title="bbox 504 767 2102 848; baseline -0.008 -12"><span class='ocrx_word' id='word_1_40' title='bbox 504 779 890 848; x_wconf 75' lang='lat' dir='ltr'><strong>Diusnolitano,</strong></span> <span class='ocrx_word' id='word_1_41' title='bbox 939 790 1079 832; x_wconf 91' lang='lat' dir='ltr'><strong>anno</strong></span> <span class='ocrx_word' id='word_1_42' title='bbox 1120 772 1247 841; x_wconf 75' lang='grc'><strong>415,</strong></span> <span class='ocrx_word' id='word_1_43' title='bbox 1277 773 1370 829; x_wconf 90' lang='lat' dir='ltr'><strong>ubi</strong></span> <span class='ocrx_word' id='word_1_44' title='bbox 1414 786 1537 829; x_wconf 85' lang='lat' dir='ltr'><strong>cum</strong></span> <span class='ocrx_word' id='word_1_45' title='bbox 1588 770 1859 842; x_wconf 87' lang='lat' dir='ltr'><strong>objectum</strong></span> <span class='ocrx_word' id='word_1_46' title='bbox 1914 767 2102 825; x_wconf 85' lang='lat' dir='ltr'><strong>fuisset</strong></span> 
     </span>
    </p>
   </div>
   <div class='ocr_carea' id='block_1_8' title="bbox 501 861 2101 943">
    <p class='ocr_par' dir='ltr' id='par_1_8' title="bbox 501 861 2101 943">
     <span class='ocr_line' id='line_1_8' title="bbox 501 861 2101 943; baseline -0.009 -14"><span class='ocrx_word' id='word_1_47' title='bbox 501 872 733 943; x_wconf 85' lang='lat' dir='ltr'><strong>Pelagio,</strong></span> <span class='ocrx_word' id='word_1_48' title='bbox 764 871 1080 927; x_wconf 74' lang='lat' dir='ltr'><strong>leestium</strong></span> <span class='ocrx_word' id='word_1_49' title='bbox 1111 868 1281 940; x_wconf 89' lang='lat' dir='ltr'><strong>ipsius</strong></span> <span class='ocrx_word' id='word_1_50' title='bbox 1309 864 1631 937; x_wconf 89' lang='lat' dir='ltr'><strong>discipulum</strong></span> <span class='ocrx_word' id='word_1_51' title='bbox 1662 863 1935 929; x_wconf 84' lang='lat' dir='ltr'><strong>docuisse,</strong></span> <span class='ocrx_word' id='word_1_52' title='bbox 1966 879 1987 913; x_wconf 72' lang='grc' dir='ltr'>ι</span> <span class='ocrx_word' id='word_1_53' title='bbox 2019 861 2101 915; x_wconf 88' lang='lat' dir='ltr'><strong>in-</strong></span> 
     </span>
    </p>
   </div>
   <div class='ocr_carea' id='block_1_9' title="bbox 502 956 2102 1034">
    <p class='ocr_par' dir='ltr' id='par_1_9' title="bbox 502 956 2102 1034">
     <span class='ocr_line' id='line_1_9' title="bbox 502 956 2102 1034; baseline -0.008 -13"><span class='ocrx_word' id='word_1_54' title='bbox 502 964 696 1034; x_wconf 85' lang='lat' dir='ltr'><strong>fantes,</strong></span> <span class='ocrx_word' id='word_1_55' title='bbox 730 963 941 1020; x_wconf 89' lang='lat' dir='ltr'><strong>etiamsi</strong></span> <span class='ocrx_word' id='word_1_56' title='bbox 968 978 1074 1019; x_wconf 90' lang='lat' dir='ltr'><strong>non</strong></span> <span class='ocrx_word' id='word_1_57' title='bbox 1106 961 1468 1032; x_wconf 84' lang='lat' dir='ltr'><strong>baptizentur,</strong></span> <span class='ocrx_word' id='word_1_58' title='bbox 1504 956 1709 1014; x_wconf 80' lang='lat' dir='ltr'><strong>habere</strong></span> <span class='ocrx_word' id='word_1_59' title='bbox 1729 956 1894 1012; x_wconf 90' lang='lat' dir='ltr'><strong>vitam</strong></span> <span class='ocrx_word' id='word_1_60' title='bbox 1940 961 2102 1010; x_wconf 66' lang='lat' dir='ltr'><strong>cter-</strong></span> 
     </span>
    </p>
   </div>
   <div class='ocr_carea' id='block_1_10' title="bbox 502 1049 2124 1129">
    <p class='ocr_par' dir='ltr' id='par_1_10' title="bbox 502 1049 2124 1129">
     <span class='ocr_line' id='line_1_10' title="bbox 502 1049 2124 1129; baseline -0.006 -18"><span class='ocrx_word' id='word_1_61' title='bbox 502 1072 647 1126; x_wconf 89' lang='lat' dir='ltr'><strong>nam,</strong></span> <span class='ocrx_word' id='word_1_62' title='bbox 686 1076 705 1110; x_wconf 74' lang='grc' dir='ltr'><strong><em>ι</em></strong></span> <span class='ocrx_word' id='word_1_63' title='bbox 732 1054 943 1129; x_wconf 75' lang='lat' dir='ltr'><strong>negavit</strong></span> <span class='ocrx_word' id='word_1_64' title='bbox 970 1071 1031 1112; x_wconf 90' lang='lat' dir='ltr'><strong>se</strong></span> <span class='ocrx_word' id='word_1_65' title='bbox 1060 1052 1149 1111; x_wconf 91' lang='lat' dir='ltr'><strong>illa</strong></span> <span class='ocrx_word' id='word_1_66' title='bbox 1176 1053 1397 1109; x_wconf 83' lang='lat' dir='ltr'><strong>dixisse.</strong></span> <span class='ocrx_word' id='word_1_67' title='bbox 1424 1051 1559 1107; x_wconf 83' lang='lat' dir='ltr'><strong>Hinc</strong></span> <span class='ocrx_word' id='word_1_68' title='bbox 1584 1049 1857 1120; x_wconf 74' lang='lat' dir='ltr'><strong>Pelagium</strong></span> <span class='ocrx_word' id='word_1_69' title='bbox 1882 1060 2124 1118; x_wconf 79' lang='lat' dir='ltr'><strong>preme-&#39;</strong></span> 
     </span>
    </p>
   </div>
   <div class='ocr_carea' id='block_1_11' title="bbox 501 1139 2100 1222">
    <p class='ocr_par' dir='ltr' id='par_1_11' title="bbox 501 1139 2100 1222">
     <span class='ocr_line' id='line_1_11' title="bbox 501 1139 2100 1222; baseline -0.008 -17"><span class='ocrx_word' id='word_1_70' title='bbox 501 1146 959 1222; x_wconf 82' lang='lat' dir='ltr'><strong>batAugustinus,</strong></span> <span class='ocrx_word' id='word_1_71' title='bbox 978 1144 1253 1216; x_wconf 76' lang='lat' dir='ltr'><strong>epist.106</strong></span> <span class='ocrx_word' id='word_1_72' title='bbox 1274 1144 1341 1200; x_wconf 87' lang='lat' dir='ltr'><strong>ad</strong></span> <span class='ocrx_word' id='word_1_73' title='bbox 1364 1143 1646 1200; x_wconf 86' lang='lat' dir='ltr'><strong>Paulinum</strong></span> <span class='ocrx_word' id='word_1_74' title='bbox 1657 1139 1945 1205; x_wconf 78' lang='lat' dir='ltr'><strong>Nolanum,</strong></span> <span class='ocrx_word' id='word_1_75' title='bbox 1967 1153 2100 1207; x_wconf 88' lang='lat' dir='ltr'><strong>pue-</strong></span> 
     </span>
    </p>
   </div>
   <div class='ocr_carea' id='block_1_12' title="bbox 504 1229 2098 1313">
    <p class='ocr_par' dir='ltr' id='par_1_12' title="bbox 504 1229 2098 1313">
     <span class='ocr_line' id='line_1_12' title="bbox 504 1229 2098 1313; baseline -0.009 -15"><span class='ocrx_word' id='word_1_76' title='bbox 504 1259 599 1299; x_wconf 90' lang='lat' dir='ltr'><strong>ros</strong></span> <span class='ocrx_word' id='word_1_77' title='bbox 623 1242 741 1298; x_wconf 85' lang='lat' dir='ltr'><strong>sine</strong></span> <span class='ocrx_word' id='word_1_78' title='bbox 763 1241 933 1313; x_wconf 89' lang='lat' dir='ltr'><strong>gratia</strong></span> <span class='ocrx_word' id='word_1_79' title='bbox 967 1237 1391 1311; x_wconf 74' lang='lat' dir='ltr'><strong>regenerationis</strong></span> <span class='ocrx_word' id='word_1_80' title='bbox 1418 1236 1469 1291; x_wconf 89' lang='lat' dir='ltr'><strong>in</strong></span> <span class='ocrx_word' id='word_1_81' title='bbox 1493 1232 1708 1291; x_wconf 82' lang='lat' dir='ltr'><strong>Christo</strong></span> <span class='ocrx_word' id='word_1_82' title='bbox 1730 1250 1748 1286; x_wconf 71' lang='grc' dir='ltr'>ι</span> <span class='ocrx_word' id='word_1_83' title='bbox 1768 1246 1876 1287; x_wconf 92' lang='lat' dir='ltr'><strong>non</strong></span> <span class='ocrx_word' id='word_1_84' title='bbox 1896 1229 2098 1285; x_wconf 82' lang='lat' dir='ltr'><strong>habere</strong></span> 
     </span>
    </p>
   </div>
   <div class='ocr_carea' id='block_1_13' title="bbox 503 1324 2092 1404">
    <p class='ocr_par' dir='ltr' id='par_1_13' title="bbox 503 1324 2092 1404">
     <span class='ocr_line' id='line_1_13' title="bbox 503 1324 2092 1404; baseline -0.008 -16"><span class='ocrx_word' id='word_1_85' title='bbox 503 1332 559 1388; x_wconf 92' lang='lat' dir='ltr'><strong>in</strong></span> <span class='ocrx_word' id='word_1_86' title='bbox 584 1348 643 1389; x_wconf 93' lang='lat' dir='ltr'><strong>se</strong></span> <span class='ocrx_word' id='word_1_87' title='bbox 670 1331 857 1399; x_wconf 90' lang='lat' dir='ltr'><strong>vitam,</strong></span> <span class='ocrx_word' id='word_1_88' title='bbox 881 1346 944 1388; x_wconf 87' lang='lat' dir='ltr'><strong>ac</strong></span> <span class='ocrx_word' id='word_1_89' title='bbox 964 1347 1060 1404; x_wconf 94' lang='lat' dir='ltr'><strong>per</strong></span> <span class='ocrx_word' id='word_1_90' title='bbox 1086 1331 1188 1386; x_wconf 91' lang='lat' dir='ltr'><strong>hoc</strong></span> <span class='ocrx_word' id='word_1_91' title='bbox 1216 1343 1389 1401; x_wconf 60' lang='lat' dir='ltr'><strong>poenas</strong></span> <span class='ocrx_word' id='word_1_92' title='bbox 1412 1328 1754 1398; x_wconf 61' lang='lat' dir='ltr'><strong>sempiternas</strong></span> <span class='ocrx_word' id='word_1_93' title='bbox 1770 1324 2092 1381; x_wconf 61' lang='lat' dir='ltr'><strong>obnoxios.»</strong></span> 
     </span>
    </p>
   </div>
   <div class='ocr_carea' id='block_1_14' title="bbox 574 1420 2096 1485">
    <p class='ocr_par' dir='ltr' id='par_1_14' title="bbox 574 1420 2096 1485">
     <span class='ocr_line' id='line_1_14' title="bbox 574 1420 2096 1485; baseline -0.009 0"><span class='ocrx_word' id='word_1_94' title='bbox 574 1426 800 1484; x_wconf 89' lang='lat' dir='ltr'><strong>Conrius</strong></span> <span class='ocrx_word' id='word_1_95' title='bbox 828 1442 891 1483; x_wconf 91' lang='lat' dir='ltr'><strong>ac</strong></span> <span class='ocrx_word' id='word_1_96' title='bbox 918 1424 1185 1483; x_wconf 80' lang='lat' dir='ltr'><strong>Moraines</strong></span> <span class='ocrx_word' id='word_1_97' title='bbox 1214 1424 1589 1480; x_wconf 81' lang='lat' dir='ltr'><strong>existimarunt</strong></span> <span class='ocrx_word' id='word_1_98' title='bbox 1616 1420 1782 1476; x_wconf 88' lang='lat' dir='ltr'><strong>vitam</strong></span> <span class='ocrx_word' id='word_1_99' title='bbox 1811 1425 2096 1485; x_wconf 64' lang='lat' dir='ltr'><strong>ater-nam,</strong></span> 
     </span>
    </p>
   </div>
   <div class='ocr_carea' id='block_1_15' title="bbox 508 1510 2101 1595">
    <p class='ocr_par' dir='ltr' id='par_1_15' title="bbox 508 1510 2101 1595">
     <span class='ocr_line' id='line_1_15' title="bbox 508 1510 2101 1595; baseline -0.008 -16"><span class='ocrx_word' id='word_1_100' title='bbox 508 1539 672 1594; x_wconf 88' lang='lat' dir='ltr'><strong>quam</strong></span> <span class='ocrx_word' id='word_1_101' title='bbox 703 1522 935 1595; x_wconf 77' lang='lat' dir='ltr'><strong>parvulis</strong></span> <span class='ocrx_word' id='word_1_102' title='bbox 958 1521 1230 1592; x_wconf 85' lang='lat' dir='ltr'><strong>Pelagiani</strong></span> <span class='ocrx_word' id='word_1_103' title='bbox 1270 1517 1695 1591; x_wconf 79' lang='lat' dir='ltr'><strong>pollicebantur,‘</strong></span> <span class='ocrx_word' id='word_1_104' title='bbox 1729 1514 1883 1569; x_wconf 83' lang='lat' dir='ltr'><strong>sitam</strong></span> <span class='ocrx_word' id='word_1_105' title='bbox 1931 1510 2101 1567; x_wconf 86' lang='lat' dir='ltr'><strong>fuisse</strong></span> 
     </span>
    </p>
   </div>
   <div class='ocr_carea' id='block_1_16' title="bbox 504 1602 2095 1693">
    <p class='ocr_par' dir='ltr' id='par_1_16' title="bbox 504 1602 2095 1693">
     <span class='ocr_line' id='line_1_16' title="bbox 504 1602 2095 1693; baseline -0.009 -21"><span class='ocrx_word' id='word_1_106' title='bbox 504 1615 559 1672; x_wconf 91' lang='lat' dir='ltr'><strong>in</strong></span> <span class='ocrx_word' id='word_1_107' title='bbox 584 1615 793 1673; x_wconf 85' lang='lat' dir='ltr'><strong>visione</strong></span> <span class='ocrx_word' id='word_1_108' title='bbox 814 1615 960 1672; x_wconf 89' lang='lat' dir='ltr'><strong>clara</strong></span> <span class='ocrx_word' id='word_1_109' title='bbox 1003 1614 1121 1680; x_wconf 89' lang='lat' dir='ltr'><strong>Dei,</strong></span> <span class='ocrx_word' id='word_1_110' title='bbox 1152 1619 1314 1693; x_wconf 73' lang='lat' dir='ltr'><strong>extra</strong></span> <span class='ocrx_word' id='word_1_111' title='bbox 1351 1618 1532 1666; x_wconf 89' lang='lat' dir='ltr'><strong>tamen</strong></span> <span class='ocrx_word' id='word_1_112' title='bbox 1561 1621 1784 1678; x_wconf 80' lang='lat' dir='ltr'><strong>regnum</strong></span> <span class='ocrx_word' id='word_1_113' title='bbox 1813 1602 2095 1661; x_wconf 71' lang='lat' dir='ltr'><strong>caelorum.</strong></span> 
     </span>
    </p>
   </div>
   <div class='ocr_carea' id='block_1_17' title="bbox 503 1696 2098 1783">
    <p class='ocr_par' dir='ltr' id='par_1_17' title="bbox 503 1696 2098 1783">
     <span class='ocr_line' id='line_1_17' title="bbox 503 1696 2098 1783; baseline -0.011 -15"><span class='ocrx_word' id='word_1_114' title='bbox 503 1709 662 1768; x_wconf 85' lang='lat' dir='ltr'><strong>Unde</strong></span> <span class='ocrx_word' id='word_1_115' title='bbox 691 1709 1005 1783; x_wconf 88' lang='lat' dir='ltr'><strong>responderi</strong></span> <span class='ocrx_word' id='word_1_116' title='bbox 1046 1717 1222 1781; x_wconf 91' lang='lat' dir='ltr'><strong>potest</strong></span> <span class='ocrx_word' id='word_1_117' title='bbox 1250 1705 1361 1773; x_wconf 88' lang='lat' dir='ltr'><strong>his,</strong></span> <span class='ocrx_word' id='word_1_118' title='bbox 1393 1720 1513 1777; x_wconf 71' lang='lat' dir='ltr'><strong>qua:</strong></span> <span class='ocrx_word' id='word_1_119' title='bbox 1568 1702 1847 1772; x_wconf 84' lang='lat' dir='ltr'><strong>hucusque</strong></span> <span class='ocrx_word' id='word_1_120' title='bbox 1871 1696 2098 1754; x_wconf 81' lang='lat' dir='ltr'><strong>deduxi—</strong></span> 
     </span>
    </p>
   </div>
   <div class='ocr_carea' id='block_1_18' title="bbox 500 1788 2099 1875">
    <p class='ocr_par' dir='ltr' id='par_1_18' title="bbox 500 1788 2099 1875">
     <span class='ocr_line' id='line_1_18' title="bbox 500 1788 2099 1875; baseline -0.011 -16"><span class='ocrx_word' id='word_1_121' title='bbox 500 1818 638 1871; x_wconf 88' lang='lat' dir='ltr'><strong>mus,</strong></span> <span class='ocrx_word' id='word_1_122' title='bbox 665 1803 899 1875; x_wconf 86' lang='lat' dir='ltr'><strong>synodos</strong></span> <span class='ocrx_word' id='word_1_123' title='bbox 944 1800 1197 1857; x_wconf 82' lang='lat' dir='ltr'><strong>statuisse</strong></span> <span class='ocrx_word' id='word_1_124' title='bbox 1225 1811 1421 1870; x_wconf 88' lang='lat' dir='ltr'><strong>pueros</strong></span> <span class='ocrx_word' id='word_1_125' title='bbox 1458 1811 1566 1851; x_wconf 91' lang='lat' dir='ltr'><strong>non</strong></span> <span class='ocrx_word' id='word_1_126' title='bbox 1594 1808 1754 1866; x_wconf 88' lang='lat' dir='ltr'><strong>posse</strong></span> <span class='ocrx_word' id='word_1_127' title='bbox 1783 1792 1901 1848; x_wconf 88' lang='lat' dir='ltr'><strong>sine</strong></span> <span class='ocrx_word' id='word_1_128' title='bbox 1923 1788 2099 1859; x_wconf 85' lang='lat' dir='ltr'><strong>bapti-</strong></span> 
     </span>
    </p>
   </div>
   <div class='ocr_carea' id='block_1_19' title="bbox 2203 565 3769 642">
    <p class='ocr_par' dir='ltr' id='par_1_19' title="bbox 2203 565 3769 642">
     <span class='ocr_line' id='line_1_19' title="bbox 2203 565 3769 642; baseline -0.009 -9"><span class='ocrx_word' id='word_1_129' title='bbox 2203 591 2306 633; x_wconf 89' lang='lat' dir='ltr'><strong>nec</strong></span> <span class='ocrx_word' id='word_1_130' title='bbox 2332 591 2397 631; x_wconf 89' lang='lat' dir='ltr'><strong>eo</strong></span> <span class='ocrx_word' id='word_1_131' title='bbox 2430 574 2746 632; x_wconf 86' lang='lat' dir='ltr'><strong>dilemmate</strong></span> <span class='ocrx_word' id='word_1_132' title='bbox 2771 569 3101 642; x_wconf 80' lang='lat' dir='ltr'><strong>Augustinus</strong></span> <span class='ocrx_word' id='word_1_133' title='bbox 3137 566 3478 625; x_wconf 82' lang='lat' dir='ltr'><strong>adversarios</strong></span> <span class='ocrx_word' id='word_1_134' title='bbox 3532 565 3769 636; x_wconf 84' lang='lat' dir='ltr'><strong>perculis-</strong></span> 
     </span>
    </p>
   </div>
   <div class='ocr_carea' id='block_1_20' title="bbox 2202 658 3772 733">
    <p class='ocr_par' dir='ltr' id='par_1_20' title="bbox 2202 658 3772 733">
     <span class='ocr_line' id='line_1_20' title="bbox 2202 658 3772 733; baseline -0.009 -11"><span class='ocrx_word' id='word_1_135' title='bbox 2202 675 2316 733; x_wconf 88' lang='lat' dir='ltr'><strong>set;</strong></span> <span class='ocrx_word' id='word_1_136' title='bbox 2348 666 2547 724; x_wconf 90' lang='lat' dir='ltr'><strong>etenim</strong></span> <span class='ocrx_word' id='word_1_137' title='bbox 2579 665 2721 720; x_wconf 85' lang='lat' dir='ltr'><strong>Deus</strong></span> <span class='ocrx_word' id='word_1_138' title='bbox 2749 662 2896 719; x_wconf 91' lang='lat' dir='ltr'><strong>clare</strong></span> <span class='ocrx_word' id='word_1_139' title='bbox 2930 663 3081 717; x_wconf 89' lang='lat' dir='ltr'><strong>visus</strong></span> <span class='ocrx_word' id='word_1_140' title='bbox 3108 668 3299 733; x_wconf 87' lang='lat' dir='ltr'><strong>regnat</strong></span> <span class='ocrx_word' id='word_1_141' title='bbox 3344 658 3491 715; x_wconf 90' lang='lat' dir='ltr'><strong>solus</strong></span> <span class='ocrx_word' id='word_1_142' title='bbox 3522 658 3579 712; x_wconf 93' lang='lat' dir='ltr'><strong>in</strong></span> <span class='ocrx_word' id='word_1_143' title='bbox 3621 659 3772 711; x_wconf 82' lang='lat' dir='ltr'><strong>auitna</strong></span> 
     </span>
    </p>
   </div>
   <div class='ocr_carea' id='block_1_21' title="bbox 2201 750 3775 831">
    <p class='ocr_par' dir='ltr' id='par_1_21' title="bbox 2201 750 3775 831">
     <span class='ocr_line' id='line_1_21' title="bbox 2201 750 3775 831; baseline -0.009 -13"><span class='ocrx_word' id='word_1_144' title='bbox 2201 760 2455 831; x_wconf 86' lang='lat' dir='ltr'><strong>videntis,</strong></span> <span class='ocrx_word' id='word_1_145' title='bbox 2502 768 2558 816; x_wconf 91' lang='lat' dir='ltr'><strong>et</strong></span> <span class='ocrx_word' id='word_1_146' title='bbox 2585 773 2778 815; x_wconf 86' lang='lat' dir='ltr'><strong>omnes</strong></span> <span class='ocrx_word' id='word_1_147' title='bbox 2820 756 3062 827; x_wconf 85' lang='lat' dir='ltr'><strong>ejusdem</strong></span> <span class='ocrx_word' id='word_1_148' title='bbox 3093 764 3243 812; x_wconf 88' lang='lat' dir='ltr'><strong>actus</strong></span> <span class='ocrx_word' id='word_1_149' title='bbox 3291 754 3431 825; x_wconf 86' lang='lat' dir='ltr'><strong>regit</strong></span> <span class='ocrx_word' id='word_1_150' title='bbox 3458 768 3527 809; x_wconf 87' lang='lat' dir='ltr'><strong>ac</strong></span> <span class='ocrx_word' id='word_1_151' title='bbox 3555 750 3775 807; x_wconf 65' lang='lat' dir='ltr'><strong>modern.</strong></span> 
     </span>
    </p>
   </div>
   <div class='ocr_carea' id='block_1_22' title="bbox 2202 845 3771 925">
    <p class='ocr_par' dir='ltr' id='par_1_22' title="bbox 2202 845 3771 925">
     <span class='ocr_line' id='line_1_22' title="bbox 2202 845 3771 925; baseline -0.008 -16"><span class='ocrx_word' id='word_1_152' title='bbox 2202 865 2306 910; x_wconf 91' lang='lat' dir='ltr'><strong>tur.</strong></span> <span class='ocrx_word' id='word_1_153' title='bbox 2338 854 2522 925; x_wconf 81' lang='lat' dir='ltr'><strong>itaque</strong></span> <span class='ocrx_word' id='word_1_154' title='bbox 2553 850 2826 923; x_wconf 80' lang='lat' dir='ltr'><strong>Pelagiani</strong></span> <span class='ocrx_word' id='word_1_155' title='bbox 2867 850 3252 907; x_wconf 86' lang='lat' dir='ltr'><strong>beatitudinem</strong></span> <span class='ocrx_word' id='word_1_156' title='bbox 3277 846 3588 903; x_wconf 81' lang='lat' dir='ltr'><strong>naturalem</strong></span> <span class='ocrx_word' id='word_1_157' title='bbox 3614 845 3771 915; x_wconf 75' lang='lat' dir='ltr'><strong>pueris</strong></span> 
     </span>
    </p>
   </div>
   <div class='ocr_carea' id='block_1_23' title="bbox 2202 937 3771 1013">
    <p class='ocr_par' dir='ltr' id='par_1_23' title="bbox 2202 937 3771 1013">
     <span class='ocr_line' id='line_1_23' title="bbox 2202 937 3771 1013; baseline -0.01 -8"><span class='ocrx_word' id='word_1_158' title='bbox 2202 946 2572 1013; x_wconf 83' lang='lat' dir='ltr'><strong>destinabant;</strong></span> <span class='ocrx_word' id='word_1_159' title='bbox 2605 945 2681 1001; x_wconf 90' lang='lat' dir='ltr'><strong>uti</strong></span> <span class='ocrx_word' id='word_1_160' title='bbox 2714 943 2857 999; x_wconf 89' lang='lat' dir='ltr'><strong>enim</strong></span> <span class='ocrx_word' id='word_1_161' title='bbox 2886 941 2969 998; x_wconf 86' lang='lat' dir='ltr'><strong>illi</strong></span> <span class='ocrx_word' id='word_1_162' title='bbox 2998 940 3320 997; x_wconf 80' lang='lat' dir='ltr'><strong>naturaliter</strong></span> <span class='ocrx_word' id='word_1_163' title='bbox 3372 939 3689 994; x_wconf 78' lang='lat' dir='ltr'><strong>innocentes</strong></span> <span class='ocrx_word' id='word_1_164' title='bbox 3714 937 3771 989; x_wconf 81' lang='lat' dir='ltr'><strong>ab</strong></span> 
     </span>
    </p>
   </div>
   <div class='ocr_carea' id='block_1_24' title="bbox 2204 1030 3776 1111">
    <p class='ocr_par' dir='ltr' id='par_1_24' title="bbox 2204 1030 3776 1111">
     <span class='ocr_line' id='line_1_24' title="bbox 2204 1030 3776 1111; baseline -0.008 -14"><span class='ocrx_word' id='word_1_165' title='bbox 2204 1041 2395 1099; x_wconf 89' lang='lat' dir='ltr'><strong>iisdem</strong></span> <span class='ocrx_word' id='word_1_166' title='bbox 2427 1040 2831 1107; x_wconf 82' lang='lat' dir='ltr'><strong>asserebantur,</strong></span> <span class='ocrx_word' id='word_1_167' title='bbox 2858 1038 3103 1111; x_wconf 87' lang='lat' dir='ltr'><strong>ejusdem</strong></span> <span class='ocrx_word' id='word_1_168' title='bbox 3150 1036 3314 1093; x_wconf 89' lang='lat' dir='ltr'><strong>etiam</strong></span> <span class='ocrx_word' id='word_1_169' title='bbox 3336 1032 3549 1093; x_wconf 84' lang='lat' dir='ltr'><strong>ordinis</strong></span> <span class='ocrx_word' id='word_1_170' title='bbox 3574 1030 3776 1091; x_wconf 81' lang='lat' dir='ltr'><strong>beatita-</strong></span> 
     </span>
    </p>
   </div>
   <div class='ocr_carea' id='block_1_25' title="bbox 2206 1125 3776 1207">
    <p class='ocr_par' dir='ltr' id='par_1_25' title="bbox 2206 1125 3776 1207">
     <span class='ocr_line' id='line_1_25' title="bbox 2206 1125 3776 1207; baseline -0.008 -14"><span class='ocrx_word' id='word_1_171' title='bbox 2206 1145 2315 1193; x_wconf 88' lang='lat' dir='ltr'><strong>tem</strong></span> <span class='ocrx_word' id='word_1_172' title='bbox 2344 1137 2624 1204; x_wconf 80' lang='lat' dir='ltr'><strong>invexere,</strong></span> <span class='ocrx_word' id='word_1_173' title='bbox 2650 1136 2703 1192; x_wconf 89' lang='lat' dir='ltr'><strong>in</strong></span> <span class='ocrx_word' id='word_1_174' title='bbox 2742 1149 2851 1207; x_wconf 90' lang='lat' dir='ltr'><strong>quo</strong></span> <span class='ocrx_word' id='word_1_175' title='bbox 2874 1142 3055 1190; x_wconf 85' lang='lat' dir='ltr'><strong>tamen</strong></span> <span class='ocrx_word' id='word_1_176' title='bbox 3086 1132 3339 1204; x_wconf 85' lang='lat' dir='ltr'><strong>dogmate</strong></span> <span class='ocrx_word' id='word_1_177' title='bbox 3368 1142 3649 1200; x_wconf 79' lang='lat' dir='ltr'><strong>nunquam</strong></span> <span class='ocrx_word' id='word_1_178' title='bbox 3670 1125 3776 1198; x_wconf 83' lang='lat' dir='ltr'><strong>quid</strong></span> 
     </span>
    </p>
   </div>
   <div class='ocr_carea' id='block_1_26' title="bbox 2200 1216 3777 1293">
    <p class='ocr_par' dir='ltr' id='par_1_26' title="bbox 2200 1216 3777 1293">
     <span class='ocr_line' id='line_1_26' title="bbox 2200 1216 3777 1293; baseline -0.006 -8"><span class='ocrx_word' id='word_1_179' title='bbox 2200 1229 2464 1285; x_wconf 86' lang='lat' dir='ltr'><strong>sentirent</strong></span> <span class='ocrx_word' id='word_1_180' title='bbox 2505 1227 2704 1285; x_wconf 83' lang='lat' dir='ltr'><strong>nostris</strong></span> <span class='ocrx_word' id='word_1_181' title='bbox 2753 1226 3019 1292; x_wconf 88' lang='lat' dir='ltr'><strong>innotuit;</strong></span> <span class='ocrx_word' id='word_1_182' title='bbox 3056 1225 3196 1282; x_wconf 87' lang='lat' dir='ltr'><strong>unde</strong></span> <span class='ocrx_word' id='word_1_183' title='bbox 3235 1221 3575 1293; x_wconf 72' lang='lat' dir='ltr'><strong>Augusﬁnus</strong></span> <span class='ocrx_word' id='word_1_184' title='bbox 3600 1216 3777 1289; x_wconf 79' lang='lat' dir='ltr'><strong>aliique</strong></span> 
     </span>
    </p>
   </div>
   <div class='ocr_carea' id='block_1_27' title="bbox 2202 1312 3776 1389">
    <p class='ocr_par' dir='ltr' id='par_1_27' title="bbox 2202 1312 3776 1389">
     <span class='ocr_line' id='line_1_27' title="bbox 2202 1312 3776 1389; baseline -0.008 -11"><span class='ocrx_word' id='word_1_185' title='bbox 2202 1321 2389 1381; x_wconf 84' lang='lat' dir='ltr'><strong>Patres</strong></span> <span class='ocrx_word' id='word_1_186' title='bbox 2415 1320 2730 1378; x_wconf 85' lang='lat' dir='ltr'><strong>eorumdem</strong></span> <span class='ocrx_word' id='word_1_187' title='bbox 2757 1319 3082 1377; x_wconf 88' lang='lat' dir='ltr'><strong>sententiam</strong></span> <span class='ocrx_word' id='word_1_188' title='bbox 3118 1320 3280 1389; x_wconf 89' lang='lat' dir='ltr'><strong>plane</strong></span> <span class='ocrx_word' id='word_1_189' title='bbox 3319 1317 3521 1386; x_wconf 50' lang='lat' dir='ltr'><strong>seinon</strong></span> <span class='ocrx_word' id='word_1_190' title='bbox 3553 1312 3776 1384; x_wconf 87' lang='lat' dir='ltr'><strong>percipe-</strong></span> 
     </span>
    </p>
   </div>
   <div class='ocr_carea' id='block_1_28' title="bbox 2201 1409 3777 1472">
    <p class='ocr_par' dir='ltr' id='par_1_28' title="bbox 2201 1409 3777 1472">
     <span class='ocr_line' id='line_1_28' title="bbox 2201 1409 3777 1472; baseline -0.002 -2"><span class='ocrx_word' id='word_1_191' title='bbox 2201 1430 2262 1472; x_wconf 88' lang='lat' dir='ltr'><strong>re</strong></span> <span class='ocrx_word' id='word_1_192' title='bbox 2286 1414 2417 1471; x_wconf 83' lang='lat' dir='ltr'><strong>fassi</strong></span> <span class='ocrx_word' id='word_1_193' title='bbox 2444 1413 2705 1472; x_wconf 84' lang='lat' dir='ltr'><strong>sunt.er</strong></span> <span class='ocrx_word' id='word_1_194' title='bbox 2732 1412 2829 1470; x_wconf 90' lang='lat' dir='ltr'><strong>lib.</strong></span> <span class='ocrx_word' id='word_1_195' title='bbox 2858 1413 2927 1470; x_wconf 88' lang='lat' dir='ltr'><strong>de</strong></span> <span class='ocrx_word' id='word_1_196' title='bbox 2958 1409 3439 1471; x_wconf 66' lang='lat' dir='ltr'><strong>Prasdestinatione</strong></span> <span class='ocrx_word' id='word_1_197' title='bbox 3462 1416 3777 1471; x_wconf 79' lang='lat' dir='ltr'><strong>sanctorum,</strong></span> 
     </span>
    </p>
   </div>
   <div class='ocr_carea' id='block_1_29' title="bbox 2200 1501 3779 1579">
    <p class='ocr_par' dir='ltr' id='par_1_29' title="bbox 2200 1501 3779 1579">
     <span class='ocr_line' id='line_1_29' title="bbox 2200 1501 3779 1579; baseline -0.005 -14"><span class='ocrx_word' id='word_1_198' title='bbox 2200 1521 2322 1578; x_wconf 85' lang='lat' dir='ltr'><strong>cap.</strong></span> <span class='ocrx_word' id='word_1_199' title='bbox 2358 1509 2447 1576; x_wconf 76' lang='lat'><strong>15,</strong></span> <span class='ocrx_word' id='word_1_200' title='bbox 2474 1516 2680 1576; x_wconf 82' lang='lat' dir='ltr'><strong>narrat,</strong></span> <span class='ocrx_word' id='word_1_201' title='bbox 2708 1521 2741 1563; x_wconf 87' lang='lat' dir='ltr'><strong>a</strong></span> <span class='ocrx_word' id='word_1_202' title='bbox 2772 1505 3078 1579; x_wconf 86' lang='lat' dir='ltr'><strong>Pelagianis</strong></span> <span class='ocrx_word' id='word_1_203' title='bbox 3126 1503 3369 1575; x_wconf 87' lang='lat' dir='ltr'><strong>promitti</strong></span> <span class='ocrx_word' id='word_1_204' title='bbox 3403 1501 3591 1573; x_wconf 87' lang='lat' dir='ltr'><strong>pueris</strong></span> <span class='ocrx_word' id='word_1_205' title='bbox 3614 1515 3779 1558; x_wconf 72' lang='lat' dir='ltr'><strong>nescio</strong></span> 
     </span>
    </p>
   </div>
   <div class='ocr_carea' id='block_1_30' title="bbox 2201 1597 3781 1673">
    <p class='ocr_par' dir='ltr' id='par_1_30' title="bbox 2201 1597 3781 1673">
     <span class='ocr_line' id='line_1_30' title="bbox 2201 1597 3781 1673; baseline -0.007 -12"><span class='ocrx_word' id='word_1_206' title='bbox 2201 1617 2358 1661; x_wconf 62' lang='lat' dir='ltr'><strong>cuius</strong></span> <span class='ocrx_word' id='word_1_207' title='bbox 2380 1602 2645 1673; x_wconf 72' lang='lat' dir='ltr'><strong>felicitatis</strong></span> <span class='ocrx_word' id='word_1_208' title='bbox 2672 1602 2865 1669; x_wconf 74' lang='lat' dir='ltr'><strong>locum,</strong></span> <span class='ocrx_word' id='word_1_209' title='bbox 2916 1610 2974 1658; x_wconf 92' lang='lat' dir='ltr'><strong>et</strong></span> <span class='ocrx_word' id='word_1_210' title='bbox 2996 1601 3051 1657; x_wconf 92' lang='lat' dir='ltr'><strong>in</strong></span> <span class='ocrx_word' id='word_1_211' title='bbox 3082 1600 3175 1657; x_wconf 91' lang='lat' dir='ltr'><strong>lib.</strong></span> <span class='ocrx_word' id='word_1_212' title='bbox 3208 1600 3274 1657; x_wconf 89' lang='lat' dir='ltr'><strong>de</strong></span> <span class='ocrx_word' id='word_1_213' title='bbox 3295 1597 3631 1661; x_wconf 57' lang='lat' dir='ltr'><strong>Iliensibus,</strong></span> <span class='ocrx_word' id='word_1_214' title='bbox 3657 1600 3781 1665; x_wconf 65' lang='grc' dir='ltr'><strong>λαμ.</strong></span> 
     </span>
    </p>
   </div>
   <div class='ocr_carea' id='block_1_31' title="bbox 2209 1686 3783 1764">
    <p class='ocr_par' dir='ltr' id='par_1_31' title="bbox 2209 1686 3783 1764">
     <span class='ocr_line' id='line_1_31' title="bbox 2209 1686 3783 1764; baseline -0.003 -14"><span class='ocrx_word' id='word_1_215' title='bbox 2209 1695 2301 1764; x_wconf 89' lang='lat'><strong>88,</strong></span> <span class='ocrx_word' id='word_1_216' title='bbox 2332 1704 2579 1750; x_wconf 66' lang='lat' dir='ltr'><strong>aeternam</strong></span> <span class='ocrx_word' id='word_1_217' title='bbox 2622 1704 2672 1750; x_wconf 80' lang='lat' dir='ltr'><strong>et</strong></span> <span class='ocrx_word' id='word_1_218' title='bbox 2716 1693 2921 1750; x_wconf 78' lang='lat' dir='ltr'><strong>beatam</strong></span> <span class='ocrx_word' id='word_1_219' title='bbox 2966 1709 3219 1758; x_wconf 67' lang='lat' dir='ltr'><strong>quae“</strong></span> <span class='ocrx_word' id='word_1_220' title='bbox 3246 1694 3398 1748; x_wconf 76' lang='lat' dir='ltr'><strong>vitam</strong></span> <span class='ocrx_word' id='word_1_221' title='bbox 3438 1705 3609 1747; x_wconf 76' lang='lat' dir='ltr'><strong>suam.</strong></span> <span class='ocrx_word' id='word_1_222' title='bbox 3655 1686 3783 1745; x_wconf 81' lang='lat' dir='ltr'><strong>Idem</strong></span> 
     </span>
    </p>
   </div>
   <div class='ocr_carea' id='block_1_32' title="bbox 2201 1785 3784 1859">
    <p class='ocr_par' dir='ltr' id='par_1_32' title="bbox 2201 1785 3784 1859">
     <span class='ocr_line' id='line_1_32' title="bbox 2201 1785 3784 1859; baseline -0.004 -15"><span class='ocrx_word' id='word_1_223' title='bbox 2201 1787 2365 1845; x_wconf 82' lang='lat' dir='ltr'><strong>habet</strong></span> <span class='ocrx_word' id='word_1_224' title='bbox 2392 1787 2485 1845; x_wconf 89' lang='lat' dir='ltr'><strong>lib.</strong></span> <span class='ocrx_word' id='word_1_225' title='bbox 2508 1805 2528 1844; x_wconf 82' lang='grc' dir='ltr'><strong><em>ι</em></strong></span> <span class='ocrx_word' id='word_1_226' title='bbox 2559 1788 2627 1845; x_wconf 88' lang='lat' dir='ltr'><strong>de</strong></span> <span class='ocrx_word' id='word_1_227' title='bbox 2655 1786 2873 1859; x_wconf 87' lang='lat' dir='ltr'><strong>Origine</strong></span> <span class='ocrx_word' id='word_1_228' title='bbox 2900 1789 3122 1856; x_wconf 63' lang='lat' dir='ltr'><strong>animae,</strong></span> <span class='ocrx_word' id='word_1_229' title='bbox 3172 1788 3329 1858; x_wconf 86' lang='lat' dir='ltr'><strong>cujus</strong></span> <span class='ocrx_word' id='word_1_230' title='bbox 3361 1785 3530 1841; x_wconf 89' lang='lat' dir='ltr'><strong>verba</strong></span> <span class='ocrx_word' id='word_1_231' title='bbox 3559 1797 3681 1839; x_wconf 79' lang='lat' dir='ltr'><strong>mox</strong></span> <span class='ocrx_word' id='word_1_232' title='bbox 3710 1795 3784 1838; x_wconf 86' lang='lat' dir='ltr'><strong>re-</strong></span> 
     </span>
    </p>
   </div>
   <div class='ocr_carea' id='block_1_33' title="bbox 500 1876 3785 1960">
    <p class='ocr_par' dir='ltr' id='par_1_33' title="bbox 500 1876 3785 1960">
     <span class='ocr_line' id='line_1_33' title="bbox 500 1876 3785 1960; baseline -0.006 -11"><span class='ocrx_word' id='word_1_233' title='bbox 500 1909 618 1951; x_wconf 90' lang='lat' dir='ltr'><strong>smo</strong></span> <span class='ocrx_word' id='word_1_234' title='bbox 644 1894 748 1950; x_wconf 90' lang='lat' dir='ltr'><strong>lrui</strong></span> <span class='ocrx_word' id='word_1_235' title='bbox 773 1895 883 1950; x_wconf 90' lang='lat' dir='ltr'><strong>vita</strong></span> <span class='ocrx_word' id='word_1_236' title='bbox 908 1904 1133 1960; x_wconf 62' lang='lat' dir='ltr'><strong>aeterna,</strong></span> <span class='ocrx_word' id='word_1_237' title='bbox 1168 1893 1269 1945; x_wconf 91' lang='lat' dir='ltr'><strong>hoc</strong></span> <span class='ocrx_word' id='word_1_238' title='bbox 1292 1897 1375 1945; x_wconf 91' lang='lat' dir='ltr'><strong>est</strong></span> <span class='ocrx_word' id='word_1_239' title='bbox 1395 1886 1605 1942; x_wconf 84' lang='lat' dir='ltr'><strong>visione</strong></span> <span class='ocrx_word' id='word_1_240' title='bbox 1624 1887 1769 1940; x_wconf 89' lang='lat' dir='ltr'><strong>clara</strong></span> <span class='ocrx_word' id='word_1_241' title='bbox 1827 1881 1941 1946; x_wconf 85' lang='lat' dir='ltr'><strong>Dei,</strong></span> <span class='ocrx_word' id='word_1_242' title='bbox 1993 1892 2095 1935; x_wconf 81' lang='lat' dir='ltr'><strong>nec</strong></span> <span class='ocrx_word' id='word_1_243' title='bbox 2126 1882 2174 1943; x_wconf 72' lang='grc' dir='ltr'><strong>Β</strong></span> <span class='ocrx_word' id='word_1_244' title='bbox 2199 1880 2389 1937; x_wconf 79' lang='lat' dir='ltr'><strong>feram.</strong></span> <span class='ocrx_word' id='word_1_245' title='bbox 2416 1879 2535 1951; x_wconf 88' lang='lat' dir='ltr'><strong>Ipse</strong></span> <span class='ocrx_word' id='word_1_246' title='bbox 2566 1879 2816 1950; x_wconf 81' lang='lat' dir='ltr'><strong>Pelagius</strong></span> <span class='ocrx_word' id='word_1_247' title='bbox 2862 1879 3047 1936; x_wconf 87' lang='lat' dir='ltr'><strong>dicere</strong></span> <span class='ocrx_word' id='word_1_248' title='bbox 3075 1877 3281 1935; x_wconf 82' lang='lat' dir='ltr'><strong>solebat</strong></span> <span class='ocrx_word' id='word_1_249' title='bbox 3314 1894 3332 1933; x_wconf 91' lang='lat'><strong>:</strong></span> <span class='ocrx_word' id='word_1_250' title='bbox 3367 1876 3485 1946; x_wconf 82' lang='lat' dir='ltr'><strong>Quo</strong></span> <span class='ocrx_word' id='word_1_251' title='bbox 3516 1884 3641 1931; x_wconf 79' lang='lat' dir='ltr'><strong>eant</strong></span> <span class='ocrx_word' id='word_1_252' title='bbox 3686 1888 3785 1929; x_wconf 78' lang='lat' dir='ltr'><strong>nes-</strong></span> 
     </span>
    </p>
   </div>
   <div class='ocr_carea' id='block_1_34' title="bbox 500 1980 2096 2053">
    <p class='ocr_par' dir='ltr' id='par_1_34' title="bbox 500 1980 2096 2053">
     <span class='ocr_line' id='line_1_34' title="bbox 500 1980 2096 2053; baseline -0.012 -7"><span class='ocrx_word' id='word_1_253' title='bbox 500 1998 680 2046; x_wconf 88' lang='lat' dir='ltr'><strong>tamen</strong></span> <span class='ocrx_word' id='word_1_254' title='bbox 698 1988 877 2045; x_wconf 87' lang='lat' dir='ltr'><strong>statim</strong></span> <span class='ocrx_word' id='word_1_255' title='bbox 900 1984 1108 2053; x_wconf 90' lang='lat' dir='ltr'><strong>inferri,</strong></span> <span class='ocrx_word' id='word_1_256' title='bbox 1135 1990 1311 2040; x_wconf 89' lang='lat' dir='ltr'><strong>morte</strong></span> <span class='ocrx_word' id='word_1_257' title='bbox 1332 1980 1565 2038; x_wconf 89' lang='lat' dir='ltr'><strong>secunda</strong></span> <span class='ocrx_word' id='word_1_258' title='bbox 1581 1980 1733 2049; x_wconf 79' lang='lat' dir='ltr'><strong>juxta</strong></span> <span class='ocrx_word' id='word_1_259' title='bbox 1757 1984 1922 2032; x_wconf 91' lang='lat' dir='ltr'><strong>totam</strong></span> <span class='ocrx_word' id='word_1_260' title='bbox 1945 1987 2096 2029; x_wconf 85' lang='lat' dir='ltr'><strong>suam</strong></span> 
     </span>
    </p>
   </div>
   <div class='ocr_carea' id='block_1_35' title="bbox 500 2064 2102 2151">
    <p class='ocr_par' dir='ltr' id='par_1_35' title="bbox 500 2064 2102 2151">
     <span class='ocr_line' id='line_1_35' title="bbox 500 2064 2102 2151; baseline -0.012 -13"><span class='ocrx_word' id='word_1_261' title='bbox 500 2081 836 2138; x_wconf 87' lang='lat' dir='ltr'><strong>latitudinem</strong></span> <span class='ocrx_word' id='word_1_262' title='bbox 885 2078 1224 2151; x_wconf 89' lang='lat' dir='ltr'><strong>plectendos,</strong></span> <span class='ocrx_word' id='word_1_263' title='bbox 1276 2074 1371 2132; x_wconf 86' lang='lat' dir='ltr'><strong>sed</strong></span> <span class='ocrx_word' id='word_1_264' title='bbox 1405 2082 1564 2146; x_wconf 90' lang='lat' dir='ltr'><strong>prout</strong></span> <span class='ocrx_word' id='word_1_265' title='bbox 1591 2072 1709 2127; x_wconf 63' lang='lat' dir='ltr'><strong>hac</strong></span> <span class='ocrx_word' id='word_1_266' title='bbox 1738 2076 1941 2125; x_wconf 84' lang='lat' dir='ltr'><strong>tantum</strong></span> <span class='ocrx_word' id='word_1_267' title='bbox 1969 2064 2102 2121; x_wconf 85' lang='lat' dir='ltr'><strong>dicit</strong></span> 
     </span>
    </p>
   </div>
   <div class='ocr_carea' id='block_1_36' title="bbox 501 2161 2098 2245">
    <p class='ocr_par' dir='ltr' id='par_1_36' title="bbox 501 2161 2098 2245">
     <span class='ocr_line' id='line_1_36' title="bbox 501 2161 2098 2245; baseline -0.013 -15"><span class='ocrx_word' id='word_1_268' title='bbox 501 2174 853 2245; x_wconf 88' lang='lat' dir='ltr'><strong>privationem</strong></span> <span class='ocrx_word' id='word_1_269' title='bbox 881 2169 1106 2228; x_wconf 86' lang='lat' dir='ltr'><strong>visionis</strong></span> <span class='ocrx_word' id='word_1_270' title='bbox 1132 2168 1251 2235; x_wconf 89' lang='lat' dir='ltr'><strong>Dei,</strong></span> <span class='ocrx_word' id='word_1_271' title='bbox 1282 2182 1391 2223; x_wconf 90' lang='lat' dir='ltr'><strong>non</strong></span> <span class='ocrx_word' id='word_1_272' title='bbox 1422 2172 1688 2237; x_wconf 87' lang='lat' dir='ltr'><strong>quatenus</strong></span> <span class='ocrx_word' id='word_1_273' title='bbox 1715 2161 1958 2217; x_wconf 85' lang='lat' dir='ltr'><strong>continet</strong></span> <span class='ocrx_word' id='word_1_274' title='bbox 1980 2171 2098 2212; x_wconf 89' lang='lat' dir='ltr'><strong>eru-</strong></span> 
     </span>
    </p>
   </div>
   <div class='ocr_carea' id='block_1_37' title="bbox 500 2245 2099 2333">
    <p class='ocr_par' dir='ltr' id='par_1_37' title="bbox 500 2245 2099 2333">
     <span class='ocr_line' id='line_1_37' title="bbox 500 2245 2099 2333; baseline -0.013 -11"><span class='ocrx_word' id='word_1_275' title='bbox 500 2267 671 2322; x_wconf 90' lang='lat' dir='ltr'><strong>ciatus</strong></span> <span class='ocrx_word' id='word_1_276' title='bbox 700 2274 756 2322; x_wconf 91' lang='lat' dir='ltr'><strong>et</strong></span> <span class='ocrx_word' id='word_1_277' title='bbox 775 2275 976 2321; x_wconf 69' lang='lat' dir='ltr'><strong>aeterna</strong></span> <span class='ocrx_word' id='word_1_278' title='bbox 1026 2261 1290 2333; x_wconf 87' lang='lat' dir='ltr'><strong>supplicia</strong></span> <span class='ocrx_word' id='word_1_279' title='bbox 1340 2259 1535 2315; x_wconf 67' lang='lat' dir='ltr'><strong>animae</strong></span> <span class='ocrx_word' id='word_1_280' title='bbox 1564 2266 1618 2311; x_wconf 87' lang='lat' dir='ltr'><strong>et</strong></span> <span class='ocrx_word' id='word_1_281' title='bbox 1670 2252 1933 2323; x_wconf 89' lang='lat' dir='ltr'><strong>corporis.</strong></span> <span class='ocrx_word' id='word_1_282' title='bbox 1989 2245 2099 2304; x_wconf 82' lang='lat' dir='ltr'><strong>Sed</strong></span> 
     </span>
    </p>
   </div>
   <div class='ocr_carea' id='block_1_38' title="bbox 500 2341 2098 2418">
    <p class='ocr_par' dir='ltr' id='par_1_38' title="bbox 500 2341 2098 2418">
     <span class='ocr_line' id='line_1_38' title="bbox 500 2341 2098 2418; baseline -0.013 -4"><span class='ocrx_word' id='word_1_283' title='bbox 500 2358 617 2416; x_wconf 85' lang='lat' dir='ltr'><strong>haec</strong></span> <span class='ocrx_word' id='word_1_284' title='bbox 634 2357 902 2416; x_wconf 88' lang='lat' dir='ltr'><strong>sententia</strong></span> <span class='ocrx_word' id='word_1_285' title='bbox 937 2357 1087 2413; x_wconf 88' lang='lat' dir='ltr'><strong>nulla</strong></span> <span class='ocrx_word' id='word_1_286' title='bbox 1127 2354 1337 2411; x_wconf 87' lang='lat' dir='ltr'><strong>ratione</strong></span> <span class='ocrx_word' id='word_1_287' title='bbox 1383 2349 1595 2406; x_wconf 82' lang='lat' dir='ltr'><strong>admitti</strong></span> <span class='ocrx_word' id='word_1_288' title='bbox 1624 2355 1821 2418; x_wconf 87' lang='lat' dir='ltr'><strong>potest,</strong></span> <span class='ocrx_word' id='word_1_289' title='bbox 1843 2343 1891 2397; x_wconf 86' lang='lat' dir='ltr'><strong>si</strong></span> <span class='ocrx_word' id='word_1_290' title='bbox 1916 2341 2098 2398; x_wconf 87' lang='lat' dir='ltr'><strong>consi-</strong></span> 
     </span>
    </p>
   </div>
   <div class='ocr_carea' id='block_1_39' title="bbox 478 2435 2095 2525">
    <p class='ocr_par' dir='ltr' id='par_1_39' title="bbox 478 2435 2095 2525">
     <span class='ocr_line' id='line_1_39' title="bbox 478 2435 2095 2525; baseline -0.013 -16"><span class='ocrx_word' id='word_1_291' title='bbox 478 2451 755 2525; x_wconf 83' lang='lat' dir='ltr'><strong>deremus</strong></span> <span class='ocrx_word' id='word_1_292' title='bbox 779 2450 908 2523; x_wconf 87' lang='lat' dir='ltr'><strong>quid</strong></span> <span class='ocrx_word' id='word_1_293' title='bbox 957 2446 1231 2520; x_wconf 86' lang='lat' dir='ltr'><strong>Pelagiani</strong></span> <span class='ocrx_word' id='word_1_294' title='bbox 1261 2445 1479 2502; x_wconf 89' lang='lat' dir='ltr'><strong>nomine</strong></span> <span class='ocrx_word' id='word_1_295' title='bbox 1505 2441 1658 2511; x_wconf 84' lang='lat' dir='ltr'><strong>regni</strong></span> <span class='ocrx_word' id='word_1_296' title='bbox 1700 2438 1963 2494; x_wconf 74' lang='lat' dir='ltr'><strong>cmlorum</strong></span> <span class='ocrx_word' id='word_1_297' title='bbox 2013 2435 2095 2490; x_wconf 85' lang='lat' dir='ltr'><strong>in-</strong></span> 
     </span>
    </p>
   </div>
   <div class='ocr_carea' id='block_1_40' title="bbox 501 2534 2096 2618">
    <p class='ocr_par' dir='ltr' id='par_1_40' title="bbox 501 2534 2096 2618">
     <span class='ocr_line' id='line_1_40' title="bbox 501 2534 2096 2618; baseline -0.009 -17"><span class='ocrx_word' id='word_1_298' title='bbox 501 2546 820 2618; x_wconf 89' lang='lat' dir='ltr'><strong>telligerent.</strong></span> <span class='ocrx_word' id='word_1_299' title='bbox 848 2544 917 2602; x_wconf 87' lang='lat' dir='ltr'><strong>Et</strong></span> <span class='ocrx_word' id='word_1_300' title='bbox 943 2544 1069 2601; x_wconf 87' lang='lat' dir='ltr'><strong>licet</strong></span> <span class='ocrx_word' id='word_1_301' title='bbox 1096 2542 1386 2608; x_wconf 85' lang='lat' dir='ltr'><strong>Moraines,</strong></span> <span class='ocrx_word' id='word_1_302' title='bbox 1431 2554 1580 2594; x_wconf 91' lang='lat' dir='ltr'><strong>num.</strong></span> <span class='ocrx_word' id='word_1_303' title='bbox 1626 2534 1718 2602; x_wconf 86' lang='lat'><strong>55,</strong></span> <span class='ocrx_word' id='word_1_304' title='bbox 1762 2534 1912 2590; x_wconf 87' lang='lat' dir='ltr'><strong>dicat</strong></span> <span class='ocrx_word' id='word_1_305' title='bbox 1940 2570 1941 2573; x_wconf 60' lang='grc' dir='ltr'><strong>η</strong></span> <span class='ocrx_word' id='word_1_306' title='bbox 1969 2548 2096 2588; x_wconf 88' lang='lat' dir='ltr'><strong>eos-</strong></span> 
     </span>
    </p>
   </div>
   <div class='ocr_carea' id='block_1_41' title="bbox 502 2629 2098 2707">
    <p class='ocr_par' dir='ltr' id='par_1_41' title="bbox 502 2629 2098 2707">
     <span class='ocr_line' id='line_1_41' title="bbox 502 2629 2098 2707; baseline -0.009 -12"><span class='ocrx_word' id='word_1_307' title='bbox 502 2639 625 2695; x_wconf 89' lang='lat' dir='ltr'><strong>dem</strong></span> <span class='ocrx_word' id='word_1_308' title='bbox 647 2638 699 2694; x_wconf 88' lang='lat' dir='ltr'><strong>id</strong></span> <span class='ocrx_word' id='word_1_309' title='bbox 747 2655 849 2692; x_wconf 85' lang='lat' dir='ltr'><strong>non</strong></span> <span class='ocrx_word' id='word_1_310' title='bbox 901 2638 1028 2693; x_wconf 78' lang='lat' dir='ltr'><strong>satis</strong></span> <span class='ocrx_word' id='word_1_311' title='bbox 1057 2634 1386 2707; x_wconf 74' lang='lat' dir='ltr'><strong>expressisse,</strong></span> <span class='ocrx_word' id='word_1_312' title='bbox 1441 2629 1709 2699; x_wconf 88' lang='lat' dir='ltr'><strong>colligitur</strong></span> <span class='ocrx_word' id='word_1_313' title='bbox 1742 2637 1922 2681; x_wconf 86' lang='lat' dir='ltr'><strong>tamen</strong></span> <span class='ocrx_word' id='word_1_314' title='bbox 1977 2640 2098 2695; x_wconf 78' lang='lat' dir='ltr'><strong>quae</strong></span> 
     </span>
    </p>
   </div>
   <div class='ocr_carea' id='block_1_42' title="bbox 498 2719 2095 2791">
    <p class='ocr_par' dir='ltr' id='par_1_42' title="bbox 498 2719 2095 2791">
     <span class='ocr_line' id='line_1_42' title="bbox 498 2719 2095 2791; baseline -0.009 -4"><span class='ocrx_word' id='word_1_315' title='bbox 498 2730 662 2788; x_wconf 86' lang='lat' dir='ltr'><strong>fuerit</strong></span> <span class='ocrx_word' id='word_1_316' title='bbox 692 2732 904 2787; x_wconf 91' lang='lat' dir='ltr'><strong>illorum</strong></span> <span class='ocrx_word' id='word_1_317' title='bbox 928 2728 1193 2787; x_wconf 89' lang='lat' dir='ltr'><strong>sententia</strong></span> <span class='ocrx_word' id='word_1_318' title='bbox 1225 2742 1290 2781; x_wconf 80' lang='lat' dir='ltr'><strong>ex</strong></span> <span class='ocrx_word' id='word_1_319' title='bbox 1321 2724 1533 2781; x_wconf 87' lang='lat' dir='ltr'><strong>.luiiano</strong></span> <span class='ocrx_word' id='word_1_320' title='bbox 1556 2723 1649 2779; x_wconf 86' lang='lat' dir='ltr'><strong>lib.</strong></span> <span class='ocrx_word' id='word_1_321' title='bbox 1684 2736 1739 2777; x_wconf 83' lang='lat' dir='ltr'><strong>vt</strong></span> <span class='ocrx_word' id='word_1_322' title='bbox 1767 2720 1960 2791; x_wconf 86' lang='lat' dir='ltr'><strong>Operis</strong></span> <span class='ocrx_word' id='word_1_323' title='bbox 1991 2719 2095 2773; x_wconf 88' lang='lat' dir='ltr'><strong>im—</strong></span> 
     </span>
    </p>
   </div>
   <div class='ocr_carea' id='block_1_43' title="bbox 498 2808 2098 2893">
    <p class='ocr_par' dir='ltr' id='par_1_43' title="bbox 498 2808 2098 2893">
     <span class='ocr_line' id='line_1_43' title="bbox 498 2808 2098 2893; baseline -0.008 -15"><span class='ocrx_word' id='word_1_324' title='bbox 498 2820 664 2893; x_wconf 88' lang='lat' dir='ltr'><strong>perf.,</strong></span> <span class='ocrx_word' id='word_1_325' title='bbox 694 2838 815 2893; x_wconf 87' lang='lat' dir='ltr'><strong>cap.</strong></span> <span class='ocrx_word' id='word_1_326' title='bbox 845 2819 936 2891; x_wconf 77' lang='lat'><strong>57,</strong></span> <span class='ocrx_word' id='word_1_327' title='bbox 962 2820 1053 2876; x_wconf 88' lang='lat' dir='ltr'><strong>ubi</strong></span> <span class='ocrx_word' id='word_1_328' title='bbox 1075 2819 1150 2874; x_wconf 86' lang='lat' dir='ltr'><strong>ait</strong></span> <span class='ocrx_word' id='word_1_329' title='bbox 1179 2836 1193 2873; x_wconf 92' lang='lat'><strong>:</strong></span> <span class='ocrx_word' id='word_1_330' title='bbox 1226 2836 1244 2870; x_wconf 74' lang='grc' dir='ltr'>ι</span> <span class='ocrx_word' id='word_1_331' title='bbox 1281 2816 1447 2871; x_wconf 87' lang='lat' dir='ltr'><strong>Multo</strong></span> <span class='ocrx_word' id='word_1_332' title='bbox 1488 2814 1725 2869; x_wconf 78' lang='lat' dir='ltr'><strong>maxime</strong></span> <span class='ocrx_word' id='word_1_333' title='bbox 1750 2808 2098 2882; x_wconf 84' lang='lat' dir='ltr'><strong>congregatio</strong></span> 
     </span>
    </p>
   </div>
   <div class='ocr_carea' id='block_1_44' title="bbox 499 2892 2099 2987">
    <p class='ocr_par' dir='ltr' id='par_1_44' title="bbox 499 2892 2099 2987">
     <span class='ocr_line' id='line_1_44' title="bbox 499 2892 2099 2987; baseline -0.009 -15"><span class='ocrx_word' id='word_1_334' title='bbox 499 2917 676 2972; x_wconf 91' lang='lat' dir='ltr'><strong>omnis</strong></span> <span class='ocrx_word' id='word_1_335' title='bbox 696 2892 989 2987; x_wconf 83' lang='lat' dir='ltr'><strong>glon&#39;flcata</strong></span> <span class='ocrx_word' id='word_1_336' title='bbox 1039 2922 1347 2970; x_wconf 89' lang='lat' dir='ltr'><strong>sanctorum</strong></span> <span class='ocrx_word' id='word_1_337' title='bbox 1378 2924 1502 2968; x_wconf 91' lang='lat' dir='ltr'><strong>esse</strong></span> <span class='ocrx_word' id='word_1_338' title='bbox 1555 2910 1667 2963; x_wconf 91' lang='lat' dir='ltr'><strong>Deo</strong></span> <span class='ocrx_word' id='word_1_339' title='bbox 1690 2892 1933 2978; x_wconf 77' lang='lat' dir='ltr'><strong>subjecta</strong></span> <span class='ocrx_word' id='word_1_340' title='bbox 1990 2919 2099 2959; x_wconf 90' lang='lat' dir='ltr'><strong>non</strong></span> 
     </span>
    </p>
   </div>
   <div class='ocr_carea' id='block_1_45' title="bbox 498 2998 2095 3078">
    <p class='ocr_par' dir='ltr' id='par_1_45' title="bbox 498 2998 2095 3078">
     <span class='ocr_line' id='line_1_45' title="bbox 498 2998 2095 3078; baseline -0.009 -13"><span class='ocrx_word' id='word_1_341' title='bbox 498 3008 749 3078; x_wconf 83' lang='lat' dir='ltr'><strong>desistet,</strong></span> <span class='ocrx_word' id='word_1_342' title='bbox 775 3008 870 3064; x_wconf 89' lang='lat' dir='ltr'><strong>sed</strong></span> <span class='ocrx_word' id='word_1_343' title='bbox 892 3017 1067 3064; x_wconf 88' lang='lat' dir='ltr'><strong>totum</strong></span> <span class='ocrx_word' id='word_1_344' title='bbox 1099 3018 1296 3078; x_wconf 89' lang='lat' dir='ltr'><strong>corpus</strong></span> <span class='ocrx_word' id='word_1_345' title='bbox 1318 3004 1535 3075; x_wconf 89' lang='lat' dir='ltr'><strong>dignum</strong></span> <span class='ocrx_word' id='word_1_346' title='bbox 1589 3015 1758 3071; x_wconf 89' lang='lat' dir='ltr'><strong>regno</strong></span> <span class='ocrx_word' id='word_1_347' title='bbox 1804 2998 2095 3061; x_wconf 81' lang='lat' dir='ltr'><strong>caelorum,</strong></span> 
     </span>
    </p>
   </div>
   <div class='ocr_carea' id='block_1_46' title="bbox 498 3096 2098 3179">
    <p class='ocr_par' dir='ltr' id='par_1_46' title="bbox 498 3096 2098 3179">
     <span class='ocr_line' id='line_1_46' title="bbox 498 3096 2098 3179; baseline -0.008 -16"><span class='ocrx_word' id='word_1_348' title='bbox 498 3106 642 3179; x_wconf 88' lang='lat' dir='ltr'><strong>quod</strong></span> <span class='ocrx_word' id='word_1_349' title='bbox 666 3106 764 3162; x_wconf 88' lang='lat' dir='ltr'><strong>sub</strong></span> <span class='ocrx_word' id='word_1_350' title='bbox 794 3104 997 3162; x_wconf 86' lang='lat' dir='ltr'><strong>Christi</strong></span> <span class='ocrx_word' id='word_1_351' title='bbox 1023 3104 1196 3175; x_wconf 89' lang='lat' dir='ltr'><strong>capite</strong></span> <span class='ocrx_word' id='word_1_352' title='bbox 1234 3101 1586 3168; x_wconf 88' lang='lat' dir='ltr'><strong>construitur,</strong></span> <span class='ocrx_word' id='word_1_353' title='bbox 1624 3098 1821 3153; x_wconf 62' lang='lat' dir='ltr'><strong>divinae.</strong></span> <span class='ocrx_word' id='word_1_354' title='bbox 1849 3096 2098 3152; x_wconf 81' lang='lat' dir='ltr'><strong>volunta-</strong></span> 
     </span>
    </p>
   </div>
   <div class='ocr_carea' id='block_1_47' title="bbox 506 3187 2099 3271">
    <p class='ocr_par' dir='ltr' id='par_1_47' title="bbox 506 3187 2099 3271">
     <span class='ocr_line' id='line_1_47' title="bbox 506 3187 2099 3271; baseline -0.007 -18"><span class='ocrx_word' id='word_1_355' title='bbox 506 3200 545 3254; x_wconf 92' lang='lat' dir='ltr'><strong>ti</strong></span> <span class='ocrx_word' id='word_1_356' title='bbox 575 3198 817 3271; x_wconf 90' lang='lat' dir='ltr'><strong>perfecta</strong></span> <span class='ocrx_word' id='word_1_357' title='bbox 855 3198 1141 3254; x_wconf 77' lang='lat' dir='ltr'><strong>affectione</strong></span> <span class='ocrx_word' id='word_1_358' title='bbox 1183 3194 1499 3261; x_wconf 64' lang='lat' dir='ltr'><strong>cohaerebit,</strong></span> <span class='ocrx_word' id='word_1_359' title='bbox 1549 3200 1605 3247; x_wconf 91' lang='lat' dir='ltr'><strong>ut</strong></span> <span class='ocrx_word' id='word_1_360' title='bbox 1632 3190 1897 3247; x_wconf 80' lang='lat' dir='ltr'><strong>exstincta</strong></span> <span class='ocrx_word' id='word_1_361' title='bbox 1952 3187 2099 3244; x_wconf 89' lang='lat' dir='ltr'><strong>omni</strong></span> 
     </span>
    </p>
   </div>
   <div class='ocr_carea' id='block_1_48' title="bbox 2200 1970 3440 2043">
    <p class='ocr_par' dir='ltr' id='par_1_48' title="bbox 2200 1970 3440 2043">
     <span class='ocr_line' id='line_1_48' title="bbox 2200 1970 3440 2043; baseline -0.002 -16"><span class='ocrx_word' id='word_1_362' title='bbox 2200 1972 2303 2041; x_wconf 87' lang='lat' dir='ltr'><strong>cio,</strong></span> <span class='ocrx_word' id='word_1_363' title='bbox 2333 1979 2392 2028; x_wconf 91' lang='lat' dir='ltr'><strong>ut</strong></span> <span class='ocrx_word' id='word_1_364' title='bbox 2410 1987 2479 2029; x_wconf 78' lang='lat' dir='ltr'><strong>ex</strong></span> <span class='ocrx_word' id='word_1_365' title='bbox 2504 1972 2802 2043; x_wconf 84' lang='lat' dir='ltr'><strong>Augustino</strong></span> <span class='ocrx_word' id='word_1_366' title='bbox 2832 1972 3081 2042; x_wconf 86' lang='lat' dir='ltr'><strong>superius</strong></span> <span class='ocrx_word' id='word_1_367' title='bbox 3105 1970 3310 2027; x_wconf 89' lang='lat' dir='ltr'><strong>dictum</strong></span> <span class='ocrx_word' id='word_1_368' title='bbox 3334 1977 3440 2027; x_wconf 88' lang='lat' dir='ltr'><strong>est.</strong></span> 
     </span>
    </p>
   </div>
   <div class='ocr_carea' id='block_1_49' title="bbox 2271 2060 3784 2137">
    <p class='ocr_par' dir='ltr' id='par_1_49' title="bbox 2271 2060 3784 2137">
     <span class='ocr_line' id='line_1_49' title="bbox 2271 2060 3784 2137; baseline -0.003 -16"><span class='ocrx_word' id='word_1_369' title='bbox 2271 2064 2457 2122; x_wconf 80' lang='lat' dir='ltr'><strong>Redeo</strong></span> <span class='ocrx_word' id='word_1_370' title='bbox 2484 2064 2552 2121; x_wconf 88' lang='lat' dir='ltr'><strong>ad</strong></span> <span class='ocrx_word' id='word_1_371' title='bbox 2579 2065 2863 2122; x_wconf 86' lang='lat' dir='ltr'><strong>Africanas</strong></span> <span class='ocrx_word' id='word_1_372' title='bbox 2891 2066 3152 2137; x_wconf 84' lang='lat' dir='ltr'><strong>synodos.</strong></span> <span class='ocrx_word' id='word_1_373' title='bbox 3183 2064 3243 2122; x_wconf 82' lang='lat' dir='ltr'><strong>in</strong></span> <span class='ocrx_word' id='word_1_374' title='bbox 3270 2062 3504 2121; x_wconf 90' lang='lat' dir='ltr'><strong>concilio</strong></span> <span class='ocrx_word' id='word_1_375' title='bbox 3523 2060 3784 2118; x_wconf 83' lang='lat' dir='ltr'><strong>celebrato</strong></span> 
     </span>
    </p>
   </div>
   <div class='ocr_carea' id='block_1_50' title="bbox 2199 2152 3785 2231">
    <p class='ocr_par' dir='ltr' id='par_1_50' title="bbox 2199 2152 3785 2231">
     <span class='ocr_line' id='line_1_50' title="bbox 2199 2152 3785 2231; baseline -0.004 -16"><span class='ocrx_word' id='word_1_376' title='bbox 2199 2175 2344 2216; x_wconf 81' lang='lat' dir='ltr'><strong>anno</strong></span> <span class='ocrx_word' id='word_1_377' title='bbox 2380 2160 2486 2217; x_wconf 71' lang='grc'><strong>418</strong></span> <span class='ocrx_word' id='word_1_378' title='bbox 2541 2160 2874 2231; x_wconf 86' lang='lat' dir='ltr'><strong>Carthagine</strong></span> <span class='ocrx_word' id='word_1_379' title='bbox 2902 2167 3091 2215; x_wconf 87' lang='lat' dir='ltr'><strong>contra</strong></span> <span class='ocrx_word' id='word_1_380' title='bbox 3121 2157 3462 2230; x_wconf 83' lang='lat' dir='ltr'><strong>Pelagianos,</strong></span> <span class='ocrx_word' id='word_1_381' title='bbox 3490 2154 3553 2213; x_wconf 89' lang='lat' dir='ltr'><strong>in</strong></span> <span class='ocrx_word' id='word_1_382' title='bbox 3578 2168 3685 2226; x_wconf 84' lang='lat' dir='ltr'><strong>quo</strong></span> <span class='ocrx_word' id='word_1_383' title='bbox 3708 2152 3785 2209; x_wconf 85' lang='lat' dir='ltr'><strong>hic</strong></span> 
     </span>
    </p>
   </div>
   <div class='ocr_carea' id='block_1_51' title="bbox 2200 2245 3780 2321">
    <p class='ocr_par' dir='ltr' id='par_1_51' title="bbox 2200 2245 3780 2321">
     <span class='ocr_line' id='line_1_51' title="bbox 2200 2245 3780 2321; baseline -0.003 -13"><span class='ocrx_word' id='word_1_384' title='bbox 2200 2266 2382 2308; x_wconf 81' lang='lat' dir='ltr'><strong>canon</strong></span> <span class='ocrx_word' id='word_1_385' title='bbox 2431 2253 2485 2307; x_wconf 93' lang='lat' dir='ltr'><strong>in</strong></span> <span class='ocrx_word' id='word_1_386' title='bbox 2518 2252 2744 2309; x_wconf 89' lang='lat' dir='ltr'><strong>vetustis</strong></span> <span class='ocrx_word' id='word_1_387' title='bbox 2782 2251 3060 2308; x_wconf 81' lang='lat' dir='ltr'><strong>codicibus</strong></span> <span class='ocrx_word' id='word_1_388' title='bbox 3080 2259 3311 2308; x_wconf 85' lang='lat' dir='ltr'><strong>statutus</strong></span> <span class='ocrx_word' id='word_1_389' title='bbox 3335 2249 3556 2321; x_wconf 87' lang='lat' dir='ltr'><strong>legitur.</strong></span> <span class='ocrx_word' id='word_1_390' title='bbox 3617 2245 3780 2304; x_wconf 69' lang='lat' dir='ltr'><strong>altern</strong></span> 
     </span>
    </p>
   </div>
   <div class='ocr_carea' id='block_1_52' title="bbox 2202 2341 3784 2415">
    <p class='ocr_par' dir='ltr' id='par_1_52' title="bbox 2202 2341 3784 2415">
     <span class='ocr_line' id='line_1_52' title="bbox 2202 2341 3784 2415; baseline -0.003 -16"><span class='ocrx_word' id='word_1_391' title='bbox 2202 2344 2426 2414; x_wconf 88' lang='lat' dir='ltr'><strong>placuit,</strong></span> <span class='ocrx_word' id='word_1_392' title='bbox 2482 2353 2540 2400; x_wconf 92' lang='lat' dir='ltr'><strong>ut</strong></span> <span class='ocrx_word' id='word_1_393' title='bbox 2578 2345 2627 2399; x_wconf 91' lang='lat' dir='ltr'><strong>si</strong></span> <span class='ocrx_word' id='word_1_394' title='bbox 2667 2344 2785 2415; x_wconf 77' lang='lat' dir='ltr'><strong>quis</strong></span> <span class='ocrx_word' id='word_1_395' title='bbox 2836 2344 2989 2410; x_wconf 88' lang='lat' dir='ltr'><strong>dicit,</strong></span> <span class='ocrx_word' id='word_1_396' title='bbox 3043 2343 3165 2400; x_wconf 87' lang='lat' dir='ltr'><strong>ideo</strong></span> <span class='ocrx_word' id='word_1_397' title='bbox 3204 2343 3413 2401; x_wconf 72' lang='lat' dir='ltr'><strong>dixisse</strong></span> <span class='ocrx_word' id='word_1_398' title='bbox 3460 2341 3784 2399; x_wconf 64' lang='lat' dir='ltr'><strong>Dominum:</strong></span> 
     </span>
    </p>
   </div>
   <div class='ocr_carea' id='block_1_53' title="bbox 2203 2432 3789 2504">
    <p class='ocr_par' dir='ltr' id='par_1_53' title="bbox 2203 2432 3789 2504">
     <span class='ocr_line' id='line_1_53' title="bbox 2203 2432 3789 2504; baseline -0.002 -14"><span class='ocrx_word' id='word_1_399' title='bbox 2203 2435 2273 2491; x_wconf 83' lang='lat' dir='ltr'><strong>In</strong></span> <span class='ocrx_word' id='word_1_400' title='bbox 2291 2439 2445 2492; x_wconf 88' lang='lat' dir='ltr'><strong>domo</strong></span> <span class='ocrx_word' id='word_1_401' title='bbox 2457 2437 2632 2494; x_wconf 81' lang='lat' dir='ltr'><strong>Patris</strong></span> <span class='ocrx_word' id='word_1_402' title='bbox 2646 2438 2743 2494; x_wconf 77' lang='lat' dir='ltr'><strong>uici</strong></span> <span class='ocrx_word' id='word_1_403' title='bbox 2759 2438 3046 2493; x_wconf 76' lang='lat' dir='ltr'><strong>ntansionet</strong></span> <span class='ocrx_word' id='word_1_404' title='bbox 3060 2438 3234 2493; x_wconf 70' lang='lat' dir='ltr'><strong>multa:</strong></span> <span class='ocrx_word' id='word_1_405' title='bbox 3254 2444 3371 2492; x_wconf 65' lang='lat' dir='ltr'><strong>sunt</strong></span> <span class='ocrx_word' id='word_1_406' title='bbox 3388 2434 3577 2504; x_wconf 73' lang='lat' dir='ltr'><strong>(Jan.</strong></span> <span class='ocrx_word' id='word_1_407' title='bbox 3596 2432 3730 2503; x_wconf 68' lang='lat' dir='ltr'><strong>xxv),</strong></span> <span class='ocrx_word' id='word_1_408' title='bbox 3741 2440 3789 2487; x_wconf 87' lang='lat' dir='ltr'><strong>ut</strong></span> 
     </span>
    </p>
   </div>
   <div class='ocr_carea' id='block_1_54' title="bbox 2204 2527 3791 2601">
    <p class='ocr_par' dir='ltr' id='par_1_54' title="bbox 2204 2527 3791 2601">
     <span class='ocr_line' id='line_1_54' title="bbox 2204 2527 3791 2601; baseline -0.002 -18"><span class='ocrx_word' id='word_1_409' title='bbox 2204 2528 2555 2598; x_wconf 86' lang='lat' dir='ltr'><strong>intelligatur,</strong></span> <span class='ocrx_word' id='word_1_410' title='bbox 2600 2529 2732 2599; x_wconf 87' lang='lat' dir='ltr'><strong>quia</strong></span> <span class='ocrx_word' id='word_1_411' title='bbox 2756 2530 2813 2583; x_wconf 92' lang='lat' dir='ltr'><strong>in</strong></span> <span class='ocrx_word' id='word_1_412' title='bbox 2842 2543 3011 2601; x_wconf 88' lang='lat' dir='ltr'><strong>regno</strong></span> <span class='ocrx_word' id='word_1_413' title='bbox 3049 2528 3311 2585; x_wconf 82' lang='lat' dir='ltr'><strong>caelorum</strong></span> <span class='ocrx_word' id='word_1_414' title='bbox 3340 2527 3445 2583; x_wconf 86' lang='lat' dir='ltr'><strong>erit</strong></span> <span class='ocrx_word' id='word_1_415' title='bbox 3462 2539 3674 2590; x_wconf 78' lang='lat' dir='ltr'><strong>ALIQUIS</strong></span> <span class='ocrx_word' id='word_1_416' title='bbox 3698 2539 3791 2581; x_wconf 78' lang='lat' dir='ltr'><strong>u-</strong></span> 
     </span>
    </p>
   </div>
   <div class='ocr_carea' id='block_1_55' title="bbox 2198 2620 3790 2689">
    <p class='ocr_par' dir='ltr' id='par_1_55' title="bbox 2198 2620 3790 2689">
     <span class='ocr_line' id='line_1_55' title="bbox 2198 2620 3790 2689; baseline -0.003 -12"><span class='ocrx_word' id='word_1_417' title='bbox 2198 2636 2341 2689; x_wconf 66' lang='lat' dir='ltr'><strong>nius,</strong></span> <span class='ocrx_word' id='word_1_418' title='bbox 2373 2632 2465 2677; x_wconf 89' lang='lat' dir='ltr'><strong>aut</strong></span> <span class='ocrx_word' id='word_1_419' title='bbox 2497 2637 2660 2678; x_wconf 70' lang='lat' dir='ltr'><strong>uanus</strong></span> <span class='ocrx_word' id='word_1_420' title='bbox 2688 2637 2900 2678; x_wconf 77' lang='lat' dir='ltr'><strong>ALICUBI</strong></span> <span class='ocrx_word' id='word_1_421' title='bbox 2938 2637 3129 2689; x_wconf 71' lang='lat' dir='ltr'><strong>Locus,</strong></span> <span class='ocrx_word' id='word_1_422' title='bbox 3158 2620 3251 2678; x_wconf 86' lang='lat' dir='ltr'><strong>ubi</strong></span> <span class='ocrx_word' id='word_1_423' title='bbox 3279 2620 3440 2677; x_wconf 88' lang='lat' dir='ltr'><strong>beate</strong></span> <span class='ocrx_word' id='word_1_424' title='bbox 3465 2620 3653 2674; x_wconf 84' lang='lat' dir='ltr'><strong>vivant</strong></span> <span class='ocrx_word' id='word_1_425' title='bbox 3678 2630 3790 2688; x_wconf 85' lang='lat' dir='ltr'><strong>par-</strong></span> 
     </span>
    </p>
   </div>
   <div class='ocr_carea' id='block_1_56' title="bbox 2203 2706 3792 2783">
    <p class='ocr_par' dir='ltr' id='par_1_56' title="bbox 2203 2706 3792 2783">
     <span class='ocr_line' id='line_1_56' title="bbox 2203 2706 3792 2783; baseline -0.001 -17"><span class='ocrx_word' id='word_1_426' title='bbox 2203 2712 2341 2783; x_wconf 88' lang='lat' dir='ltr'><strong>vuli,</strong></span> <span class='ocrx_word' id='word_1_427' title='bbox 2385 2714 2476 2783; x_wconf 90' lang='lat' dir='ltr'><strong>qui</strong></span> <span class='ocrx_word' id='word_1_428' title='bbox 2521 2713 2643 2769; x_wconf 89' lang='lat' dir='ltr'><strong>sine</strong></span> <span class='ocrx_word' id='word_1_429' title='bbox 2673 2712 2944 2783; x_wconf 83' lang='lat' dir='ltr'><strong>baptismo</strong></span> <span class='ocrx_word' id='word_1_430' title='bbox 2969 2728 3039 2771; x_wconf 76' lang='lat' dir='ltr'><strong>ex</strong></span> <span class='ocrx_word' id='word_1_431' title='bbox 3070 2713 3173 2769; x_wconf 87' lang='lat' dir='ltr'><strong>hac</strong></span> <span class='ocrx_word' id='word_1_432' title='bbox 3202 2711 3309 2768; x_wconf 83' lang='lat' dir='ltr'><strong>vita</strong></span> <span class='ocrx_word' id='word_1_433' title='bbox 3338 2712 3663 2781; x_wconf 73' lang='lat' dir='ltr'><strong>migrarent,</strong></span> <span class='ocrx_word' id='word_1_434' title='bbox 3688 2706 3792 2764; x_wconf 80' lang='lat' dir='ltr'><strong>sine</strong></span> 
     </span>
    </p>
   </div>
   <div class='ocr_carea' id='block_1_57' title="bbox 2200 2798 3791 2877">
    <p class='ocr_par' dir='ltr' id='par_1_57' title="bbox 2200 2798 3791 2877">
     <span class='ocr_line' id='line_1_57' title="bbox 2200 2798 3791 2877; baseline -0.004 -16"><span class='ocrx_word' id='word_1_435' title='bbox 2200 2819 2311 2876; x_wconf 91' lang='lat' dir='ltr'><strong>quo</strong></span> <span class='ocrx_word' id='word_1_436' title='bbox 2357 2805 2411 2860; x_wconf 90' lang='lat' dir='ltr'><strong>in</strong></span> <span class='ocrx_word' id='word_1_437' title='bbox 2434 2821 2661 2877; x_wconf 89' lang='lat' dir='ltr'><strong>regnum</strong></span> <span class='ocrx_word' id='word_1_438' title='bbox 2703 2807 2986 2872; x_wconf 64' lang='lat' dir='ltr'><strong>caelorum,</strong></span> <span class='ocrx_word' id='word_1_439' title='bbox 3025 2805 3169 2876; x_wconf 89' lang='lat' dir='ltr'><strong>quod</strong></span> <span class='ocrx_word' id='word_1_440' title='bbox 3208 2812 3293 2861; x_wconf 85' lang='lat' dir='ltr'><strong>est</strong></span> <span class='ocrx_word' id='word_1_441' title='bbox 3332 2804 3441 2860; x_wconf 85' lang='lat' dir='ltr'><strong>vita</strong></span> <span class='ocrx_word' id='word_1_442' title='bbox 3462 2812 3687 2867; x_wconf 63' lang='lat' dir='ltr'><strong>eterna,</strong></span> <span class='ocrx_word' id='word_1_443' title='bbox 3717 2798 3791 2855; x_wconf 84' lang='lat' dir='ltr'><strong>in-</strong></span> 
     </span>
    </p>
   </div>
   <div class='ocr_carea' id='block_1_58' title="bbox 2209 2893 3789 2969">
    <p class='ocr_par' dir='ltr' id='par_1_58' title="bbox 2209 2893 3789 2969">
     <span class='ocr_line' id='line_1_58' title="bbox 2209 2893 3789 2969; baseline 0 -20"><span class='ocrx_word' id='word_1_444' title='bbox 2209 2906 2353 2953; x_wconf 89' lang='lat' dir='ltr'><strong>trare</strong></span> <span class='ocrx_word' id='word_1_445' title='bbox 2410 2910 2517 2952; x_wconf 92' lang='lat' dir='ltr'><strong>non</strong></span> <span class='ocrx_word' id='word_1_446' title='bbox 2564 2910 2813 2969; x_wconf 84' lang='lat' dir='ltr'><strong>possunt,</strong></span> <span class='ocrx_word' id='word_1_447' title='bbox 2848 2898 3129 2953; x_wconf 85' lang='lat' dir='ltr'><strong>anathema</strong></span> <span class='ocrx_word' id='word_1_448' title='bbox 3170 2898 3261 2953; x_wconf 90' lang='lat' dir='ltr'><strong>sit.</strong></span> <span class='ocrx_word' id='word_1_449' title='bbox 3299 2895 3434 2952; x_wconf 85' lang='lat' dir='ltr'><strong>Nam</strong></span> <span class='ocrx_word' id='word_1_450' title='bbox 3462 2910 3589 2952; x_wconf 90' lang='lat' dir='ltr'><strong>cum</strong></span> <span class='ocrx_word' id='word_1_451' title='bbox 3620 2893 3789 2951; x_wconf 84' lang='lat' dir='ltr'><strong>Domi-</strong></span> 
     </span>
    </p>
   </div>
   <div class='ocr_carea' id='block_1_59' title="bbox 2204 2986 3793 3061">
    <p class='ocr_par' dir='ltr' id='par_1_59' title="bbox 2204 2986 3793 3061">
     <span class='ocr_line' id='line_1_59' title="bbox 2204 2986 3793 3061; baseline -0.004 -16"><span class='ocrx_word' id='word_1_452' title='bbox 2204 3003 2309 3045; x_wconf 89' lang='lat' dir='ltr'><strong>nus</strong></span> <span class='ocrx_word' id='word_1_453' title='bbox 2338 2988 2489 3044; x_wconf 88' lang='lat' dir='ltr'><strong>dicat</strong></span> <span class='ocrx_word' id='word_1_454' title='bbox 2514 3008 2527 3044; x_wconf 88' lang='lat'><strong>:</strong></span> <span class='ocrx_word' id='word_1_455' title='bbox 2555 2989 2681 3045; x_wconf 68' lang='lat' dir='ltr'><strong>Nisi</strong></span> <span class='ocrx_word' id='word_1_456' title='bbox 2706 2992 2824 3061; x_wconf 78' lang='lat' dir='ltr'><strong>quis</strong></span> <span class='ocrx_word' id='word_1_457' title='bbox 2851 3000 3061 3046; x_wconf 82' lang='lat' dir='ltr'><strong>renatus</strong></span> <span class='ocrx_word' id='word_1_458' title='bbox 3080 2989 3245 3061; x_wconf 74' lang='lat' dir='ltr'><strong>fuerit</strong></span> <span class='ocrx_word' id='word_1_459' title='bbox 3272 3005 3334 3045; x_wconf 66' lang='lat' dir='ltr'><strong>es</strong></span> <span class='ocrx_word' id='word_1_460' title='bbox 3361 3004 3498 3060; x_wconf 86' lang='lat' dir='ltr'><strong>aqua</strong></span> <span class='ocrx_word' id='word_1_461' title='bbox 3529 2996 3577 3043; x_wconf 81' lang='lat' dir='ltr'><strong>et</strong></span> <span class='ocrx_word' id='word_1_462' title='bbox 3604 2986 3793 3058; x_wconf 69' lang='lat' dir='ltr'><strong>Spiritu</strong></span> 
     </span>
    </p>
   </div>
   <div class='ocr_carea' id='block_1_60' title="bbox 2206 3080 3825 3155">
    <p class='ocr_par' dir='ltr' id='par_1_60' title="bbox 2206 3080 3825 3155">
     <span class='ocr_line' id='line_1_60' title="bbox 2206 3080 3825 3155; baseline -0.002 -18"><span class='ocrx_word' id='word_1_463' title='bbox 2206 3091 2409 3149; x_wconf 81' lang='lat' dir='ltr'><strong>sancto,</strong></span> <span class='ocrx_word' id='word_1_464' title='bbox 2462 3100 2565 3138; x_wconf 78' lang='lat' dir='ltr'><strong>non</strong></span> <span class='ocrx_word' id='word_1_465' title='bbox 2594 3084 2806 3138; x_wconf 81' lang='lat' dir='ltr'><strong>intrabit</strong></span> <span class='ocrx_word' id='word_1_466' title='bbox 2835 3085 2890 3138; x_wconf 81' lang='lat' dir='ltr'><strong>in</strong></span> <span class='ocrx_word' id='word_1_467' title='bbox 2923 3100 3137 3155; x_wconf 82' lang='lat' dir='ltr'><strong>regnum</strong></span> <span class='ocrx_word' id='word_1_468' title='bbox 3168 3083 3437 3145; x_wconf 68' lang='lat' dir='ltr'><strong>calorum,</strong></span> <span class='ocrx_word' id='word_1_469' title='bbox 3465 3080 3590 3153; x_wconf 85' lang='lat' dir='ltr'><strong>quis</strong></span> <span class='ocrx_word' id='word_1_470' title='bbox 3616 3081 3825 3135; x_wconf 83' lang='lat' dir='ltr'><strong>catho—&#39;</strong></span> 
     </span>
    </p>
   </div>
   <div class='ocr_carea' id='block_1_61' title="bbox 2205 3172 3792 3245">
    <p class='ocr_par' dir='ltr' id='par_1_61' title="bbox 2205 3172 3792 3245">
     <span class='ocr_line' id='line_1_61' title="bbox 2205 3172 3792 3245; baseline -0.001 -16"><span class='ocrx_word' id='word_1_471' title='bbox 2205 3174 2341 3230; x_wconf 90' lang='lat' dir='ltr'><strong>licus</strong></span> <span class='ocrx_word' id='word_1_472' title='bbox 2385 3174 2594 3231; x_wconf 88' lang='lat' dir='ltr'><strong>dubitet</strong></span> <span class='ocrx_word' id='word_1_473' title='bbox 2637 3191 2957 3233; x_wconf 74' lang='lat' dir='ltr'><strong>PARTICIPEII</strong></span> <span class='ocrx_word' id='word_1_474' title='bbox 3000 3191 3140 3233; x_wconf 74' lang='lat' dir='ltr'><strong>sons</strong></span> <span class='ocrx_word' id='word_1_475' title='bbox 3186 3189 3421 3243; x_wconf 77' lang='lat' dir='ltr'><strong>DIABOLI,</strong></span> <span class='ocrx_word' id='word_1_476' title='bbox 3451 3172 3543 3245; x_wconf 91' lang='lat' dir='ltr'><strong>qui</strong></span> <span class='ocrx_word' id='word_1_477' title='bbox 3569 3172 3792 3229; x_wconf 66' lang='lat' dir='ltr'><strong>cohaeret</strong></span> 
     </span>
    </p>
   </div>
   <div class='ocr_carea' id='block_1_62' title="bbox 480 3268 3793 3360">
    <p class='ocr_par' dir='ltr' id='par_1_62' title="bbox 480 3268 3793 3360">
     <span class='ocr_line' id='line_1_62' title="bbox 480 3268 3793 3360; baseline -0.003 -15"><span class='ocrx_word' id='word_1_478' title='bbox 480 3268 803 3360; x_wconf 82' lang='lat' dir='ltr'><strong>cupiditate</strong></span> <span class='ocrx_word' id='word_1_479' title='bbox 834 3289 1139 3359; x_wconf 89' lang='lat' dir='ltr'><strong>culparum,</strong></span> <span class='ocrx_word' id='word_1_480' title='bbox 1172 3287 1320 3343; x_wconf 89' lang='lat' dir='ltr'><strong>Deus</strong></span> <span class='ocrx_word' id='word_1_481' title='bbox 1363 3294 1418 3343; x_wconf 92' lang='lat' dir='ltr'><strong>et</strong></span> <span class='ocrx_word' id='word_1_482' title='bbox 1463 3283 1736 3341; x_wconf 88' lang='lat' dir='ltr'><strong>contineat</strong></span> <span class='ocrx_word' id='word_1_483' title='bbox 1779 3290 2005 3337; x_wconf 87' lang='lat' dir='ltr'><strong>cunctos</strong></span> <span class='ocrx_word' id='word_1_484' title='bbox 2044 3286 2106 3335; x_wconf 87' lang='lat' dir='ltr'><strong>et</strong></span> <span class='ocrx_word' id='word_1_485' title='bbox 2134 3268 2185 3335; x_wconf 73' lang='grc' dir='ltr'><strong>Ε</strong></span> <span class='ocrx_word' id='word_1_486' title='bbox 2216 3280 2337 3324; x_wconf 69' lang='lat'><strong>0556</strong></span> <span class='ocrx_word' id='word_1_487' title='bbox 2371 3283 2478 3323; x_wconf 77' lang='grc' dir='ltr'><strong>ηου</strong></span> <span class='ocrx_word' id='word_1_488' title='bbox 2523 3271 2718 3324; x_wconf 67' lang='lat' dir='ltr'><strong>meum</strong></span> <span class='ocrx_word' id='word_1_489' title='bbox 2747 3268 2982 3325; x_wconf 56' lang='lat' dir='ltr'><strong>Christi?</strong></span> <span class='ocrx_word' id='word_1_490' title='bbox 3010 3268 3112 3338; x_wconf 76' lang='lat' dir='ltr'><strong>Qui</strong></span> <span class='ocrx_word' id='word_1_491' title='bbox 3141 3269 3286 3326; x_wconf 66' lang='lat' dir='ltr'><strong>enim</strong></span> <span class='ocrx_word' id='word_1_492' title='bbox 3315 3268 3503 3324; x_wconf 68' lang='grc' dir='ltr'><strong>ἀθηΐὲ</strong></span> <span class='ocrx_word' id='word_1_493' title='bbox 3532 3275 3703 3335; x_wconf 60' lang='grc' dir='ltr'><strong>(ἕπει,</strong></span> <span class='ocrx_word' id='word_1_494' title='bbox 3734 3279 3793 3321; x_wconf 77' lang='lat'><strong>51&#39;</strong></span> 
     </span>
    </p>
   </div>
   <div class='ocr_carea' id='block_1_63' title="bbox 499 3372 2100 3455">
    <p class='ocr_par' dir='ltr' id='par_1_63' title="bbox 499 3372 2100 3455">
     <span class='ocr_line' id='line_1_63' title="bbox 499 3372 2100 3455; baseline -0.006 -16"><span class='ocrx_word' id='word_1_495' title='bbox 499 3382 787 3455; x_wconf 87' lang='lat' dir='ltr'><strong>compleat.</strong></span> <span class='ocrx_word' id='word_1_496' title='bbox 810 3401 828 3435; x_wconf 72' lang='grc' dir='ltr'><strong>ι</strong></span> <span class='ocrx_word' id='word_1_497' title='bbox 848 3381 926 3437; x_wconf 85' lang='lat' dir='ltr'><strong>Ex</strong></span> <span class='ocrx_word' id='word_1_498' title='bbox 942 3381 1028 3437; x_wconf 89' lang='lat' dir='ltr'><strong>his</strong></span> <span class='ocrx_word' id='word_1_499' title='bbox 1062 3380 1289 3436; x_wconf 81' lang='lat' dir='ltr'><strong>infertur</strong></span> <span class='ocrx_word' id='word_1_500' title='bbox 1316 3379 1636 3450; x_wconf 84' lang='lat' dir='ltr'><strong>Pelagianos</strong></span> <span class='ocrx_word' id='word_1_501' title='bbox 1657 3392 1763 3431; x_wconf 90' lang='lat' dir='ltr'><strong>non</strong></span> <span class='ocrx_word' id='word_1_502' title='bbox 1784 3372 2100 3447; x_wconf 82' lang='lat' dir='ltr'><strong>promisisse</strong></span> 
     </span>
    </p>
   </div>
   <div class='ocr_carea' id='block_1_64' title="bbox 501 3469 2101 3555">
    <p class='ocr_par' dir='ltr' id='par_1_64' title="bbox 501 3469 2101 3555">
     <span class='ocr_line' id='line_1_64' title="bbox 501 3469 2101 3555; baseline -0.005 -24"><span class='ocrx_word' id='word_1_503' title='bbox 501 3475 684 3555; x_wconf 86' lang='lat' dir='ltr'><strong>pueris</strong></span> <span class='ocrx_word' id='word_1_504' title='bbox 710 3475 973 3530; x_wconf 87' lang='lat' dir='ltr'><strong>visionem</strong></span> <span class='ocrx_word' id='word_1_505' title='bbox 995 3475 1235 3540; x_wconf 88' lang='lat' dir='ltr'><strong>beatam;</strong></span> <span class='ocrx_word' id='word_1_506' title='bbox 1265 3473 1465 3530; x_wconf 91' lang='lat' dir='ltr'><strong>etenim</strong></span> <span class='ocrx_word' id='word_1_507' title='bbox 1487 3471 1677 3529; x_wconf 91' lang='lat' dir='ltr'><strong>videns</strong></span> <span class='ocrx_word' id='word_1_508' title='bbox 1695 3471 1887 3539; x_wconf 89' lang='lat' dir='ltr'><strong>Deum,</strong></span> <span class='ocrx_word' id='word_1_509' title='bbox 1914 3469 2101 3524; x_wconf 70' lang='lat' dir='ltr'><strong>divina</strong></span> 
     </span>
    </p>
   </div>
   <div class='ocr_carea' id='block_1_65' title="bbox 442 3564 2103 3639">
    <p class='ocr_par' dir='ltr' id='par_1_65' title="bbox 442 3564 2103 3639">
     <span class='ocr_line' id='line_1_65' title="bbox 442 3564 2103 3639; baseline -0.003 -18"><span class='ocrx_word' id='word_1_510' title='bbox 442 3634 449 3637; x_wconf 92' lang='lat'><em>_</em></span> <span class='ocrx_word' id='word_1_511' title='bbox 501 3566 751 3621; x_wconf 82' lang='lat' dir='ltr'><strong>uoluntati</strong></span> <span class='ocrx_word' id='word_1_512' title='bbox 808 3569 1035 3639; x_wconf 75' lang='lat' dir='ltr'><strong>perfecta</strong></span> <span class='ocrx_word' id='word_1_513' title='bbox 1064 3564 1337 3634; x_wconf 71' lang='lat' dir='ltr'><strong>aﬂ‘ectione</strong></span> <span class='ocrx_word' id='word_1_514' title='bbox 1362 3564 1602 3631; x_wconf 74' lang='lat' dir='ltr'><strong>cohwret,</strong></span> <span class='ocrx_word' id='word_1_515' title='bbox 1633 3574 1691 3618; x_wconf 87' lang='lat' dir='ltr'><strong>ut</strong></span> <span class='ocrx_word' id='word_1_516' title='bbox 1716 3564 1970 3617; x_wconf 76' lang='lat' dir='ltr'><strong>exstincta</strong></span> <span class='ocrx_word' id='word_1_517' title='bbox 1998 3578 2103 3616; x_wconf 86' lang='lat' dir='ltr'><strong>om-</strong></span> 
     </span>
    </p>
   </div>
   <div class='ocr_carea' id='block_1_66' title="bbox 502 3662 2103 3738">
    <p class='ocr_par' dir='ltr' id='par_1_66' title="bbox 502 3662 2103 3738">
     <span class='ocr_line' id='line_1_66' title="bbox 502 3662 2103 3738; baseline -0.004 -16"><span class='ocrx_word' id='word_1_518' title='bbox 502 3667 557 3722; x_wconf 86' lang='lat' dir='ltr'><strong>ni</strong></span> <span class='ocrx_word' id='word_1_519' title='bbox 585 3666 865 3738; x_wconf 80' lang='lat' dir='ltr'><strong>cupiditate</strong></span> <span class='ocrx_word' id='word_1_520' title='bbox 887 3667 1180 3737; x_wconf 79' lang='lat' dir='ltr'><strong>culparum,</strong></span> <span class='ocrx_word' id='word_1_521' title='bbox 1218 3663 1358 3720; x_wconf 83' lang='lat' dir='ltr'><strong>Deus</strong></span> <span class='ocrx_word' id='word_1_522' title='bbox 1395 3672 1445 3719; x_wconf 88' lang='lat' dir='ltr'><strong>et</strong></span> <span class='ocrx_word' id='word_1_523' title='bbox 1473 3665 1733 3719; x_wconf 84' lang='lat' dir='ltr'><strong>contineat</strong></span> <span class='ocrx_word' id='word_1_524' title='bbox 1775 3662 2023 3719; x_wconf 90' lang='lat' dir='ltr'><strong>eumdem</strong></span> <span class='ocrx_word' id='word_1_525' title='bbox 2053 3669 2103 3715; x_wconf 83' lang='lat' dir='ltr'><strong>et</strong></span> 
     </span>
    </p>
   </div>
   <div class='ocr_carea' id='block_1_67' title="bbox 501 3750 2102 3833">
    <p class='ocr_par' dir='ltr' id='par_1_67' title="bbox 501 3750 2102 3833">
     <span class='ocr_line' id='line_1_67' title="bbox 501 3750 2102 3833; baseline -0.005 -17"><span class='ocrx_word' id='word_1_526' title='bbox 501 3761 771 3833; x_wconf 78' lang='lat' dir='ltr'><strong>compleat.</strong></span> <span class='ocrx_word' id='word_1_527' title='bbox 806 3760 987 3830; x_wconf 85' lang='lat' dir='ltr'><strong>Quare</strong></span> <span class='ocrx_word' id='word_1_528' title='bbox 1015 3750 1165 3831; x_wconf 77' lang='lat' dir='ltr'><strong>pueri</strong></span> <span class='ocrx_word' id='word_1_529' title='bbox 1190 3758 1429 3815; x_wconf 82' lang='lat' dir='ltr'><strong>fruentes</strong></span> <span class='ocrx_word' id='word_1_530' title='bbox 1461 3755 1671 3813; x_wconf 89' lang='lat' dir='ltr'><strong>visione</strong></span> <span class='ocrx_word' id='word_1_531' title='bbox 1693 3756 1840 3811; x_wconf 83' lang='lat' dir='ltr'><strong>clara</strong></span> <span class='ocrx_word' id='word_1_532' title='bbox 1862 3753 1957 3809; x_wconf 90' lang='lat' dir='ltr'><strong>Dei</strong></span> <span class='ocrx_word' id='word_1_533' title='bbox 1981 3768 2102 3809; x_wconf 84' lang='lat' dir='ltr'><strong>rea-</strong></span> 
     </span>
    </p>
   </div>
   <div class='ocr_carea' id='block_1_68' title="bbox 502 3846 2103 3929">
    <p class='ocr_par' dir='ltr' id='par_1_68' title="bbox 502 3846 2103 3929">
     <span class='ocr_line' id='line_1_68' title="bbox 502 3846 2103 3929; baseline -0.007 -17"><span class='ocrx_word' id='word_1_534' title='bbox 502 3869 601 3929; x_wconf 89' lang='lat' dir='ltr'><strong>pse</strong></span> <span class='ocrx_word' id='word_1_535' title='bbox 628 3856 806 3913; x_wconf 88' lang='lat' dir='ltr'><strong>forent</strong></span> <span class='ocrx_word' id='word_1_536' title='bbox 827 3855 880 3910; x_wconf 92' lang='lat' dir='ltr'><strong>in</strong></span> <span class='ocrx_word' id='word_1_537' title='bbox 914 3870 1080 3927; x_wconf 89' lang='lat' dir='ltr'><strong>regno</strong></span> <span class='ocrx_word' id='word_1_538' title='bbox 1122 3852 1240 3921; x_wconf 91' lang='lat' dir='ltr'><strong>Dei,</strong></span> <span class='ocrx_word' id='word_1_539' title='bbox 1299 3851 1442 3923; x_wconf 89' lang='lat' dir='ltr'><strong>quod</strong></span> <span class='ocrx_word' id='word_1_540' title='bbox 1474 3851 1549 3907; x_wconf 91' lang='lat' dir='ltr'><strong>illi</strong></span> <span class='ocrx_word' id='word_1_541' title='bbox 1578 3850 1867 3921; x_wconf 82' lang='lat' dir='ltr'><strong>negabant.</strong></span> <span class='ocrx_word' id='word_1_542' title='bbox 1894 3846 2103 3903; x_wconf 79' lang='lat' dir='ltr'><strong>Rursus</strong></span> 
     </span>
    </p>
   </div>
   <div class='ocr_carea' id='block_1_69' title="bbox 501 3952 2104 4027">
    <p class='ocr_par' dir='ltr' id='par_1_69' title="bbox 501 3952 2104 4027">
     <span class='ocr_line' id='line_1_69' title="bbox 501 3952 2104 4027; baseline -0.005 -14"><span class='ocrx_word' id='word_1_543' title='bbox 501 3964 718 4013; x_wconf 82' lang='lat' dir='ltr'><strong>sanctus</strong></span> <span class='ocrx_word' id='word_1_544' title='bbox 740 3955 1068 4026; x_wconf 83' lang='lat' dir='ltr'><strong>Augustinus</strong></span> <span class='ocrx_word' id='word_1_545' title='bbox 1096 3955 1296 4027; x_wconf 87' lang='lat' dir='ltr'><strong>ubique</strong></span> <span class='ocrx_word' id='word_1_546' title='bbox 1328 3952 1529 4024; x_wconf 89' lang='lat' dir='ltr'><strong>premit</strong></span> <span class='ocrx_word' id='word_1_547' title='bbox 1555 3952 1873 4024; x_wconf 85' lang='lat' dir='ltr'><strong>Pelagianos</strong></span> <span class='ocrx_word' id='word_1_548' title='bbox 1902 3964 2104 4021; x_wconf 84' lang='lat' dir='ltr'><strong>negan-</strong></span> 
     </span>
    </p>
   </div>
   <div class='ocr_carea' id='block_1_70' title="bbox 512 4044 2104 4120">
    <p class='ocr_par' dir='ltr' id='par_1_70' title="bbox 512 4044 2104 4120">
     <span class='ocr_line' id='line_1_70' title="bbox 512 4044 2104 4120; baseline -0.004 -15"><span class='ocrx_word' id='word_1_549' title='bbox 512 4056 593 4107; x_wconf 88' lang='lat' dir='ltr'><strong>tes</strong></span> <span class='ocrx_word' id='word_1_550' title='bbox 614 4057 895 4120; x_wconf 89' lang='lat' dir='ltr'><strong>peccatum</strong></span> <span class='ocrx_word' id='word_1_551' title='bbox 923 4048 1204 4120; x_wconf 87' lang='lat' dir='ltr'><strong>originale,</strong></span> <span class='ocrx_word' id='word_1_552' title='bbox 1263 4046 1405 4118; x_wconf 91' lang='lat' dir='ltr'><strong>quod</strong></span> <span class='ocrx_word' id='word_1_553' title='bbox 1437 4047 1588 4117; x_wconf 90' lang='lat' dir='ltr'><strong>pueri</strong></span> <span class='ocrx_word' id='word_1_554' title='bbox 1618 4044 1827 4101; x_wconf 81' lang='lat' dir='ltr'><strong>exclusi</strong></span> <span class='ocrx_word' id='word_1_555' title='bbox 1852 4060 1880 4099; x_wconf 90' lang='lat' dir='ltr'><strong>a</strong></span> <span class='ocrx_word' id='word_1_556' title='bbox 1937 4060 2104 4115; x_wconf 88' lang='lat' dir='ltr'><strong>regno</strong></span> 
     </span>
    </p>
   </div>
   <div class='ocr_carea' id='block_1_71' title="bbox 506 4138 2107 4209">
    <p class='ocr_par' dir='ltr' id='par_1_71' title="bbox 506 4138 2107 4209">
     <span class='ocr_line' id='line_1_71' title="bbox 506 4138 2107 4209; baseline -0.006 -11"><span class='ocrx_word' id='word_1_557' title='bbox 506 4140 766 4199; x_wconf 62' lang='lat' dir='ltr'><strong>calorum</strong></span> <span class='ocrx_word' id='word_1_558' title='bbox 796 4139 1069 4197; x_wconf 90' lang='lat' dir='ltr'><strong>immerito</strong></span> <span class='ocrx_word' id='word_1_559' title='bbox 1118 4151 1172 4195; x_wconf 89' lang='lat' dir='ltr'><strong>et</strong></span> <span class='ocrx_word' id='word_1_560' title='bbox 1210 4138 1411 4209; x_wconf 87' lang='lat' dir='ltr'><strong>injuste</strong></span> <span class='ocrx_word' id='word_1_561' title='bbox 1442 4147 1583 4193; x_wconf 88' lang='lat' dir='ltr'><strong>tanta</strong></span> <span class='ocrx_word' id='word_1_562' title='bbox 1616 4138 1832 4193; x_wconf 86' lang='lat' dir='ltr'><strong>miseria</strong></span> <span class='ocrx_word' id='word_1_563' title='bbox 1889 4143 2107 4204; x_wconf 83' lang='lat' dir='ltr'><strong>torque-</strong></span> 
     </span>
    </p>
   </div>
   <div class='ocr_carea' id='block_1_72' title="bbox 515 4228 2106 4305">
    <p class='ocr_par' dir='ltr' id='par_1_72' title="bbox 515 4228 2106 4305">
     <span class='ocr_line' id='line_1_72' title="bbox 515 4228 2106 4305; baseline -0.005 -14"><span class='ocrx_word' id='word_1_564' title='bbox 515 4243 723 4291; x_wconf 88' lang='lat' dir='ltr'><strong>rentur.</strong></span> <span class='ocrx_word' id='word_1_565' title='bbox 747 4233 863 4290; x_wconf 87' lang='lat' dir='ltr'><strong>Lib.</strong></span> <span class='ocrx_word' id='word_1_566' title='bbox 884 4249 922 4289; x_wconf 88' lang='grc' dir='ltr'><strong>ιι</strong></span> <span class='ocrx_word' id='word_1_567' title='bbox 945 4234 1135 4305; x_wconf 87' lang='lat' dir='ltr'><strong>Operis</strong></span> <span class='ocrx_word' id='word_1_568' title='bbox 1157 4231 1396 4303; x_wconf 86' lang='lat' dir='ltr'><strong>imperf.,</strong></span> <span class='ocrx_word' id='word_1_569' title='bbox 1422 4246 1521 4303; x_wconf 89' lang='lat' dir='ltr'><strong>cap</strong></span> <span class='ocrx_word' id='word_1_570' title='bbox 1566 4232 1701 4287; x_wconf 74' lang='lat'><strong>“&#39;5:</strong></span> <span class='ocrx_word' id='word_1_571' title='bbox 1734 4250 1751 4282; x_wconf 87' lang='grc'><em>‹</em></span> <span class='ocrx_word' id='word_1_572' title='bbox 1784 4230 1860 4286; x_wconf 86' lang='lat' dir='ltr'><strong>Ac</strong></span> <span class='ocrx_word' id='word_1_573' title='bbox 1893 4228 2106 4285; x_wconf 89' lang='lat' dir='ltr'><strong>tandem</strong></span> 
     </span>
    </p>
   </div>
   <div class='ocr_carea' id='block_1_73' title="bbox 515 4321 2106 4398">
    <p class='ocr_par' dir='ltr' id='par_1_73' title="bbox 515 4321 2106 4398">
     <span class='ocr_line' id='line_1_73' title="bbox 515 4321 2106 4398; baseline -0.006 -14"><span class='ocrx_word' id='word_1_574' title='bbox 515 4327 825 4398; x_wconf 83' lang='lat' dir='ltr'><strong>aliquando,</strong></span> <span class='ocrx_word' id='word_1_575' title='bbox 857 4327 1050 4397; x_wconf 83' lang='lat' dir='ltr'><strong>inquit,</strong></span> <span class='ocrx_word' id='word_1_576' title='bbox 1081 4334 1230 4382; x_wconf 78' lang='lat' dir='ltr'><strong>extra</strong></span> <span class='ocrx_word' id='word_1_577' title='bbox 1258 4339 1480 4396; x_wconf 84' lang='lat' dir='ltr'><strong>regnum</strong></span> <span class='ocrx_word' id='word_1_578' title='bbox 1500 4322 1597 4380; x_wconf 89' lang='lat' dir='ltr'><strong>Dei</strong></span> <span class='ocrx_word' id='word_1_579' title='bbox 1629 4322 1875 4381; x_wconf 82' lang='lat' dir='ltr'><strong>infelices</strong></span> <span class='ocrx_word' id='word_1_580' title='bbox 1900 4321 2106 4376; x_wconf 85' lang='lat' dir='ltr'><strong>futuros</strong></span> 
     </span>
    </p>
   </div>
   <div class='ocr_carea' id='block_1_74' title="bbox 512 4412 2107 4490">
    <p class='ocr_par' dir='ltr' id='par_1_74' title="bbox 512 4412 2107 4490">
     <span class='ocr_line' id='line_1_74' title="bbox 512 4412 2107 4490; baseline -0.005 -15"><span class='ocrx_word' id='word_1_581' title='bbox 512 4420 755 4477; x_wconf 84' lang='lat' dir='ltr'><strong>fatemini</strong></span> <span class='ocrx_word' id='word_1_582' title='bbox 801 4418 1055 4490; x_wconf 86' lang='lat' dir='ltr'><strong>parvulos</strong></span> <span class='ocrx_word' id='word_1_583' title='bbox 1108 4434 1212 4474; x_wconf 89' lang='lat' dir='ltr'><strong>non</strong></span> <span class='ocrx_word' id='word_1_584' title='bbox 1260 4427 1496 4473; x_wconf 89' lang='lat' dir='ltr'><strong>renatos.</strong></span> <span class='ocrx_word' id='word_1_585' title='bbox 1556 4414 1724 4471; x_wconf 86' lang='lat' dir='ltr'><strong>Dicite</strong></span> <span class='ocrx_word' id='word_1_586' title='bbox 1774 4429 1901 4487; x_wconf 92' lang='lat' dir='ltr'><strong>ergo</strong></span> <span class='ocrx_word' id='word_1_587' title='bbox 1947 4412 2107 4483; x_wconf 82' lang='lat' dir='ltr'><strong>hujus</strong></span> 
     </span>
    </p>
   </div>
   <div class='ocr_carea' id='block_1_75' title="bbox 508 4506 2106 4581">
    <p class='ocr_par' dir='ltr' id='par_1_75' title="bbox 508 4506 2106 4581">
     <span class='ocr_line' id='line_1_75' title="bbox 508 4506 2106 4581; baseline -0.008 -10"><span class='ocrx_word' id='word_1_588' title='bbox 508 4513 834 4571; x_wconf 82' lang='lat' dir='ltr'><strong>infelicitatis</strong></span> <span class='ocrx_word' id='word_1_589' title='bbox 855 4514 1130 4581; x_wconf 83' lang='lat' dir='ltr'><strong>meritum,</strong></span> <span class='ocrx_word' id='word_1_590' title='bbox 1154 4512 1367 4568; x_wconf 86' lang='lat' dir='ltr'><strong>verbosi</strong></span> <span class='ocrx_word' id='word_1_591' title='bbox 1390 4518 1443 4567; x_wconf 90' lang='lat' dir='ltr'><strong>et</strong></span> <span class='ocrx_word' id='word_1_592' title='bbox 1459 4508 1805 4569; x_wconf 85' lang='lat' dir='ltr'><strong>contentiosi,</strong></span> <span class='ocrx_word' id='word_1_593' title='bbox 1830 4506 1918 4577; x_wconf 87' lang='lat' dir='ltr'><strong>qui</strong></span> <span class='ocrx_word' id='word_1_594' title='bbox 1940 4519 2106 4577; x_wconf 87' lang='lat' dir='ltr'><strong>nega-</strong></span> 
     </span>
    </p>
   </div>
   <div class='ocr_carea' id='block_1_76' title="bbox 508 4598 2106 4679">
    <p class='ocr_par' dir='ltr' id='par_1_76' title="bbox 508 4598 2106 4679">
     <span class='ocr_line' id='line_1_76' title="bbox 508 4598 2106 4679; baseline -0.006 -16"><span class='ocrx_word' id='word_1_595' title='bbox 508 4608 578 4665; x_wconf 91' lang='lat' dir='ltr'><strong>tis</strong></span> <span class='ocrx_word' id='word_1_596' title='bbox 603 4607 864 4679; x_wconf 89' lang='lat' dir='ltr'><strong>originale</strong></span> <span class='ocrx_word' id='word_1_597' title='bbox 884 4614 1187 4677; x_wconf 90' lang='lat' dir='ltr'><strong>peccatum.</strong></span> <span class='ocrx_word' id='word_1_598' title='bbox 1212 4623 1230 4656; x_wconf 75' lang='grc' dir='ltr'><strong><em>ι</em></strong></span> <span class='ocrx_word' id='word_1_599' title='bbox 1261 4603 1432 4659; x_wconf 89' lang='lat' dir='ltr'><strong>Etlib.</strong></span> <span class='ocrx_word' id='word_1_600' title='bbox 1449 4600 1864 4671; x_wconf 77' lang='lat' dir='ltr'><strong>tv,cap.99,ait:</strong></span> <span class='ocrx_word' id='word_1_601' title='bbox 1889 4616 1907 4651; x_wconf 72' lang='grc' dir='ltr'>ι</span> <span class='ocrx_word' id='word_1_602' title='bbox 1926 4598 2106 4668; x_wconf 86' lang='lat' dir='ltr'><strong>Ipsum</strong></span> 
     </span>
    </p>
   </div>
   <div class='ocr_carea' id='block_1_77' title="bbox 2203 3360 3792 3420">
    <p class='ocr_par' dir='ltr' id='par_1_77' title="bbox 2203 3360 3792 3420">
     <span class='ocr_line' id='line_1_77' title="bbox 2203 3360 3792 3420; baseline -0.004 -2"><span class='ocrx_word' id='word_1_603' title='bbox 2203 3378 2436 3419; x_wconf 70' lang='lat' dir='ltr'><strong>sustam</strong></span> <span class='ocrx_word' id='word_1_604' title='bbox 2468 3378 2675 3420; x_wconf 73' lang='grc' dir='ltr'><strong>Ριιορυι</strong></span> <span class='ocrx_word' id='word_1_605' title='bbox 2702 3379 2863 3420; x_wconf 80' lang='lat' dir='ltr'><strong>DUBIO</strong></span> <span class='ocrx_word' id='word_1_606' title='bbox 2885 3379 3100 3420; x_wconf 70' lang='lat' dir='ltr'><strong>rsarsu</strong></span> <span class='ocrx_word' id='word_1_607' title='bbox 3128 3377 3416 3419; x_wconf 72' lang='lat' dir='ltr'><strong>INCURBBT.</strong></span> <span class='ocrx_word' id='word_1_608' title='bbox 3444 3380 3463 3413; x_wconf 75' lang='grc' dir='ltr'><strong><em>ι</em></strong></span> <span class='ocrx_word' id='word_1_609' title='bbox 3496 3360 3555 3416; x_wconf 89' lang='lat' dir='ltr'><strong>1n</strong></span> <span class='ocrx_word' id='word_1_610' title='bbox 3581 3360 3792 3416; x_wconf 80' lang='lat' dir='ltr'><strong>Historia</strong></span> 
     </span>
    </p>
   </div>
   <div class='ocr_carea' id='block_1_78' title="bbox 2205 3451 3790 3527">
    <p class='ocr_par' dir='ltr' id='par_1_78' title="bbox 2205 3451 3790 3527">
     <span class='ocr_line' id='line_1_78' title="bbox 2205 3451 3790 3527; baseline -0.004 -16"><span class='ocrx_word' id='word_1_611' title='bbox 2205 3455 2516 3527; x_wconf 85' lang='lat' dir='ltr'><strong>Pelagiana,</strong></span> <span class='ocrx_word' id='word_1_612' title='bbox 2567 3458 2662 3513; x_wconf 89' lang='lat' dir='ltr'><strong>lib.</strong></span> <span class='ocrx_word' id='word_1_613' title='bbox 2690 3474 2727 3522; x_wconf 86' lang='grc' dir='ltr'><strong>ι,</strong></span> <span class='ocrx_word' id='word_1_614' title='bbox 2766 3473 2889 3527; x_wconf 86' lang='lat' dir='ltr'><strong>cap.</strong></span> <span class='ocrx_word' id='word_1_615' title='bbox 2932 3457 3019 3525; x_wconf 77' lang='lat' dir='ltr'><strong>l5,</strong></span> <span class='ocrx_word' id='word_1_616' title='bbox 3068 3457 3209 3512; x_wconf 82' lang='lat' dir='ltr'><strong>hunc</strong></span> <span class='ocrx_word' id='word_1_617' title='bbox 3245 3468 3510 3511; x_wconf 86' lang='lat' dir='ltr'><strong>canonem</strong></span> <span class='ocrx_word' id='word_1_618' title='bbox 3559 3451 3790 3517; x_wconf 85' lang='lat' dir='ltr'><strong>recitavi,</strong></span> 
     </span>
    </p>
   </div>
   <div class='ocr_carea' id='block_1_79' title="bbox 2206 3545 3794 3622">
    <p class='ocr_par' dir='ltr' id='par_1_79' title="bbox 2206 3545 3794 3622">
     <span class='ocr_line' id='line_1_79' title="bbox 2206 3545 3794 3622; baseline -0.006 -14"><span class='ocrx_word' id='word_1_619' title='bbox 2206 3553 2301 3608; x_wconf 89' lang='lat' dir='ltr'><strong>ubi</strong></span> <span class='ocrx_word' id='word_1_620' title='bbox 2329 3568 2397 3608; x_wconf 82' lang='lat' dir='ltr'><strong>ex</strong></span> <span class='ocrx_word' id='word_1_621' title='bbox 2424 3552 2619 3609; x_wconf 87' lang='lat' dir='ltr'><strong>Photio</strong></span> <span class='ocrx_word' id='word_1_622' title='bbox 2649 3553 2867 3609; x_wconf 88' lang='lat' dir='ltr'><strong>ostendi</strong></span> <span class='ocrx_word' id='word_1_623' title='bbox 2894 3552 2948 3608; x_wconf 90' lang='lat' dir='ltr'><strong>in</strong></span> <span class='ocrx_word' id='word_1_624' title='bbox 2979 3552 3215 3622; x_wconf 87' lang='lat' dir='ltr'><strong>antiquis</strong></span> <span class='ocrx_word' id='word_1_625' title='bbox 3239 3548 3519 3607; x_wconf 86' lang='lat' dir='ltr'><strong>codicibus</strong></span> <span class='ocrx_word' id='word_1_626' title='bbox 3552 3545 3794 3616; x_wconf 87' lang='lat' dir='ltr'><strong>scriptum</strong></span> 
     </span>
    </p>
   </div>
   <div class='ocr_carea' id='block_1_80' title="bbox 2206 3636 3797 3717">
    <p class='ocr_par' dir='ltr' id='par_1_80' title="bbox 2206 3636 3797 3717">
     <span class='ocr_line' id='line_1_80' title="bbox 2206 3636 3797 3717; baseline -0.007 -15"><span class='ocrx_word' id='word_1_627' title='bbox 2206 3647 2400 3715; x_wconf 80' lang='lat' dir='ltr'><strong>fuisse,</strong></span> <span class='ocrx_word' id='word_1_628' title='bbox 2436 3647 2578 3717; x_wconf 85' lang='lat' dir='ltr'><strong>quod</strong></span> <span class='ocrx_word' id='word_1_629' title='bbox 2620 3645 2784 3702; x_wconf 88' lang='lat' dir='ltr'><strong>etiam</strong></span> <span class='ocrx_word' id='word_1_630' title='bbox 2816 3654 3049 3701; x_wconf 84' lang='lat' dir='ltr'><strong>testatur</strong></span> <span class='ocrx_word' id='word_1_631' title='bbox 3081 3643 3287 3709; x_wconf 88' lang='lat' dir='ltr'><strong>Binius,</strong></span> <span class='ocrx_word' id='word_1_632' title='bbox 3322 3641 3453 3696; x_wconf 90' lang='lat' dir='ltr'><strong>licet</strong></span> <span class='ocrx_word' id='word_1_633' title='bbox 3479 3654 3510 3694; x_wconf 89' lang='lat' dir='ltr'><strong>a</strong></span> <span class='ocrx_word' id='word_1_634' title='bbox 3542 3636 3797 3695; x_wconf 88' lang='lat' dir='ltr'><strong>nonnullis</strong></span> 
     </span>
    </p>
   </div>
   <div class='ocr_carea' id='block_1_81' title="bbox 2206 3732 3798 3812">
    <p class='ocr_par' dir='ltr' id='par_1_81' title="bbox 2206 3732 3798 3812">
     <span class='ocr_line' id='line_1_81' title="bbox 2206 3732 3798 3812; baseline -0.009 -12"><span class='ocrx_word' id='word_1_635' title='bbox 2206 3744 2445 3800; x_wconf 87' lang='lat' dir='ltr'><strong>omissus</strong></span> <span class='ocrx_word' id='word_1_636' title='bbox 2470 3741 2566 3808; x_wconf 90' lang='lat' dir='ltr'><strong>sit,</strong></span> <span class='ocrx_word' id='word_1_637' title='bbox 2593 3742 2661 3798; x_wconf 92' lang='lat' dir='ltr'><strong>de</strong></span> <span class='ocrx_word' id='word_1_638' title='bbox 2696 3757 2804 3812; x_wconf 93' lang='lat' dir='ltr'><strong>quo</strong></span> <span class='ocrx_word' id='word_1_639' title='bbox 2850 3738 2976 3796; x_wconf 94' lang='lat' dir='ltr'><strong>nolo</strong></span> <span class='ocrx_word' id='word_1_640' title='bbox 3000 3753 3123 3795; x_wconf 90' lang='lat' dir='ltr'><strong>cum</strong></span> <span class='ocrx_word' id='word_1_641' title='bbox 3166 3737 3417 3809; x_wconf 88' lang='lat' dir='ltr'><strong>quopiam</strong></span> <span class='ocrx_word' id='word_1_642' title='bbox 3451 3732 3798 3791; x_wconf 88' lang='lat' dir='ltr'><strong>contentionis</strong></span> 
     </span>
    </p>
   </div>
   <div class='ocr_carea' id='block_1_82' title="bbox 2206 3822 3800 3901">
    <p class='ocr_par' dir='ltr' id='par_1_82' title="bbox 2206 3822 3800 3901">
     <span class='ocr_line' id='line_1_82' title="bbox 2206 3822 3800 3901; baseline -0.007 -14"><span class='ocrx_word' id='word_1_643' title='bbox 2206 3832 2392 3890; x_wconf 90' lang='lat' dir='ltr'><strong>funem</strong></span> <span class='ocrx_word' id='word_1_644' title='bbox 2437 3832 2659 3887; x_wconf 89' lang='lat' dir='ltr'><strong>ducere.</strong></span> <span class='ocrx_word' id='word_1_645' title='bbox 2712 3830 2932 3887; x_wconf 84' lang='lat' dir='ltr'><strong>Interim</strong></span> <span class='ocrx_word' id='word_1_646' title='bbox 2970 3831 3076 3886; x_wconf 87' lang='lat' dir='ltr'><strong>hoc</strong></span> <span class='ocrx_word' id='word_1_647' title='bbox 3122 3829 3299 3901; x_wconf 86' lang='lat' dir='ltr'><strong>ipsum</strong></span> <span class='ocrx_word' id='word_1_648' title='bbox 3324 3828 3499 3884; x_wconf 88' lang='lat' dir='ltr'><strong>sancti</strong></span> <span class='ocrx_word' id='word_1_649' title='bbox 3532 3822 3800 3896; x_wconf 81' lang='lat' dir='ltr'><strong>Augustini</strong></span> 
     </span>
    </p>
   </div>
   <div class='ocr_carea' id='block_1_83' title="bbox 2209 3920 3801 3995">
    <p class='ocr_par' dir='ltr' id='par_1_83' title="bbox 2209 3920 3801 3995">
     <span class='ocr_line' id='line_1_83' title="bbox 2209 3920 3801 3995; baseline -0.006 -13"><span class='ocrx_word' id='word_1_650' title='bbox 2209 3926 2524 3982; x_wconf 89' lang='lat' dir='ltr'><strong>testimonio</strong></span> <span class='ocrx_word' id='word_1_651' title='bbox 2548 3925 2902 3991; x_wconf 82' lang='lat' dir='ltr'><strong>conﬁrmabo,</strong></span> <span class='ocrx_word' id='word_1_652' title='bbox 2933 3926 3025 3995; x_wconf 92' lang='lat' dir='ltr'><strong>qui</strong></span> <span class='ocrx_word' id='word_1_653' title='bbox 3055 3923 3152 3979; x_wconf 87' lang='lat' dir='ltr'><strong>lib.</strong></span> <span class='ocrx_word' id='word_1_654' title='bbox 3184 3938 3223 3979; x_wconf 86' lang='grc' dir='ltr'><strong><em>ιι</em></strong></span> <span class='ocrx_word' id='word_1_655' title='bbox 3251 3921 3320 3978; x_wconf 92' lang='lat' dir='ltr'><strong>de</strong></span> <span class='ocrx_word' id='word_1_656' title='bbox 3349 3920 3575 3993; x_wconf 85' lang='lat' dir='ltr'><strong>Origine</strong></span> <span class='ocrx_word' id='word_1_657' title='bbox 3600 3920 3801 3984; x_wconf 65' lang='lat' dir='ltr'><strong>animat,</strong></span> 
     </span>
    </p>
   </div>
   <div class='ocr_carea' id='block_1_84' title="bbox 2209 4013 3795 4089">
    <p class='ocr_par' dir='ltr' id='par_1_84' title="bbox 2209 4013 3795 4089">
     <span class='ocr_line' id='line_1_84' title="bbox 2209 4013 3795 4089; baseline -0.006 -13"><span class='ocrx_word' id='word_1_658' title='bbox 2209 4034 2327 4089; x_wconf 83' lang='lat' dir='ltr'><strong>cap.</strong></span> <span class='ocrx_word' id='word_1_659' title='bbox 2364 4019 2452 4085; x_wconf 76' lang='grc'><strong>12,</strong></span> <span class='ocrx_word' id='word_1_660' title='bbox 2503 4019 2728 4075; x_wconf 85' lang='lat' dir='ltr'><strong>scribit:</strong></span> <span class='ocrx_word' id='word_1_661' title='bbox 2766 4038 2786 4073; x_wconf 75' lang='grc' dir='ltr'>ι</span> <span class='ocrx_word' id='word_1_662' title='bbox 2834 4017 3086 4076; x_wconf 85' lang='lat' dir='ltr'><strong>Novellos</strong></span> <span class='ocrx_word' id='word_1_663' title='bbox 3142 4017 3431 4074; x_wconf 84' lang='lat' dir='ltr'><strong>haereticos</strong></span> <span class='ocrx_word' id='word_1_664' title='bbox 3488 4013 3795 4086; x_wconf 87' lang='lat' dir='ltr'><strong>Pelagianos</strong></span> 
     </span>
    </p>
   </div>
   <div class='ocr_carea' id='block_1_85' title="bbox 2207 4105 3799 4181">
    <p class='ocr_par' dir='ltr' id='par_1_85' title="bbox 2207 4105 3799 4181">
     <span class='ocr_line' id='line_1_85' title="bbox 2207 4105 3799 4181; baseline -0.005 -15"><span class='ocrx_word' id='word_1_665' title='bbox 2207 4111 2512 4181; x_wconf 86' lang='lat' dir='ltr'><strong>justissime</strong></span> <span class='ocrx_word' id='word_1_666' title='bbox 2552 4111 2907 4167; x_wconf 90' lang='lat' dir='ltr'><strong>conciliorum</strong></span> <span class='ocrx_word' id='word_1_667' title='bbox 2957 4109 3353 4166; x_wconf 88' lang='lat' dir='ltr'><strong>catholicorum</strong></span> <span class='ocrx_word' id='word_1_668' title='bbox 3406 4115 3461 4162; x_wconf 92' lang='lat' dir='ltr'><strong>et</strong></span> <span class='ocrx_word' id='word_1_669' title='bbox 3505 4105 3652 4163; x_wconf 88' lang='lat' dir='ltr'><strong>sedis</strong></span> <span class='ocrx_word' id='word_1_670' title='bbox 3686 4117 3799 4173; x_wconf 82' lang='lat' dir='ltr'><strong>apo-</strong></span> 
     </span>
    </p>
   </div>
   <div class='ocr_carea' id='block_1_86' title="bbox 2210 4198 3799 4273">
    <p class='ocr_par' dir='ltr' id='par_1_86' title="bbox 2210 4198 3799 4273">
     <span class='ocr_line' id='line_1_86' title="bbox 2210 4198 3799 4273; baseline -0.007 -12"><span class='ocrx_word' id='word_1_671' title='bbox 2210 4205 2418 4261; x_wconf 60' lang='lat' dir='ltr'><strong>stolica</strong></span> <span class='ocrx_word' id='word_1_672' title='bbox 2440 4205 2718 4260; x_wconf 82' lang='lat' dir='ltr'><strong>damnavit</strong></span> <span class='ocrx_word' id='word_1_673' title='bbox 2742 4205 3061 4272; x_wconf 85' lang='lat' dir='ltr'><strong>auctoritas,</strong></span> <span class='ocrx_word' id='word_1_674' title='bbox 3088 4218 3155 4260; x_wconf 88' lang='lat' dir='ltr'><strong>eo</strong></span> <span class='ocrx_word' id='word_1_675' title='bbox 3175 4202 3321 4273; x_wconf 91' lang='lat' dir='ltr'><strong>quod</strong></span> <span class='ocrx_word' id='word_1_676' title='bbox 3348 4198 3470 4257; x_wconf 85' lang='lat' dir='ltr'><strong>ausi</strong></span> <span class='ocrx_word' id='word_1_677' title='bbox 3488 4198 3799 4256; x_wconf 84' lang='lat' dir='ltr'><strong>fuerintnon</strong></span> 
     </span>
    </p>
   </div>
   <div class='ocr_carea' id='block_1_87' title="bbox 2209 4292 3800 4369">
    <p class='ocr_par' dir='ltr' id='par_1_87' title="bbox 2209 4292 3800 4369">
     <span class='ocr_line' id='line_1_87' title="bbox 2209 4292 3800 4369; baseline -0.005 -15"><span class='ocrx_word' id='word_1_678' title='bbox 2209 4298 2494 4369; x_wconf 75' lang='lat' dir='ltr'><strong>baptizatis</strong></span> <span class='ocrx_word' id='word_1_679' title='bbox 2519 4298 2760 4369; x_wconf 84' lang='lat' dir='ltr'><strong>parvulis</strong></span> <span class='ocrx_word' id='word_1_680' title='bbox 2782 4297 2911 4355; x_wconf 88' lang='lat' dir='ltr'><strong>dare</strong></span> <span class='ocrx_word' id='word_1_681' title='bbox 2934 4297 3130 4368; x_wconf 89' lang='lat' dir='ltr'><strong>quietis</strong></span> <span class='ocrx_word' id='word_1_682' title='bbox 3155 4305 3212 4353; x_wconf 93' lang='lat' dir='ltr'><strong>et</strong></span> <span class='ocrx_word' id='word_1_683' title='bbox 3236 4295 3430 4353; x_wconf 88' lang='lat' dir='ltr'><strong>salutis</strong></span> <span class='ocrx_word' id='word_1_684' title='bbox 3452 4295 3634 4351; x_wconf 89' lang='lat' dir='ltr'><strong>locum</strong></span> <span class='ocrx_word' id='word_1_685' title='bbox 3656 4292 3800 4349; x_wconf 87' lang='lat' dir='ltr'><strong>etiam</strong></span> 
     </span>
    </p>
   </div>
   <div class='ocr_carea' id='block_1_88' title="bbox 2212 4389 3799 4467">
    <p class='ocr_par' dir='ltr' id='par_1_88' title="bbox 2212 4389 3799 4467">
     <span class='ocr_line' id='line_1_88' title="bbox 2212 4389 3799 4467; baseline -0.004 -16"><span class='ocrx_word' id='word_1_686' title='bbox 2212 4404 2412 4467; x_wconf 67' lang='lat' dir='ltr'><strong>praeter</strong></span> <span class='ocrx_word' id='word_1_687' title='bbox 2454 4409 2681 4465; x_wconf 82' lang='lat' dir='ltr'><strong>regnum</strong></span> <span class='ocrx_word' id='word_1_688' title='bbox 2711 4395 2996 4454; x_wconf 75' lang='lat' dir='ltr'><strong>ctelorum.</strong></span> <span class='ocrx_word' id='word_1_689' title='bbox 3024 4415 3043 4447; x_wconf 76' lang='grc' dir='ltr'><strong><em>ι</em></strong></span> <span class='ocrx_word' id='word_1_690' title='bbox 3080 4393 3235 4451; x_wconf 88' lang='lat' dir='ltr'><strong>Unde</strong></span> <span class='ocrx_word' id='word_1_691' title='bbox 3264 4394 3398 4451; x_wconf 87' lang='lat' dir='ltr'><strong>satis</strong></span> <span class='ocrx_word' id='word_1_692' title='bbox 3426 4391 3724 4451; x_wconf 85' lang='lat' dir='ltr'><strong>verisimile</strong></span> <span class='ocrx_word' id='word_1_693' title='bbox 3749 4389 3799 4445; x_wconf 87' lang='lat' dir='ltr'><strong>tit</strong></span> 
     </span>
    </p>
   </div>
   <div class='ocr_carea' id='block_1_89' title="bbox 2212 4486 3799 4560">
    <p class='ocr_par' dir='ltr' id='par_1_89' title="bbox 2212 4486 3799 4560">
     <span class='ocr_line' id='line_1_89' title="bbox 2212 4486 3799 4560; baseline -0.003 -17"><span class='ocrx_word' id='word_1_694' title='bbox 2212 4488 2487 4545; x_wconf 84' lang='lat' dir='ltr'><strong>laudatum</strong></span> <span class='ocrx_word' id='word_1_695' title='bbox 2522 4504 2786 4546; x_wconf 90' lang='lat' dir='ltr'><strong>canonem</strong></span> <span class='ocrx_word' id='word_1_696' title='bbox 2838 4503 3029 4560; x_wconf 88' lang='lat' dir='ltr'><strong>reapse</strong></span> <span class='ocrx_word' id='word_1_697' title='bbox 3052 4489 3220 4545; x_wconf 90' lang='lat' dir='ltr'><strong>fuisse</strong></span> <span class='ocrx_word' id='word_1_698' title='bbox 3251 4487 3321 4544; x_wconf 89' lang='lat' dir='ltr'><strong>ab</strong></span> <span class='ocrx_word' id='word_1_699' title='bbox 3350 4486 3624 4543; x_wconf 79' lang='lat' dir='ltr'><strong>Africanis</strong></span> <span class='ocrx_word' id='word_1_700' title='bbox 3649 4496 3799 4555; x_wconf 83' lang='lat' dir='ltr'><strong>syno-</strong></span> 
     </span>
    </p>
   </div>
   <div class='ocr_carea' id='block_1_90' title="bbox 2213 4576 3800 4649">
    <p class='ocr_par' dir='ltr' id='par_1_90' title="bbox 2213 4576 3800 4649">
     <span class='ocr_line' id='line_1_90' title="bbox 2213 4576 3800 4649; baseline -0.006 -11"><span class='ocrx_word' id='word_1_701' title='bbox 2213 4582 2301 4639; x_wconf 88' lang='lat' dir='ltr'><strong>dis</strong></span> <span class='ocrx_word' id='word_1_702' title='bbox 2328 4592 2634 4639; x_wconf 78' lang='lat' dir='ltr'><strong>exaratum.</strong></span> <span class='ocrx_word' id='word_1_703' title='bbox 2678 4583 2813 4639; x_wconf 83' lang='lat' dir='ltr'><strong>illud</strong></span> <span class='ocrx_word' id='word_1_704' title='bbox 2863 4598 2993 4640; x_wconf 90' lang='lat' dir='ltr'><strong>vero</strong></span> <span class='ocrx_word' id='word_1_705' title='bbox 3034 4581 3434 4640; x_wconf 88' lang='lat' dir='ltr'><strong>observandum</strong></span> <span class='ocrx_word' id='word_1_706' title='bbox 3482 4580 3651 4649; x_wconf 86' lang='lat' dir='ltr'><strong>venit,</strong></span> <span class='ocrx_word' id='word_1_707' title='bbox 3691 4576 3800 4632; x_wconf 88' lang='lat' dir='ltr'><strong>ideo</strong></span> 
     </span>
    </p>
   </div>
   <div class='ocr_carea' id='block_1_91' title="bbox 512 4674 3798 4765">
    <p class='ocr_par' dir='ltr' id='par_1_91' title="bbox 512 4674 3798 4765">
     <span class='ocr_line' id='line_1_91' title="bbox 512 4674 3798 4765; baseline -0.007 -7"><span class='ocrx_word' id='word_1_708' title='bbox 512 4702 676 4758; x_wconf 90' lang='lat' dir='ltr'><strong>etiam</strong></span> <span class='ocrx_word' id='word_1_709' title='bbox 689 4674 786 4757; x_wconf 61' lang='lat' dir='ltr'><strong>wsic</strong></span> <span class='ocrx_word' id='word_1_710' title='bbox 816 4674 1029 4765; x_wconf 82' lang='lat' dir='ltr'><strong>amatis,</strong></span> <span class='ocrx_word' id='word_1_711' title='bbox 1066 4708 1122 4754; x_wconf 91' lang='lat' dir='ltr'><strong>nt</strong></span> <span class='ocrx_word' id='word_1_712' title='bbox 1148 4714 1255 4756; x_wconf 93' lang='lat' dir='ltr'><strong>non</strong></span> <span class='ocrx_word' id='word_1_713' title='bbox 1294 4697 1367 4754; x_wconf 91' lang='lat' dir='ltr'><strong>ibi</strong></span> <span class='ocrx_word' id='word_1_714' title='bbox 1402 4710 1545 4764; x_wconf 91' lang='lat' dir='ltr'><strong>esse,</strong></span> <span class='ocrx_word' id='word_1_715' title='bbox 1576 4709 1681 4750; x_wconf 93' lang='lat' dir='ltr'><strong>non</strong></span> <span class='ocrx_word' id='word_1_716' title='bbox 1714 4693 1903 4749; x_wconf 88' lang='lat' dir='ltr'><strong>saltem</strong></span> <span class='ocrx_word' id='word_1_717' title='bbox 1937 4692 2113 4749; x_wconf 90' lang='lat' dir='ltr'><strong>levem</strong></span> <span class='ocrx_word' id='word_1_718' title='bbox 2142 4676 2198 4738; x_wconf 76' lang='grc' dir='ltr'><strong>Β</strong></span> <span class='ocrx_word' id='word_1_719' title='bbox 2224 4677 2411 4734; x_wconf 68' lang='grc' dir='ltr'><strong>Ρθιτθε</strong></span> <span class='ocrx_word' id='word_1_720' title='bbox 2432 4693 2661 4749; x_wconf 68' lang='lat'><strong>“883588</strong></span> <span class='ocrx_word' id='word_1_721' title='bbox 2686 4678 2848 4733; x_wconf 67' lang='grc' dir='ltr'><strong>αιίαηι</strong></span> <span class='ocrx_word' id='word_1_722' title='bbox 2887 4677 3078 4734; x_wconf 66' lang='lat' dir='ltr'><strong>alicubi</strong></span> <span class='ocrx_word' id='word_1_723' title='bbox 3108 4678 3299 4744; x_wconf 78' lang='lat' dir='ltr'><strong>locum.</strong></span> <span class='ocrx_word' id='word_1_724' title='bbox 3324 4675 3450 4746; x_wconf 73' lang='lat' dir='ltr'><strong>quia</strong></span> <span class='ocrx_word' id='word_1_725' title='bbox 3479 4674 3588 4730; x_wconf 77' lang='lat' dir='ltr'><strong>dno</strong></span> <span class='ocrx_word' id='word_1_726' title='bbox 3611 4679 3798 4728; x_wconf 67' lang='lat' dir='ltr'><strong>tantum</strong></span> 
     </span>
    </p>
   </div>
   <div class='ocr_carea' id='block_1_92' title="bbox 513 4786 2113 4865">
    <p class='ocr_par' dir='ltr' id='par_1_92' title="bbox 513 4786 2113 4865">
     <span class='ocr_line' id='line_1_92' title="bbox 513 4786 2113 4865; baseline -0.005 -14"><span class='ocrx_word' id='word_1_727' title='bbox 513 4809 730 4865; x_wconf 72' lang='lat' dir='ltr'><strong>pmnam</strong></span> <span class='ocrx_word' id='word_1_728' title='bbox 759 4793 994 4850; x_wconf 82' lang='lat' dir='ltr'><strong>credatis</strong></span> <span class='ocrx_word' id='word_1_729' title='bbox 1022 4792 1256 4847; x_wconf 88' lang='lat' dir='ltr'><strong>hominis</strong></span> <span class='ocrx_word' id='word_1_730' title='bbox 1286 4804 1431 4856; x_wconf 89' lang='lat' dir='ltr'><strong>esse,</strong></span> <span class='ocrx_word' id='word_1_731' title='bbox 1466 4786 1561 4843; x_wconf 89' lang='lat' dir='ltr'><strong>sed</strong></span> <span class='ocrx_word' id='word_1_732' title='bbox 1584 4787 1810 4842; x_wconf 90' lang='lat' dir='ltr'><strong>nullam.</strong></span> <span class='ocrx_word' id='word_1_733' title='bbox 1838 4806 1856 4839; x_wconf 73' lang='grc' dir='ltr'><strong><em>ι</em></strong></span> <span class='ocrx_word' id='word_1_734' title='bbox 1891 4786 2041 4854; x_wconf 86' lang='lat' dir='ltr'><strong>Quod</strong></span> <span class='ocrx_word' id='word_1_735' title='bbox 2066 4787 2113 4843; x_wconf 89' lang='lat' dir='ltr'><strong>si</strong></span> 
     </span>
    </p>
   </div>
   <div class='ocr_carea' id='block_1_93' title="bbox 508 4881 2110 4962">
    <p class='ocr_par' dir='ltr' id='par_1_93' title="bbox 508 4881 2110 4962">
     <span class='ocr_line' id='line_1_93' title="bbox 508 4881 2110 4962; baseline -0.006 -18"><span class='ocrx_word' id='word_1_736' title='bbox 508 4886 784 4962; x_wconf 87' lang='lat' dir='ltr'><strong>Pelagiani</strong></span> <span class='ocrx_word' id='word_1_737' title='bbox 813 4897 966 4945; x_wconf 77' lang='lat' dir='ltr'><strong>extra</strong></span> <span class='ocrx_word' id='word_1_738' title='bbox 994 4901 1216 4962; x_wconf 84' lang='lat' dir='ltr'><strong>regnum</strong></span> <span class='ocrx_word' id='word_1_739' title='bbox 1244 4883 1341 4940; x_wconf 91' lang='lat' dir='ltr'><strong>Dei</strong></span> <span class='ocrx_word' id='word_1_740' title='bbox 1367 4882 1566 4938; x_wconf 89' lang='lat' dir='ltr'><strong>dabant</strong></span> <span class='ocrx_word' id='word_1_741' title='bbox 1594 4881 1829 4952; x_wconf 89' lang='lat' dir='ltr'><strong>parvulis</strong></span> <span class='ocrx_word' id='word_1_742' title='bbox 1846 4881 2110 4938; x_wconf 87' lang='lat' dir='ltr'><strong>visionem</strong></span> 
     </span>
    </p>
   </div>
   <div class='ocr_carea' id='block_1_94' title="bbox 510 4973 2109 5051">
    <p class='ocr_par' dir='ltr' id='par_1_94' title="bbox 510 4973 2109 5051">
     <span class='ocr_line' id='line_1_94' title="bbox 510 4973 2109 5051; baseline -0.006 -13"><span class='ocrx_word' id='word_1_743' title='bbox 510 4982 628 5051; x_wconf 91' lang='lat' dir='ltr'><strong>Dei,</strong></span> <span class='ocrx_word' id='word_1_744' title='bbox 660 4981 800 5037; x_wconf 86' lang='lat' dir='ltr'><strong>haud</strong></span> <span class='ocrx_word' id='word_1_745' title='bbox 832 4987 1192 5051; x_wconf 89' lang='lat' dir='ltr'><strong>congruenter</strong></span> <span class='ocrx_word' id='word_1_746' title='bbox 1240 4975 1575 5047; x_wconf 81' lang='lat' dir='ltr'><strong>Augustinus</strong></span> <span class='ocrx_word' id='word_1_747' title='bbox 1604 4983 1793 5031; x_wconf 91' lang='lat' dir='ltr'><strong>contra</strong></span> <span class='ocrx_word' id='word_1_748' title='bbox 1826 4973 1973 5045; x_wconf 90' lang='lat' dir='ltr'><strong>ipsos</strong></span> <span class='ocrx_word' id='word_1_749' title='bbox 2024 4976 2109 5029; x_wconf 87' lang='lat' dir='ltr'><strong>in-</strong></span> 
     </span>
    </p>
   </div>
   <div class='ocr_carea' id='block_1_95' title="bbox 505 5067 2107 5146">
    <p class='ocr_par' dir='ltr' id='par_1_95' title="bbox 505 5067 2107 5146">
     <span class='ocr_line' id='line_1_95' title="bbox 505 5067 2107 5146; baseline -0.006 -15"><span class='ocrx_word' id='word_1_750' title='bbox 505 5076 713 5132; x_wconf 89' lang='lat' dir='ltr'><strong>ferebat</strong></span> <span class='ocrx_word' id='word_1_751' title='bbox 739 5089 935 5146; x_wconf 90' lang='lat' dir='ltr'><strong>pueros</strong></span> <span class='ocrx_word' id='word_1_752' title='bbox 967 5073 1178 5129; x_wconf 92' lang='lat' dir='ltr'><strong>futuros</strong></span> <span class='ocrx_word' id='word_1_753' title='bbox 1207 5068 1450 5127; x_wconf 91' lang='lat' dir='ltr'><strong>infelices</strong></span> <span class='ocrx_word' id='word_1_754' title='bbox 1480 5078 1537 5126; x_wconf 90' lang='lat' dir='ltr'><strong>et</strong></span> <span class='ocrx_word' id='word_1_755' title='bbox 1581 5084 1757 5141; x_wconf 69' lang='lat' dir='ltr'><strong>poena:</strong></span> <span class='ocrx_word' id='word_1_756' title='bbox 1811 5067 2107 5139; x_wconf 89' lang='lat' dir='ltr'><strong>subjectos.</strong></span> 
     </span>
    </p>
   </div>
   <div class='ocr_carea' id='block_1_96' title="bbox 458 5160 2110 5236">
    <p class='ocr_par' dir='ltr' id='par_1_96' title="bbox 458 5160 2110 5236">
     <span class='ocr_line' id='line_1_96' title="bbox 458 5160 2110 5236; baseline -0.005 -12"><span class='ocrx_word' id='word_1_757' title='bbox 458 5230 462 5234; x_wconf 95' lang='lat'><em>_</em></span> <span class='ocrx_word' id='word_1_758' title='bbox 506 5168 639 5224; x_wconf 87' lang='lat' dir='ltr'><strong>Nam</strong></span> <span class='ocrx_word' id='word_1_759' title='bbox 676 5168 866 5225; x_wconf 87' lang='lat' dir='ltr'><strong>videns</strong></span> <span class='ocrx_word' id='word_1_760' title='bbox 894 5166 1064 5223; x_wconf 90' lang='lat' dir='ltr'><strong>Deum</strong></span> <span class='ocrx_word' id='word_1_761' title='bbox 1119 5161 1362 5236; x_wconf 89' lang='lat' dir='ltr'><strong>possidet</strong></span> <span class='ocrx_word' id='word_1_762' title='bbox 1417 5177 1689 5218; x_wconf 90' lang='lat' dir='ltr'><strong>summum</strong></span> <span class='ocrx_word' id='word_1_763' title='bbox 1739 5160 1962 5227; x_wconf 91' lang='lat' dir='ltr'><strong>bonum,</strong></span> <span class='ocrx_word' id='word_1_764' title='bbox 2008 5174 2110 5216; x_wconf 91' lang='lat' dir='ltr'><strong>nec</strong></span> 
     </span>
    </p>
   </div>
   <div class='ocr_carea' id='block_1_97' title="bbox 511 5252 2111 5332">
    <p class='ocr_par' dir='ltr' id='par_1_97' title="bbox 511 5252 2111 5332">
     <span class='ocr_line' id='line_1_97' title="bbox 511 5252 2111 5332; baseline -0.006 -13"><span class='ocrx_word' id='word_1_765' title='bbox 511 5263 622 5319; x_wconf 92' lang='lat' dir='ltr'><strong>ullo</strong></span> <span class='ocrx_word' id='word_1_766' title='bbox 654 5270 813 5332; x_wconf 89' lang='lat' dir='ltr'><strong>pacto</strong></span> <span class='ocrx_word' id='word_1_767' title='bbox 839 5267 1018 5331; x_wconf 89' lang='lat' dir='ltr'><strong>potest</strong></span> <span class='ocrx_word' id='word_1_768' title='bbox 1043 5272 1165 5315; x_wconf 89' lang='lat' dir='ltr'><strong>esse</strong></span> <span class='ocrx_word' id='word_1_769' title='bbox 1196 5257 1408 5324; x_wconf 84' lang='lat' dir='ltr'><strong>infelix,</strong></span> <span class='ocrx_word' id='word_1_770' title='bbox 1438 5263 1532 5311; x_wconf 91' lang='lat' dir='ltr'><strong>aut</strong></span> <span class='ocrx_word' id='word_1_771' title='bbox 1565 5253 1725 5311; x_wconf 91' lang='lat' dir='ltr'><strong>alicui</strong></span> <span class='ocrx_word' id='word_1_772' title='bbox 1746 5267 1921 5325; x_wconf 71' lang='lat' dir='ltr'><strong>poenae</strong></span> <span class='ocrx_word' id='word_1_773' title='bbox 1949 5252 2111 5309; x_wconf 84' lang='lat' dir='ltr'><strong>obno-</strong></span> 
     </span>
    </p>
   </div>
   <div class='ocr_carea' id='block_1_98' title="bbox 508 5343 2107 5417">
    <p class='ocr_par' dir='ltr' id='par_1_98' title="bbox 508 5343 2107 5417">
     <span class='ocr_line' id='line_1_98' title="bbox 508 5343 2107 5417; baseline -0.007 -7"><span class='ocrx_word' id='word_1_774' title='bbox 508 5356 645 5412; x_wconf 79' lang='lat' dir='ltr'><strong>xius.</strong></span> <span class='ocrx_word' id='word_1_775' title='bbox 675 5353 942 5410; x_wconf 63' lang='lat' dir='ltr'><strong>Prmterea</strong></span> <span class='ocrx_word' id='word_1_776' title='bbox 968 5361 1186 5408; x_wconf 89' lang='lat' dir='ltr'><strong>sanctus</strong></span> <span class='ocrx_word' id='word_1_777' title='bbox 1206 5348 1386 5416; x_wconf 87' lang='lat' dir='ltr'><strong>Pater,</strong></span> <span class='ocrx_word' id='word_1_778' title='bbox 1416 5346 1555 5402; x_wconf 90' lang='lat' dir='ltr'><strong>libro</strong></span> <span class='ocrx_word' id='word_1_779' title='bbox 1585 5363 1622 5402; x_wconf 83' lang='lat' dir='ltr'><strong>rt</strong></span> <span class='ocrx_word' id='word_1_780' title='bbox 1650 5344 1843 5417; x_wconf 90' lang='lat' dir='ltr'><strong>Operis</strong></span> <span class='ocrx_word' id='word_1_781' title='bbox 1866 5343 2107 5415; x_wconf 86' lang='lat' dir='ltr'><strong>imperf.,</strong></span> 
     </span>
    </p>
   </div>
   <div class='ocr_carea' id='block_1_99' title="bbox 508 5437 2112 5519">
    <p class='ocr_par' dir='ltr' id='par_1_99' title="bbox 508 5437 2112 5519">
     <span class='ocr_line' id='line_1_99' title="bbox 508 5437 2112 5519; baseline -0.007 -14"><span class='ocrx_word' id='word_1_782' title='bbox 508 5464 625 5519; x_wconf 90' lang='lat' dir='ltr'><strong>cap.</strong></span> <span class='ocrx_word' id='word_1_783' title='bbox 666 5447 790 5514; x_wconf 79' lang='grc'><strong>115,</strong></span> <span class='ocrx_word' id='word_1_784' title='bbox 821 5446 906 5503; x_wconf 87' lang='lat' dir='ltr'><strong>his</strong></span> <span class='ocrx_word' id='word_1_785' title='bbox 935 5442 1335 5501; x_wconf 81' lang='lat' dir='ltr'><strong>instat‘Juliano</strong></span> <span class='ocrx_word' id='word_1_786' title='bbox 1363 5452 1415 5499; x_wconf 87' lang='lat' dir='ltr'><strong>et</strong></span> <span class='ocrx_word' id='word_1_787' title='bbox 1438 5439 1663 5511; x_wconf 85' lang='lat' dir='ltr'><strong>collegis</strong></span> <span class='ocrx_word' id='word_1_788' title='bbox 1690 5456 1703 5493; x_wconf 89' lang='lat'><strong>:</strong></span> <span class='ocrx_word' id='word_1_789' title='bbox 1737 5457 1756 5491; x_wconf 74' lang='grc' dir='ltr'>ι</span> <span class='ocrx_word' id='word_1_790' title='bbox 1792 5439 1983 5506; x_wconf 85' lang='lat' dir='ltr'><strong>Dicite,</strong></span> <span class='ocrx_word' id='word_1_791' title='bbox 2015 5437 2112 5493; x_wconf 90' lang='lat' dir='ltr'><strong>ob-</strong></span> 
     </span>
    </p>
   </div>
   <div class='ocr_carea' id='block_1_100' title="bbox 507 5532 2108 5609">
    <p class='ocr_par' dir='ltr' id='par_1_100' title="bbox 507 5532 2108 5609">
     <span class='ocr_line' id='line_1_100' title="bbox 507 5532 2108 5609; baseline -0.007 -12"><span class='ocrx_word' id='word_1_792' title='bbox 507 5555 687 5609; x_wconf 86' lang='lat' dir='ltr'><strong>secro,</strong></span> <span class='ocrx_word' id='word_1_793' title='bbox 720 5540 773 5596; x_wconf 92' lang='lat' dir='ltr'><strong>in</strong></span> <span class='ocrx_word' id='word_1_794' title='bbox 803 5555 869 5596; x_wconf 88' lang='lat' dir='ltr'><strong>ea</strong></span> <span class='ocrx_word' id='word_1_795' title='bbox 929 5538 1189 5595; x_wconf 87' lang='lat' dir='ltr'><strong>felicitate</strong></span> <span class='ocrx_word' id='word_1_796' title='bbox 1222 5551 1342 5607; x_wconf 77' lang='lat' dir='ltr'><strong>qua:</strong></span> <span class='ocrx_word' id='word_1_797' title='bbox 1366 5546 1524 5592; x_wconf 80' lang='lat' dir='ltr'><strong>extra</strong></span> <span class='ocrx_word' id='word_1_798' title='bbox 1585 5533 1678 5590; x_wconf 92' lang='lat' dir='ltr'><strong>Dei</strong></span> <span class='ocrx_word' id='word_1_799' title='bbox 1707 5548 1932 5604; x_wconf 77' lang='lat' dir='ltr'><strong>regnum</strong></span> <span class='ocrx_word' id='word_1_800' title='bbox 1982 5532 2108 5600; x_wconf 87' lang='lat' dir='ltr'><strong>erit,</strong></span> 
     </span>
    </p>
   </div>
   <div class='ocr_carea' id='block_1_101' title="bbox 510 5625 2110 5706">
    <p class='ocr_par' dir='ltr' id='par_1_101' title="bbox 510 5625 2110 5706">
     <span class='ocr_line' id='line_1_101' title="bbox 510 5625 2110 5706; baseline -0.009 -13"><span class='ocrx_word' id='word_1_801' title='bbox 510 5636 729 5695; x_wconf 88' lang='lat' dir='ltr'><strong>ullusne</strong></span> <span class='ocrx_word' id='word_1_802' title='bbox 755 5630 1009 5706; x_wconf 86' lang='lat' dir='ltr'><strong>regnabit</strong></span> <span class='ocrx_word' id='word_1_803' title='bbox 1038 5645 1107 5684; x_wconf 90' lang='lat' dir='ltr'><strong>an</strong></span> <span class='ocrx_word' id='word_1_804' title='bbox 1144 5628 1366 5685; x_wconf 77' lang='lat' dir='ltr'><strong>nullus?</strong></span> <span class='ocrx_word' id='word_1_805' title='bbox 1405 5629 1450 5683; x_wconf 90' lang='lat' dir='ltr'><strong>si</strong></span> <span class='ocrx_word' id='word_1_806' title='bbox 1487 5628 1692 5695; x_wconf 92' lang='lat' dir='ltr'><strong>nullus,</strong></span> <span class='ocrx_word' id='word_1_807' title='bbox 1742 5626 1964 5683; x_wconf 86' lang='lat' dir='ltr'><strong>liberior</strong></span> <span class='ocrx_word' id='word_1_808' title='bbox 2002 5625 2110 5681; x_wconf 88' lang='lat' dir='ltr'><strong>erit</strong></span> 
     </span>
    </p>
   </div>
   <div class='ocr_carea' id='block_1_102' title="bbox 507 5715 2108 5802">
    <p class='ocr_par' dir='ltr' id='par_1_102' title="bbox 507 5715 2108 5802">
     <span class='ocr_line' id='line_1_102' title="bbox 507 5715 2108 5802; baseline -0.009 -13"><span class='ocrx_word' id='word_1_809' title='bbox 507 5728 694 5802; x_wconf 87' lang='lat' dir='ltr'><strong>procul</strong></span> <span class='ocrx_word' id='word_1_810' title='bbox 720 5726 885 5785; x_wconf 90' lang='lat' dir='ltr'><strong>dubio</strong></span> <span class='ocrx_word' id='word_1_811' title='bbox 905 5724 1023 5781; x_wconf 89' lang='lat' dir='ltr'><strong>sine</strong></span> <span class='ocrx_word' id='word_1_812' title='bbox 1044 5722 1163 5779; x_wconf 84' lang='lat' dir='ltr'><strong>ullo&#39;</strong></span> <span class='ocrx_word' id='word_1_813' title='bbox 1184 5736 1309 5795; x_wconf 88' lang='lat' dir='ltr'><strong>rege</strong></span> <span class='ocrx_word' id='word_1_814' title='bbox 1333 5721 1421 5776; x_wconf 91' lang='lat' dir='ltr'><strong>illa</strong></span> <span class='ocrx_word' id='word_1_815' title='bbox 1450 5720 1707 5787; x_wconf 87' lang='lat' dir='ltr'><strong>felicitas;</strong></span> <span class='ocrx_word' id='word_1_816' title='bbox 1736 5720 1779 5775; x_wconf 94' lang='lat' dir='ltr'><strong>si</strong></span> <span class='ocrx_word' id='word_1_817' title='bbox 1816 5732 1946 5775; x_wconf 91' lang='lat' dir='ltr'><strong>vero</strong></span> <span class='ocrx_word' id='word_1_818' title='bbox 1968 5715 2108 5774; x_wconf 89' lang='lat' dir='ltr'><strong>ullus</strong></span> 
     </span>
    </p>
   </div>
   <div class='ocr_carea' id='block_1_103' title="bbox 507 5815 2106 5896">
    <p class='ocr_par' dir='ltr' id='par_1_103' title="bbox 507 5815 2106 5896">
     <span class='ocr_line' id='line_1_103' title="bbox 507 5815 2106 5896; baseline -0.009 -13"><span class='ocrx_word' id='word_1_819' title='bbox 507 5828 562 5883; x_wconf 90' lang='lat' dir='ltr'><strong>in</strong></span> <span class='ocrx_word' id='word_1_820' title='bbox 592 5841 657 5884; x_wconf 88' lang='lat' dir='ltr'><strong>ea</strong></span> <span class='ocrx_word' id='word_1_821' title='bbox 683 5821 953 5896; x_wconf 88' lang='lat' dir='ltr'><strong>regnabit,</strong></span> <span class='ocrx_word' id='word_1_822' title='bbox 986 5819 1107 5892; x_wconf 90' lang='lat' dir='ltr'><strong>quis</strong></span> <span class='ocrx_word' id='word_1_823' title='bbox 1134 5819 1238 5876; x_wconf 90' lang='lat' dir='ltr'><strong>erit</strong></span> <span class='ocrx_word' id='word_1_824' title='bbox 1282 5833 1376 5874; x_wconf 82' lang='lat' dir='ltr'><strong>rex</strong></span> <span class='ocrx_word' id='word_1_825' title='bbox 1405 5818 1694 5890; x_wconf 88' lang='lat' dir='ltr'><strong>imaginum</strong></span> <span class='ocrx_word' id='word_1_826' title='bbox 1725 5816 1841 5884; x_wconf 85' lang='lat' dir='ltr'><strong>Dei,</strong></span> <span class='ocrx_word' id='word_1_827' title='bbox 1875 5815 1964 5887; x_wconf 89' lang='lat' dir='ltr'><strong>qui</strong></span> <span class='ocrx_word' id='word_1_828' title='bbox 1998 5827 2106 5869; x_wconf 92' lang='lat' dir='ltr'><strong>non</strong></span> 
     </span>
    </p>
   </div>
   <div class='ocr_carea' id='block_1_104' title="bbox 2219 4765 3798 4839">
    <p class='ocr_par' dir='ltr' id='par_1_104' title="bbox 2219 4765 3798 4839">
     <span class='ocr_line' id='line_1_104' title="bbox 2219 4765 3798 4839; baseline -0.006 -14"><span class='ocrx_word' id='word_1_829' title='bbox 2219 4770 2338 4827; x_wconf 91' lang='lat' dir='ltr'><strong>loca</strong></span> <span class='ocrx_word' id='word_1_830' title='bbox 2371 4772 2720 4827; x_wconf 90' lang='lat' dir='ltr'><strong>nominantur</strong></span> <span class='ocrx_word' id='word_1_831' title='bbox 2762 4770 2814 4824; x_wconf 92' lang='lat' dir='ltr'><strong>in</strong></span> <span class='ocrx_word' id='word_1_832' title='bbox 2853 4769 3026 4826; x_wconf 88' lang='lat' dir='ltr'><strong>sacris</strong></span> <span class='ocrx_word' id='word_1_833' title='bbox 3069 4769 3285 4837; x_wconf 86' lang='lat' dir='ltr'><strong>litteris,</strong></span> <span class='ocrx_word' id='word_1_834' title='bbox 3326 4781 3526 4839; x_wconf 86' lang='lat' dir='ltr'><strong>nempe</strong></span> <span class='ocrx_word' id='word_1_835' title='bbox 3552 4765 3798 4822; x_wconf 79' lang='lat' dir='ltr'><strong>dextraet</strong></span> 
     </span>
    </p>
   </div>
   <div class='ocr_carea' id='block_1_105' title="bbox 2217 4854 3798 4937">
    <p class='ocr_par' dir='ltr' id='par_1_105' title="bbox 2217 4854 3798 4937">
     <span class='ocr_line' id='line_1_105' title="bbox 2217 4854 3798 4937; baseline -0.008 -14"><span class='ocrx_word' id='word_1_836' title='bbox 2217 4866 2441 4923; x_wconf 85' lang='lat' dir='ltr'><strong>sinistra</strong></span> <span class='ocrx_word' id='word_1_837' title='bbox 2465 4865 2687 4937; x_wconf 82' lang='lat' dir='ltr'><strong>judicis,</strong></span> <span class='ocrx_word' id='word_1_838' title='bbox 2722 4864 2866 4921; x_wconf 87' lang='lat' dir='ltr'><strong>unde</strong></span> <span class='ocrx_word' id='word_1_839' title='bbox 2906 4876 3157 4920; x_wconf 87' lang='lat' dir='ltr'><strong>asserunt</strong></span> <span class='ocrx_word' id='word_1_840' title='bbox 3181 4876 3383 4935; x_wconf 81' lang='lat' dir='ltr'><strong>pueros</strong></span> <span class='ocrx_word' id='word_1_841' title='bbox 3416 4860 3631 4918; x_wconf 83' lang='lat' dir='ltr'><strong>futuros</strong></span> <span class='ocrx_word' id='word_1_842' title='bbox 3660 4860 3715 4915; x_wconf 89' lang='lat' dir='ltr'><strong>in</strong></span> <span class='ocrx_word' id='word_1_843' title='bbox 3740 4854 3798 4910; x_wconf 65' lang='grc' dir='ltr'><strong>εἰς</strong></span> 
     </span>
    </p>
   </div>
   <div class='ocr_carea' id='block_1_106' title="bbox 2219 4949 3799 5030">
    <p class='ocr_par' dir='ltr' id='par_1_106' title="bbox 2219 4949 3799 5030">
     <span class='ocr_line' id='line_1_106' title="bbox 2219 4949 3799 5030; baseline -0.004 -14"><span class='ocrx_word' id='word_1_844' title='bbox 2219 4962 2410 5029; x_wconf 88' lang='lat' dir='ltr'><strong>nistra,</strong></span> <span class='ocrx_word' id='word_1_845' title='bbox 2441 4970 2497 5017; x_wconf 89' lang='lat' dir='ltr'><strong>et</strong></span> <span class='ocrx_word' id='word_1_846' title='bbox 2520 4975 2593 5017; x_wconf 80' lang='lat' dir='ltr'><strong>ex</strong></span> <span class='ocrx_word' id='word_1_847' title='bbox 2622 4958 2979 5030; x_wconf 83' lang='lat' dir='ltr'><strong>consequenti</strong></span> <span class='ocrx_word' id='word_1_848' title='bbox 3028 4958 3305 5029; x_wconf 77' lang='lat' dir='ltr'><strong>participes</strong></span> <span class='ocrx_word' id='word_1_849' title='bbox 3336 4959 3449 5029; x_wconf 80' lang='lat' dir='ltr'><strong>fore</strong></span> <span class='ocrx_word' id='word_1_850' title='bbox 3487 4955 3698 5011; x_wconf 71' lang='lat' dir='ltr'><strong>diaboli.</strong></span> <span class='ocrx_word' id='word_1_851' title='bbox 3751 4949 3799 5003; x_wconf 81' lang='lat' dir='ltr'><strong>In</strong></span> 
     </span>
    </p>
   </div>
   <div class='ocr_carea' id='block_1_107' title="bbox 2216 5050 3799 5125">
    <p class='ocr_par' dir='ltr' id='par_1_107' title="bbox 2216 5050 3799 5125">
     <span class='ocr_line' id='line_1_107' title="bbox 2216 5050 3799 5125; baseline -0.008 -14"><span class='ocrx_word' id='word_1_852' title='bbox 2216 5056 2406 5111; x_wconf 90' lang='lat' dir='ltr'><strong>eodem</strong></span> <span class='ocrx_word' id='word_1_853' title='bbox 2432 5054 2570 5111; x_wconf 89' lang='lat' dir='ltr'><strong>libro</strong></span> <span class='ocrx_word' id='word_1_854' title='bbox 2596 5054 2664 5111; x_wconf 87' lang='lat' dir='ltr'><strong>de</strong></span> <span class='ocrx_word' id='word_1_855' title='bbox 2682 5055 2906 5125; x_wconf 82' lang='lat' dir='ltr'><strong>Origine</strong></span> <span class='ocrx_word' id='word_1_856' title='bbox 2928 5053 3143 5116; x_wconf 81' lang='lat' dir='ltr'><strong>animae.</strong></span> <span class='ocrx_word' id='word_1_857' title='bbox 3170 5067 3289 5123; x_wconf 89' lang='lat' dir='ltr'><strong>cap.</strong></span> <span class='ocrx_word' id='word_1_858' title='bbox 3315 5051 3369 5118; x_wconf 90' lang='lat'><strong>9,</strong></span> <span class='ocrx_word' id='word_1_859' title='bbox 3396 5050 3586 5108; x_wconf 85' lang='lat' dir='ltr'><strong>scribit</strong></span> <span class='ocrx_word' id='word_1_860' title='bbox 3601 5052 3799 5105; x_wconf 84' lang='lat' dir='ltr'><strong>sanctus</strong></span> 
     </span>
    </p>
   </div>
   <div class='ocr_carea' id='block_1_108' title="bbox 2220 5139 3799 5217">
    <p class='ocr_par' dir='ltr' id='par_1_108' title="bbox 2220 5139 3799 5217">
     <span class='ocr_line' id='line_1_108' title="bbox 2220 5139 3799 5217; baseline -0.009 -14"><span class='ocrx_word' id='word_1_861' title='bbox 2220 5148 2380 5204; x_wconf 86' lang='lat' dir='ltr'><strong>Pater</strong></span> <span class='ocrx_word' id='word_1_862' title='bbox 2407 5166 2419 5200; x_wconf 92' lang='lat'><strong>:</strong></span> <span class='ocrx_word' id='word_1_863' title='bbox 2451 5147 2597 5202; x_wconf 72' lang='lat' dir='ltr'><strong>«Non</strong></span> <span class='ocrx_word' id='word_1_864' title='bbox 2620 5145 2903 5217; x_wconf 82' lang='lat' dir='ltr'><strong>baptizatis</strong></span> <span class='ocrx_word' id='word_1_865' title='bbox 2928 5144 3168 5216; x_wconf 87' lang='lat' dir='ltr'><strong>parvulis</strong></span> <span class='ocrx_word' id='word_1_866' title='bbox 3186 5158 3349 5200; x_wconf 90' lang='lat' dir='ltr'><strong>nemo</strong></span> <span class='ocrx_word' id='word_1_867' title='bbox 3368 5142 3648 5214; x_wconf 83' lang='lat' dir='ltr'><strong>promittat</strong></span> <span class='ocrx_word' id='word_1_868' title='bbox 3675 5139 3799 5194; x_wconf 86' lang='lat' dir='ltr'><strong>inter</strong></span> 
     </span>
    </p>
   </div>
   <div class='ocr_carea' id='block_1_109' title="bbox 2223 5227 3799 5312">
    <p class='ocr_par' dir='ltr' id='par_1_109' title="bbox 2223 5227 3799 5312">
     <span class='ocr_line' id='line_1_109' title="bbox 2223 5227 3799 5312; baseline -0.012 -15"><span class='ocrx_word' id='word_1_869' title='bbox 2223 5240 2632 5297; x_wconf 80' lang='lat' dir='ltr'><strong>damnationem</strong></span> <span class='ocrx_word' id='word_1_870' title='bbox 2660 5242 3009 5312; x_wconf 79' lang='lat' dir='ltr'><strong>regnumque</strong></span> <span class='ocrx_word' id='word_1_871' title='bbox 3032 5236 3301 5293; x_wconf 72' lang='lat' dir='ltr'><strong>sculorum</strong></span> <span class='ocrx_word' id='word_1_872' title='bbox 3331 5236 3551 5307; x_wconf 85' lang='lat' dir='ltr'><strong>quietis,</strong></span> <span class='ocrx_word' id='word_1_873' title='bbox 3584 5232 3666 5289; x_wconf 87' lang='lat' dir='ltr'><strong>vel</strong></span> <span class='ocrx_word' id='word_1_874' title='bbox 3698 5227 3799 5284; x_wconf 75' lang='lat' dir='ltr'><strong>teli~</strong></span> 
     </span>
    </p>
   </div>
   <div class='ocr_carea' id='block_1_110' title="bbox 2216 5327 3801 5399">
    <p class='ocr_par' dir='ltr' id='par_1_110' title="bbox 2216 5327 3801 5399">
     <span class='ocr_line' id='line_1_110' title="bbox 2216 5327 3801 5399; baseline -0.011 -9"><span class='ocrx_word' id='word_1_875' title='bbox 2216 5334 2393 5390; x_wconf 87' lang='lat' dir='ltr'><strong>citatis</strong></span> <span class='ocrx_word' id='word_1_876' title='bbox 2437 5347 2778 5399; x_wconf 73' lang='lat' dir='ltr'><strong>CUJUBLIBET,</strong></span> <span class='ocrx_word' id='word_1_877' title='bbox 2822 5339 2985 5399; x_wconf 80' lang='lat' dir='ltr'><strong>atque</strong></span> <span class='ocrx_word' id='word_1_878' title='bbox 3012 5343 3277 5398; x_wconf 75' lang='lat' dir='ltr'><strong>UBlLlBET,</strong></span> <span class='ocrx_word' id='word_1_879' title='bbox 3311 5327 3469 5398; x_wconf 85' lang='lat' dir='ltr'><strong>quasi</strong></span> <span class='ocrx_word' id='word_1_880' title='bbox 3498 5338 3698 5382; x_wconf 65' lang='lat' dir='ltr'><strong>lentu:</strong></span> <span class='ocrx_word' id='word_1_881' title='bbox 3721 5335 3801 5375; x_wconf 73' lang='grc' dir='ltr'><strong>ιυο</strong></span> 
     </span>
    </p>
   </div>
   <div class='ocr_carea' id='block_1_111' title="bbox 2216 5414 3797 5491">
    <p class='ocr_par' dir='ltr' id='par_1_111' title="bbox 2216 5414 3797 5491">
     <span class='ocr_line' id='line_1_111' title="bbox 2216 5414 3797 5491; baseline -0.016 -7"><span class='ocrx_word' id='word_1_882' title='bbox 2216 5441 2348 5485; x_wconf 67' lang='lat' dir='ltr'><strong>sunt.</strong></span> <span class='ocrx_word' id='word_1_883' title='bbox 2369 5424 2483 5482; x_wconf 84' lang='lat' dir='ltr'><strong>Hoc</strong></span> <span class='ocrx_word' id='word_1_884' title='bbox 2509 5425 2651 5481; x_wconf 87' lang='lat' dir='ltr'><strong>enim</strong></span> <span class='ocrx_word' id='word_1_885' title='bbox 2670 5426 2752 5481; x_wconf 83' lang='lat' dir='ltr'><strong>eis</strong></span> <span class='ocrx_word' id='word_1_886' title='bbox 2765 5423 2929 5479; x_wconf 89' lang='lat' dir='ltr'><strong>etiam</strong></span> <span class='ocrx_word' id='word_1_887' title='bbox 2952 5421 3176 5479; x_wconf 66' lang='lat' dir='ltr'><strong>haeresis</strong></span> <span class='ocrx_word' id='word_1_888' title='bbox 3197 5421 3487 5491; x_wconf 79' lang='lat' dir='ltr'><strong>Pelagiana</strong></span> <span class='ocrx_word' id='word_1_889' title='bbox 3502 5414 3767 5491; x_wconf 77' lang='lat' dir='ltr'><strong>promisit.</strong></span> <span class='ocrx_word' id='word_1_890' title='bbox 3782 5427 3797 5458; x_wconf 77' lang='grc' dir='ltr'><strong><em>ι</em></strong></span> 
     </span>
    </p>
   </div>
   <div class='ocr_carea' id='block_1_112' title="bbox 2217 5507 3801 5592">
    <p class='ocr_par' dir='ltr' id='par_1_112' title="bbox 2217 5507 3801 5592">
     <span class='ocr_line' id='line_1_112' title="bbox 2217 5507 3801 5592; baseline -0.009 -13"><span class='ocrx_word' id='word_1_891' title='bbox 2217 5522 2399 5592; x_wconf 86' lang='lat' dir='ltr'><strong>Quare</strong></span> <span class='ocrx_word' id='word_1_892' title='bbox 2421 5536 2545 5577; x_wconf 90' lang='lat' dir='ltr'><strong>cum</strong></span> <span class='ocrx_word' id='word_1_893' title='bbox 2575 5520 2666 5576; x_wconf 86' lang='lat' dir='ltr'><strong>illa</strong></span> <span class='ocrx_word' id='word_1_894' title='bbox 2694 5518 2881 5590; x_wconf 88' lang='lat' dir='ltr'><strong>opinio</strong></span> <span class='ocrx_word' id='word_1_895' title='bbox 2899 5518 2966 5573; x_wconf 83' lang='lat' dir='ltr'><strong>de</strong></span> <span class='ocrx_word' id='word_1_896' title='bbox 2985 5517 3135 5587; x_wconf 74' lang='lat' dir='ltr'><strong>quasi</strong></span> <span class='ocrx_word' id='word_1_897' title='bbox 3162 5515 3331 5571; x_wconf 79' lang='lat' dir='ltr'><strong>medie</strong></span> <span class='ocrx_word' id='word_1_898' title='bbox 3352 5514 3494 5581; x_wconf 74' lang='lat' dir='ltr'><strong>loco,</strong></span> <span class='ocrx_word' id='word_1_899' title='bbox 3521 5522 3711 5579; x_wconf 85' lang='lat' dir='ltr'><strong>nempe</strong></span> <span class='ocrx_word' id='word_1_900' title='bbox 3730 5507 3801 5559; x_wconf 83' lang='lat' dir='ltr'><strong>in-</strong></span> 
     </span>
    </p>
   </div>
   <div class='ocr_carea' id='block_1_113' title="bbox 2221 5599 3800 5682">
    <p class='ocr_par' dir='ltr' id='par_1_113' title="bbox 2221 5599 3800 5682">
     <span class='ocr_line' id='line_1_113' title="bbox 2221 5599 3800 5682; baseline -0.012 -11"><span class='ocrx_word' id='word_1_901' title='bbox 2221 5626 2304 5673; x_wconf 89' lang='lat' dir='ltr'><strong>ter</strong></span> <span class='ocrx_word' id='word_1_902' title='bbox 2337 5614 2631 5675; x_wconf 86' lang='lat' dir='ltr'><strong>inferorum</strong></span> <span class='ocrx_word' id='word_1_903' title='bbox 2674 5626 2862 5682; x_wconf 76' lang='lat' dir='ltr'><strong>poenas</strong></span> <span class='ocrx_word' id='word_1_904' title='bbox 2893 5620 2945 5666; x_wconf 83' lang='lat' dir='ltr'><strong>et</strong></span> <span class='ocrx_word' id='word_1_905' title='bbox 2973 5608 3169 5681; x_wconf 89' lang='lat' dir='ltr'><strong>gaudia</strong></span> <span class='ocrx_word' id='word_1_906' title='bbox 3195 5606 3350 5678; x_wconf 85' lang='lat' dir='ltr'><strong>regni</strong></span> <span class='ocrx_word' id='word_1_907' title='bbox 3380 5605 3635 5669; x_wconf 79' lang='lat' dir='ltr'><strong>ctelestis,</strong></span> <span class='ocrx_word' id='word_1_908' title='bbox 3667 5599 3800 5654; x_wconf 84' lang='lat' dir='ltr'><strong>inter</strong></span> 
     </span>
    </p>
   </div>
   <div class='ocr_carea' id='block_1_114' title="bbox 2221 5688 3793 5775">
    <p class='ocr_par' dir='ltr' id='par_1_114' title="bbox 2221 5688 3793 5775">
     <span class='ocr_line' id='line_1_114' title="bbox 2221 5688 3793 5775; baseline -0.016 -10"><span class='ocrx_word' id='word_1_909' title='bbox 2221 5723 2437 5765; x_wconf 87' lang='lat' dir='ltr'><strong>errores</strong></span> <span class='ocrx_word' id='word_1_910' title='bbox 2480 5706 2703 5764; x_wconf 77' lang='lat' dir='ltr'><strong>haeresis</strong></span> <span class='ocrx_word' id='word_1_911' title='bbox 2745 5703 3050 5775; x_wconf 66' lang='lat' dir='ltr'><strong>Pelagiana:</strong></span> <span class='ocrx_word' id='word_1_912' title='bbox 3090 5702 3425 5774; x_wconf 81' lang='lat' dir='ltr'><strong>Augustinus</strong></span> <span class='ocrx_word' id='word_1_913' title='bbox 3458 5688 3793 5757; x_wconf 87' lang='lat' dir='ltr'><strong>recensuerit,</strong></span> 
     </span>
    </p>
   </div>
   <div class='ocr_carea' id='block_1_115' title="bbox 2221 5793 3792 5861">
    <p class='ocr_par' dir='ltr' id='par_1_115' title="bbox 2221 5793 3792 5861">
     <span class='ocr_line' id='line_1_115' title="bbox 2221 5793 3792 5861; baseline -0.019 1"><span class='ocrx_word' id='word_1_914' title='bbox 2221 5812 2433 5861; x_wconf 87' lang='lat' dir='ltr'><strong>constat</strong></span> <span class='ocrx_word' id='word_1_915' title='bbox 2470 5801 2715 5858; x_wconf 84' lang='lat' dir='ltr'><strong>eamdem</strong></span> <span class='ocrx_word' id='word_1_916' title='bbox 2756 5807 2809 5856; x_wconf 92' lang='lat' dir='ltr'><strong>et</strong></span> <span class='ocrx_word' id='word_1_917' title='bbox 2852 5798 2919 5854; x_wconf 86' lang='lat' dir='ltr'><strong>ab</strong></span> <span class='ocrx_word' id='word_1_918' title='bbox 2959 5796 3231 5855; x_wconf 86' lang='lat' dir='ltr'><strong>Africanis</strong></span> <span class='ocrx_word' id='word_1_919' title='bbox 3260 5794 3531 5860; x_wconf 88' lang='lat' dir='ltr'><strong>Patribus,</strong></span> <span class='ocrx_word' id='word_1_920' title='bbox 3563 5802 3644 5860; x_wconf 77' lang='lat' dir='ltr'><strong>qui</strong></span> <span class='ocrx_word' id='word_1_921' title='bbox 3676 5793 3792 5837; x_wconf 84' lang='lat' dir='ltr'><strong>con-</strong></span> 
     </span>
    </p>
   </div>
   <div class='ocr_carea' id='block_1_116' title="bbox 508 5878 3763 5984">
    <p class='ocr_par' dir='ltr' id='par_1_116' title="bbox 508 5878 3763 5984">
     <span class='ocr_line' id='line_1_116' title="bbox 508 5878 3763 5984; baseline -0.015 -9"><span class='ocrx_word' id='word_1_922' title='bbox 508 5920 610 5976; x_wconf 90' lang='lat' dir='ltr'><strong>erit</strong></span> <span class='ocrx_word' id='word_1_923' title='bbox 643 5878 821 5976; x_wconf 51' lang='lat' dir='ltr'><strong>Deus?</strong></span> <span class='ocrx_word' id='word_1_924' title='bbox 852 5936 871 5971; x_wconf 70' lang='grc' dir='ltr'><strong><em>ι</em></strong></span> <span class='ocrx_word' id='word_1_925' title='bbox 907 5878 976 5975; x_wconf 66' lang='lat' dir='ltr'><strong>At</strong></span> <span class='ocrx_word' id='word_1_926' title='bbox 1004 5878 1063 5972; x_wconf 78' lang='lat' dir='ltr'><strong>in</strong></span> <span class='ocrx_word' id='word_1_927' title='bbox 1086 5913 1176 5971; x_wconf 88' lang='lat' dir='ltr'><strong>illa</strong></span> <span class='ocrx_word' id='word_1_928' title='bbox 1210 5912 1443 5972; x_wconf 87' lang='lat' dir='ltr'><strong>secunda</strong></span> <span class='ocrx_word' id='word_1_929' title='bbox 1472 5878 1727 5970; x_wconf 68' lang='lat' dir='ltr'><strong>felicitate</strong></span> <span class='ocrx_word' id='word_1_930' title='bbox 1776 5878 1925 5971; x_wconf 73' lang='lat' dir='ltr'><strong>pueri</strong></span> <span class='ocrx_word' id='word_1_931' title='bbox 1958 5911 2106 5964; x_wconf 87' lang='lat' dir='ltr'><strong>frue-</strong></span> <span class='ocrx_word' id='word_1_932' title='bbox 2147 5981 2179 5984; x_wconf 22' lang='grc' dir='ltr'>η</span> <span class='ocrx_word' id='word_1_933' title='bbox 2224 5910 2307 5955; x_wconf 85' lang='lat' dir='ltr'><strong>tra</strong></span> <span class='ocrx_word' id='word_1_934' title='bbox 2343 5898 2493 5955; x_wconf 86' lang='lat' dir='ltr'><strong>illam</strong></span> <span class='ocrx_word' id='word_1_935' title='bbox 2525 5894 2776 5951; x_wconf 62' lang='lat' dir='ltr'><strong>haeresim</strong></span> <span class='ocrx_word' id='word_1_936' title='bbox 2805 5890 3214 5964; x_wconf 89' lang='lat' dir='ltr'><strong>diligentissime</strong></span> <span class='ocrx_word' id='word_1_937' title='bbox 3241 5886 3563 5954; x_wconf 75' lang='lat' dir='ltr'><strong>excubuere,</strong></span> <span class='ocrx_word' id='word_1_938' title='bbox 3587 5878 3763 5936; x_wconf 79' lang='lat' dir='ltr'><strong>damna</strong></span> 
     </span>
    </p>
   </div>
   <div class='ocr_carea' id='block_1_117' title="bbox 2147 5981 2181 6015">
    <p class='ocr_par' dir='ltr' id='par_1_117' title="bbox 2147 5981 2181 6015">
     <span class='ocr_line' id='line_1_117' title="bbox 2147 5981 2181 6015; baseline 0 -31"><span class='ocrx_word' id='word_1_939' title='bbox 2147 5981 2181 6015; x_wconf 32' lang='grc' dir='ltr'><em>ᾗ</em></span> 
     </span>
    </p>
   </div>
  </div>
