3962 6346
179 403 283 459 645

1356 387 1681 454 VINDICIIE
1721 386 2285 453 AUGUSTINIANE.

3362 386 3468 447 ϐω

180 524 290 572 tam
338 515 524 583 fuisse,
570 513 713 587 quod
758 527 827 570 ex
875 509 1115 569 dicendis
1152 504 1451 569 clarissime
1487 507 1782 584 apparebit.
1811 510 1865 575 Α
1891 507 2265 579 episcoporum
2291 507 2509 563 nomina
2534 516 2847 566 cunctorum
2871 505 3188 563 dicebantur
3208 504 3269 561 in
3288 501 3466 576 titulo,

251 607 350 663 His
378 608 572 663 addam
595 606 858 680 synodum
892 605 1294 678 Byzacenorum
1320 600 1539 662 Patrum
1570 600 1623 660 in
1646 599 1778 661 Sar-

179 700 380 756 diniam
414 717 444 757 a
472 697 883 757 Thrasamundo
912 713 1040 770 rege
1068 696 1438 757 Vandalorum
1461 698 1663 756 Ariano
1692 712 1778 754 re~

179 792 480 864 legatorum
520 793 868 851 sententiam.
900 791 1033 847 Cum
1075 788 1548 863 Constantinopoli
1588 800 1778 863 graves

177 888 249 945 de
288 886 469 943 divina
498 888 671 960 gratia
708 880 833 943 lites
862 886 1221 958 agitarentur,
1252 884 1498 943 nonnulli
1521 882 1775 941 monachi

177 997 282 1052 pro
333 980 527 1037 iisdem
576 979 967 1050 componendis
1017 979 1247 1035 Romam
1297 977 1547 1052 profecti,
1599 976 1777 1034 audita

176 1072 565 1130 Africanorum
607 1072 911 1128 antistitum
943 1071 998 1128 in
1028 1069 1282 1128 Sardinia
1322 1072 1570 1128 exsulum
1613 1068 1777 1135 fama,

177 1167 508 1238 legationem
546 1165 615 1223 ad
664 1164 886 1224 eosdem
936 1165 1317 1233 destinarunt;
1374 1164 1567 1221 librum
1613 1164 1777 1220 etiam

178 1258 444 1315 miserunt
473 1257 540 1314 de
571 1255 945 1314 incarnatione
987 1255 1201 1312 Domini
1238 1265 1296 1312 et
1338 1254 1518 1311 divina
1544 1252 1717 1324 gratia
1748 1262 1779 1308 a

179 1352 381 1423 seipsis
406 1352 800 1421 conscriptum,
825 1358 1081 1421 rogantes
1110 1358 1169 1405 ut
1196 1349 1267 1406 de
1292 1347 1484 1405 eodem
1512 1345 1777 1419 judicium

180 1444 414 1503 ferrent.
441 1444 703 1520 Byzaceni
728 1446 937 1512 Patres,
951 1460 1074 1501 eum
1092 1445 1364 1501 communi
1384 1442 1633 1509 consilio,
1652 1436 1778 1514 quid

180 1539 502 1596 memoratis
548 1538 825 1594 monachis
862 1536 1268 1595 rescribendum
1315 1536 1455 1593 foret
1484 1535 1772 1593 deliberas-

181 1641 330 1699 sent,
377 1624 664 1701 Fulgentio
690 1631 949 1702 episcopo
978 1627 1249 1701 Ruspensi
1281 1624 1566 1699 injunxere
1593 1634 1653 1683 ut
1679 1624 1779 1683 de-

181 1737 334 1783 creta
366 1740 395 1780 a
418 1724 667 1781 Patribus
695 1725 763 1789 :in
806 1720 1012 1780 litteras
1055 1724 1327 1791 mitteret,
1380 1718 1471 1793 qui
1496 1737 1527 1779 e
1555 1718 1782 1792 vestigio

182 1817 385 1881 librum
413 1818 653 1873 exaravit
678 1817 994 1888 inscriptum
1014 1814 1081 1870 de
1102 1813 1479 1873 Incarnatione
1505 1822 1561 1870 et
1585 1814 1777 1885 gratia.

1882 596 1979 656 sed
2009 597 2178 656 solius
2210 600 2269 655 Β.
2306 596 2577 672 Fulgentii
2610 616 2797 658 sermo
2822 600 3109 657 tenebatur
3155 600 3209 654 in
3252 598 3419 669 style.
3444 616 3466 659 θ

1880 692 2426 761 Quareeaomntbus
2478 696 2690 767 Byzaeii
2740 696 3020 765 Patribus,
3076 708 3305 767 quorum
3359 705 3472 750 tam

1879 788 2143 858 temporis
2186 787 2455 844 Dacianus
2487 798 2603 844 erat
2631 789 2857 859 primas,
2879 788 3151 845 sententia
3173 786 3345 843 stetit.
3366 785 3475 842 Ila-

1878 878 2073 937 bemus
2090 878 2255 936 etiam
2277 880 2559 950 epistolam
2584 878 2895 951 synodicam
2922 879 3235 935 eorundem
3262 877 3475 934 antisti—

1880 980 2020 1040 tum,
2070 970 2214 1027 inter
2263 986 2399 1042 quos
2449 979 2628 1027 tamen
2662 970 2978 1041 Fuigentius
3003 986 3112 1027 non
3142 970 3470 1037 nominatur,

1880 1078 2046 1137 quam
2094 1064 2389 1135 publicavit
2430 1064 2774 1130 Sirtnondus,
2799 1073 2854 1120 et
2880 1065 3023 1121 inter
3042 1063 3220 1135 Opera
3248 1063 3473 1133 Fulgen-

1880 1152 1965 1226 tii,
1999 1164 2135 1212 tom.
2184 1156 2252 1211 Vl
2298 1154 2438 1212 Bibl.
2480 1153 2724 1225 Patrum,
2756 1156 2889 1210 edit.
2936 1153 3274 1221 Colorum”
3330 1166 3473 1210 anno

1881 1246 2023 1305 1618
2069 1256 2407 1315 recensetur,
2445 1248 2506 1303 in
2556 1246 2712 1318 cujus
2754 1262 2879 1317 cap.
2904 1245 2943 1300 8
2969 1246 3161 1305 eadem
3202 1244 3475 1303 sententia

1878 1341 2137 1399 traditur.
2168 1341 2347 1399 Verba
2374 1340 2602 1397 inferius
2628 1341 2891 1397 recitabo.

1956 1433 2094 1493 Volo
2130 1435 2221 1492 hic
2247 1436 2529 1493 evidenter
2564 1434 2859 1491 ostendere
2898 1433 3196 1504 antiquitus
3236 1434 3296 1489 ia
3334 1434 3478 1489 Mri-

1883 1545 2021 1588 cana
2055 1529 2326 1607 Ecclesia,
2379 1531 2432 1586 in
2480 1544 2584 1599 qua
2632 1528 3013 1600 quadringenti
3056 1528 3337 1600 sexaginta
3378 1542 3475 1583 sex

1884 1626 2132 1699 episcopi
2162 1624 2610 1691 numerabantur,
2652 1624 2793 1681 adeo
2814 1632 3026 1680 eertum
3064 1622 3251 1689 fuisse,
3280 1635 3479 1693 pueros

1883 1721 2002 1776 sine
2022 1718 2293 1791 baptismo
2314 1718 2603 1775 Munctos
2626 1718 2805 1790 puniri
2837 1719 2889 1773 in
2912 1718 3100 1774 inieris
3122 1731 3281 1788 pana
3300 1715 3479 1774 sensi-

1882 1812 2002 1883 bili,
2044 1820 2109 1869 ut
2136 1813 2193 1869 id
2222 1811 2365 1869 inter
2416 1811 2543 1868 fidei
2588 1811 2839 1884 dogmata
2869 1812 3095 1867 relatum
3120 1810 3301 1867 fuerit.
3339 1808 3476 1866 Cum

183 1907 242 1963 In
271 1924 337 1964 eo
362 1918 538 1965 autem
571 1906 851 1980 Augustini
879 1906 1145 1964 sententia
1177 1907 1247 1962 de
1282 1906 1456 1977 poenis
1486 1918 1777 1976 puerorum
1807 1912 1860 1976 Β
1881 1906 2076 1964 Petrus
2124 1906 2415 1975 dia-conus,
2472 1905 2557 1960 vir
2604 1906 2970 1971 doctissimus,
3021 1913 3079 1960 ut
3122 1918 3193 1961 ex
3234 1902 3477 1974 ejusdem

183 2004 534 2074 apertissime
597 2000 872 2069 traditur;
937 2002 1136 2057 etenim
1188 2015 1307 2072 cap.
1367 2001 1434 2056 14
1490 1999 1779 2071 inquiunt:

191 2117 209 2150 ‹
236 2096 371 2165 Quae
397 2086 603 2169 juStitia
643 2104 748 2164 est,
779 2104 839 2151 ut
886 2095 1061 2166 imago
1106 2094 1226 2161 Dei,
1276 2110 1397 2166 quae
1437 2093 1570 2149 nihil
1612 2093 1786 2167 potuit

183 2204 286 2261 per
338 2189 570 2259 seipsam
621 2188 935 2258 delinquere
968 2228 983 2254 ,
1048 2187 1092 2241 si
1151 2202 1257 2241 non
1318 2185 1616 2243 redimatur
1662 2202 1785 2243 san-

183 2284 351 2354 guine
414 2279 533 2336 Filii
601 2276 737 2347 Dei,
806 2280 859 2334 in
930 2290 1157 2350 regnum
1224 2277 1323 2336 Dei
1392 2295 1499 2336 non
1561 2278 1784 2350 permit—

184 2383 333 2429 tatur
398 2369 654 2428 intrare?
713 2370 832 2439 Quo
888 2369 1071 2440 utique
1132 2369 1377 2441 quisquis
1436 2386 1544 2426 non
1600 2368 1785 2441 ingre-

184 2464 361 2535 ditur,
386 2476 881 2520 lNTERIIINABlLlIUS
901 2476 1036 2519 IGNIS
1062 2477 1270 2518 ETERNI
1301 2476 1649 2520 cnucusrrun
1669 2478 1785 2521 Pa:-

186 2575 290 2617 ms.
329 2558 447 2625 Qua
468 2550 636 2629 igitur
678 2556 880 2626 justitia
933 2554 1076 2613 Deus
1115 2555 1291 2626 justus
1336 2554 1629 2615 infantibus
1663 2558 1785 2616 sine

184 2660 419 2723 peccato
445 2648 790 2707 nascentibus
815 2648 1014 2720 ingerit
1044 2664 1284 2721 ptenam,
1312 2650 1366 2706 in
1395 2651 1589 2723 quibus
1610 2666 1785 2723 paena:

185 2761 297 2800 non
330 2745 537 2799 invenit
572 2744 827 2799 causam?
850 2761 870 2796 ›
903 2741 1033 2799 Item
1056 2758 1176 2813 cap.
1202 2741 1272 2799 3O
1294 2742 1410 2798 haec
1436 2744 1771 2800 scribuntur:

192 2857 211 2891 ι
235 2837 525 2905 Quomodo
546 2836 855 2905 infantibus,
874 2839 965 2909 qui
980 2836 1322 2908 baptizantur
1342 2843 1398 2893 et
1416 2836 1473 2893 in
1490 2836 1679 2894 eadem
1703 2839 1785 2895 in-

184 2933 357 2988 fantia
385 2935 709 2999 moriuntur,
726 2932 1166 2989 donataaternam
1189 2932 1439 2999 salutem,
1458 2947 1686 3004 quorum
1698 2934 1785 2989 bo-

128 3086 131 3087 ν
185 3040 316 3081 nam
339 3039 439 3081 nec
452 3034 747 3096 exspectat,
771 3040 873 3081 nec
894 3024 1101 3081 invenit
1126 3025 1480 3082 voluntatem?
1497 3020 1630 3081 Item
1651 3026 1784 3082 alios

184 3118 465 3191 quomodo
490 3119 607 3176 sine
634 3120 952 3190 baptismate
973 3127 1214 3176 mortuos
1242 3134 1483 3176 aremus
1501 3133 1785 3175 CRUCIATI-

185 3229 288 3271 nos
302 3215 545 3282 damnat,
559 3230 680 3270 cum
706 3216 759 3270 in
773 3214 852 3271 eis
870 3212 1070 3271 nullam
1087 3215 1298 3286 culpam
1318 3216 1475 3271 mala:
1491 3215 1785 3270 voluntatis

1880 1994 2027 2055 libro
2056 1997 2123 2055 de
2153 1998 2530 2056 Incarnatione
2569 2007 2623 2054 et
2652 1999 2825 2070 gratia
2848 2004 3086 2063 constat,
3114 1998 3170 2053 in
3198 1996 3477 2054 Orientem

1887 2094 2308 2150 transmissurus
2334 2100 2503 2160 esset,
2553 2094 2762 2165 rogavit
2813 2106 2912 2164 per
2964 2092 3175 2150 litteras
3230 2102 3477 2149 sanetum

1885 2180 2249 2257 Fulgentium,
2279 2196 2336 2241 ut
2367 2187 2584 2243 brevem
2618 2186 2741 2242 ﬁdei
2771 2185 3054 2242 catholica:
3091 2186 3370 2259 synopsitn
3408 2188 3476 2243 ad

1888 2290 1949 2333 se
1988 2276 2250 2346 mitteret,
2297 2278 2385 2333 cui
2414 2290 2473 2334 se
2502 2278 2845 2334 c0niormare
2888 2286 3115 2348 posset:
3146 2279 3480 2353 inteiiigehat

1886 2370 2029 2424 enim
2078 2369 2256 2440 plures
2301 2369 2536 2426 haereses
2572 2372 2773 2441 passim
2819 2378 2933 2427 toto
2976 2371 3199 2428 Oriente
3223 2370 3477 2444 grassari.

1896 2460 2208 2533 Fulgentius
2230 2462 2423 2519 librum
2450 2460 2625 2520 eidem
2650 2464 2797 2519 misit
2823 2465 3140 2536 inscriptum
3166 2466 3234 2521 de
3256 2465 3388 2521 Fide
3408 2465 3476 2519 ad

1887 2551 2129 2623 Petrum,
2165 2571 2266 2627 qua
2304 2558 2371 2613 de
2395 2572 2455 2613 re
2486 2556 2598 2612 dixi
2633 2556 2728 2612 lib.
2760 2572 2797 2613 ιι
2828 2557 2968 2614 Hist.
3003 2557 3210 2631 Peiag.,
3241 2572 3361 2629 cap.
3388 2558 3477 2616 t9.

1888 2646 1944 2704 In
1967 2664 2033 2705 eo
2052 2659 2234 2707 autem
2260 2650 2535 2706 volumine
2557 2651 2908 2723 quadraginta
2929 2652 3179 2725 dogmata
3202 2653 3271 2710 ad
3288 2654 3482 2711 catho-

1890 2742 2045 2799 licam
2088 2743 2247 2801 ﬁdem
2278 2747 2603 2815 pertinentia
2634 2748 2847 2817 recitat,
2871 2762 3042 2820 eaque
3074 2750 3127 2806 iu
3160 2750 3368 2822 singula
3398 2760 3481 2808 ca-

1892 2837 1998 2908 pita
2016 2837 2234 2909 digerit,
2256 2852 2376 2909 quae
2413 2840 2483 2895 ita
2518 2841 2877 2897 inchoantur:
2911 2840 3236 2898 Firmissime
3259 2850 3399 2913 tene,
3430 2855 3478 2899 et

1888 2931 2183 2986 nullatenus
2215 2932 2438 2989 dubites.
2470 2929 2709 2990 Primum
2750 2934 2942 3006 dogma
2982 2936 3238 2992 recitatur
3274 2950 3395 3007 cap.
3421 2934 3477 2991 ι.

1888 3020 2022 3080 Cum
2049 3039 2179 3081 vero
2210 3040 2328 3098 cap.
2360 3024 2429 3083 26
2469 3027 2741 3098 posuisset
2779 3028 2971 3101 dogma
3002 3044 3131 3086 χχιιι
3161 3030 3229 3087 de
3261 3038 3483 3103 peccato

1891 3115 2161 3187 originali,
2212 3118 2387 3189 capite
2434 3117 2739 3190 insequenti
2786 3118 2854 3173 27
2900 3121 3017 3177 haec
3060 3120 3287 3178 scribit:
3321 3121 3483 3178 «Fir-

1890 3210 2129 3267 missinte
2151 3219 2300 3279 tene,
2323 3222 2375 3269 et
2393 3214 2699 3270 nullatenus
2718 3212 2950 3283 dubites,
2967 3230 3072 3271 non
3094 3217 3274 3273 solum
3296 3215 3482 3272 homi-

185 3309 474 3365 inveniat?
511 3308 700 3365 Nonne
745 3308 877 3365 istos
926 3310 1175 3366 inimicos
1204 3312 1392 3381 gratiae
1419 3311 1538 3379 Dei,
1563 3327 1661 3369 nec
1690 3312 1784 3367 de-
1806 3310 1861 3377 ο
1890 3316 1987 3358 nes
2010 3300 2123 3374 iam
2153 3305 2365 3359 ΐθῑῖοηθ
2396 3312 2627 3372 "tenuis.
2676 3319 2864 3360 verum
2906 3308 3067 3361 etiam
3112 3306 3361 3378 Parvulos
3388 3306 3483 3377 (Ιυί

186 3401 439 3458 fensores
467 3401 707 3467 humani,
738 3401 835 3457 sed
863 3401 1183 3473 deceptores
1213 3403 1424 3459 arbitrii
1454 3405 1522 3460 ad
1551 3404 1655 3461 hoc
1681 3421 1779 3462 sua

187 3496 523 3566 perversitas
550 3495 715 3566 cogit,
744 3502 802 3551 ut
835 3495 1000 3551 Deum
1048 3503 1235 3565 putent
1283 3496 1527 3568 iniquum
1555 3497 1609 3555 in
1637 3498 1787 3555 obitu

188 3589 437 3644 omnium
467 3587 834 3659 parvulorum,
869 3587 959 3642 ubi
990 3587 1131 3644 nulla
1156 3587 1547 3645 interveniente
1576 3591 1658 3647 vel
1691 3591 1787 3646 bo-

187 3682 366 3736 nitate
424 3679 508 3736 vel
566 3678 768 3734 malitia
826 3679 1150 3745 voluntatis,
1204 3679 1341 3735 alios
1390 3680 1577 3737 vident
1628 3680 1787 3749 potiri

187 3787 403 3845 regno,
467 3772 605 3829 alios
651 3788 1049 3829 meammeam
1097 3789 1405 3830 necenros
1446 3776 1734 3832 INCENDIO?
1762 3794 1783 3830 ι

186 3867 296 3923 llic
319 3867 457 3925 liber
483 3868 624 3922 inter
644 3865 917 3922 volumina
948 3866 1121 3922 sancti
1149 3865 1413 3937 Fulgentii
1448 3877 1785 3937 recensetur,

190 3957 341 4027 quod
371 3958 438 4012 ab
468 3958 585 4028 ipso
615 3955 850 4013 dictatus
890 3955 1012 4028 fuit,
1044 3964 1100 4012 at
1127 3958 1377 4016 eumdem
1409 3974 1441 4013 a
1471 3959 1677 4030 synodo
1699 3976 1791 4031 ap-

190 4052 502 4123 probatum,
534 4064 599 4105 ac
626 4050 694 4105 ad
727 4050 1023 4105 monachos
1059 4049 1283 4106 Romam
1314 4050 1534 4107 missum
1559 4062 1705 4123 patet
1724 4068 1791 4111 cx

191 4144 302 4199 hoc
331 4142 576 4213 ejusdem
602 4140 777 4209 initio,
822 4141 911 4197 ubi
943 4142 1183 4213 episcopi
1214 4142 1476 4213 Byzaeeni
1509 4144 1793 4201 nominan-

196 4246 330 4293 tur:
377 4255 395 4289 t
420 4234 794 4291 Dilectissimis
837 4246 892 4292 et
933 4236 986 4291 in
1033 4234 1232 4293 Christi
1273 4236 1378 4294 ﬁde
1422 4249 1583 4309 atque
1620 4242 1791 4310 gratia

192 4331 489 4403 plurimum
513 4328 900 4400 amplectendis
923 4328 1123 4385 sanctis
1146 4330 1419 4398 fratribus,
1444 4330 1603 4388 Petro
1624 4332 1798 4389 diaco-

198 4440 298 4490 no,
332 4423 550 4489 Joanni,
576 4421 801 4478 Leontio
831 4431 887 4479 et
914 4422 1020 4477 alio
1042 4420 1255 4492 Joanni,
1274 4424 1592 4495 exterisque
1613 4423 1791 4480 fratri-

200 4517 466 4585 bus,etc.,
485 4516 769 4586 Dacianus,
784 4514 1130 4585 Fortunatus,
1152 4515 1617 4585 Boethus,Victor,
1633 4517 1794 4576 Seho-

199 4610 450 4675 lasticus,
502 4609 775 4676 Orontius,
818 4606 1181 4678 Vindicianus,
1226 4609 1431 4677 Victor,
1474 4611 1789 4681 Januarius,

1891 3394 2006 3450 sive
2026 3394 2081 3449 in
2106 3396 2273 3451 uteris
2295 3405 2549 3465 matrum,
2580 3398 2693 3452 sive
2719 3411 2839 3453 cum
2863 3398 2930 3453 de
2951 3398 3214 3455 matribus
3237 3400 3342 3454 nati
3357 3397 3484 3455 sine

1890 3493 2230 3542 sacramento
2259 3488 2429 3542 sancti
2456 3487 2820 3559 baptismatis,
2849 3491 2992 3561 quod
3014 3491 3243 3547 daturin
3264 3491 3485 3548 nomine

1890 3575 2086 3647 Patris,
2140 3586 2193 3635 et
2242 3577 2394 3647 Filii,
2445 3590 2500 3637 et
2538 3581 2771 3653 Spiritus
2819 3584 3012 3652 sancti,
3062 3585 3129 3641 de
3158 3585 3259 3642 hoc
3284 3586 3486 3644 saeculo

1890 3679 2192 3742 transeunt,
2242 3688 2377 3730 IGNIS
2426 3689 2634 3731 ΛΕΤΕΕΝΙ
2686 3692 3019 3735 SEIPITERNO
3070 3694 3340 3739 SUPPLICI'O
3378 3696 3484 3739 ιιυ-

1891 3778 2139 3830 mannos,
2186 3765 2333 3835 quia,
2383 3766 2488 3821 etsi
2535 3767 2764 3837 propriae
2796 3769 3024 3826 actionis
3053 3781 3329 3843 peccatum
3354 3773 3483 3828 nul-

1891 3856 2002 3914 lum
2043 3855 2365 3923 habuerunt,
2420 3860 2696 3931 originalis
2746 3873 2924 3919 tamen
2953 3868 3155 3935 peccati
3185 3868 3486 3926 damnatio-

1894 3968 2023 4009 nem
2070 3955 2274 4012 carnali
2316 3958 2671 4029 conceptione
2708 3968 2761 4016 et
2804 3962 3082 4019 nativita‘te
3128 3974 3427 4021 traxerunt.
3459 3984 3481 4018 ι

1894 4045 2006 4103 Hoc
2036 4063 2161 4103 xxrv
2191 4047 2404 4120 dogma,
2441 4065 2556 4117 seu,
2590 4064 2645 4107 ut
2676 4053 2766 4110 ille
2794 4052 3052 4125 loquitur,
3082 4057 3377 4127 capitulum
3416 4057 3485 4114 de

1894 4140 2002 4195 ﬁde
2042 4138 2206 4197 Petro
2233 4142 2562 4198 credendum
2597 4146 2899 4216 proposuit,
2932 4156 3128 4204 etcum
3150 4158 3337 4220 postea
3359 4149 3484 4207 reli-

1894 4247 1997 4305 qua
2036 4233 2268 4304 capitula
2318 4236 2621 4305 recitasset,
2672 4236 2788 4293 haec
2828 4238 2993 4296 habet
3020 4255 3141 4312 cap.
3175 4241 3243 4294 lt-t
3268 4259 3283 4297 :
3313 4260 3334 4297 t
3360 4241 3486 4301 Haec

1894 4325 2111 4383 interim
2160 4329 2514 4401 quadraginta
2558 4331 2795 4399 capitula
2820 4333 2885 4388 ad
2918 4334 3159 4407 regulam
3189 4350 3332 4394 verat
3362 4335 3486 4395 ﬁdei

1895 4417 2201 4475 ﬁrmissime
2244 4422 2567 4491 pertinentia
2611 4422 2840 4482 ﬁdeliter
2875 4426 3060 4497 crede,
3101 4428 3311 4486 fortiter
3338 4437 3483 4499 tene,

1894 4515 2156 4571 veraciter
2183 4514 2552 4587 patienterque
2574 4514 2827 4574 defende.
2859 4518 2928 4575 Et
2954 4520 2999 4577 si
3028 4536 3188 4593 quem
3217 4522 3486 4579 contraria

1895 4610 1980 4665 his
2010 4610 2375 4681 dogmatizare
2400 4616 2741 4685 cognoveris,
2775 4624 3030 4689 tanquam
3058 4628 3265 4691 pestem
3291 4621 3410 4693 fuge
3429 4628 3486 4679 et

202 4700 557 4758 Victorianus
577 4743 591 4768 ,
638 4700 896 4755 Photinus
916 4742 931 4766 ,
977 4700 1405 4771 Quodvultdeus,
1455 4702 1787 4774 Fulgentius,
1821 4724 1870 4784 ι)
1897 4713 2151 4777 tanquam
2180 4706 2493 4763 haeretieum
2526 4709 2717 4780 abjice.
2750 4710 2829 4768 Ita
2855 4712 2998 4769 enim
3028 4714 3130 4775 ista
3155 4731 3273 4788 qua:
3298 4721 3485 4787 posui-

199 4792 361 4849 Feiix
388 4790 767 4859 et'Januarius,
800 4793 850 4847 in
876 4791 1106 4848 Domino
1142 4793 1391 4850 salutem.
1422 4814 1441 4847 ›
1478 4794 1790 4864 Quindecim

199 4886 371 4955 igitur
385 4885 623 4956 episc0pi
654 4884 953 4941 doctissimi
981 4899 1045 4941 ac
1069 4887 1393 4943 sanctissimi
1424 4888 1479 4943 in
1510 4888 1791 4960 Augustini

201 4980 533 5037 sententiam
557 4978 783 5050 pedibus
805 4979 973 5037 ivere.
998 4978 1109 5036 Nec
1136 4980 1313 5037 Obstat
1334 4978 1608 5037 laudatum
1633 4982 1788 5038 volu-

202 5086 330 5128 men
376 5071 541 5128 fuisse
571 5071 837 5141 Fulgentii
869 5088 1027 5127 manu
1058 5084 1359 5141 exaratum,
1387 5074 1479 5145 qui
1510 5076 1790 5145 Augustini

198 5164 728 5222 Patrissententiam
759 5165 1031 5222 mordicus
1064 5168 1348 5231 tuebatur;
1383 5183 1505 5221 nam
1535 5168 1588 5223 in
1620 5171 1791 5225 omni-

200 5256 304 5313 bus
330 5255 553 5326 synodis
580 5258 668 5313 uni
699 5256 855 5313 alicui
880 5258 950 5313 ob
971 5257 1324 5315 eruditionem
1356 5270 1408 5315 et
1434 5260 1790 5332 eloquentiam

183 5347 400 5429 ‘insigni
443 5348 649 5420 injungi
687 5349 851 5417 solet,
887 5359 943 5405 ut
971 5350 1182 5421 publica
1213 5351 1431 5409 Patrum
1462 5352 1677 5411 decreta
1709 5357 1791 5411 iit-

206 5440 339 5495 teris
388 5441 626 5497 mandet.
671 5441 884 5499 Scribit
929 5440 1226 5514 discipulus
1265 5440 1549 5518 Fulgentii,
1578 5465 1696 5519 cap.
1722 5449 1793 5506 20

202 5532 271 5589 de
305 5533 425 5589 Vita
475 5534 755 5605 ejusdem:
788 5535 958 5593 tPost
1005 5535 1406 5593 deliberationis
1451 5548 1631 5595 autem
1675 5541 1794 5597 lon-

202 5628 453 5698 gissimas
495 5644 696 5699 moras,
744 5629 1001 5702 quidquid
1045 5628 1288 5687 deﬁnitio
1314 5635 1612 5690 communis
1638 5634 1790 5691 inve-

204 5740 385 5801 nerat,
433 5731 749 5803 eloquente.-
799 5733 1143 5806 allegandum
1175 5736 1420 5792 sensibus
1452 5749 1791 5809 cancrorum,

207 5821 368 5879 beato
414 5821 701 5895 Fulgentio
742 5825 1132 5884 dimittebatur.
1168 5848 1187 5881 ι
1234 5826 1303 5883 Et
1351 5840 1574 5900 postea:
1610 5850 1628 5884 ι
1660 5833 1793 5889 Pro—

212 5926 397 5988 pterea
452 5921 881 5993 quandocunque
936 5924 1305 5981 rescribebant
1358 5926 1786 5997 consulentibus,

1897 4813 2015 4854 mus
2040 4799 2165 4855 ﬁdei
2189 4801 2471 4858 catholica:
2499 4814 2821 4876 congruunt,
2856 4816 2914 4862 ut
2942 4808 2988 4864 si
3018 4811 3139 4879 quis
3171 4826 3277 4867 non
3306 4812 3483 4869 solum

1897 4892 2166 4961 omnibus,
2192 4910 2289 4951 seu
2312 4912 2476 4952 erum
2501 4912 2734 4956 smouus
2758 4901 2993 4958 valuerit
3017 4905 3306 4975 contraire,
3336 4907 3390 4963 in
3417 4922 3485 4965 eo

1896 4986 2039 5056 quod
2087 4986 2311 5059 singulis
2356 4989 2547 5048 horum
2578 4996 2970 5053 contumaciter
2996 5012 3280 5070 repugnat,
3311 5011 3367 5060 et
3396 5002 3481 5060 his

1895 5080 2161 5135 contraria
2190 5080 2387 5138 ducere
2412 5100 2519 5140 non
2540 5086 2766 5156 dubitat,
2793 5089 3077 5148 hazreticus
3099 5102 3152 5149 et
3172 5094 3483 5154 christiana:

1899 5172 2026 5227 ﬁdei
2056 5173 2330 5243 inimicus,
2360 5186 2517 5249 atque
2545 5195 2611 5235 ex
2641 5181 2743 5237 hoc
2772 5184 3024 5241 omnibus
3050 5188 3328 5246 catholicis
3356 5205 3485 5248 ana-

1901 5264 2328 5325 thematizandus
2347 5282 2624 5342 appareat.
2653 5294 2671 5327 ι
2697 5274 2881 5349 Itaque
2908 5286 3138 5337 testatur
3169 5280 3483 5356 Fulgentius

1899 5360 2154 5429 parvulos
2197 5378 2320 5419 cum
2364 5364 2484 5420 solo
2509 5366 2757 5437 originali
2789 5381 3011 5442 peccato
3036 5376 3330 5435 morientes
3352 5380 3484 5451 ignis

1900 5454 2077 5507 aaterm'
2122 5456 2430 5525 sempiterno
2466 5460 2720 5531 supplicio
2742 5465 3048 5535 puniendos,
3078 5479 3133 5525 et
3158 5470 3209 5530 id
3238 5474 3307 5527 ad
3329 5490 3483 5546 regu-

1902 5545 2007 5599 lam
2038 5563 2170 5603 vera:
2203 5550 2325 5619 fidei
2361 5553 2631 5622 pertinere,
2666 5565 2712 5611 et
2736 5565 2978 5630 tanquam
3018 5562 3311 5620 hareticum
3350 5568 3485 5642 αὺλὶ-

1903 5642 2160 5711 ciendum,
2188 5646 2277 5716 qui
2307 5647 2481 5703 eidem
2505 5648 2648 5707 dicto
2671 5654 2888 5710 voluerit
2917 5660 3193 5716 contraire.
3223 5660 3348 5719 Haac
3375 5678 3483 5720 non

1900 5739 2137 5810 indigent
2177 5740 2491 5815 interprete,
2525 5747 2619 5802 sed
2648 5756 2853 5807 tantum
2882 5753 3109 5810 lectore.
3138 5756 3268 5823 Quis
3295 5765 3479 5814 autem

1898 5848 1965 5890 ex
1988 5833 2072 5890 Itis
2099 5849 2205 5892 non
2238 5837 2499 5910 intelligat
2530 5840 2838 5901 Africanam
2870 5845 3163 5905 Ecclesiam
3198 5850 3482 5921 Augustini

1843 5990 1847 5996 ,
1901 5929 2221 5984 sententiam
2262 5928 2331 5985 de
2371 5932 2545 6003 poenis
2591 5935 2869 5992 infantium
2913 5937 3051 5994 inter
3082 5939 3205 5996 ﬁdei
3236 5938 3485 6017 dogmata
