3962 6346
543 361 644 414 647

1432 347 1992 407 SUPPLEMENTUM
2030 346 2123 402 AD
2158 342 2389 403 OPERA
2424 342 2482 399 S.
2523 339 2923 399 AUGUSTINI.

3706 332 3804 387 658

543 470 917 531 recensuisset
954 467 1141 536 Neque
1179 465 1323 522 enim
1362 464 1602 520 omnium
1632 463 1881 520 Afrorum
1910 461 2123 532 episco-
2151 472 2208 534 Α
2230 457 2350 513 dius
2379 454 2555 511 hacin
2576 452 2943 523 disputatione
2980 445 3174 504 adduci
3218 447 3407 518 possit.
3442 446 3560 515 Hic,
3605 445 3662 499 in
3700 447 3803 515 θρῖα

543 581 733 637 porum
766 562 1107 619 doctissimus
1133 574 1197 614 ea
1222 559 1275 613 in
1304 572 1363 613 re
1384 557 1643 627 deceptus
1671 556 1779 612 dici
1812 561 2007 625 potest,
2039 552 2127 607 vel

543 660 681 715 alios
728 657 961 713 voluisse
998 654 1271 723 decipere,
1322 651 1566 722 proprias
1598 649 1985 720 opiniuncu‘las
2031 660 2128 717 pro

543 750 875 807 inconcussis
902 748 1159 805 Ecclesiae
1188 746 1527 817 dogmatibus
1553 745 1899 801 venditando.
1942 742 2127 811 Qualis

542 859 668 899 vero
694 853 994 914 quautusve
1025 842 1187 897 fuerit
1215 841 1530 911 Fulgentius
1569 856 1635 896 ex
1676 838 1917 909 ejusdem
1964 837 2128 907 gestis

540 947 705 1007 patet.
736 937 861 991 Haec
888 935 1120 992 sufﬁciat
1141 950 1207 990 ex
1236 950 1355 1005 cap.
1384 933 1455 990 20
1480 934 1604 989 libri
1636 933 1703 987 de
1740 929 1855 985 Vita
1885 929 2126 1001 ejusdem

539 1029 744 1086 dixisse
770 1048 782 1081 :
820 1047 843 1083 ι
869 1029 1157 1100 Sexaginta
1186 1028 1386 1099 quippe
1414 1035 1470 1082 et
1496 1040 1562 1081 eo
1584 1024 1814 1093 amplius
1839 1022 2128 1092 episcopos

476 1142 479 1147 ν
534 1130 667 1178 tunc
706 1132 896 1178 catena
944 1122 1145 1192 ligabat
1188 1120 1387 1186 exsilii,
1426 1133 1653 1190 quorum
1685 1118 1865 1188 lingua
1896 1123 1952 1171 et
1979 1114 2128 1183 iuge-

539 1216 689 1272 nium
727 1216 917 1273 beatus
949 1215 1260 1285 Fulgentius
1298 1214 1588 1285 episcOpus
1619 1211 1734 1267 fuit.
1770 1230 1787 1263 ι
1836 1210 1941 1264 Tot
1982 1206 2128 1277 ejus-

539 1309 661 1364 dem
712 1309 837 1365 libri
887 1309 1019 1365 editi
1072 1308 1325 1364 eximiam
1358 1306 1524 1376 ipsius
1565 1304 1871 1361 doctrinam
1913 1301 2126 1357 abunde

541 1401 908 1457 manifestant.
952 1399 1087 1455 Vide
1133 1414 1252 1471 quae
1295 1398 1364 1453 de
1412 1398 1601 1454 eodem
1639 1394 1749 1452 dixi
1788 1396 1881 1451 lib.
1916 1410 1955 1450 tt
1985 1393 2123 1450 Hist.

542 1494 750 1563 Pelag.,
778 1508 901 1563 cap.
932 1492 996 1545 21
1032 1492 1199 1548 ει24.
1876 1538 1877 1541 η

615 1583 733 1639 Hoc
782 1585 953 1653 ipsum
991 1582 1261 1653 colligitur
1288 1597 1355 1637 ex
1390 1582 1708 1651 Augustino,
1759 1580 1850 1649 qui
1885 1580 1980 1636 lib.
2014 1594 2031 1633 ι
2061 1578 2129 1635 de

541 1682 883 1746 peccatorum
914 1676 1119 1732 Meritis
1159 1684 1213 1731 et
1252 1674 1575 1730 remissione
1603 1689 1724 1745 cap.
1751 1674 1845 1740 28,
1874 1674 2127 1729 asseren-

541 1781 621 1827 tes
643 1787 833 1843 pueros
864 1772 1073 1829 futuros
1116 1774 1167 1826 in
1210 1772 1389 1827 medio
1418 1772 1650 1841 quodam
1694 1772 1815 1824 loco
1847 1778 2122 1839 nuncupat

538 1864 670 1918 male
702 1865 983 1918 credentes.
1017 1862 1162 1918 idem
1195 1863 1247 1916 in
1275 1863 1369 1918 lib.
1399 1864 1466 1917 de
1494 1859 1975 1917 Prmdestinatione
2002 1873 2129 1914 san-

544 1966 778 2024 ctorum,
812 1971 935 2027 cap.
966 1955 1053 2019 12,
1082 1956 1192 2009 ait:
1233 1974 1252 2006 ι
1276 1952 1409 2009 Cum
1438 1954 1739 2008 moriuntur
1761 1952 2012 2015 infantes,
2033 1959 2127 2006 aut

538 2046 730 2100 merito
779 2042 1213 2114 regenerationis
1261 2053 1543 2099 transeunt
1571 2058 1638 2097 ex
1668 2042 1824 2097 malis
1853 2042 1921 2097 ad
1959 2042 2122 2106 bona,

543 2145 638 2191 aut
667 2138 857 2191 merito
882 2136 1108 2207 originis
1142 2142 1421 2191 transeunt
1443 2150 1509 2189 ex
1538 2134 1695 2189 malis
1727 2150 1793 2188 an
1816 2149 1981 2187 mu.
2009 2132 2124 2187 Hoc

538 2228 802 2285 catholica
849 2228 981 2285 fides
1012 2230 1177 2283 novit.
1206 2247 1225 2280 ι
1260 2227 1548 2293 Praeterea,
1582 2227 1675 2282 lib.
1704 2241 1736 2279 v
1765 2235 1955 2280 contra
1980 2223 2120 2289 Jul.,

538 2322 733 2393 Operis
771 2322 983 2393 imperf.
1029 2337 1145 2393 cap.
1176 2321 1269 2388 6i,
1298 2322 1415 2375 ait:
1452 2338 1471 2373 (
1508 2320 1649 2375 Inter
1690 2319 1951 2389 reprobos
1996 2324 2122 2371 sunt

536 2424 684 2472 certe
709 2416 932 2487 plurimi
952 2416 1043 2487 qui
1083 2417 1129 2472 si
1168 2432 1234 2471 ex
1276 2420 1374 2471 hac
1403 2417 1510 2470 vita
1537 2416 1920 2484 abriperentur
1948 2413 2123 2468 infan-

536 2518 640 2578 tes,
676 2510 973 2566 secundum
1015 2510 1201 2565 falsam
1240 2518 1477 2565 vestram
1510 2509 1756 2563 haeresim
1804 2506 2018 2577 penitus
2056 2506 2127 2559 ab

533 2605 702 2673 omni,
752 2603 1045 2660 secundum
1092 2612 1271 2658 autem
1302 2602 1626 2656 catholicam
1657 2600 1815 2655 ﬁdem
1844 2615 1874 2654 a
1901 2598 2121 2654 damna-

534 2696 682 2751 tione
724 2695 1039 2766 gravissima
1072 2695 1406 2750 tollerentur.
1440 2710 1463 2746 ι
1498 2694 1714 2748 Certum
1745 2703 1829 2747 est
1857 2706 1977 2747 eam
2011 2705 2125 2759 poe-

534 2803 659 2842 nam
696 2803 727 2842 a
762 2787 1021 2843 catholica
1053 2786 1159 2842 fide
1190 2786 1243 2841 in
1274 2785 1510 2855 parvulis
1548 2784 1738 2849 asseri,
1781 2798 1939 2854 quam
1972 2781 2125 2837 Pela-

533 2879 677 2950 giani
722 2879 1135 2944 inliciebantur;
1180 2888 1233 2933 at
1262 2878 1315 2932 lii
1358 2892 1571 2947 poenam
1621 2877 1828 2942 damni,
1876 2876 1981 2931 hoc
2016 2884 2119 2941 est,

534 2972 901 3028 exclusionem
930 2987 960 3027 a
990 2986 1155 3043 regno
1187 2970 1448 3027 caelorum
1473 2970 1704 3025 libenter
1734 2968 2120 3024 concedebant.

533 3062 671 3119 Hinc
692 3064 833 3119 dixit
860 3065 1213 3135 Augustinus,
1250 3077 1415 3117 serm.
1447 3061 1512 3115 14
1536 3061 1601 3116 de
1631 3060 1820 3115 Verbis
1850 3059 2120 3128 Apostoli:

539 3175 559 3207 ι
591 3156 802 3211 Videris
843 3156 986 3211 enim
1028 3156 1120 3210 tibi
1164 3155 1496 3221 misericors,
1548 3151 1669 3221 quia
1709 3166 1815 3205 non
1857 3151 2034 3205 aufers
2073 3148 2123 3203 ei

532 3252 720 3316 vitam,
758 3265 967 3304 DAIINAS
999 3260 1204 3315 tamen,
1234 3263 1392 3319 quem
1434 3260 1653 3316 separas
1680 3260 1709 3299 a
1743 3259 1912 3314 regno
1952 3243 2123 3298 cmic-

534 3358 671 3399 rum.
698 3344 934 3408 Damus,
957 3357 1062 3397 non
1088 3357 1210 3397 eum
1239 3342 1494 3411 percutis,
1523 3338 1618 3393 sed
1642 3340 1694 3392 in
1718 3352 1968 3392 exstuuu
1996 3352 2122 3392 ui'r-
2156 3319 2204 3383 C

535 3451 640 3491 'rts.
672 3435 755 3490 En
785 3434 1059 3505 Pelagiani
1099 3446 1295 3503 pueros
1341 3449 1441 3487 non
1490 3430 1863 3500 percutiebant,
1892 3428 1995 3483 hoc
2017 3440 2121 3493 εει,

534 3542 696 3599 paena
723 3541 914 3584 sensus
940 3525 1061 3580 illos
1102 3538 1439 3594 nequaquam
1483 3520 1834 3583 mulctabant,
1880 3517 1976 3573 sed
2012 3531 2127 3586 pos-

538 3636 608 3676 na
636 3627 843 3675 tantum
873 3616 1081 3683 damni,
1111 3616 1165 3671 in
1195 3615 1443 3671 exsilium
1475 3613 1594 3669 illos
1616 3610 1900 3668 mittendo.
1924 3609 2125 3677 Quare,

540 3713 845 3784 Augustino
875 3720 1036 3778 teste,
1077 3708 1343 3767 catholica
1372 3708 1503 3764 fides
1535 3708 1700 3762 tradit
1727 3706 1984 3778 parvulos
2008 3722 2125 3775 per-

535 3807 664 3873 cuti,
694 3814 878 3862 etnon
912 3812 1115 3859 tantum
1146 3802 1199 3857 iu
1223 3801 1467 3857 exsilium
1494 3802 1652 3864 mitti,
1681 3800 1822 3871 quod
1857 3800 2125 3870 Pelagiani

537 3899 677 3954 ultro
719 3898 1042 3954 fatebantur.
1095 3896 1301 3950 Rursus
1346 3902 1501 3949 tract.
1529 3894 1592 3947 67
1635 3894 1688 3948 in
1721 3893 1982 3948 Joannem
2013 3894 2128 3946 lucc

537 3993 614 4046 ait
638 4010 650 4044 :
684 4009 704 4042 ι
734 3990 969 4065 Proinde
998 3986 1290 4058 respuendi
1315 3998 1439 4041 sunt
1466 4000 1496 4039 a
1520 3984 1684 4040 corde
1705 3983 2011 4040 Christiano
2034 3983 2126 4051 qui

534 4095 724 4157 putant
750 4084 873 4141 ideo
893 4083 1093 4140 dictum
1120 4082 1319 4138 multas
1342 4095 1463 4136 esse
1488 4078 1817 4147 mansiones,
1832 4078 1958 4149 quia
1971 4086 2125 4133 extra

536 4192 763 4248 regnum
796 4176 1057 4231 cmlorum
1089 4175 1193 4230 erit
1222 4172 1423 4241 aliquid
1461 4172 1552 4225 ubi
1579 4180 1829 4226 maneant
1859 4167 2005 4225 beati
2039 4168 2124 4222 in-

538 4278 795 4326 nocentes
829 4268 920 4338 qui
955 4268 1072 4323 sine
1101 4268 1366 4337 baptismo
1394 4282 1457 4321 ex
1493 4266 1593 4320 hac
1619 4267 1726 4319 vita
1768 4264 2121 4333 emigrarunt,

537 4364 663 4433 quia
707 4362 825 4416 sine
861 4360 953 4415 illo
982 4361 1031 4413 in
1066 4374 1232 4429 regno
1260 4359 1525 4417 caelorum
1562 4358 1766 4411 intrare
1794 4370 1901 4410 non
1932 4363 2123 4425 potue-

536 4464 683 4510 runt.
717 4455 845 4510 llaec
873 4454 1027 4519 fides,
1058 4468 1164 4508 non
1189 4462 1269 4509 est
1295 4453 1461 4517 ﬁdes;
1483 4452 1735 4521 quoniam
1763 4467 1871 4506 non
1893 4458 1976 4507 est
1996 4464 2123 4505 vera

538 4561 593 4607 et
628 4550 891 4606 catholica
938 4549 1090 4605 fides.
1126 4568 1143 4602 ι
1179 4549 1246 4604 Ει
1275 4556 1453 4603 tamen
1482 4548 1728 4604 videmus
1758 4549 1937 4618 plures
1964 4548 2124 4604 scho-

532 4642 754 4699 lasticos
784 4642 1177 4699 beatitudinem
1222 4642 1524 4697 naturalem
1567 4641 2015 4711 perfectissimam
2046 4643 2123 4697 ci-

2230 551 2366 606 stola
2392 549 2459 604 ad
2483 549 2768 620 episcopos
2796 561 2893 617 per
2922 545 3179 600 Picenum
3213 551 3399 599 contra
3427 541 3694 598 Senecam
3719 541 3807 596 de-

2228 641 2386 697 lirum
2413 655 2596 697 senem
2622 638 2964 709 Pelagianum
2996 638 3173 701 missa,
3205 636 3391 691 scribit
3421 654 3435 690 :
3466 654 3486 687 ι
3521 636 3596 690 De
3626 650 3805 704 parvu-

2228 735 2295 791 lis
2345 743 2524 789 autem
2570 733 2717 804 quod
2764 730 2979 798 asserit,
3028 732 3149 786 sine
3198 730 3523 800 baptismate
3567 745 3662 799 pro
3700 730 3804 783 solo

2230 828 2478 897 originali
2495 835 2713 897 peccato
2730 840 2836 881 non
2859 839 3018 895 posse
3035 824 3297 892 damnari,
3321 826 3452 879 satis
3484 839 3654 889 IIIPIA,
3685 825 3803 877 satis

2230 918 2452 988 profana
2482 917 2775 987 propositio
2803 924 2905 972 est.
2932 935 2951 969 ο
2985 919 3054 971 At
3083 917 3355 987 Pelagiani
3387 932 3663 986 nunquam
3703 917 3805 971 sine

2230 1010 2499 1081 baptismo
2550 1026 2776 1083 regnum
2806 1012 3066 1069 cmlorum
3093 1014 3273 1083 pueris
3306 1014 3692 1083 promiserunt,
3720 1012 3805 1067 sed

2230 1106 2417 1160 nescio
2448 1121 2609 1176 quem
2643 1107 2857 1162 tertium
2912 1108 3086 1162 locum
3117 1108 3261 1163 inter
3296 1109 3492 1163 caelum
3518 1118 3573 1163 et
3603 1106 3804 1163 inferos.

2222 1198 2495 1263 Audiatur
2532 1199 2785 1255 laudatus
2818 1200 3064 1255 Gelasius
3096 1218 3107 1255 :
3148 1220 3167 1253 (
3192 1199 3337 1256 Nihil
3378 1209 3461 1256 est
3511 1216 3642 1271 ergo
3681 1201 3806 1270 quod

2229 1292 2413 1348 dicant
2468 1293 2612 1363 quod
2662 1309 2771 1349 non
2827 1295 3005 1350 renati
3066 1296 3300 1350 infantes
3340 1294 3713 1348 tantummodo
3763 1295 3807 1347 in

2228 1401 2453 1456 regnum
2488 1387 2749 1442 caelorum
2777 1388 2858 1443 ire
2886 1404 2991 1443 non
3018 1389 3252 1456 valeant,
3284 1404 3391 1444 non
3423 1400 3607 1443 autem
3639 1403 3809 1457 perpe-

2233 1490 2324 1536 tua
2357 1483 2703 1538 damnatione
2731 1484 3043 1552 puniantur.
3080 1505 3100 1536 ι
3134 1483 3236 1540 Ubi
3259 1498 3379 1539 cum
3406 1484 3648 1553 pontifex
3681 1498 3807 1553 prae-

2232 1583 2317 1629 ter
2362 1575 2732 1631 exclusionem
2783 1592 2813 1630 a
2865 1592 3035 1646 regno
3089 1577 3321 1644 caelesti,
3376 1593 3497 1648 qua:
3538 1587 3623 1633 est
3671 1592 3808 1647 poena

2231 1667 2436 1736 damni,
2466 1670 2722 1725 decernat
2748 1684 2943 1740 pueros
2986 1681 3230 1740 perpetuo
3268 1672 3600 1731 damnatione
3632 1672 3807 1739 puniri,

2233 1760 2408 1832 palam
2449 1758 2509 1814 fit
2530 1760 2782 1816 eumdem
2810 1761 3091 1831 Augustini
3123 1763 3443 1817 sententiam
3474 1761 3809 1832 approbasse,

2232 1865 2287 1910 et
2310 1855 2588 1911 concludit
2614 1873 2627 1911 :
2664 1876 2681 1908 ‹
2712 1856 2907 1911 Dicant
2934 1856 3098 1927 igitur
3126 1858 3177 1911 in
3206 1866 3382 1912 morte
3412 1865 3671 1926 perpetua
3701 1870 3811 1910 con-

2232 1946 2427 2012 stituti,
2466 1946 2510 2001 si
2560 1961 2667 2001 non
2716 1946 3050 2003 aestimentur
3094 1961 3213 2002 esse
3260 1945 3523 2004 damnati.
3581 1947 3812 2002 Torum

2231 2054 2369 2095 ERGO
2399 2055 2467 2093 DE
2502 2054 2664 2094 MEDIO
2695 2055 2880 2095 NBSCIO
2904 2040 3061 2103 -ουέιι
3092 2056 3187 2096 lPSl
3212 2056 3474 2106 TER'I‘IUI,
3503 2055 3649 2103 QUEI
3678 2054 3811 2095 Μοι-

2232 2146 2437 2187 PIENDIS
2463 2146 2716 2187 panvuus
2741 2147 2965 2188 racwnr
2990 2146 3186 2187 LOCUM.
3209 2150 3227 2183 ι
3260 2134 3337 2187 Ita
3359 2131 3539 2203 arguit
3560 2129 3811 2201 pontifex:

2231 2222 2392 2279 Pueri
2427 2234 2553 2279 sunt
2595 2225 2853 2291 damnati,
2886 2240 3015 2296 ergo
3044 2225 3235 2280 tollant
3274 2224 3344 2280 de
3374 2225 3558 2280 medio
3586 2227 3810 2293 tertium,

2231 2331 2395 2385 quem
2424 2317 2760 2386 decipiendis
2804 2318 3043 2386 parvulis
3092 2318 3295 2372 faciunt
3334 2317 3538 2373 locum.
3583 2317 3667 2373 Ex
3713 2320 3812 2389 qui-

2231 2410 2333 2465 bus
2360 2420 2507 2480 patet
2536 2410 2592 2465 in
2620 2412 2962 2467 antecedenti
3004 2411 3150 2481 loqui
3194 2411 3469 2467 Gelasium
3496 2412 3567 2467 de
3601 2412 3812 2468 damna-

2234 2504 2379 2560 tione
2405 2504 2547 2571 apud
2578 2506 2801 2571 inferos,
2830 2522 2933 2576 qua
2964 2508 3114 2577 pueri
3146 2516 3441 2577 perpetuae,
3474 2507 3579 2563 hoc
3609 2517 3716 2575 est,
3744 2524 3814 2564 se-

2232 2597 2420 2653 cunda:
2448 2599 2639 2653 mortis
2671 2599 2935 2669 supplicia
2974 2582 3437 2667 stistinent,'unde
3481 2612 3631 2658 recte
3665 2602 3812 2658 infer-

2233 2699 2319 2744 tur
2349 2690 2644 2745 tolleudum
2673 2706 2794 2746 esse
2818 2690 2886 2746 de
2916 2691 3098 2747 medio
3125 2693 3344 2748 tertium
3371 2693 3571 2748 locum.
3627 2698 3700 2749 At
3732 2710 3811 2750 cur

2234 2799 2478 2839 rsnrwu
2520 2784 2671 2851 dicit,
2731 2784 2835 2839 nisi
2887 2794 2944 2839 ut
2998 2785 3107 2841 duo
3158 2794 3364 2842 tantum
3414 2787 3531 2842 loca
3580 2801 3701 2844 esse
3735 2788 3813 2843 de-

2231 2876 2421 2943 claret,
2472 2892 2669 2945 nempe
2722 2879 2925 2933 cmlum
2973 2879 3157 2934 sedem
3214 2881 3517 2947 beatorum,
3551 2891 3604 2936 et
3630 2880 3812 2937 inferos

2232 2983 2509 3025 carcerem
2555 2970 2975 3025 damnatorum?
3025 2971 3179 3038 Quod
3234 2973 3551 3028 defensores
3579 2974 3812 3044 Augusti-

2234 3062 2408 3117 nianae
2457 3064 2740 3119 sententia:
2798 3072 3033 3120 tortores
3085 3080 3372 3135 puerorum
3415 3081 3444 3121 a
3492 3067 3810 3123 scholasticis

2232 3168 2629 3225 nuncupantur,
2681 3156 2840 3226 longe
2878 3158 3115 3228 graviori
3151 3175 3382 3216 censura
3420 3161 3643 3217 eosdem
3674 3161 3811 3218 Gela-

2236 3246 2349 3301 sius
2380 3247 2632 3316 perculit,
2664 3247 2791 3303 dunt
2837 3248 2958 3305 illos
3002 3249 3298 3320 deceptores
3344 3253 3675 3324 parvulorum
3702 3270 3809 3323 apo-

2234 3338 2409 3393 stolici
2436 3340 2548 3392 oris
2577 3343 2845 3395 sententia
2874 3342 3266 3411 pronuntiavit,
3295 3345 3495 3415 quippe
3515 3347 3605 3416 qui
3630 3346 3809 3402 eisdem

2235 3430 2487 3483 secundae
2510 3428 2780 3485 felicitatis
2803 3432 2981 3486 locum
3008 3433 3153 3488 inani
3179 3437 3584 3491 asseveratione
3609 3440 3810 3507 promit-

2237 3519 2441 3573 tebant.
2488 3520 2600 3576 lino
2644 3521 2845 3577 ibidem
2893 3524 3107 3578 tertium
3158 3524 3308 3580 illum
3353 3527 3529 3582 locum
3572 3528 3809 3598 erplodit,

2236 3620 2414 3667 motus
2444 3613 2635 3669 eodem
2686 3616 2997 3671 testimonio
3028 3632 3303 3673 sacrarum
3336 3619 3657 3687 litterarum,
3686 3622 3809 3692 quod

2237 3704 2394 3760 initio
2417 3722 2483 3761 cx
2512 3708 2809 3778 Augustino
2839 3709 3181 3765 adduximus.
3213 3712 3425 3768 Etenim
3465 3715 3653 3770 scribit
3696 3731 3808 3784 pon-

2236 3797 2363 3853 tifex
2392 3818 2402 3851 :
2439 3819 2457 3851 ‹
2487 3801 2705 3856 Tollant
2736 3817 2865 3872 ergo
2896 3804 2963 3858 de
2992 3805 3171 3860 medio
3194 3806 3378 3861 nescio
3406 3822 3567 3876 quem
3596 3808 3690 3877 ipsi
3718 3820 3808 3863 ter-

2236 3892 2369 3945 tium
2407 3908 2565 3962 quem
2606 3892 2939 3964 decipiendis
2983 3896 3221 3965 parvulis
3260 3896 3471 3954 faciunt
3519 3900 3712 3956 locum.
3754 3901 3807 3955 Et

2235 3986 2360 4054 quia
2390 4001 2496 4041 non
2531 3986 2629 4041 nisi
2661 3988 2936 4044 dexteram
2962 3999 3167 4059 partem
3198 3991 3428 4061 legimus
3452 4003 3505 4049 et
3528 3996 3800 4059 sinistram,

2234 4093 2341 4133 non
2375 4080 2495 4135 illos
2520 4080 2719 4136 faciant
2746 4098 2798 4136 IN
2829 4097 3072 4139 SINISTRA
3104 4100 3336 4141 REGIONE
3365 4086 3485 4142 sine
3512 4087 3804 4159 baptismate

2234 4188 2572 4243 permanere,
2587 4175 2679 4231 sed
2694 4175 2989 4247 baptizatos
3004 4178 3187 4232 sinant
3199 4178 3265 4233 ad
3280 4179 3525 4236 dextram
3540 4182 3801 4255 salutarem

2233 4278 2385 4320 sacra
2414 4269 2825 4337 regeneratione
2857 4269 3195 4325 transferri.»
3228 4271 3405 4338 Quare
3426 4272 3670 4330 Gelasius
3690 4289 3801 4344 papa

2232 4376 2339 4416 non
2372 4362 2532 4417 modo
2561 4363 2734 4417 sancti
2763 4362 3003 4419 doctoris
3032 4367 3385 4439 sententiam,
3430 4384 3619 4425 verum
3663 4369 3800 4424 etiam

2230 4451 2473 4523 ejusdem
2502 4470 2716 4525 quoque
2744 4458 3017 4512 rationem
3056 4458 3395 4528 approbavit.
3430 4460 3603 4517 Porro
3634 4459 3800 4516 defini-

2232 4547 2340 4601 tiva
2368 4548 2458 4603 illa
2490 4551 2757 4605 sententia
2788 4558 2911 4606 est:
2939 4549 3151 4606 Tollant
3187 4567 3306 4624 ergo
3351 4553 3415 4607 de
3465 4555 3630 4609 medio
3660 4552 3799 4608 nescio

2228 4659 2380 4713 quem
2398 4643 2499 4713 ipsi
2524 4646 2751 4712 tertium,
2789 4663 2941 4717 quem
2977 4648 3299 4718 decipiendis
3344 4649 3581 4717 parvulis
3627 4650 3797 4720 faciunt

532 4746 613 4790 tra
643 4735 855 4791 dolores
902 4743 958 4791 et
1001 4735 1277 4790 tristitiam
1327 4735 1565 4805 parvulis
1613 4736 1928 4805 promittere
1973 4745 2124 4790 extra
2156 4718 2203 4776 Ῑ)
2231 4735 2423 4789 locum.
2453 4736 2509 4790 ln
2541 4738 2735 4807 quibus
2788 4738 2913 4793 dum
2968 4740 3098 4795 dicit
3151 4742 3323 4795 nescio
3373 4759 3547 4812 quem,
3590 4718 3795 4797 declarat

530 4846 753 4905 regnum
793 4831 909 4896 Dei,
940 4846 1168 4901 quorum
1196 4830 1459 4886 sententia
1490 4830 1669 4885 minus
1697 4830 1913 4885 tolerari
1947 4836 2125 4897 potest

534 4941 694 4995 quam
745 4924 833 4979 illa
871 4924 1305 4995 Pelagianorum,
1345 4923 1468 4992 quia
1501 4923 1585 4977 isti
1616 4921 2013 4978 contendebant
2042 4922 2122 4976 in-

535 5019 714 5073 fantes
756 5033 876 5073 esse
922 5019 1240 5073 innocentes
1284 5026 1339 5072 et
1373 5016 1519 5072 nulla
1545 5018 1699 5085 culpa
1724 5018 2119 5087 coinquinatos,

532 5112 677 5166 unde
701 5128 806 5166 nou
840 5111 976 5167 adeo
1005 5126 1169 5181 grave
1199 5110 1492 5165 absurdum
1522 5110 1803 5165 videbatur
1832 5109 2119 5181 quamdam

476 5188 484 5196 ’
529 5202 733 5257 eisdem
757 5202 1071 5257 felicitatem
1095 5217 1421 5273 praeparare,
1439 5218 1559 5258 cum
1584 5212 1760 5257 tamen
1785 5201 2116 5269 scholastici,

534 5310 635 5350 nec
661 5294 946 5364 ignobiles,
977 5304 1224 5350 asserant
1268 5311 1388 5349 cum
1419 5295 1663 5350 Ecclesia
1697 5294 1960 5349 catholica
1992 5310 2123 5364 pue-

462 5446 465 5449 _
535 5401 628 5441 ros
656 5402 780 5442 esse
810 5388 1063 5457 originali
1111 5389 1232 5443 labe
1277 5386 1536 5455 infectos,
1587 5387 1684 5441 sub
1717 5394 1980 5455 potestate
2006 5386 2121 5441 da:-

534 5482 733 5545 monis,
761 5482 898 5535 filios
921 5482 1038 5549 irae,
1066 5497 1165 5537 nec
1190 5491 1371 5551 postea
1398 5480 1645 5536 dubitent
1674 5480 1877 5536 eisdem
1908 5479 2120 5537 beatam

530 5574 817 5646 quamdam
850 5575 1009 5629 vitam
1043 5576 1375 5645 promittere.
1738 5646 1743 5649 ἓ

603 5667 713 5725 Sed
750 5683 817 5725 ex
860 5667 1049 5724 eadem
1081 5669 1258 5724 Africa
1309 5670 1375 5724 ad
1424 5669 1720 5726 Romanam
1767 5670 2117 5741 apostolicam

535 5761 720 5817 sedem
771 5771 990 5817 evectus
1036 5770 1252 5816 sanctus
1294 5761 1539 5817 Gelasius
1582 5777 1714 5833 papa
1761 5763 1897 5817 adeo
1935 5770 2119 5831 aperte

533 5856 980 5928 Augustinianam
1013 5856 1335 5915 sententiam
1366 5854 1727 5922 confirmavit,
1754 5864 1813 5912 ut
1836 5856 1964 5911 nihil
1989 5856 2117 5912 soli-

2230 4842 2334 4884 nec
2363 4830 2505 4884 scire
2536 4844 2595 4885 se
2625 4845 2723 4887 nec
2745 4830 3022 4902 inquirere
3043 4848 3293 4904 quaenam
3320 4845 3413 4888 aut
3436 4835 3648 4890 ubinam
3676 4840 3793 4888 esset

2232 4922 2469 4977 secunda
2503 4922 2732 4979 felicitas
2761 4925 2995 4994 parvulis
3016 4940 3045 4979 a
3075 4926 3376 4997 Pelagianis
3408 4929 3684 4997 promissa,
3713 4921 3789 4979 sed

2230 5013 2303 5068 ob
2330 5014 2383 5069 id
2415 5030 2603 5071 eorum
2643 5018 2837 5087 dogma
2880 5018 3163 5089 damnare,
3208 5021 3350 5091 quod
3385 5025 3602 5078 tertium
3638 5023 3789 5075 locum

2230 5106 2470 5163 facerent
2516 5108 2656 5166 inter
2702 5126 2926 5181 regnum
2957 5112 3243 5190 caelorum,
3274 5113 3415 5183 quod
3462 5114 3685 5168 dandum
3726 5119 3790 5165 est

2230 5197 2297 5252 iis
2324 5199 2416 5269 qui
2445 5210 2603 5255 erunt
2655 5201 2706 5255 in
2736 5201 2980 5271 dextera,
3008 5212 3062 5258 et
3088 5204 3285 5259 inferni
3318 5220 3527 5275 pmnas,
3556 5220 3668 5275 quae
3690 5204 3787 5257 des-

2234 5290 2475 5347 tinantur
2519 5293 2585 5348 iis
2628 5296 2718 5365 qui
2756 5305 2915 5351 erunt
2952 5298 3004 5351 in
3037 5298 3273 5352 sinistra.
3308 5298 3386 5352 Ex
3414 5299 3626 5368 hisjure
3651 5294 3786 5352 Gela-

2230 5386 2345 5441 sius
2393 5388 2694 5457 appellatur
2731 5404 2763 5443 a
2804 5390 3054 5446 Gabriele
3098 5392 3365 5463 Vasquez,
3411 5394 3579 5464 prima
3624 5401 3779 5464 parte.

2229 5484 2369 5554 disp.
2390 5483 2481 5552 91,
2496 5501 2646 5540 num.
2662 5487 2752 5553 75,
2770 5503 2862 5559 per
2882 5488 3054 5543 omnia
3067 5487 3495 5559 Augustinianus.
3510 5490 3575 5545 Et
3595 5466 3800 5559 quidem.

2229 5576 2288 5631 in
2310 5578 2553 5634 eamdem
2584 5579 2888 5649 epistolam,
2921 5581 3131 5637 utalias
3166 5582 3488 5651 notavimus,
3522 5582 3665 5638 totius
3692 5583 3777 5634 Au-

2230 5670 2554 5739 guStinianae
2592 5682 2777 5728 contra
2823 5674 3141 5744 Pelagianos
3181 5674 3441 5731 doctrina:
3478 5688 3673 5730 succum
3700 5683 3777 5723 va-

2230 5759 2521 5817 lentiorem
2565 5766 2849 5818 contraxit.
2903 5764 3053 5820 Unde
3099 5781 3221 5820 cum
3254 5782 3319 5821 ex
3347 5766 3623 5823 Clementis
3648 5766 3771 5829 pom.

2229 5862 2341 5922 opt.
2368 5868 2508 5909 max.
2534 5846 2738 5911 iridulto
2759 5856 2997 5927 ejusdem
3020 5858 3189 5914 sancti
3215 5859 3481 5929 pontificis
3497 5849 3770 5914 memoriam
