3962 6346
186 380 295 436 1549

1359 370 1673 430 νιΝΒΙΟΙιΕ
1714 370 2272 429 ΑυΟυδΤΙΝΙΑΝᾸΕ.

3351 368 3458 423 650

188 488 486 560 quotannis
514 487 897 559 Augustiniana
931 486 1126 542 familia
1156 486 1427 543 recolendi
1465 487 1768 543 facultatem
1800 490 1854 551 Α
1881 497 2042 558 atque
2093 488 2382 549 minorum,
2430 485 2521 555 qui
2562 484 2680 541 sine
2725 482 3042 553 baptismate
3087 496 3302 538 cursum
3331 485 3458 538 vita:

188 584 560 654 impetrasset,
589 583 729 638 inter
752 597 971 652 precum
1018 582 1193 637 ofﬁcia
1224 582 1463 653 ejusdem
1493 582 1617 637 vitae
1646 597 1778 651 syn-

185 675 309 745 opsi
365 674 627 744 insignem
676 673 875 730 Gelasii
920 688 1047 744 erga
1081 675 1251 730 sancti
1284 674 1456 729 Patris
1494 661 1777 743 Augustini

201 768 505 823 doctrinam
562 767 761 823 cultum
808 767 1058 824 inseruit.
1104 767 1302 824 Gelasii
1350 767 1537 822 laudes
1585 767 1783 821 recitat

200 861 492 934 Dionysius
517 860 756 931 Exiguus
778 861 832 915 in
861 859 1087 930 epistola
1118 859 1184 913 ad
1209 859 1474 914 Iulianum
1504 860 1781 929 presbyte-

190 967 343 1018 rum,
374 952 431 1007 in
458 967 563 1022 qua
589 951 831 1022 ejusdem
873 951 1144 1022 pontiﬁcis
1171 951 1489 1017 doctrinam,
1526 951 1781 1021 pietatem

198 1057 266 1097 ac
316 1042 617 1098 exantlatos
673 1056 770 1112 pro
815 1043 1113 1098 orthodoxa
1170 1042 1276 1098 fide
1326 1043 1537 1097 labores
1573 1042 1783 1098 'cximie

188 1134 559 1190 commendat.
590 1134 700 1189 Has
727 1134 934 1190 litteras
966 1135 1112 1204 leges
1144 1135 1195 1187 in
1227 1135 1374 1189 calce
1397 1134 1592 1203 prioris
1616 1133 1783 1203 partis

190 1226 535 1292 collectionis
557 1225 812 1282 Romana:
834 1226 991 1281 Lucae
1006 1225 1291 1281 Holstenii.
1317 1226 1383 1280 Et
1403 1223 1616 1295 quidem
1640 1240 1786 1280 com-

188 1331 413 1373 munem
445 1318 497 1372 id
531 1318 789 1388 tcmporis
834 1316 1002 1372 fuisse
1049 1317 1373 1373 sententiam
1417 1316 1470 1371 in
1515 1317 1780 1381 Ecclesia,

187 1426 395 1479 pueros
422 1413 537 1467 sine
565 1412 834 1481 baptismo
870 1410 1197 1466 decedentes
1225 1410 1279 1464 in
1308 1410 1510 1465 inferos
1544 1409 1781 1475 detrudi,

190 1514 341 1573 patet
363 1521 429 1560 ex
460 1506 644 1561 libello
669 1506 793 1562 lidei
819 1521 979 1576 quem
1003 1505 1273 1576 Pelagiani
1298 1504 1539 1575 episcopi
1569 1505 1785 1560 concin-

188 1607 429 1665 narunt;
471 1598 545 1653 ibi
585 1599 727 1654 enim
779 1600 943 1654 veluti
987 1600 1182 1669 ingens
1213 1599 1501 1655 absurdum
1560 1614 1787 1670 exagge-

186 1697 321 1744 rant
344 1704 534 1761 poenas
563 1691 850 1746 sensibiles
883 1705 1195 1761 puerorum.

189 1781 347 1837 Idem
382 1784 653 1854 Augustini
682 1791 935 1837 assertum
971 1781 1191 1836 Patrum
1218 1798 1279 1837 ac
1323 1782 1549 1852 plurium
1587 1783 1785 1837 theolo-

306 1870 493 1924 garum
527 1856 683 1909 etiam
708 1857 1050 1909 recentiorum
1081 1855 1385 1908 auctoritate
1411 1854 1675 1923 probatur.

231 1984 246 1995 .
269 1944 476 2014 Agmen
502 1945 741 2013 Patrum,
769 1954 827 2001 ut
857 1961 953 2015 par
979 1956 1080 2013 est,
1112 1945 1471 2016 Hieronymus
1491 1946 1667 2012 ducet,
1693 1948 1787 2015 qui

194 2038 424 2106 propius
475 2036 533 2093 in
585 2037 869 2093 Palaestina
930 2054 1052 2093 cum
1109 2039 1333 2109 Pelagio
1379 2039 1543 2094 veluti
1593 2041 1789 2095 collato

196 2127 341 2195 pede
388 2127 635 2183 certavit.
686 2128 867 2183 Edidit
908 2129 998 2184 ille
1040 2128 1290 2198 Dialogos
1329 2139 1513 2185 contra
1544 2131 1789 2187 eumdem

200 2217 642 2283 bmresiarcham,
676 2219 732 2273 in
760 2220 955 2289 quibus
980 2221 1078 2276 sub
1107 2222 1325 2275 nomine
1346 2220 1607 2277 Critoboli
1633 2223 1790 2278 Pela-

194 2312 371 2382 gium,
418 2312 785 2392 subpnomine
832 2329 962 2369 vero
1012 2314 1175 2369 Attici
1234 2315 1411 2369 virum
1460 2315 1787 2371 catholicum

196 2405 569 2476 colloquentes
602 2406 829 2461 induxit.
861 2407 1042 2477 Itaque
1064 2407 1374 2464 Critobolus
1395 2406 1580 2476 objicit
1607 2408 1658 2462 in
1684 2407 1792 2463 ﬁne

199 2498 344 2552 tertii
389 2498 512 2553 libri
555 2514 567 2550 :
629 2514 648 2549 ι
687 2497 794 2552 Oro
842 2506 926 2565 te,
974 2500 1100 2568 quid
1155 2498 1404 2553 infantuli
1445 2500 1791 2568 (peccavere?

198 2587 312 2644 Nec
357 2588 696 2644 conscientia
744 2588 822 2644 eis
868 2590 1049 2644 delicti
1104 2590 1355 2659 imputari
1413 2600 1628 2660 potest,
1689 2603 1792 2647 nec

200 2679 525 2750 ignorantia,
560 2681 651 2750 qui
684 2681 835 2750 juxta
861 2680 1047 2737 Jonam
1079 2683 1397 2752 prophetam
1420 2698 1637 2739 manum
1660 2684 1792 2741 dex-

207 2778 347 2825 tram
380 2772 629 2826 nesciunt
656 2780 712 2827 et
740 2772 1034 2827 sinistram.
1067 2773 1298 2829 Peccare
1327 2789 1435 2829 non
1469 2782 1715 2844 possunt,
1739 2783 1795 2829 et

198 2869 435 2930 possunt
460 2861 657 2931 perire,
697 2877 869 2932 genua
912 2863 1115 2931 labant,
1138 2866 1347 2936 vagitus
1375 2865 1539 2921 verba
1571 2880 1675 2921 non
1701 2881 1794 2921 ex-

194 2950 428 3020 plicant,
460 2951 760 3007 balbutiens
804 2953 983 3022 lingua
1010 2953 1236 3022 ridetur,
1268 2964 1325 3011 et
1363 2971 1605 3011 granum
1637 2970 1792 3011 utse-

192 3059 308 3099 ma;
337 3061 635 3102 cauom-rus
676 3048 887 3104 miseris
926 3056 1312 3118 prteparantur.
1343 3068 1362 3101 ι
1416 3050 1497 3105 Εη
1541 3049 1788 3120 Pelagius

194 3139 494 3207 exprobrat
523 3141 803 3196 catholicis
834 3142 996 3198 veluti
1025 3142 1153 3211 quid
1177 3143 1467 3198 absurdum
1498 3159 1792 3213 puerorum

1881 579 2168 651 przesentis
2197 580 2252 633 in
2283 577 2599 633 inﬁdelitate
2629 584 3031 643 consummant,
3051 584 3306 645 quantum
3339 575 3463 629 atti-

1882 680 1974 727 net
1996 671 2062 725 ad
2082 670 2515 725 communionem
2546 667 2825 738 originalis
2856 667 3083 735 peccati,
3117 680 3219 721 una
3251 674 3353 721 est.
3383 664 3462 719 Ex

1884 765 1987 819 hac
2014 764 2229 834 utrique
2255 764 2412 819 ibunt
2443 763 2495 817 in
2527 764 2701 833 ignem
2726 771 3008 828 aaternum,
3037 761 3129 829 qui
3146 766 3362 828 paratus
3381 770 3467 815 est

1882 857 2099 915 diabolo
2126 866 2184 913 et
2208 856 2413 927 angelis
2438 856 2577 925 ejus,
2620 855 2742 927 quia
2797 856 2851 911 in
2904 855 2984 911 eis
3024 855 3461 925 chirographum,

1885 965 1992 1021 quo
2015 950 2117 1005 sibi
2139 952 2233 1006 eds
2254 949 2561 1018 deceptoris
2614 948 2849 1017 nequitia
2879 946 3136 1014 subdidit,
3169 945 3467 1002 Salvatoris

1887 1044 2057 1113 gratia
2090 1058 2195 1099 non
2227 1040 2445 1098 delevit.
2488 1059 2507 1092 ι
2544 1040 2611 1094 Ει
2640 1040 2819 1095 statim
2850 1056 2865 1098 :
2900 1058 2921 1091 ς
2948 1039 3157 1096 Reddet
3182 1039 3469 1108 unicuique

1888 1136 2183 1193 secundum
2215 1149 2384 1206 opera
2402 1149 2519 1201 sua,
2545 1143 2603 1189 ut
2634 1149 2740 1188 non
2759 1134 2929 1189 solum
2961 1149 3061 1204 pro
3085 1132 3328 1203 originali
3344 1146 3470 1202 pec-

1885 1239 2007 1285 cato
2052 1244 2293 1284 AETERNIS
2338 1243 2541 1284 IGNIBUS
2589 1243 2831 1282 ARDEANT
2875 1228 3090 1298 (quibus
3129 1242 3317 1283 ABSURI
3344 1235 3473 1281 sunt

1888 1321 2006 1376 sine
2051 1321 2371 1390 baptismate
2412 1322 2705 1377 morientes
2756 1322 2916 1376 etiam
2965 1322 3192 1391 parvuli,
3216 1320 3309 1390 qui
3336 1320 3472 1375 nihil

1888 1411 2013 1467 boni
2046 1422 2136 1465 aut
2168 1412 2290 1465 mali
2322 1412 2596 1481 egerunt),
2629 1414 2723 1468 sed
2756 1413 2918 1467 etiam
2946 1426 3044 1480 pro
3072 1426 3167 1466 sua
3198 1411 3474 1466 voluntate

1889 1503 2029 1558 mala
2080 1512 2230 1558 tanto
2275 1504 2516 1560 deterius
2571 1512 2940 1574 torqueantur,
2993 1512 3195 1573 quanto
3240 1502 3473 1571 amplius

1893 1598 2130 1664 propriae
2149 1597 2445 1665 iniquitatis
2466 1596 2743 1666 adjiciant.
2778 1616 2799 1649 ι
2829 1596 2894 1652 Hi
2920 1594 3189 1666 Fulgentii
3214 1593 3337 1649 libri
3362 1593 3477 1649 exi-

1893 1690 2000 1743 mie
2025 1692 2477 1745 commendantur
2506 1704 2535 1745 a
2559 1689 2813 1744 Patribus
2861 1688 3128 1744 Africanis
3150 1687 3202 1741 in
3230 1685 3477 1741 Sardinia

1893 1794 1993 1848 pro
2021 1778 2125 1833 ﬁde
2150 1778 2453 1835 orthodoxa
2484 1778 2877 1847 exsulantibus,
2898 1779 2976 1834 ~in
3003 1778 3233 1849 epistola
3258 1774 3477 1847 synodi-

1815 1883 1866 1943 B
1890 1889 1973 1939 ca,
2007 1888 2125 1944 cap.
2160 1876 2245 1929 I8.

1970 1966 2039 2019 At
2066 1964 2267 2019 sarculo
2312 1964 2500 2019 eodem
2558 1964 2865 2029 desinente,
2924 1970 3139 2018 sanctus
3188 1962 3478 2032 Gregorius

1895 2059 2146 2128 Magnus,
2170 2068 2219 2113 et
2239 2058 2540 2127 insequenti
2559 2057 2778 2112 ineunte
2796 2064 3012 2111 sanctus
3030 2054 3267 2110 Isidorus
3290 2054 3479 2124 Hispa-

1899 2148 2065 2202 lensis
2122 2146 2405 2217 Augustini
2450 2147 2776 2201 sententiam
2832 2145 3228 2215 approbarunt,
3286 2145 3482 2214 quippe

1896 2254 2016 2307 qua:
2040 2240 2345 2293 communis
2377 2247 2490 2292 tum
2528 2237 2785 2306 temporis
2814 2237 2868 2291 in
2893 2236 3130 2292 Ecclesia
3162 2235 3480 2291 habebatur.

1895 2330 2207 2399 Gregorius,
2255 2331 2349 2385 lib.
2402 2347 2459 2384 rx
2506 2331 2718 2399 Moral.;
2752 2345 2872 2401 cap.
2906 2330 2992 2397 12,
3034 2329 3089 2385 in
3113 2329 3206 2385 illa
3234 2328 3335 2384 Job
3368 2346 3384 2384 :
3414 2327 3484 2382 Et

1896 2423 2267 2494 multiplicabit
2295 2422 2507 2477 vulnera
2528 2439 2640 2477 mea
2667 2424 2823 2477 etiam
2859 2422 2969 2477 sine
3002 2437 3177 2487 causa,
3214 2423 3329 2477 hinc
3351 2422 3483 2475 scri-

1897 2513 1975 2569 bit
2005 2530 2019 2566 :
2059 2532 2077 2564 (
2118 2513 2374 2569 Nonnulli
2402 2514 2602 2570 etenim
2621 2513 2771 2583 prius
2790 2528 2819 2568 a
2843 2514 3098 2581 praesenti
3129 2513 3249 2567 luce
3269 2510 3483 2566 subtra-

1895 2604 2117 2671 huntur,
2166 2622 2326 2675 quam
2355 2605 2422 2661 ad
2465 2605 2783 2675 proferenda
2830 2604 2973 2660 bona
3023 2604 3232 2659 malave
3290 2603 3483 2659 merita

1899 2698 2090 2753 activae
2120 2699 2243 2753 vitae
2289 2699 2625 2768 perveniant.
2672 2697 2817 2763 Quos
2865 2696 2988 2765 quia
3015 2709 3046 2750 a
3073 2694 3484 2767 culpaoriginis

1898 2799 2235 2846 sacramenta
2270 2790 2457 2845 salutis
2488 2805 2595 2844 non
2625 2788 2875 2854 liberant,
2927 2797 2980 2843 et
3028 2788 3112 2843 hic
3153 2802 3220 2843 ex
3268 2785 3485 2855 proprio

1897 2883 2034 2938 nihil
2064 2894 2314 2954 egerunt,
2344 2894 2396 2939 et
2418 2884 2545 2939 illuc
2568 2901 2635 2938 an
2666 2899 2954 2939 'ronuerv'ra
2980 2898 3336 2937 PERVENIUNT.
3361 2880 3485 2949 Qui-

1896 2976 2000 3032 bus
2020 2992 2185 3032 unum
2214 2978 2407 3032 vulnus
2433 2984 2539 3041 est,
2563 2974 2991 3045 corruptibiliter
3010 2975 3179 3041 nasci,
3203 2972 3343 3027 aliud
3368 2986 3482 3027 car-

1898 3069 2093 3124 naliter
2124 3070 2312 3126 emori.
2349 3068 2457 3125 Sed
2479 3068 2603 3138 quia
2634 3075 2757 3136 post
2787 3075 3016 3123 mortem
3046 3080 3260 3136 quoque
3282 3074 3485 3119 aeterna

1899 3176 2049 3217 mors
2097 3163 2358 3232 sequitur,
2418 3160 2629 3215 occulto
2679 3159 2760 3215 eis
2806 3159 3067 3228 justoque
3091 3157 3296 3227 judicio
3322 3156 3486 3211 etiam

196 3230 256 3284 in
282 3230 460 3286 aliena
506 3233 613 3287 vita
655 3234 943 3288 cruciatus.
976 3234 1110 3301 Quid
1151 3236 1234 3289 his
1275 3236 1488 3305 reponit
1529 3235 1790 3307 Hierony-

1901 3256 2017 3309 sine
2047 3230 2205 3309 causa
2224 3256 2443 3307 vulnera
2459 3251 2914 3321 multiplicantur;
2942 3266 3222 3306 essemus
3245 3250 3485 3321 (quippe)

194 3338 345 3391 mus,
381 3339 448 3379 an
471 3324 613 3381 forte
644 3326 736 3380 illa
767 3326 963 3381 Armati
991 3326 1153 3382 verba
1182 3342 1195 3379 :
1229 3325 1493 3396 Negamus
1530 3328 1791 3382 crudelem

196 3417 648 3485 consequentiam?
671 3417 785 3472 Lib.
814 3417 846 3470 8
863 3418 946 3473 sui
971 3417 1276 3487 Augustini,
1299 3432 1416 3488 cap.
1445 3420 1497 3483 1,
1520 3433 1642 3489 pag.
1664 3416 1788 3473 858.

197 3505 357 3560 Haud
393 3507 660 3576 equidem,
693 3508 786 3563 sed
816 3524 881 3564 ex
909 3509 1075 3564 Paulo
1104 3510 1347 3579 apostolo
1376 3518 1655 3579 peccatum
1681 3510 1792 3565 ori—

194 3599 387 3670 ginale
436 3602 650 3670 probat,
684 3611 747 3655 ut
778 3602 958 3671 pueris
980 3610 1244 3657 tormenta
1275 3617 1381 3657 non
1404 3602 1601 3672 injuste
1622 3602 1790 3672 inﬁigi

194 3689 511 3745 videantur.
552 3690 751 3747 Eadem
796 3708 951 3761 poena
990 3693 1263 3748 sensibilis
1289 3693 1572 3766 infantium
1595 3694 1794 3750 asseri-

198 3791 293 3838 tur
337 3799 371 3839 a
411 3793 597 3839 sancto
644 3785 826 3851 Avito,
886 3787 1125 3842 antistite
1169 3787 1482 3852 Viennensi,
1522 3786 1613 3856 qui
1653 3801 1794 3842 anno

198 3874 313 3931 500
336 3876 392 3929 in
420 3875 607 3932 Galliis
636 3875 835 3931 ﬂoruit.
884 3877 1090 3931 Etenim
1120 3878 1172 3932 in
1218 3878 1457 3934 carmine
1498 3878 1563 3933 ad
1605 3877 1791 3934 Fusci-

198 3981 333 4024 nam
363 3982 607 4023 sororem
636 3969 750 4025 hmo
772 3969 1045 4039 eleganter
1079 3970 1321 4037 scripsit:

283 4080 536 4153 anibus
566 4082 617 4133 id
645 4096 761 4135 vero
793 4082 1017 4151 gravius,
1048 4083 1092 4135 si
1118 4084 1259 4153 fonte
1282 4082 1476 4136 lavacri

280 4150 455 4203 Dieini
483 4161 739 4219 expertem
768 4150 999 4206 tenerum
1028 4150 1164 4206 mors
1206 4153 1380 4206 invida
1407 4162 1582 4206 natum

282 4221 609 4290 Praecipitat,
641 4223 772 4275 dura
796 4231 1091 4291 generatum
1116 4231 1249 4277 sorte
1269 4238 1550 4288 GEHENNE,

283 4292 386 4357 Qui
412 4307 531 4345 mea:
549 4301 603 4345 ut
625 4293 804 4347 matris
830 4293 1038 4346 cessarit
1068 4294 1209 4361 [ilius
1229 4309 1361 4358 esse,

283 4362 609 4416 Perditionis
639 4365 767 4428 erit;
803 4366 970 4417 tristes
1003 4374 1122 4417 tunc
1150 4365 1290 4417 edita
1319 4364 1519 4429 nolunt,

288 4432 420 4499 Qua:
445 4448 674 4488 FLAHIIIS
702 4443 904 4487 tantum
932 4444 1213 4504 genuerunt
1243 4437 1457 4504 pignora
1482 4441 1688 4488 matres.

206 4545 337 4600 Fuit
362 4555 540 4601 autem
573 4547 810 4602 Alcimus
839 4548 1027 4603 Avitus
1075 4548 1271 4618 praesul
1322 4549 1685 4613 doctissimus,
1732 4562 1795 4603 ac

1898 3362 2182 3403 ronuesn
2212 3360 2521 3401 veneremur
2555 3344 2690 3416 (qui)
2721 3344 2855 3399 nihil
2885 3359 2950 3399 ex
2971 3344 3185 3413 pr0pria
3208 3343 3485 3397 voluntate

1897 3445 2278 3507 peccaverunt.
2316 3456 2336 3488 ι
2372 3436 2437 3491 Et
2465 3446 2651 3505 postea
2687 3453 2700 3488 :
2738 3455 2758 3488 ι
2812 3435 3098 3490 Districtus
3148 3436 3332 3504 judex,
3384 3450 3487 3504 qua

1897 3547 1992 3588 eos
2040 3531 2517 3586 animadversione
2566 3530 2817 3593 trucidat,
2874 3544 3009 3600 quos
3048 3529 3205 3598 culpa
3254 3530 3489 3598 pr0priae

1896 3624 2127 3678 actionis
2156 3622 2399 3687 damnat,
2430 3624 2473 3677 si
2505 3632 2559 3676 et
2598 3621 2722 3677 illos
2774 3637 2827 3675 11v
2879 3637 3145 3676 Iamnam:
3201 3636 3483 3685 PERCUTIT,

1898 3730 2033 3783 quos
2062 3723 2241 3769 reatus
2271 3713 2482 3767 arbitrii
2515 3729 2619 3768 non
2649 3712 2886 3768 addicit?
2924 3731 2942 3765 ι
2978 3712 3105 3767 Hzec
3152 3713 3289 3768 adeo
3342 3713 3487 3766 clara

1896 3816 2022 3862 sunt
2075 3817 2130 3861 ut
2181 3807 2446 3861 Moraines
2480 3806 2621 3860 dicat
2666 3805 2988 3876 Gregorium
3018 3820 3080 3860 ea
3104 3818 3209 3859 non
3235 3820 3302 3859 ex
3326 3818 3486 3858 sensu

1897 3899 2176 3966 Ecclesiae,
2205 3899 2298 3954 sed
2327 3915 2389 3954 ex
2413 3898 2628 3967 propria
2655 3898 2910 3967 opinione
2925 3896 3486 3951 asseruisse.Sanctus

1899 3993 2155 4059 Isidorus,
2191 3992 2280 4047 lib.
2317 4007 2354 4045 η
2386 3990 2570 4045 Differ.
2606 3990 2806 4060 spirit.,
2839 4005 2985 4043 num.
3027 3989 3120 4055 2t},
3154 3988 3295 4043 idem
3320 3987 3481 4041 tradit

1899 4086 2145 4156 inquiens
2178 4103 2190 4138 :
2229 4104 2248 4136 ι
2287 4084 2419 4140 Illud
2451 4094 2629 4139 tamen
2666 4083 2958 4139 tenendum
3002 4090 3107 4148 est,
3141 4081 3484 4149 parvulorum

1905 4179 2112 4234 animas
2142 4193 2287 4233 nexu
2320 4176 2526 4248 peccati
2580 4173 2860 4245 originalis
2907 4187 3029 4229 esse
3070 4171 3336 4236 astrictas,
3369 4184 3489 4239 qua“:

1900 4271 2007 4325 nisi
2043 4269 2347 4339 percipiant
2374 4267 2705 4337 baptismatis
2749 4272 3169 4329 sacramentum,
3196 4261 3347 4332 regni
3377 4275 3487 4316 caa-

1902 4361 2053 4416 lestis
2076 4362 2365 4431 participes
2395 4374 2516 4414 esse
2546 4373 2652 4413 non
2681 4364 2927 4427 possunt,
2966 4355 3060 4411 sed
3088 4368 3209 4409 cum
3237 4366 3402 4407 carne
3432 4362 3488 4405 ct

1902 4466 2188 4507 commune
2217 4451 2491 4507 habebunt
2520 4457 2894 4519 peccatum,et
2918 4448 3032 4517 pari
3057 4446 3260 4515 judicio
3283 4460 3489 4499 nsum-

1900 4560 2109 4599 eunrun
2136 4560 2187 4599 IN
2213 4560 2371 4600 tamen
2418 4558 2703 4598 .ersnauu.
2747 4561 2766 4594 ι
2793 4540 2860 4595 Ει
2894 4540 2987 4595 lib.
3022 4539 3483 4599 tSententiarum,

208 4642 425 4708 synodo
444 4638 752 4708 Epaunensi
772 4640 1002 4710 aliisque
1032 4642 1301 4710 praesedit.
1324 4641 1457 4697 Huic
1475 4652 1649 4697 autem
1672 4656 1799 4710 sup-
1824 4638 1878 4699 D
1905 4652 2024 4707 cap.
2054 4637 2143 4702 22,
2170 4637 2243 4690 ait
2276 4654 2287 4689 :
2331 4656 2347 4687 ι
2383 4636 2486 4689 Pro
2534 4635 2653 4691 solo.
2679 4632 2925 4701 originali
2955 4640 3107 4685 reatu
3139 4630 3291 4683 luunt
3321 4641 3374 4680 ιη
3413 4641 3487 4680 nv-

212 4746 403 4801 parcm
432 4733 574 4787 dabo
602 4743 847 4789 sanctum
873 4733 1209 4803 Fulgentinm
1231 4734 1569 4803 Ruspensem
1586 4734 1795 4803 episco-

206 4840 363 4896 pum,
396 4828 486 4896 qui
514 4827 689 4882 eidem
720 4827 879 4882 Avito
898 4828 1161 4883 convixit.
1191 4826 1369 4882 Hicin
1411 4827 1503 4881 lib.
1550 4826 1618 4880 de
1667 4825 1799 4880 Fide

206 4918 280 4972 ad
302 4917 523 4971 Petrum
554 4917 835 4973 diaconum
886 4920 1206 4974 sententiam
1266 4916 1512 4973 eamdem
1546 4924 1796 4983 tanquam

207 5011 281 5065 de
312 5012 419 5066 Iide
446 5012 729 5066 tenendam
762 5012 947 5067 docuit
991 5027 1111 5082 cap.
1140 5012 1237 5080 27,
1266 5011 1417 5079 cujus
1447 5011 1606 5066 verba
1637 5027 1799 5080 supe—

209 5103 327 5157 rius
356 5102 713 5159 laudavimus.
752 5102 918 5169 Idem,
950 5104 1044 5159 lib.
1077 5119 1092 5157 r
1122 5104 1189 5159 de
1240 5102 1480 5159 Veritate
1523 5103 1798 5172 praedesti-

209 5195 450 5251 nationis
478 5206 533 5250 et
576 5197 780 5267 gratiae,
826 5212 946 5268 cap.
1001 5197 1090 5263 12,
1137 5198 1256 5252 ait:
1297 5215 1317 5249 ι
1352 5197 1509 5252 Nulla
1534 5197 1693 5268 igitur
1715 5206 1799 5254 est

210 5304 397 5344 causa;
426 5288 711 5359 diversitas
737 5290 789 5344 in
822 5290 1135 5356 infantibus,
1154 5304 1274 5359 quae
1291 5290 1447 5344 faciat
1469 5305 1631 5345 unum
1648 5290 1795 5360 eligi,

210 5384 449 5439 alterum
479 5384 777 5451 reprobari.
822 5382 882 5439 Si
918 5400 1048 5440 vero
1090 5392 1369 5454 parentum
1426 5382 1800 5439 consideretur

214 5477 489 5542 voluntas,
541 5476 616 5530 illi
645 5475 737 5546 qui
784 5476 1075 5531 Christiani
1115 5485 1260 5541 sunt,
1312 5482 1372 5529 ut
1421 5488 1610 5530 eorum
1660 5473 1800 5530 ﬁlius

218 5569 608 5637 baptizaretur,
641 5567 871 5623 sollicite
896 5567 1201 5631 voluerunt,
1234 5564 1619 5619 instantissime
1648 5578 1801 5618 cura-

222 5671 457 5724 verum;
490 5672 719 5728 quorum
751 5666 930 5712 tamen
958 5658 1412 5724 ﬁliusantequam
1443 5655 1805 5724 baptizaretur

218 5759 400 5804 morte
432 5759 756 5818 praeventus,
790 5763 1033 5804 λετεκιηις
1072 5761 1169 5801 ss'r
1200 5760 1401 5801 IGNIBUS
1434 5744 1738 5814 deputatus.
1778 5763 1799 5798 ι

216 5839 414 5910 Capite
452 5840 615 5895 etiam
665 5840 733 5893 14
779 5839 967 5895 scribit
1008 5853 1024 5891 :
1072 5854 1092 5889 ‹
1136 5836 1309 5893 Causa
1358 5848 1488 5889 vero
1541 5833 1805 5903 majorum

465 5959 736 6019 Ρλτιοι..
784 5957 1039 6017 XLVII.

1901 4740 2074 4783 renuo
2101 4741 2274 4795 nupcr
2304 4727 2411 4779 nati
2444 4723 2688 4778 infantuli
2719 4735 2930 4776 PtENAS.
2973 4739 2993 4772 ι
3028 4719 3158 4774 Erat
3183 4732 3312 4788 ergo
3337 4727 3485 4771 certa

1900 4816 1953 4871 in
1996 4816 2183 4869 Latina
2212 4816 2451 4870 Ecclesia
2486 4814 2575 4868 illa
2594 4814 2823 4868 assertio
2848 4813 2915 4866 de
2964 4812 3141 4881 pmnis
3172 4824 3481 4878 puerorum,
3554 4830 3555 4833 η

1900 4923 2058 4977 quam
2113 4906 2463 4976 Augustinus,
2516 4902 2830 4973 Fulgentius
2877 4916 2940 4957 ac
2982 4900 3186 4972 Synodi
3221 4900 3277 4953 in
3305 4899 3483 4954 Africa

1902 4999 2190 5065 docebant,
2238 5014 2397 5068 quam
2446 4996 2692 5052 Gelasius
2739 5010 2804 5050 ac
2842 4993 3133 5063 Gregorius
3159 4990 3485 5047 sanctissimi
3538 4984 3543 5039 ξ

1905 5092 2188 5164 pontiﬁces
2240 5092 2295 5146 in
2341 5091 2493 5145 Italia
2543 5089 2846 5158 tradebant,
2872 5102 3031 5158 quam
3055 5094 3270 5140 sanctus
3294 5084 3484 5138 Avitus

1904 5185 1957 5241 in
1989 5185 2199 5253 Galliaa
2213 5192 2269 5239 et
2299 5191 2518 5239 sanctus
2548 5182 2781 5237 Isidorus
2815 5181 2873 5233 in
2921 5178 3175 5247 Hispania
3215 5177 3352 5232 citra
3386 5177 3485 5231 du-

1906 5279 2051 5335 bium
2106 5279 2439 5335 asserebant.
2488 5276 2747 5330 Eamdem
2788 5287 2919 5329 vero
2963 5272 3163 5327 diutius
3204 5285 3370 5339 usque
3416 5269 3486 5325 ad

1905 5370 2350 5427 scholasticorum
2400 5375 2611 5424 aetatem
2666 5366 2902 5435 viguisse
2947 5364 3225 5420 existimo.
3256 5364 3485 5421 Sanctus

1904 5461 2250 5527 Prudentius,
2299 5461 2580 5529 episcopus
2636 5455 2997 5524 Tricassinus,
3028 5456 3118 5526 qui
3144 5438 3485 5511 ﬁoruitanno

1907 5552 2033 5619 850,
2057 5554 2110 5607 in
2144 5552 2283 5607 libro
2306 5551 2374 5606 de
2405 5548 2901 5616 Praedestinatione,
2921 5563 3040 5619 cap.
3062 5548 3150 5612 16,
3175 5548 3252 5601 ait
3276 5564 3289 5599 :
3312 5564 3331 5598 ι
3355 5544 3487 5614 Quae

1910 5646 2115 5718 punitio
2166 5644 2411 5699 bifariam
2465 5643 2748 5708 dividitur,
2801 5651 2857 5699 et
2886 5656 3030 5698 nunc
3065 5642 3118 5696 in
3145 5638 3487 5695 absolutione
3556 5708 3559 5711 ἢ

1907 5741 2100 5793 animae
2130 5753 2161 5791 a
2188 5750 2286 5790 suo
2308 5750 2537 5804 corpore
2584 5743 2895 5804 comparata
2931 5734 3089 5802 hujus
3128 5733 3314 5803 prima:
3345 5744 3485 5798 prae-
3559 5727 3561 5729 ’

1907 5831 2249 5890 varicationis
2282 5831 2496 5895 merito,
2544 5829 2685 5901 quod
2727 5829 2797 5885 ab
2855 5830 2969 5899 ipsa
3005 5825 3188 5883 radice
3226 5826 3284 5880 in
3325 5836 3485 5878 omne

2978 5941 3051 6000 21
