3962 6346
511 462 608 519 (iiii

1398 428 1958 488 SUPPLEMENTUM
2000 426 2089 482 AD
2127 420 2356 482 OPERA
2398 420 2455 476 S.
2483 419 2892 480 -AUGUSTINI.

3684 418 3781 472 652

513 556 846 636 posteritatis
893 551 1010 621 ejus
1057 560 1228 618 genus
1281 543 1612 602 transfusum
1667 551 1827 612 atque
1858 541 2099 598 innatum
2128 535 2486 608 AAugustini
2518 534 2749 591 lectione
2789 530 3108 602 Gregorium
3160 529 3456 636 superavit.
3517 528 3664 636 Hanc
3713 530 3784 587 illi

516 665 618 721 οεῑν
670 662 723 708 ει
766 643 1100 718 Ροειῐηοάυω
1161 638 1261 710 (in)
1319 653 1584 706 causam,
1640 650 1761 708 qua:
1810 644 1917 690 tam
1945 647 2104 689 nurus

521 760 680 818 quam
737 741 962 795 aliorum
1016 731 1412 802 multiplicitate
1477 730 1765 786 criminum
1822 726 2104 783 libidinosa

525 835 876 910 perversitate
924 836 1326 886 contractorum
1384 824 1648 896 acquisita
1690 824 1839 880 εει.)
1875 821 1943 876 Ει
1971 820 2106 875 infe-

518 929 629 986 rius
670 927 738 982 de
788 922 1022 995 parvulis
1080 918 1266 976 scribit
1302 937 1312 970 :
1351 935 1370 970 ι
1407 915 1566 972 Extra
1599 915 1848 985 baptismi
1881 914 2104 986 gratiam

519 1019 834 1084 morientes,
864 1032 970 1070 non
999 1029 1116 1078 suo,
1179 1010 1274 1066 sed
1320 1008 1633 1080 protoplasn
1662 1015 1883 1079 peccato
1914 1021 2108 1060 PERPE-

519 1129 622 1170 ws
655 1123 923 1168 PLsxtons
948 1120 1286 1164 nummus.
1322 1121 1340 1156 ι
1378 1102 1453 1156 Ex
1484 1101 1676 1172 Anglia
1705 1100 1884 1155 veniat
1917 1097 2109 1154 Ansel-

522 1216 663 1268 mus,
701 1202 789 1273 qui
822 1201 874 1256 in
903 1199 997 1254 lib.
1028 1197 1096 1254 de
1121 1197 1393 1266 Conceptu
1412 1193 1557 1262 Virg.
1583 1201 1637 1248 et
1664 1206 1781 1261 pec.
1813 1192 2105 1262 orig.,cap.

521 1294 614 1362 23,
648 1293 762 1350 haec
792 1291 972 1347 docuit
1005 1307 1019 1344 :
1052 1308 1071 1341 ι
1109 1288 1215 1346 Sed
1243 1302 1363 1343 cum
1415 1300 1574 1342 nemo
1623 1283 1831 1341 dubitet
1861 1283 1981 1354 quia
2013 1297 2109 1353 par

522 1400 681 1458 [)(Blla
713 1399 820 1439 non
851 1390 1104 1453 sequetur
1160 1379 1384 1450 imparia
1439 1386 1678 1448 peccata,
1708 1377 1760 1430 in
1793 1375 1895 1429 hoc
1927 1373 2105 1431 tamen

524 1474 719 1533 similis
742 1483 827 1530 est
858 1481 912 1528 et
939 1471 1239 1543 personalis
1271 1478 1327 1525 et
1350 1467 1624 1538 originalis
1652 1466 1856 1537 peccati
1890 1466 2110 1522 damna-

524 1571 625 1637 tio,
659 1570 782 1640 quia
807 1567 988 1622 nullus
1019 1564 1319 1620 admittitur
1346 1561 1412 1617 ad
1445 1575 1666 1631 regnum
1699 1560 1818 1626 Dei,
1869 1558 1935 1612 ad
1967 1555 2111 1629 quod

522 1658 697 1715 factus
727 1661 812 1713 est
840 1656 1019 1723 homo,
1056 1655 1158 1710 nisi
1200 1668 1294 1723 per
1342 1661 1570 1707 mortem
1601 1648 1829 1713 Christi,
1860 1650 1978 1704 sine
2008 1661 2112 1716 quo

521 1767 629 1810 non
661 1750 904 1808 redditur
927 1747 1067 1818 quod
1093 1761 1189 1816 pro
1217 1745 1348 1804 Adae
1374 1751 1594 1816 peccato
1647 1741 1892 1808 debetur,
1928 1755 2113 1810 quam-

524 1844 606 1898 vis
633 1857 738 1898 non
767 1855 953 1895 omnes
982 1839 1183 1909 pariter
1213 1839 1266 1892 in
1293 1838 1503 1891 inferno
1529 1835 1761 1904 torqueri
1782 1845 2110 1890 mereantur.

2207 628 2419 684 laudem
2456 629 2595 682 ultro
2625 625 2955 683 recentiores
2988 623 3250 679 tribuunt.
3267 621 3467 678 Dicitur
3495 636 3525 677 a
3554 621 3784 694 Vasquez

2209 721 2327 790 1-2,
2361 722 2497 792 disp.
2534 721 2652 788 185,
2685 736 2832 778 num.
2855 722 2942 788 1'5,
2972 720 3203 794 apprime
3224 719 3276 773 in
3300 718 3576 792 Augustini
3601 719 3783 773 doctri-

2209 832 2275 870 na
2302 825 2552 869 versatus.
2590 816 2633 868 A
2660 813 2914 870 Vaudero
2942 812 3242 884 appellatur
3269 811 3342 865 vir
3369 811 3716 880 doctissimus,
3745 819 3786 866 et

2207 911 2252 964 si
2275 910 2387 981 quis
2408 909 2542 964 alius
2573 908 2822 964 doctrina:
2839 907 3231 980 Augustinianw
3252 905 3628 978 perstudiosus,
3654 905 3782 977 disp.

2213 1002 2239 1057 1
2271 1001 2336 1058 de
2367 1000 2573 1056 Libert.
2606 1000 2722 1066 Dei,
2756 1017 2905 1060 num.
2960 999 3049 1054 23.
3099 997 3262 1056 Addit
3313 997 3542 1066 Fascius
3570 1007 3704 1067 part.
3738 997 3785 1067 l,

2209 1110 2263 1166 q.
2293 1095 2383 1159 25,
2418 1103 2520 1151 art.
2557 1096 2607 1160 1,
2644 1094 2770 1151 dub.
2806 1093 2863 1160 5,
2899 1109 3051 1150 num.
3085 1093 3176 1162 54,
3207 1095 3357 1165 cujus
3387 1091 3507 1146 libri
3525 1092 3788 1163 Augustini

2211 1188 2603 1244 auctoritatibus
2626 1199 2670 1243 et
2694 1188 2957 1242 sententiis
2971 1187 3162 1259 passim
3183 1185 3466 1241 abundant.
3497 1185 3644 1242 Idem
3668 1200 3789 1241 nun-

2210 1293 2435 1350 cupatur
2462 1297 2490 1335 a
2521 1280 2818 1352 Raynaudo
2849 1280 3000 1333 homo
3025 1281 3076 1332 in
3102 1279 3375 1350 Augustini
3423 1279 3641 1334 lectione
3689 1294 3787 1331 var-

2212 1372 2516 1428 satissimus.
2549 1371 2604 1426 ln
2633 1386 2783 1427 cens.
2816 1367 2966 1426 inoﬂ.
2995 1370 3149 1442 {[Pro
3205 1367 3385 1425 Valer.
3447 1366 3788 1439 Cemeliens.]

2213 1478 2362 1518 cens.
2399 1479 2543 1517 num.
2577 1461 2631 1515 ἓ.
2669 1461 2906 1532 Denique
2954 1459 3301 1532 Decampsius
3337 1459 3526 1515 scribit
3561 1476 3573 1513 :
3617 1479 3635 1512 ι
3672 1458 3791 1516 Gre-

2216 1555 2401 1627 gorius
2433 1553 2815 1620 Ariminensis,
2841 1554 3019 1625 fquem
3065 1567 3172 1610 non
3194 1554 3318 1608 vitae
3347 1561 3555 1607 tantum
3587 1551 3791 1608 institu-

2213 1657 2304 1717 to,
2344 1647 2440 1704 sed
2492 1648 2654 1702 etiam
2699 1646 2938 1702 doctrina
2985 1645 3341 1717 Augustinum
3390 1644 3558 1702 fuisse
3608 1655 3793 1702 norunt

2214 1753 2426 1808 omnes,
2451 1739 2543 1811 qui
2576 1739 2661 1794 vel
2685 1740 2916 1794 strictim
2945 1740 3062 1810 ejus
3087 1739 3254 1795 libros
3283 1739 3597 1814 attigerunt.
3639 1759 3659 1793 ι
3685 1740 3790 1796 Lib.

2215 1847 2272 1888 ιιι
2295 1833 2360 1888 de
2394 1833 2598 1889 Haeresi
2625 1830 2801 1902 Jans.,
2833 1830 2974 1902 disp.
3007 1832 3060 1898 3,
3112 1846 3231 1902 cap.
3279 1830 3372 1888 20.
3403 1831 3537 1899 Quae
3561 1834 3793 1888 consulto

522 1932 656 1990 Nam
689 1941 809 2004 post
830 1931 971 1986 diem
1002 1929 1185 2000 judicii
1220 1929 1396 1984 nullus
1426 1929 1528 1982 erit
1563 1926 1810 1998 angelus,
1834 1934 1924 1982 aut
1950 1926 2112 1982 homo
2137 1923 2190 1985 B
2217 1923 2302 1979 hic
2331 1923 2557 1988 inserui,
2588 1931 2645 1978 ut
2667 1922 2882 1993 planum
2908 1922 3000 1977 fiat
3028 1931 3284 1994 quantum
3314 1923 3438 1980 ﬁdei
3471 1922 3790 1987 Ariminensi

517 2036 619 2077 NlSl
666 2037 769 2077 sur
810 2036 862 2075 1N
909 2033 1082 2077 nncno
1115 2019 1233 2084 Der,
1269 2034 1371 2075 sur
1413 2033 1462 2072 IN
1511 2032 1760 2072 lNFERNO.
1804 2036 1820 2068 ι
1859 2017 2111 2086 Explodit

521 2112 739 2168 tertium
769 2112 918 2168 illum
947 2112 1121 2168 locum
1153 2109 1426 2164 felicitatis
1469 2108 1740 2172 secundat,
1770 2122 1928 2179 quem
1951 2108 2112 2178 pleri-

524 2218 630 2276 que
683 2204 920 2274 parvulis
972 2204 1309 2274 promittunt.
1359 2202 1591 2258 Ultimus
1634 2203 1856 2258 accedat
1897 2214 2112 2258 sanctus

523 2297 810 2364 Aelredus,
842 2299 1013 2352 saneti
1047 2295 1308 2352 Bernardi
1328 2304 1838 2367 contemporaneus,
1859 2296 1911 2350 in
1941 2295 2113 2351 libror

520 2388 738 2458 Speculi
781 2388 1080 2454 charitatis,
1133 2402 1251 2459 cap.
1309 2388 1394 2442 15.
1451 2387 1581 2442 Cum
1629 2387 1730 2443 sibi
1779 2387 2109 2456 objecisset:

529 2501 549 2536 ι
587 2483 847 2539 Parvulos
880 2497 998 2553 quas
1031 2483 1167 2537 ratio
1206 2480 1406 2536 addicit
1459 2480 1817 2547 damnationi,
1851 2495 1988 2550 quos
2011 2495 2112 2535 nec

525 2575 730 2630 creatio
753 2574 948 2641 malos,
980 2590 1078 2631 nec
1108 2575 1321 2644 propria
1353 2573 1605 2629 voluntas
1651 2573 1777 2630 fecit
1799 2574 2056 2644 injustos?
2088 2593 2106 2626 ι

521 2667 832 2739 Respondet
883 2687 897 2723 :
951 2685 971 2720 ι
1028 2667 1164 2736 Quid
1223 2667 1402 2722 enim?
1451 2665 1712 2737 lnjustum
1772 2667 2008 2724 aestimas
2057 2676 2113 2723 ut

519 2759 722 2831 lignum
753 2760 938 2816 inutile
967 2769 1022 2815 et
1069 2758 1460 2814 infructuosum
1506 2761 1642 2830 ignis
1703 2760 1990 2830 depascati
2019 2761 2113 2816 Co-

519 2855 650 2926 gita,
681 2868 888 2925 quaeso,
924 2863 1094 2909 totum
1145 2853 1438 2910 humanum
1490 2869 1658 2924 genus
1710 2853 1863 2924 quasi
1912 2854 2110 2925 lignum

524 2946 759 3016 aridum,
793 2947 993 3018 lignum
1025 2946 1442 3013 infructuosum,
1468 2944 1668 3017 lignum
1702 2945 1755 3000 in
1793 2946 1907 3016 ipsa
1933 2945 2115 3002 radice

524 3041 797 3108 vitiatum,
825 3048 1010 3110 utpote
1042 3053 1252 3095 veneno
1275 3037 1480 3110 antiqui
1501 3039 1770 3108 serpentis
1793 3038 2113 3106 inficiatum,

519 3134 818 3206 iustissime
847 3133 1116 3188 addictum
1146 3132 1401 3198 ﬂammis,
1447 3132 1554 3203 igni
1585 3131 1932 3196 destinatum,
1963 3132 2114 3202 adju-

521 3227 755 3283 dicatum
787 3225 1137 3281 damnatiOni.
1159 3223 1298 3292 Quid
1321 3225 1487 3296 ergo?
1517 3224 1784 3291 ingratum
1806 3233 1857 3280 te
1879 3226 2109 3294 praebes,

2215 2016 2578 2088 praestandum
2599 2016 2690 2083 sit,
2723 2015 2814 2071 ubi
2842 2016 2910 2071 de
2943 2016 3246 2087 Augustini'
3267 2026 3451 2076 mente
3469 2017 3792 2088 disputatur.

2214 2108 2386 2164 Video
2413 2107 2558 2164 enim
2584 2108 2729 2163 hunc
2773 2107 3037 2179 insignem
3061 2107 3338 2166 doctorem
3378 2109 3669 2180 pleneque
3688 2124 3795 2168 sen-

2215 2202 2412 2258 tentias
2432 2209 2688 2272 tanquam
2711 2215 2838 2260 vere
2867 2201 3290 2272 Augustinianas
3333 2201 3654 2268 defendere,
3677 2219 3794 2274 quas

2217 2305 2395 2351 tamen
2425 2295 2757 2352 recentiores
2784 2294 2946 2351 veluti
2973 2302 3222 2366 portenta
3263 2309 3326 2352 ac
3353 2296 3628 2366 paradoxa
3660 2312 3793 2368 pror-

2215 2401 2309 2444 sus
2329 2386 2869 2456 sati-Augustiniana
2897 2387 3168 2457 rejiciunt.
3196 2387 3294 2444 Hic
3320 2390 3500 2458 itaque
3522 2391 3608 2446 vir
3631 2391 3793 2446 subti-

2214 2479 2453 2535 lissimus
2472 2480 3144 2550 Augustiniauctoritatem
3165 2483 3439 2538 communi
3465 2483 3613 2539 illius
3636 2487 3795 2540 aetatis

2215 2572 2660 2630 scholasticorum
2720 2574 2900 2629 sensui
2954 2575 3266 2643 praeposuit.
3325 2575 3581 2631 Albertus
3645 2577 3792 2631 etiam

2216 2665 2462 2735 Magnus,
2493 2665 2546 2720 in
2571 2663 2816 2734 Summa,
2841 2675 2998 2723 tract.
3030 2666 3119 2735 l8,
3155 2666 3489 2737 probabilem
3524 2671 3790 2738 Augustini

2217 2759 2548 2815 sententiam
2580 2757 2800 2826 fatetur,
2827 2759 2902 2814 uti
2925 2759 3086 2814 etiam
3115 2759 3423 2828 Polmanus,
3450 2760 3645 2817 doctor
3673 2761 3791 2816 Dua-

2217 2852 2416 2919 censis,
2441 2853 2491 2906 in
2521 2851 2668 2907 calce
2700 2851 2958 2907 Breviarii
2981 2851 3290 2922 theologici,
3322 2868 3474 2908 num.
3507 2852 3636 2909 469.
3661 2851 3790 2908 Con-

2214 2944 2458 3001 sentium
2489 2944 2750 3009 Sonnius,
2777 2952 2934 3000 tract.
2965 2945 3034 3000 de
3063 2944 3324 3001 Extremo
3345 2944 3580 3013 Judicio,
3623 2960 3735 3015 ap.
3764 2948 3790 2998 6

2216 3048 2271 3094 et
2304 3038 2368 3104 7;
2399 3039 2619 3106 Driedo,
2653 3039 2746 3095 lib.
2769 3054 2788 3092 ι
2812 3039 2881 3096 de
2901 3038 3090 3096 Gratia
3107 3047 3162 3094 et
3185 3039 3356 3095 libero
3375 3041 3622 3104 arbitrio,
3648 3025 3787 3093 tract.

2217 3131 2270 3196 5,
2291 3144 2410 3201 cap.
2440 3130 2670 3202 2,'part.
2728 3147 2764 3185 ι.
2811 3130 2887 3186 Ex
2932 3132 3323 3202 Augustiniana
3366 3130 3566 3186 familia
3612 3141 3788 3201 prater

2219 3223 2534 3294 Gregorium
2560 3223 2680 3280 fuse
2696 3223 2942 3280 eamdem
2962 3226 3286 3279 sententiam
3311 3231 3530 3280 tuentur
3554 3222 3789 3293 Augusti-

521 3333 554 3374 o
589 3319 786 3389 lignum
820 3318 1044 3372 inutile!
1073 3317 1216 3388 quod
1239 3317 1455 3388 quidam
1478 3317 1770 3372 ramusculi
1801 3331 1829 3370 a
1860 3325 1946 3371 tua
1981 3331 2113 3385 prae-
2141 3304 2188 3368 C
2221 3331 2322 3372 nus
2348 3316 2576 3372 Muszeus
2609 3316 2662 3373 in
2707 3317 3062 3388 Apologetico
3088 3319 3153 3373 ad
3181 3318 3401 3374 Paulum
3451 3317 3539 3385 Ill,
3595 3318 3787 3388 Alipius

524 3421 733 3464 mortua
768 3410 978 3479 praecisi
1009 3409 1190 3464 radice
1221 3409 1522 3478 eripiuntur
1551 3406 1827 3476 incendio,
1848 3415 2110 3476 quatenus

524 3502 691 3572 stipiti
713 3501 926 3558 cuidam
958 3501 1234 3556 fructuoso
1259 3501 1444 3557 inserti
1484 3501 1726 3571 pristinae
1753 3501 1982 3556 libertati
2011 3500 2110 3556 ds-

527 3603 742 3650 nentur.
784 3615 803 3648 s
841 3595 1012 3664 Hujus
1037 3595 1210 3650 sancti
1240 3595 1496 3665 Regulam
1548 3595 1664 3666 lege
1715 3594 1852 3666 apud
1909 3593 2113 3649 Holste-

525 3689 698 3752 nium,
726 3703 846 3759 pag.
884 3688 1007 3759 187,
1038 3698 1190 3758 parte
1236 3705 1272 3744 ιι
1321 3686 1668 3746 Collectionis
1715 3687 1988 3744 Romanae.
2028 3687 2110 3742 Ex

526 3781 612 3837 bis
642 3791 787 3852 patet
814 3797 972 3852 quam
1004 3780 1141 3838 falso
1183 3783 1381 3841 dixerit
1431 3782 1668 3837 Adamus
1717 3797 1889 3836 omnes
1931 3779 2113 3834 Patres

521 3884 701 3932 contra
733 3876 1079 3948 Augustinum
1108 3885 1264 3931 stare.
1295 3875 1455 3931 Certe
1492 3891 1664 3946 neque
1702 3875 1864 3932 Pater
1890 3875 2110 3945 Suares,

521 3982 699 4038 neque
729 3968 886 4024 Pater
917 3966 1161 4036 Vasquez
1192 3983 1314 4023 cum
1365 3967 1664 4038 Augustino
1690 3983 1751 4024 ea
1786 3969 1837 4023 in
1876 3983 1934 4023 re
1980 3982 2111 4023 con-

521 4060 763 4125 veniunt,
787 4068 845 4115 at
866 4060 1003 4116 bene
1025 4068 1268 4117 sanctum
1319 4060 1596 4118 doctorem
1634 4061 1803 4116 secuti
1834 4068 1958 4116 sunt
1977 4074 2096 4115 om-

522 4165 618 4207 nes
647 4150 821 4206 Latini
861 4151 1070 4218 Patres,
1114 4153 1204 4223 qui
1247 4153 1674 4208 controversiam
1726 4152 1870 4208 illam
1900 4162 2114 4220 quoquo

524 4239 686 4295 modo
730 4241 1043 4310 attigerunt,
1091 4242 1144 4297 in
1171 4257 1399 4313 quorum
1434 4244 1673 4299 lectione
1705 4243 1944 4298 Adamus
1972 4249 2114 4298 totus

521 4328 722 4399 hospes
752 4329 874 4386 fuit.

595 4420 721 4476 Bac
749 4421 934 4491 itaque
956 4423 1192 4492 antiquae
1224 4422 1481 4480 Ecclesiae
1512 4438 1573 4478 ac
1625 4425 1825 4480 sanctis
1868 4424 2114 4480 Patribus

523 4510 591 4566 de
621 4511 903 4568 infantium
935 4515 1108 4582 ptenis
1140 4515 1405 4570 sententia
1436 4517 1606 4583 stetit,
1648 4516 1821 4572 donec
1872 4525 1992 4586 post
2017 4517 2114 4573 du-

521 4610 874 4666 centesimum
922 4625 1084 4677 supra
1132 4610 1480 4666 millesimum
1530 4627 1732 4667 annum
1786 4609 2112 4668 Christiane

2215 3410 2414 3482 Reylof
2441 3413 2619 3480 Belga,
2657 3412 2752 3467 lib.
2786 3427 2878 3466 vni
2905 3412 2973 3468 de
3003 3413 3194 3468 Anima
3235 3413 3303 3468 ad
3350 3421 3588 3468 mentem
3636 3413 3788 3470 sancti

2217 3504 2395 3560 Patris
2416 3505 2724 3575 Augustini,
2753 3520 2871 3575 cap.
2905 3506 2961 3574 Ξ,
3017 3507 3045 3577 ς
3091 3509 3182 3572 l5;
3215 3506 3444 3562 Michael
3477 3507 3784 3568 Paludanus,

2214 3597 2444 3669 insignis
2472 3598 2666 3654 doctor
2695 3598 3067 3667 Lovanlensis,
3112 3602 3164 3654 in
3207 3601 3433 3670 epistola
3465 3601 3533 3656 ad
3552 3603 3788 3656 Conrium

2216 3692 2682 3763 archiepiscopum
2722 3693 3142 3762 Thuamensem,
3173 3711 3291 3766 qua:
3314 3696 3514 3766 legitur
3545 3697 3598 3750 in
3626 3697 3787 3750 limine

2217 3784 2340 3838 libri
2372 3785 2614 3854 ejusdem
2637 3786 2820 3842 Conrii
2851 3801 2978 3842 mox
3007 3789 3280 3842 laudandi.
3309 3788 3553 3858 Denique
3578 3787 3785 3844 Carolus

2218 3875 2434 3930 Moreau
2463 3876 2671 3945 Gallus,
2704 3887 2854 3933 tomo
2882 3880 2898 3933 l
2927 3879 3008 3932 sui
3041 3877 3379 3945 Tertulliani,
3418 3889 3560 3949 part.
3594 3896 3651 3947 ιι,
3681 3895 3784 3950 pag.

2216 3966 2284 4020 89
2309 3977 2362 4022 et
2393 3982 2530 4037 seq.,
2565 3969 2652 4024 ubi
2679 3969 2756 4024 ait
2789 3988 2801 4023 :
2837 3988 2856 4022 ι
2888 3971 3260 4027 Attendantet
3287 3971 3343 4026 bi
3378 3974 3469 4040 qui
3499 3975 3668 4028 solam
3691 3985 3789 4043 pte-

2217 4072 2342 4114 nam
2365 4059 2546 4114 damni
2580 4061 2632 4115 in
2662 4061 2742 4118 eis
2770 4061 3080 4130 admittunt,
3113 4077 3173 4119 se
3194 4061 3265 4118 ab
3292 4062 3515 4132 antiquo
3550 4063 3790 4121 Ecclesia:

2217 4159 2271 4205 et
2296 4149 2512 4205 Patrum
2546 4165 2708 4207 sensu
2737 4135 2859 4208 esse
2879 4154 3293 4210 remotissimos.
3322 4173 3341 4207 ι
3379 4154 3458 4210 lbi
3483 4158 3630 4212 enim
3655 4157 3789 4227 plura

2215 4237 2434 4295 Patrum
2465 4243 2772 4298 testimonia
2791 4243 2992 4314 laudat,
3019 4259 3139 4316 quae
3161 4253 3340 4302 tamen
3365 4246 3434 4302 de
3457 4247 3790 4304 damnatione

2215 4334 2465 4403 generice
2493 4345 2705 4407 sumpta
2738 4337 3119 4409 intelligendos
3153 4355 3277 4396 esse
3324 4341 3483 4398 facile
3511 4340 3790 4398 adversarii

2214 4424 2431 4493 dicent;
2458 4442 2636 4499 neque
2667 4431 2811 4486 enim
2841 4430 3061 4499 Gelasii,
3093 4432 3258 4498 Aviti,
3291 4431 3503 4502 lsidori,
3529 4432 3790 4490 Prudentii

2211 4518 2559 4590 aliorumque
2587 4523 2935 4579 auatoritates
2957 4523 3229 4593 produxit,
3259 4540 3396 4596 quas
3425 4541 3526 4582 nos
3560 4528 3790 4598 superius

2219 4614 2513 4670 attulimus.
2549 4616 2646 4671 Hic
2677 4627 2853 4674 tamen
2889 4618 3317 4689 Augustinianos
3371 4621 3662 4691 plurimum
3707 4621 3788 4676 de-

521 4701 740 4771 cpochae
769 4717 921 4757 novae
947 4702 1233 4771 opiniones
1260 4718 1288 4758 a
1329 4705 1672 4760 scholasticis
1699 4720 1943 4775 procuse
1965 4717 2108 4763 sunt.
2136 4678 2192 4741 Β
2212 4707 2342 4764 bere
2370 4709 2541 4765 fateor
2567 4710 2893 4768 doctissimis
2921 4678 3233 4785 Seraphicm
3268 4678 3491 4771 familias
3533 4715 3784 4782 Patribus,

522 4791 621 4859 Qui
650 4793 696 4846 si
729 4793 780 4846 in
813 4791 1038 4848 Patrum
1070 4793 1439 4850 voluminibus
1466 4804 1670 4852 tantum
1693 4796 1855 4852 studii
1876 4811 1940 4852 ac
1960 4797 2111 4853 labo-

520 4883 598 4938 ris
647 4883 977 4952 posuissent,
1035 4894 1292 4952 quantum
1333 4885 1608 4942 Aristoteli
1645 4888 1967 4958 explicando
2006 4889 2106 4945 im-

520 4975 784 5044 pendere,
818 4976 1062 5045 profecto
1091 4978 1264 5033 sancti
1309 4978 1595 5047 Augustini
1645 4980 1970 5036 sententiam
2003 4996 2108 5036 non

524 5067 900 5133 obduxissent,
960 5084 1132 5138 neque
1178 5084 1362 5124 eorum
1413 5070 1653 5139 plerique
1692 5070 2108 5142 Pelagianorum

524 5159 855 5226 Opinionem,
915 5159 1060 5227 quod
1112 5159 1408 5215 naturalem
1441 5159 1586 5214 illam
1615 5176 1905 5230 puerorum
1936 5163 2107 5222 beati-

523 5256 689 5302 tatem
712 5247 920 5315 attinet,
940 5248 1214 5305 hominum
1243 5251 1514 5307 mentibus
1537 5260 1641 5307 tam
1659 5252 1768 5310 alte
1784 5253 2104 5311 inﬁxissent.

526 5340 726 5395 Verum
755 5350 900 5397 tanta
929 5342 1032 5397 fuit
1065 5345 1142 5400 vis
1167 5346 1432 5414 veritatis,
1484 5361 1548 5402 ac
1593 5355 1795 5406 tantum
1827 5351 2107 5421 Augustini

525 5433 820 5489 auctoritas
845 5435 1037 5504 valuit,
1071 5445 1128 5492 ut
1156 5438 1402 5509 plerique
1450 5439 1614 5496 etiam
1665 5442 2104 5501 scholasticorum

525 5522 753 5592 pedibus
782 5525 837 5580 in
866 5529 1150 5596 Augustini
1181 5532 1504 5587 sententiam
1545 5534 1742 5591 ierunt.
1771 5535 1980 5594 Primus
2007 5538 2108 5594 fuit

529 5616 824 5686 Gregorius
851 5619 1232 5694 Ariminensis,
1266 5625 1648 5682 subtilissimus
1675 5629 1908 5698 antiquae
1959 5630 2108 5687 Pari-

531 5708 728 5766 siensis
756 5711 958 5768 schola:
985 5714 1198 5780 doctor,
1226 5718 1317 5785 qui
1367 5731 1554 5786 poenas
1606 5721 1893 5776 sensibiles
1944 5722 2110 5778 infan-

525 5804 659 5859 tium
685 5807 948 5863 acerrime
976 5809 1229 5866 sustinuit
1262 5812 1314 5864 in
1341 5811 1376 5864 2
1407 5812 1830 5880 Sententiarum,
1864 5815 1994 5872 dist.
2015 5818 2104 5884 50,

529 5908 721 5965 qutest.
755 5901 807 5955 ’5.
843 5900 1025 5957 Nullus
1057 5912 1232 5957 autem
1282 5912 1521 5958 veterum
1571 5905 2016 5963 scholasticorum
2049 5912 2100 5965 in

2213 4803 2435 4859 totidem
2483 4805 2626 4859 enim
2678 4820 2774 4874 pro
2833 4806 3229 4877 Augustiniana
3257 4810 3553 4874 sententia,
3582 4817 3709 4878 quot
3728 4819 3785 4863 ex

2215 4897 2432 4961 nostris,
2483 4905 2627 4953 stare
2677 4897 2855 4955 video.
2909 4899 3220 4969 Alphonsus
3251 4897 3527 4966 aCastro,
3578 4897 3785 4968 insignis

2213 4989 2516 5059 theologus,
2550 4991 2603 5044 in
2626 4989 2719 5046 lib.
2751 4991 3009 5048 adversus
3039 4993 3258 5060 heres"
3290 5009 3344 5047 v.
3377 4992 3699 5062 Baptismus,
3721 4989 3785 5042 ait

2216 5095 2412 5151 pueros
2432 5083 2681 5153 originali
2709 5083 2938 5140 infectos
2966 5099 3086 5141 esse
3113 5088 3359 5156 gehennaz
3387 5086 3650 5141 obnoxios.
3674 5084 3784 5138 Mat-

2221 5175 2358 5233 thias
2390 5176 2661 5232 Hauzerus
2693 5177 2833 5233 idem
2866 5178 3025 5234 docet
3073 5187 3205 5234 tom.
3264 5177 3314 5234 ll
3358 5178 3657 5235 Anatomia
3684 5176 3785 5231 Au-

2216 5269 2554 5338 gustinianae,
2605 5285 2725 5341 pag.
2776 5271 2900 5326 764.
2949 5270 3092 5328 idem
3147 5272 3310 5328 etiam
3339 5271 3544 5329 docent
3569 5272 3786 5328 Joannes

2217 5361 2448 5417 Poncius
2478 5362 2768 5429 Hibernus,
2804 5363 2946 5436 disp.
3003 5365 3070 5420 18
3125 5365 3326 5421 Cursus
3353 5365 3660 5436 theologici,
3692 5371 3786 5417 tota

2215 5455 2519 5524 quastione
2545 5456 2599 5521 6,
2633 5465 2687 5513 et
2718 5457 2772 5513 in
2824 5457 3228 5515 Commentario
3259 5460 3312 5515 in
3340 5459 3376 5512 2
3405 5459 3785 5516 Sententiarum

2216 5546 2384 5610 Scoti,
2413 5547 2542 5602 dist.
2575 5546 2676 5613 35;
2710 5548 2770 5602 P.
2800 5547 3043 5619 Macedo,
3073 5549 3167 5606 lib.
3202 5565 3254 5606 IV
3281 5550 3350 5607 de
3376 5549 3650 5614 Clavibus,
3674 5559 3778 5614 cap.

2216 5639 2303 5704 18,
2333 5647 2508 5694 contr.
2531 5639 2600 5696 de
2629 5638 2858 5697 Peccato
2885 5642 3047 5712 orig.,
3065 5652 3199 5700 sect.
3224 5642 3288 5710 ὅς
3309 5658 3540 5714 quorum
3566 5641 3777 5698 omnium

2213 5731 2390 5786 studia
2420 5731 2869 5790 vicitFlorentius
2893 5735 3148 5803 Conrius,
3165 5735 3607 5807 archiepiscopus
3628 5731 3761 5788 Thus

2212 5826 2436 5890 mensis,
2470 5827 2679 5898 integro
2702 5843 2802 5898 pro
2821 5829 2997 5886 sancti
3016 5830 3303 5901 Augustini
3325 5829 3616 5887 assertione
3635 5822 3767 5878 volu-

2214 5915 2359 5974 mine
2391 5918 2662 5986 evulgato,
2693 5919 2746 5976 in
2777 5935 2883 5992 quo
2932 5921 3203 5982 fusissime
3231 5939 3296 5981 ex
3329 5925 3499 5982 sacris
3526 5915 3700 5978 litteris
3723 5927 3750 5966 e
