3962 6346
197 379 305 438 655

1336 369 1658 427 VlNDlL‘lIE
1699 364 2258 426 AUGUSTINIANE.

3352 362 3456 421 654

193 489 500 561 Augustino
529 485 818 545 sensibiles
843 484 1124 543 infantium
1155 497 1342 553 poenas
1372 480 1778 538 demonstravit.
1809 490 1862 548 Α
1887 479 1951 533 iis
2009 478 2243 534 miseriis
2293 490 2427 548 quas
2468 474 2523 534 in
2576 485 2765 533 natura
2803 491 2938 546 pura
2976 473 3258 540 subiisset;
3291 489 3460 546 quare

193 583 425 641 Patrum
442 588 620 638 tamen
651 579 960 637 testimonia
981 577 1186 646 omisit,
1205 589 1343 633 unus
1370 575 1514 631 enim
1532 574 1782 643 Augusti-

191 693 301 736 nus
332 678 500 734 instar
525 675 765 732 omnium
794 673 872 730 illi
916 673 1035 730 fuit.
1077 672 1173 728 Hic
1219 679 1397 727 autem
1428 684 1550 725 cum
1595 682 1716 738 cap.
1746 669 1783 723 2

192 771 475 830 retulisset
524 769 811 840 plerosque
860 781 923 825 ea
974 766 1029 823 in
1056 764 1312 837 opinione
1342 761 1698 834 Augustinum
1727 760 1783 814 in

192 875 458 920 excessus
509 859 820 930 prolapsum
875 858 1207 923 sentientes,
1251 869 1370 928 quae
1422 851 1783 910 recentiorum

191 954 472 1012 cantilena
495 959 602 1020 est,
624 951 768 1008 haud
795 949 898 1007 sibi
923 958 1224 1019 temperare
1250 947 1423 1020 potuit
1446 945 1574 1016 quin
1600 941 1782 1000 excla-

190 1057 373 1106 maret
407 1066 421 1104 :
458 1067 475 1100 t
511 1046 555 1104 0
605 1060 795 1102 vocem
845 1059 952 1100 non
1001 1043 1175 1099 solum
1225 1041 1374 1097 mirae
1428 1037 1784 1096 animositatis

195 1145 439 1214 plenam,
464 1140 561 1198 sed
592 1137 800 1210 injurite
828 1138 882 1193 in
911 1137 1288 1206 Augustinum,
1318 1133 1541 1203 ejusque
1569 1137 1784 1187 sanctos

191 1236 630 1306 commagistros,
653 1242 708 1289 et
741 1234 794 1287 in
823 1233 994 1301 ipsam
1042 1230 1226 1287 sedem
1257 1226 1609 1298 apostolicam
1646 1224 1783 1280 forte

193 1328 598 1400 plenissimam!
640 1345 661 1382 ι
696 1325 867 1382 Video
893 1323 1036 1380 hunc
1082 1322 1456 1379 doctissimum
1483 1319 1780 1376 antistitem

192 1423 382 1480 vocari
407 1437 437 1477 a
464 1419 728 1476 Morainio
769 1432 1031 1475 novorum
1077 1416 1520 1486 dogmatisiarum
1551 1411 1783 1483 prodro-

195 1530 374 1582 mum,
402 1527 522 1568 cum
551 1520 730 1565 tamen
757 1507 1186 1579 antiquissimam
1217 1507 1432 1562 Patrum
1460 1502 1780 1559 sententiam

193 1605 640 1680 propugnaverit.
697 1608 765 1660 At
817 1603 961 1674 quod
1003 1603 1057 1658 in
1101 1601 1285 1657 limine
1326 1598 1446 1654 libri
1499 1596 1780 1667 Augustini

193 1715 399 1758 nomen
424 1696 720 1766 inscripsit,
750 1710 813 1750 ac
856 1695 1202 1765 peregrinum
1257 1688 1682 1747 Jerichontinum
1729 1687 1782 1741 in

191 1795 307 1850 alio
355 1790 626 1847 volumine
669 1786 984 1855 descripsit,
1031 1785 1083 1839 in
1122 1799 1232 1853 quo
1279 1781 1528 1836 humanae
1581 1788 1786 1834 naturae

1883 584 2006 625 cum
2064 580 2341 639 peccatum
2389 568 2610 639 originis
2652 584 2750 639 per
2799 583 2860 625 se
2898 567 3174 626 sustulerit
3202 567 3460 637 justitiam

1883 662 2217 734 originalem,
2253 678 2347 732 per
2366 662 2620 719 accidens
2649 662 2854 718 induxit
2885 662 3150 722 miserias.
3170 660 3321 720 Hanc
3347 677 3465 719 res-

1889 756 2206 826 ponsionem
2234 755 2262 826 §
2289 754 2324 809 2
2343 754 2591 824 superius
2612 753 2958 825 explosimus,
2982 768 3142 825 quam
3163 767 3351 810 rursus
3374 753 3465 810 hic

1886 850 2104 920 egregio
2132 849 2444 904 testimonio
2473 847 2776 918 Augustini,
2809 847 2904 904 lib.
2930 861 2982 904 vr
3015 846 3205 917 Operis
3226 847 3462 917 imperf.,

1883 962 2004 1017 cap.
2035 945 2126 1012 '57,
2158 945 2476 1002 refellimus.
2517 962 2536 997 ι
2572 943 2782 1008 Restat,
2840 942 3030 1013 inquit,
3078 952 3135 999 ut
3189 943 3310 1010 ista,
3340 956 3464 1013 qua

1884 1055 2028 1096 nunc
2079 1048 2161 1097 est
2199 1039 2427 1113 (scilicet
2475 1053 2623 1096 mors
2671 1035 2957 1107 corporis),
2988 1037 3103 1105 ipsa
3149 1036 3461 1104 novissimm

1884 1133 1990 1189 hoc
2033 1144 2139 1200 est,
2193 1134 2246 1187 in
2278 1135 2383 1188 line
2409 1132 2734 1198 destruatur,
2777 1129 2990 1200 quando
3017 1129 3111 1184 fiet
3137 1129 3466 1187 resurrectio

1884 1229 2083 1291 carnis,
2117 1233 2173 1280 ut
2205 1239 2310 1280 non
2337 1224 2408 1280 sit
2436 1237 2598 1293 porro
2644 1222 2886 1291 inimica,
2919 1221 3191 1291 quomodo
3217 1229 3385 1289 esset,
3416 1221 3464 1276 si

1883 1323 2144 1378 naturalis
2173 1323 2246 1378 ita
2276 1330 2440 1388 esset,
2470 1329 2528 1377 ut
2573 1320 2800 1390 poenalis
2848 1332 2954 1375 non
3003 1328 3178 1386 esset;
3233 1317 3464 1390 pmnalis

1883 1422 2061 1470 autem
2101 1416 2200 1469 sub
2245 1414 2394 1483 justo
2444 1424 2499 1469 et
2552 1412 2923 1483 omnipotente
2970 1411 3081 1466 Deo
3106 1410 3288 1481 judice
3318 1410 3466 1466 nullo

1883 1516 2042 1578 pacto
2069 1515 2235 1573 esset,
2266 1508 2371 1562 nisi
2423 1507 2630 1562 meritis
2680 1505 2885 1576 peccati
2936 1504 3246 1561 accidisset.
3278 1521 3297 1555 ι
3333 1503 3468 1558 Cum

1884 1608 2063 1654 autem
2087 1615 2234 1656 mors
2263 1600 2491 1670 pmnalis
2521 1598 2736 1666 dicitur,
2767 1613 2875 1654 non
2908 1597 3030 1654 ideo
3066 1597 3264 1653 dicitur
3289 1594 3362 1653 ob
3385 1611 3469 1652 re-

1888 1690 2145 1748 lationem
2205 1708 2362 1761 quam
2423 1692 2585 1748 habet
2633 1692 2699 1746 ad
2731 1691 2964 1762 culpam,
2997 1690 3150 1761 cujus
3174 1688 3288 1760 ipsa
3314 1703 3473 1759 paena

1892 1786 1980 1855 sit,
2009 1785 2104 1841 sed
2136 1785 2345 1854 poenale
2368 1785 2628 1854 accipitur
2656 1785 2723 1839 ab
2787 1783 3108 1854 Augustino,
3139 1782 3277 1852 quod
3311 1779 3472 1836 infert

192 1897 372 1942 status
417 1884 566 1953 juxta
609 1879 895 1951 Augustini
943 1886 1178 1932 mentem
1229 1874 1445 1944 egregie
1491 1869 1776 1942 explicuit,

1901 1879 2181 1934 :ruciatum
2215 1888 2269 1932 et
2298 1878 2563 1942 dolorem,
2594 1875 2733 1955 unde
2761 1885 2815 1930 et
2846 1890 3002 1946 paena
3050 1874 3153 1929 alia
3197 1881 3280 1929 est
3302 1871 3468 1942 justa',

194 1978 327 2033 hinc.
350 1985 405 2031 et
434 1974 672 2045 nuperis,
715 1984 851 2042 quos
881 1967 1136 2040 appellat,
1184 1965 1524 2036 dogmatistis
1553 1977 1784 2035 praecur-

193 2085 290 2126 sor
318 2070 498 2135 datus,
533 2075 739 2122 tantum
761 2062 962 2123 Courio
1001 2063 1154 2119 stetit
1200 2060 1555 2129 Augustinum
1598 2054 1785 2112 defen-

194 2165 374 2219 disse.
406 2161 471 2217 lli
494 2175 623 2230 ergo
653 2156 1020 2214 subtilissimae
1043 2153 1242 2210 sebon
1279 2149 1636 2221 professores,
1662 2147 1787 2203 licet

193 2257 336 2312 alias
361 2253 527 2310 Scoto
555 2249 934 2315 addictissimi,
953 2260 1073 2303 cum
1117 2243 1427 2315 magistrum
1456 2240 1510 2296 in
1535 2236 1786 2310 praesenti

192 2345 570 2406 controversia
598 2357 719 2398 cum
751 2339 1050 2409 Augustino
1081 2337 1261 2393 minus
1286 2331 1578 2391 convenire
1624 2328 1784 2384 intel-

195 2443 453 2512 ligerent,
486 2435 729 2506 religioni
754 2433 1027 2490 duxerunt
1049 2429 1273 2486 Scotum
1315 2424 1616 2494 Augustino
1644 2436 1784 2491 pra:-

199 2548 426 2606 ponere.
465 2531 573 2586 lmo
600 2545 663 2586 eo
695 2529 831 2584 facto
862 2525 1028 2595 ipsius
1051 2522 1221 2591 Scoti,
1250 2519 1296 2576 si
1326 2533 1432 2574 non
1462 2514 1782 2581 doctrinam,

197 2630 393 2684 saltem
421 2624 727 2694 exemplum
769 2621 939 2678 secuti
988 2625 1133 2673 sunt.
1165 2613 1376 2671 Etenim
1407 2609 1787 2667 subtilissimus

204 2723 296 2776 ille
327 2720 608 2776 doctorum
641 2725 848 2772 tantum
893 2709 1190 2782 Augustino
1238 2706 1448 2770 detulit,
1500 2713 1555 2757 ut
1601 2703 1788 2758 Patres

200 2815 466 2879 Minores,
492 2814 546 2867 in
570 2809 752 2866 libello
785 2805 1007 2877 supplici
1032 2800 1273 2860 exhibito
1309 2797 1519 2856 senatui
1546 2795 1789 2852 Castellte

195 2922 348 2963 anno
372 2905 535 2972 1628,
565 2919 671 2975 quo
695 2902 1060 2971 juramentum
1105 2893 1549 2952 Salmanticensis
1601 2889 1792 2946 acade-

198 3004 330 3058 miaa
361 3015 458 3070 pro
485 2994 816 3053 defendenda
861 2991 1105 3048 doctrina
1155 2987 1329 3045 sancti
1377 2984 1624 3047 'l‘honiae,
1648 2981 1792 3050 quod

200 3093 654 3165 diligentissimus
710 3085 991 3158 Augustini
1041 3080 1337 3152 discipulus
1383 3077 1505 3144 fuit,
1540 3087 1792 3145 tanquam

199 3189 418 3246 doctori
473 3185 656 3241 subtili
712 3181 1025 3251 injuriosum
1061 3175 1400 3240 deferebant,
1432 3171 1546 3226 haec
1574 3169 1796 3238 scripse-

1887 1969 1993 2026 alia
2020 1970 2217 2040 injusta
2253 1984 2485 2039 :nempe
2540 1968 2737 2037 injdsta
2787 1975 2892 2035 est,
2942 1981 3059 2037 quae
3099 1967 3216 2021 sine
3271 1965 3469 2034 pravio

1885 2064 2154 2122 demerito
2186 2064 2461 2120 innocenti
2489 2079 2518 2118 a
2549 2072 2776 2132 tyranno
2806 2060 3080 2130 inﬂigitur.
3108 2060 3178 2115 At
3203 2073 3348 2114 mors
3376 2071 3472 2113 ne-

1888 2159 2005 2226 quit
2033 2172 2153 2214 esse
2169 2156 2457 2221 naturalis,
2484 2163 2540 2208 ut
2565 2169 2670 2210 non
2698 2154 2765 2208 sit
2788 2152 3036 2223 poenalis.
3059 2152 3268 2208 Etenim
3290 2149 3468 2204 anima

1885 2262 1919 2302 a
1944 2261 2175 2317 corpore
2215 2246 2459 2315 separari
2489 2260 2594 2300 non
2626 2252 2824 2314 potest,
2858 2243 2962 2298 nisi
3013 2242 3224 2312 praeviis
3269 2240 3472 2296 morbis

1887 2350 1943 2396 et
1968 2338 2402 2405 doloribus,sive
2432 2340 2468 2394 ii
2499 2336 2642 2407 longi
2664 2337 2794 2403 sint,
2817 2336 2932 2392 sive
2959 2336 3186 2400 breves;
3213 2334 3306 2404 qui
3325 2331 3472 2389 enim

1888 2435 2081 2490 breves
2133 2441 2260 2489 sunt
2312 2432 2492 2504 magni
2549 2443 2694 2490 sunt.
2755 2431 2898 2501 Ergo
2935 2445 3003 2485 ex
3043 2437 3230 2484 sancto
3251 2427 3475 2483 doctore

1889 2527 2077 2597 nequit
2097 2542 2244 2582 mors
2273 2542 2394 2582 esse
2422 2528 2685 2582 naturalis
2709 2525 2813 2580 sub
2848 2523 2994 2594 justo
3021 2531 3075 2577 et
3106 2521 3475 2590 omnipotente

1890 2616 2025 2685 Deo,
2053 2619 2143 2689 qui
2179 2629 2433 2688 tanquam
2461 2617 2642 2689 justus
2672 2631 2779 2672 non
2798 2614 3063 2686 inﬂigeret
3082 2613 3280 2667 malum
3305 2626 3475 2681 pmnze

1891 2708 2010 2763 sine
2037 2708 2216 2778 culpa,
2253 2717 2504 2779 tanquam
2536 2710 2877 2778 omnipotens
2906 2721 3012 2761 non
3053 2706 3256 2760 sineret
3283 2704 3352 2758 ab
3370 2703 3475 2759 alio

1892 2802 1990 2856 toti
2023 2801 2299 2858 innocenti
2329 2813 2532 2858 naturae
2564 2802 2748 2871 inﬂigi.
2783 2801 2917 2857 Hinc
2938 2799 3133 2855 clamat
3162 2798 3352 2854 eodem
3379 2797 3474 2854 lib.

1894 2910 1965 2961 vr,
2002 2911 2119 2965 cap.
2154 2895 2225 2949 20
2255 2912 2269 2948 :
2302 2915 2319 2949 ι
2353 2898 2539 2966 Neque
2565 2898 2707 2951 enim
2735 2895 2837 2950 sub
2867 2895 2977 2949 Deo
2999 2894 3143 2962 justo
3171 2892 3338 2948 miser
3357 2905 3478 2948 esse

1891 2984 2198 3054 quisquam,
2238 2985 2339 3040 nisi
2367 2999 2657 3051 mereatur,
2690 2992 2887 3055 potest.
2920 3001 2939 3035 ι
2995 2982 3276 3050 Quomodo
3303 2992 3479 3038 autem

1897 3075 2088 3144 Adam,
2124 3076 2249 3132 licet
2269 3094 2337 3133 ex
2365 3078 2646 3133 elementis
2675 3087 2730 3132 et
2759 3091 2986 3146 corpore
3017 3075 3233 3131 animali
3260 3089 3481 3143 compo-

1897 3171 2058 3238 situs,
2086 3172 2380 3228 moriturus
2411 3189 2516 3228 non
2546 3173 2752 3240 fuisset,
2774 3172 2986 3242 egregie
3016 3171 3250 3241 explicat
3270 3176 3483 3224 sanctus

203 3286 320 3339 rint
352 3299 368 3336 :
401 3299 422 3334 ο
459 3280 650 3336 Scelus
677 3275 813 3332 adeo
828 3271 1239 3342 AuguStiniante
1265 3266 1527 3322 doctrinae
1557 3262 1800 3318 addictus
1831 3263 1876 3326 C
1905 3262 2096 3318 doctor
2126 3264 2348 3333 ibidem,
2399 3281 2520 3335 cap.
2579 3266 2668 3320 59.
2703 3264 2830 3330 Sed,
2859 3263 2944 3318 his
2971 3264 3207 3328 omissis,
3239 3261 3484 3318 cominus

203 3375 331 3442 fuit,
359 3383 418 3428 ut
446 3375 501 3428 in
528 3371 661 3427 solis
683 3366 1000 3436 tbeologicis
1017 3360 1420 3421 commentariis
1447 3355 1799 3426 octingenties

201 3483 275 3523 ac
301 3465 616 3537 quindecies
641 3472 885 3516 sanctum
912 3456 1268 3527 Augustinum
1300 3453 1354 3508 in
1376 3463 1590 3505 suarum
1626 3460 1795 3502 asser-

206 3561 420 3616 tionum
464 3565 655 3612 testem
687 3550 988 3623 protulerit,
1051 3567 1071 3603 ι
1119 3557 1224 3603 etc.
1258 3546 1388 3613 Qua:
1417 3542 1587 3598 aliave
1618 3539 1799 3608 legere

202 3652 420 3725 poteris
479 3659 623 3706 tomo
679 3645 844 3717 priori
887 3642 1144 3698 Historiae
1175 3633 1802 3709 AugustinianaelliSpa-

205 3724 333 3800 nice
355 3742 572 3810 scripta:
595 3754 622 3793 a
656 3737 816 3793 Petro
844 3735 910 3790 de
937 3733 1160 3802 Campo,
1208 3729 1304 3784 lib.
1338 3743 1416 3793 ιιι,
1474 3739 1593 3795 cap.
1626 3724 1716 3788 30,
1749 3729 1804 3778 et

209 3836 360 3906 apud
384 3834 583 3889 Lucam
613 3829 940 3899 Wadingum
972 3826 1025 3881 in
1058 3826 1174 3880 Vita
1217 3823 1385 3887 Scoti,
1413 3829 1558 3880 tomo
1606 3819 1620 3871 l
1667 3817 1803 3887 Ope-

203 3943 333 3985 rum
361 3926 625 3995 ejusdem,
650 3937 768 3992 cap.
797 3922 888 3986 15,
920 3932 1069 3974 num.
1094 3917 1182 3973 69.

207 4028 400 4084 Thesis
425 4026 488 4078 de
506 4023 730 4079 sensibili
758 4020 1036 4090 infantium
1059 4015 1288 4090 paenahin
1309 4013 1496 4090 inf_e_ris_
1522 4009 1806 4090 rationibus

287 4098 557 4154 suadetur.
592 4095 707 4158 Qua
731 4081 996 4145 occasione
1036 4081 1319 4158 ostenditur
1366 4081 1651 4158 ‘Ecclesiant
1702 4081 1805 4158 Re-

286 4152 499 4223 rnanam
529 4152 662 4218 ἱηέὲν
685 4178 889 4232 precum
913 4156 1342 4232 ofﬁciajeamdem
1383 4155 1544 4232 sancti
1583 4152 1806 4205 doctoris

289 4240 594 4295 sententiam
622 4224 855 4288 rei‘itare.
891 4224 1206 4301 Augustinus
1248 4235 1391 4280 vocat
1431 4224 1583 4301 illam
1609 4238 1806 4293 poenam

288 4309 633 4364 mitissimam.
660 4305 917 4360 Statuitur
941 4296 1127 4372 pueros
1153 4314 1218 4354 ex
1237 4313 1383 4368 poena
1411 4296 1584 4349 damni
1606 4307 1807 4364 gravem

290 4380 554 4436 tristitiam
577 4378 705 4447 pati.

299 4481 411 4540 Sed
441 4495 540 4537 nec
573 4481 769 4534 desunt
802 4481 1112 4545 argumenta
1141 4470 1274 4526 satis
1291 4468 1466 4524 valida
1493 4481 1614 4537 quae
1638 4464 1808 4519 sancti

215 4573 512 4647 Augustini
541 4568 868 4627 sententiam
913 4580 1020 4620 non
1049 4563 1208 4620 modo
1239 4560 1596 4632 probabilem,
1623 4570 1806 4613 verum

1903 3355 2080 3410 datam
2107 3357 2515 3426 responsionem
2547 3370 2818 3426 oppugno.
2852 3355 3073 3410 Etiamsi
3117 3355 3278 3409 homo
3302 3353 3356 3406 in
3387 3367 3484 3406 na-

1906 3457 2019 3502 tura
2053 3464 2183 3516 pura
2213 3448 2427 3504 futurus
2451 3449 2639 3504 fuisset
2692 3447 2757 3502 iis
2799 3447 3032 3502 miseriis
3057 3443 3332 3515 subjectus
3367 3457 3489 3514 qum

1902 3555 1970 3594 ex
1994 3540 2373 3609 complexione
2397 3539 2813 3604 elementorum,
2862 3538 3057 3608 quibus
3101 3546 3310 3593 constat
3353 3544 3407 3590 et
3435 3535 3492 3590 in

1911 3631 2108 3700 quibus
2143 3632 2295 3695 vivit,
2332 3643 2507 3687 ortum
2533 3631 2757 3699 ducunt,
2778 3629 2958 3685 multae
2990 3639 3113 3685 sunt
3143 3629 3261 3683 alia:
3289 3627 3492 3698 gravis-

1907 3722 2061 3777 simae
2092 3723 2325 3778 miseriae
2353 3737 2486 3792 quas
2517 3723 2680 3778 homo
2710 3738 2778 3778 ex
2802 3737 2900 3776 sua
2930 3730 3116 3776 natura
3147 3735 3254 3775 non
3273 3720 3488 3790 patitur.

1910 3814 2121 3870 Etenim
2155 3816 2472 3886 plerumque
2502 3815 2655 3886 pueri
2684 3832 2712 3870 a
2743 3817 2990 3871 daemone
3046 3814 3387 3882 invaduntur,
3440 3822 3497 3869 et

1908 3907 1975 3961 ad
2007 3919 2236 3965 mortem
2286 3924 2453 3979 usque
2498 3907 2826 3975 cruciantur,
2858 3908 2945 3962 illa
2976 3918 3152 3962 autem
3185 3920 3343 3976 ptena
3373 3918 3482 3959 non

1910 3999 2083 4055 oritur
2108 4016 2172 4055 ex
2206 4000 2518 4056 conditione
2549 4001 2807 4055 materiae.
2848 3999 3013 4069 Urget
3053 3999 3153 4053 hoc
3209 4009 3492 4068 argumen-

1914 4102 2021 4147 tum
2051 4091 2378 4162 Augustinus
2409 4091 2500 4147 lib.
2524 4107 2577 4146 v1
2606 4099 2793 4147 contra
2815 4086 3311 4157 Julianum,eap.6.
3350 4103 3367 4138 ι
3387 4085 3489 4153 Τυ,

1914 4187 2107 4257 inquit,
2141 4203 2348 4254 assere,
2381 4188 2428 4242 si
2456 4197 2627 4258 potes,
2663 4189 2935 4259 quomodo
2973 4187 3072 4243 sibi
3106 4200 3209 4241 non
3241 4185 3491 4249 obscure,

1912 4280 2006 4334 sed
2039 4292 2225 4350 aperte
2251 4278 2483 4336 vindicet
2523 4283 2794 4350 parvulos,
2819 4297 2953 4352 quos
2985 4278 3243 4335 immundi
3273 4278 3493 4348 spiritus

1919 4382 2140 4429 vexant.
2192 4373 2250 4430 Si
2297 4375 2345 4430 ei
2380 4373 2606 4431 traditos
2639 4374 2796 4443 dicis,
2829 4374 3074 4431 videmus
3103 4372 3260 4426 ambo
3292 4369 3495 4439 suppli-

1918 4466 2082 4533 cium,
2114 4474 2172 4521 tu
2215 4466 2302 4521 die
2343 4467 2623 4530 meritum;
2674 4466 2832 4521 ambo
2866 4464 3135 4521 cernimus
3172 4475 3407 4531 poenam,
3443 4470 3497 4514 tu

1916 4561 2007 4627 qui
2038 4560 2179 4615 nulla
2212 4561 2350 4613 mala
2386 4559 2573 4614 merita
2599 4554 2736 4613 dicis
2750 4574 2815 4613 ex
2848 4557 3160 4628 parentibus
3187 4555 3346 4618 trahi,
3372 4567 3493 4607 cum

216 4646 389 4726 etiam
450 4667 604 4733 longe
653 4659 1072 4731 probabiliorem
1125 4653 1447 4719 ostendunt;
1495 4665 1616 4708 nam
1668 4648 1797 4720 quod

1920 4652 2088 4707 Deum
2116 4652 2319 4722 justum
2349 4653 2507 4707 ambo
2534 4652 2808 4714 fateamur,
2845 4649 3150 4704 demonstra
3195 4646 3294 4702 ista
3340 4657 3499 4714 poena

215 4759 466 4833 synodos
487 4765 541 4811 et
571 4756 760 4810 Patres
790 4752 1004 4817 attinet,
1033 4763 1158 4806 vera
1189 4757 1272 4804 est
1315 4745 1554 4817 ejusdem
1598 4752 1810 4798 senten-

221 4857 318 4910 tia.
352 4850 596 4908 Primum
621 4854 999 4918 argumentum
1031 4853 1113 4899 est
1157 4859 1171 4898 :
1213 4844 1495 4897 Peccatum
1551 4838 1811 4909 originale

220 4946 446 5003 induxit
466 4942 749 5000 sensibiles
780 4939 1026 4996 miserias
1057 4951 1342 5008 puerorum
1368 4933 1644 5003 praesentis
1666 4932 1810 4997 vitae,

218 5053 354 5107 ergo
382 5043 438 5092 et
490 5033 707 5090 easdem
753 5046 850 5101 per
906 5038 1072 5085 totam
1123 5027 1476 5083 aeternitatem
1523 5020 1813 5078 distendet.

220 5133 496 5187 Probatur
537 5139 900 5196 consequens,
950 5125 1070 5193 quia
1130 5135 1304 5192 poena:
1335 5115 1612 5174 sensibiles
1645 5115 1806 5184 hujus

222 5227 351 5278 vitae
373 5236 483 5277 non
506 5226 635 5275 sunt
648 5215 982 5274 sufﬁcientes
999 5214 1067 5269 ad
1092 5209 1523 5267 satisfaciendum
1541 5221 1635 5277 per
1656 5205 1815 5260 satis-

225 5315 540 5386 passionem
573 5323 670 5380 pro
699 5307 910 5363 macula
956 5303 1164 5375 peccati
1195 5299 1492 5370 originalis,
1518 5306 1572 5353 et
1599 5303 1816 5366 quantae

225 5417 447 5480 quanta:
476 5413 622 5471 sunt,
649 5403 797 5474 juste
826 5403 1119 5456 humanum
1149 5411 1317 5469 genus
1341 5395 1558 5452 easdem
1586 5392 1813 5463 patitur;

227 5518 365 5575 ergo
394 5501 625 5558 durante
656 5497 845 5553 eadem
870 5495 1082 5550 macula
1114 5492 1320 5562 peccati
1353 5504 1447 5559 per
1477 5495 1639 5542 totam
1663 5493 1818 5540 teter-

231 5598 482 5660 nitatem,
500 5594 644 5664 juste
667 5593 722 5647 in
753 5597 1013 5645 aeternum
1045 5587 1196 5656 pueri
1224 5583 1471 5655 originali
1499 5581 1616 5636 labe
1636 5577 1818 5634 infecti

233 5691 459 5746 easdem
514 5687 810 5757 patientur.
866 5680 1214 5750 Respondent
1262 5675 1620 5733 communiter
1668 5671 1826 5727 scho-

233 5780 413 5836 lastici
472 5778 718 5834 miserias
766 5789 885 5831 esse
932 5788 1117 5845 poenas
1163 5771 1370 5843 peccati
1418 5766 1694 5839 originalis
1733 5779 1828 5835 per

235 5869 522 5938 accidens;
548 5881 670 5926 nam
697 5865 906 5938 justitia
927 5863 1209 5936 originalis
1246 5861 1520 5919 eximebat
1552 5857 1825 5915 hominem

1920 4743 2158 4813 dignam,
2186 4745 2228 4798 si
2263 4751 2438 4812 potes,
2471 4743 2522 4796 in
2556 4740 2846 4796 infantibus
2870 4737 3104 4809 culpam.
3137 4737 3218 4792 An
3242 4749 3368 4789 vero
3392 4747 3498 4789 non

1921 4837 2168 4909 agnoscis
2194 4837 2357 4890 etiam
2389 4835 2493 4890 hoc
2521 4833 2587 4889 ad
2629 4831 2763 4887 illud
2809 4847 2960 4902 grave
2991 4832 3178 4899 jugum
3210 4827 3499 4896 pertinere,

1920 4931 2062 5001 quod
2089 4937 2172 4984 est
2192 4926 2346 4997 super
2367 4926 2504 4994 ﬁlios
2525 4925 2689 4979 Adam
2705 4939 2740 4976 a
2761 4921 2846 4976 die
2866 4920 3031 4977 exitus
3053 4920 3116 4974 de
3137 4926 3307 4972 ventre
3327 4915 3502 4969 matris

1920 5037 2094 5076 eorum
2120 5019 2344 5090 (Eccles.
2372 5015 2500 5087 XL)?
2525 5023 2630 5070 etc.
2669 5032 2688 5066 ι
2733 5011 2860 5068 Ideo
2887 5010 3030 5067 enim
3081 5007 3354 5064 daemones
3380 5020 3501 5076 per-

1923 5116 2212 5169 mittuntur
2260 5110 2421 5165 tantis
2471 5105 2794 5163 cruciatibus
2845 5114 3040 5172 pueros
3066 5106 3345 5169 torquere,
3375 5098 3501 5166 quia

1924 5207 2012 5264 isti
2039 5213 2164 5263 sunt
2190 5211 2414 5274 peccato
2465 5198 2756 5268 deturpati.
2814 5189 3019 5266 ltaque'
3046 5193 3272 5249 durante
3318 5189 3507 5246 eodem

1924 5307 2080 5357 reatu
2101 5296 2245 5368 juste
2274 5295 2488 5350 daemon
2513 5292 2711 5361 poterit
2739 5289 2862 5344 illos
2887 5286 3148 5356 afﬂigere.
3198 5285 3404 5340 Rursus
3425 5297 3509 5336 re-
3575 5324 3580 5330 .

1921 5392 2105 5462 jicitur
2153 5389 2342 5444 eadem
2392 5382 2694 5453 responsio.
2737 5381 2795 5436 Si
2843 5373 3073 5434 miseriae
3124 5391 3220 5447 per
3259 5375 3512 5431 accidens

1926 5487 2333 5552 consequuntur
2357 5476 2715 5549 privationem
2737 5472 2965 5544 justitia
2986 5470 3263 5542 originalis
3294 5472 3347 5526 in
3373 5477 3513 5525 statu
3585 5533 3600 5554 ί

1929 5573 2210 5644 praesentis
2238 5572 2387 5637 vitae,
2418 5583 2515 5624 cur
2544 5568 2706 5624 etiam
2733 5567 2787 5621 in
2815 5566 2988 5621 altero
3008 5571 3150 5620 statu
3176 5561 3377 5619 eaedem
3405 5559 3510 5615 mi-
3593 5587 3604 5629 ς

1933 5667 2086 5722 seriae
2114 5663 2300 5720 itidem
2333 5661 2521 5718 saltem
2573 5674 2669 5729 per
2701 5657 2954 5715 accidens
2980 5669 3087 5712 non
3113 5659 3512 5721 consequentur

1935 5758 2290 5828 privationem
2342 5752 2645 5826 originariae
2693 5748 3049 5808 innocentiae?
3097 5745 3346 5802 Profecto
3391 5754 3510 5795 eum

1935 5858 2214 5922 peccatum
2237 5849 2292 5905 in
2321 5847 2498 5918 pueris
2527 5846 2580 5901 in
2614 5844 2865 5916 praesenti
2895 5855 3047 5912 aeque
3092 5853 3153 5894 ac
3195 5837 3370 5893 futura
3400 5831 3506 5888 vita
