3962 6346
524 327 631 388 655

1413 341 1971 398 SUPPLEMENTUM
2010 340 2102 395 AD
2140 338 2370 398 OPERA
2410 342 2469 399 s.
2512 326 2902 399 AUGUSTINI.

3690 338 3800 396 656

519 469 817 525 remaneat,
844 462 1023 517 nescio
1042 461 1304 516 undenam
1330 458 1838 529 divinamjustitiam
1858 461 1909 513 in
1933 461 2103 515 altero
2129 463 2183 524 Α
2212 462 2476 531 Apostoli,
2505 461 2700 529 fuimus
2743 471 2791 511 et
2832 474 2922 512 nos
2970 456 3248 529 aliquando
3287 464 3477 509 natura
3528 454 3630 523 ﬁlii
3680 455 3795 519 ira,

516 550 715 605 sarculo
772 553 1000 607 futuram
1047 568 1170 623 erga
1218 552 1450 605 infantes
1496 551 1767 607 mitiorem
1812 552 2095 617 deducant,

516 661 639 700 cum
676 645 730 701 in
766 646 937 701 aliena
967 644 1076 698 vita
1124 644 1363 698 severius
1414 650 1723 711 peccatores
1776 642 1977 711 puniat.
2035 641 2101 695 Et

516 740 744 808 quidem
773 742 815 793 si
842 738 987 793 Deus
1011 737 1274 791 Adamum
1328 744 1449 804 post
1500 745 1775 804 peccatum
1806 735 1966 790 morti
1993 748 2097 788 non

515 821 871 893 destinasset,
903 838 959 885 et
984 829 1069 883 hic
1100 838 1360 882 aeternum
1406 826 1546 880 inter
1573 824 1819 881 miserias
1848 840 1948 879 una
1977 838 2098 880 cum

520 921 751 994 posteris
768 920 1009 985 vixisset,
1044 919 1221 973 nullus
1239 918 1499 988 judicium
1529 918 1623 972 Dei
1652 918 1866 987 culpare
1897 923 2094 986 posset,

518 1013 612 1084 qui
656 1012 935 1067 inimicum
987 1024 1157 1078 genus
1209 1024 1271 1065 ac
1319 1010 1478 1064 sorde
1516 1010 1771 1079 pollutum
1804 1010 1975 1077 pinnis
2005 1007 2099 1063 ad-

519 1101 762 1159 dixisset.
812 1102 953 1170 Ergo
995 1102 1048 1154 in
1096 1099 1183 1154 illa
1218 1100 1500 1171 hypothesi
1532 1101 1600 1155 ob
1639 1100 1812 1155 solum
1842 1098 2098 1168 originale

519 1192 774 1247 delictum
796 1192 947 1261 pueri
980 1200 1235 1247 aternum
1264 1192 1411 1261 juste
1454 1207 1639 1261 poenas
1670 1192 1933 1247 subirent.

592 1283 852 1339 Probatur
869 1285 1125 1341 secundo.
1152 1286 1292 1340 Deus
1308 1287 1429 1340 odio
1460 1285 1620 1340 habet
1649 1302 1844 1356 pueros
1866 1286 2097 1354 origina-

516 1375 595 1427 ria
623 1375 742 1430 labe
766 1375 1015 1444 pollutos,
1040 1376 1145 1429 illis
1184 1385 1267 1431 est
1296 1378 1462 1430 iratus
1488 1387 1648 1446 atque
1680 1376 2095 1444 inimicus,ergo

514 1469 657 1537 juste
687 1476 860 1537 potest
900 1484 1151 1525 exercere
1186 1478 1369 1524 contra
1417 1469 1635 1524 eosdem
1679 1479 1829 1525 actus
1876 1468 2095 1538 justiti-az

519 1558 870 1624 vindicativae,
899 1568 1055 1629 prout
1086 1560 1200 1614 haec
1218 1568 1301 1615 est
1330 1560 1587 1614 inﬁictiva
1603 1575 1775 1629 poena:
1804 1560 2092 1614 sensibilis.

514 1650 851 1705 Antecedens
890 1650 1153 1720 colligitur
1199 1666 1266 1707 ex
1302 1651 1459 1709 Joan.
1510 1668 1586 1715 In,
1630 1651 1741 1707 56:
1779 1652 1880 1718 Qui
1927 1660 2095 1705 autem

513 1749 807 1803 incredulus
834 1760 907 1804 est
936 1750 1093 1815 Filio,
1118 1767 1217 1804 non
1246 1751 1434 1804 videbit
1462 1751 1643 1817 vitam,
1662 1750 1750 1803 sed
1763 1750 1844 1802 ira
1872 1748 1968 1803 Dei
1994 1764 2095 1802 ma-

2203 561 2422 622 pessent
2442 558 2712 618 utcunque
2739 548 2905 615 eludi,
2938 548 3091 604 nobis
3116 546 3329 602 interim
3354 557 3436 601 sat
3462 555 3547 600 est
3570 544 3791 599 easdem
3835 567 3838 571 ’

2201 646 2412 700 recitari
2443 646 2510 699 ab
2539 644 2777 699 Ecclesia
2801 644 3042 698 Romana
3066 644 3207 698 inter
3236 642 3412 698 ofﬁcia
3456 656 3682 711 precum
3716 639 3793 695 fe-

2200 740 2277 792 ria
2308 754 2358 792 tv
2385 738 2676 794 Dominicre
2705 755 2758 793 tv
2784 738 3238 809 Quadragesimse,
3268 737 3321 790 in
3364 737 3599 792 lectione
3628 734 3791 805 priori

2200 830 2550 899 expositionis
2578 830 2873 901 Evangelii.
2904 831 2989 886 Uti
3018 830 3158 884 enim
3185 838 3394 885 certum
3425 837 3509 884 est
3536 827 3789 897 Augusti-

2200 937 2324 975 num
2358 937 2422 977 eo
2444 922 2547 977 loci
2583 922 2739 992 juxta
2776 923 3045 991 propriam
3076 922 3397 977 sententiam
3438 920 3508 975 de
3547 918 3787 974 sensibili

2201 1028 2485 1081 puerorum
2519 1028 2674 1081 poma
2704 1013 2759 1067 in
2805 1013 3049 1082 gehenna
3081 1012 3319 1069 locutum
3348 1025 3493 1075 esse,
3519 1010 3593 1064 ita
3639 1011 3785 1077 ejus-

2200 1103 2321 1157 dem
2354 1104 2594 1159 doctrina
2620 1106 2732 1160 suis
2761 1105 3009 1173 precibus
3034 1104 3102 1158 ab
3157 1102 3397 1159 Ecclesia
3437 1104 3663 1166 inserta,
3710 1100 3787 1155 in-

2198 1196 2341 1265 genti
2404 1197 2740 1251 auctoritatis
2783 1197 3018 1266 pondere
3068 1196 3319 1260 fulcitur;
3379 1195 3572 1249 saltem
3644 1194 3785 1248 omni

2197 1303 2419 1343 censura
2451 1288 2725 1355 liberatur,
2751 1288 2895 1357 quod
2922 1303 3083 1342 unum
3115 1288 3202 1342 hic
3232 1286 3566 1342 intendimus
3597 1285 3785 1339 adver-

2197 1396 2289 1435 sus
2310 1382 2636 1437 recentiores
2653 1380 2890 1447 criticos,
2910 1393 3163 1437 excessus
3190 1380 3494 1449 Augustino
3522 1377 3782 1447 objicien-

2200 1482 2277 1528 tes
2286 1511 2299 1526 .

2270 1566 2529 1621 Probatur
2596 1567 2772 1621 tertio.
2813 1565 2970 1621 Pueri
3034 1564 3400 1635 praedestinati
3446 1579 3515 1619 ex
3582 1562 3781 1617 meritis

2196 1654 2392 1710 Christi
2429 1656 2700 1710 habebunt
2728 1656 2781 1710 in
2805 1657 2904 1710 alia
2948 1655 3057 1709 vita
3087 1642 3225 1709 bona
3247 1653 3515 1722 corporis,
3544 1666 3672 1721 qua
3700 1653 3780 1705 da-

2199 1758 2271 1803 tes
2299 1764 2328 1802 a
2372 1748 2637 1818 theologis
2663 1755 3067 1817 nuncupantur;
3098 1761 3227 1817 ergo
3257 1745 3410 1816 pueri
3444 1744 3669 1813 reprobi
3693 1758 3781 1812 pa-

511 1852 597 1897 net
623 1860 777 1914 super
798 1860 932 1897 eum.
966 1845 1137 1910 Quam
1187 1843 1504 1897 sententiam
1551 1842 1785 1911 parvulis
1834 1856 1942 1896 non
1978 1855 2096 1897 cre-
2127 1848 2174 1907 Β
2202 1840 2399 1894 tientur
2436 1840 2487 1893 in
2515 1840 2617 1893 alia
2657 1840 2764 1894 vita
2791 1840 2932 1893 mala
2957 1838 3200 1907 corporis
3221 1853 3286 1892 ex
3318 1834 3602 1891 demeritis
3632 1834 3777 1889 Adze.

511 1935 757 1990 dentibus
783 1936 1011 2005 applicat
1038 1944 1250 1990 sanctus
1278 1936 1467 1991 doctor
1488 1935 1578 1989 lib.
1607 1952 1622 1988 ι
1647 1936 1713 1990 de
1745 1946 2089 2004 peccatorum

498 2027 714 2083 Meritis
725 2038 777 2083 et
792 2028 1130 2093 remissione,
1152 2042 1269 2097 cap.
1288 2028 1379 2081 20.
1402 2028 1598 2083 Scribit
1621 2028 1779 2083 etiam
1804 2027 2093 2097 Apostolus

510 2118 708 2189 Ephes.
741 2136 799 2185 tt,
828 2121 861 2173 ’ὁ
895 2139 907 2175 :
934 2120 1160 2175 Eramus
1187 2131 1376 2175 natura
1404 2121 1499 2190 ﬁlii
1518 2122 1626 2184 ira,
1662 2135 1853 2189 nempe
1871 2120 1940 2174 ob
1968 2134 2096 2188 pec-

510 2220 687 2266 catum
710 2210 950 2281 originis,
980 2212 1121 2281 quod
1142 2227 1262 2265 cum
1294 2219 1480 2264 natura
1505 2210 1558 2263 in
1592 2210 1796 2279 prolem
1821 2208 2095 2263 transfun-

509 2302 672 2369 ditur,
697 2317 802 2372 quo
832 2302 891 2355 ﬁt
919 2313 977 2355 ut
1004 2317 1133 2371 puer
1156 2315 1344 2356 recens
1374 2312 1530 2356 natus
1552 2301 1621 2354 sit
1646 2315 1868 2355 aversus
1895 2316 1925 2354 a
1955 2300 2086 2366 Deo,

508 2403 562 2449 et
589 2408 655 2449 ex
682 2395 1025 2465 consequenti
1050 2393 1295 2464 ejusdem
1338 2393 1606 2448 inimicus.
1638 2393 2091 2462 Consequentiam

508 2501 635 2543 vero
663 2496 817 2551 acute
843 2487 1057 2542 deducit
1085 2486 1413 2555 Augustinus
1443 2493 1599 2540 tract.
1632 2484 1701 2539 44
1744 2484 1800 2538 in
1830 2484 2091 2539 Joannem

446 2636 453 2644 ,
506 2579 755 2648 inquiens
772 2590 787 2634 :'
804 2596 823 2631 t
838 2579 1125 2649 Apostolus
1140 2589 1295 2634 natus
1309 2580 1360 2633 in
1376 2588 1534 2649 gente
1545 2578 1926 2649 prophetarum
1942 2579 2089 2634 dicit:

505 2669 727 2723 Fuimus
741 2679 893 2725 etnos
920 2670 1199 2739 aliquando
1223 2681 1408 2723 natura
1427 2669 1526 2737 ﬁlii
1544 2671 1653 2733 irae,
1668 2671 1801 2723 sicut
1821 2678 1868 2723 et
1901 2671 2087 2723 ueteri.

503 2762 563 2817 Si
580 2761 676 2815 ﬁlii
691 2763 806 2827 iraa,
826 2762 917 2816 ﬁlii
938 2761 1211 2828 vindictae,
1233 2762 1323 2816 ﬁlii
1341 2777 1535 2831 preme,
1552 2762 1931 2833 ﬁliigehennae.
1950 2764 2094 2830 Quo-

504 2856 667 2908 modo
695 2862 902 2918 natura,
935 2853 1036 2908 nisi
1058 2854 1180 2923 quia
1198 2862 1452 2924 peccante
1478 2856 1649 2923 primo
1672 2853 1888 2909 homine
1904 2855 2090 2909 vitium

504 2960 603 3017 pro
634 2956 821 3001 natura
849 2946 1105 3001 inolevit?
1137 2965 1154 2997 ι
1189 2946 1556 3015 SuntOptima:
1578 2946 1851 3001 illationes
1872 2986 1887 3011 ,
1921 2960 2092 3016 quan-

503 3036 786 3106 doquidem
810 3038 856 3092 si
888 3037 1029 3091 Deus
1058 3046 1140 3091 est
1166 3038 1333 3091 iratus
1362 3040 1564 3108 pueris,
1586 3054 1717 3108 ergo
1740 3048 1919 3108 potest
1962 3053 2093 3094 con-

504 3138 585 3183 tra
606 3128 822 3183 eosdem
844 3142 1099 3183 exercere
1116 3135 1291 3182 actum
1310 3127 1536 3196 justitiae
1556 3128 1891 3183 vindieativaa
1919 3145 1933 3193 ;
1957 3142 2089 3198 ergo

2198 1932 2387 1986 Simile
2408 1943 2780 2001 argumentum
2804 1931 3017 2000 ponitur
3045 1930 3114 1984 ab
3130 1930 3431 1999 Augustino
3456 1928 3553 1982 lib.
3584 1943 3638 1979 γι
3664 1942 3781 1980 con-

2197 2031 2275 2077 tra
2308 2022 2442 2088 Jul.,
2472 2038 2590 2091 cap.
2620 2021 2708 2085 10,
2756 2021 2845 2076 ubi
2874 2020 3155 2090 paritatem
3189 2027 3445 2088 negantes
3496 2025 3655 2071 vocat
3693 2019 3779 2068 nn-

2194 2124 2462 2185 portunos.
2495 2114 2570 2168 Do
2604 2112 2845 2181 ejusdem
2889 2111 3059 2168 verba
3092 2129 3106 2166 :
3147 2129 3166 2162 ι
3207 2109 3341 2165 Vide
3391 2123 3545 2178 ergo,
3593 2107 3780 2177 inquit,

2194 2223 2354 2277 quam
2388 2209 2689 2275 importune
2715 2206 2874 2272 nolis,
2915 2204 3195 2275 parvulum
3222 2204 3289 2258 de
3334 2203 3515 2258 alieno
3564 2209 3779 2271 peccato

2194 2308 2471 2367 reportare
2502 2298 2722 2365 malum,
2755 2305 2810 2353 et
2842 2296 2975 2352 velis
3002 2310 3127 2351 eum
3155 2296 3223 2351 de
3252 2295 3431 2349 alieno
3459 2304 3618 2349 recte
3646 2292 3777 2346 facto

2194 2403 2474 2463 reportare
2499 2392 2719 2461 bonum,
2748 2407 2853 2445 non
2876 2392 3267 2461 qualecunque,
3291 2390 3387 2445 sed
3414 2388 3507 2443 Dei
3537 2402 3775 2457 regnum.

2196 2485 2442 2540 Alienum
2472 2484 2667 2555 quippe
2697 2498 2831 2553 opus
2859 2492 2964 2549 est,
2989 2497 3108 2537 cum
3140 2481 3311 2536 credit
3335 2495 3431 2549 per
3445 2479 3700 2543 alterum,
3722 2481 3777 2533 si-

2196 2585 2287 2633 cut
2317 2576 2551 2632 alienum
2581 2591 2717 2645 opus
2744 2575 2863 2642 fuit,
2896 2590 3018 2630 cum
3041 2574 3280 2645 peccavit
3309 2574 3361 2628 in
3390 2574 3583 2628 altero.
3608 2591 3629 2624 ι
3655 2573 3778 2627 Res-

2194 2672 2429 2741 pondent
2468 2671 2712 2741 negando
2750 2668 3071 2739 paritatem;
3104 2682 3227 2723 nam
3260 2668 3385 2722 licet
3414 2668 3603 2721 divina
3633 2665 3775 2720 boni-

2196 2772 2276 2818 tas
2304 2764 2474 2833 possit
2494 2764 2623 2818 dare
2652 2764 2790 2818 bona
2819 2761 3062 2831 corporis
3090 2763 3156 2815 iis
3180 2760 3274 2831 qui
3318 2761 3511 2816 eodem
3556 2774 3774 2829 corpore

2193 2866 2442 2926 tanquam
2466 2856 2825 2912 instrumento
2847 2870 2946 2925 pro
2972 2854 3287 2910 eorumdem
3318 2852 3675 2922 acquisitione
3695 2852 3769 2907 ni-

2196 2949 2269 3003 hil
2293 2949 2418 3004 boni
2450 2958 2691 3018 egerunt,
2726 2956 2913 3003 contra
2959 2948 3264 3017 aequitatem
3313 2955 3494 3000 tamen
3542 2955 3628 3001 est
3665 2946 3771 3015 pati

2193 3056 2390 3112 corpus
2429 3042 2573 3097 illius
2600 3042 2690 3113 qui
2720 3041 2909 3098 eodem
2942 3056 3168 3111 corpore
3198 3055 3469 3110 nunquam
3502 3040 3767 3109 peccavit;

2194 3140 2493 3207 praesertim
2525 3152 2646 3191 cum
2676 3152 2835 3207 pmna
2855 3150 3046 3192 sensus
3068 3137 3140 3191 sit
3161 3134 3563 3203 proportionata
3591 3132 3659 3188 iis
3686 3133 3767 3188 de-

505 3219 668 3275 etiam
692 3219 910 3275 eosdem
943 3234 1098 3288 paena
1128 3218 1368 3286 afﬁcere,
1404 3219 1677 3288 objectum
1709 3221 1849 3273 enim
1873 3218 2095 3288 justitiae

2199 3231 2575 3286 lectationibus
2592 3231 2976 3301 peccaminosis
2992 3243 3115 3299 qua:
3139 3242 3367 3298 corpore
3388 3225 3763 3297 percipiuntur.

504 3312 841 3367 vindicativae
864 3321 944 3366 est
960 3312 1166 3381 punitio
1179 3311 1286 3376 rei;
1306 3326 1434 3380 ergo
1458 3320 1634 3379 potest
1656 3312 1777 3366 illos
1800 3312 2082 3381 gehennae,

505 3402 608 3457 hoc
633 3411 716 3457 est
743 3401 939 3457 inferni
970 3401 1199 3456 flammis
1228 3402 1518 3470 deStinare,
1567 3402 1657 3456 ubi
1708 3404 1804 3455 erit
1842 3405 1994 3472 ﬂetus
2041 3411 2089 3456 et

504 3493 697 3547 stridor
726 3492 951 3545 dentium
984 3490 1197 3561 (Matth.
1234 3507 1371 3559 χχιι,
1398 3494 1505 3563 15).
1533 3492 1640 3547 Nec
1679 3495 1846 3560 valet,
1877 3494 1922 3549 si
1942 3494 2089 3549 dicas

503 3590 642 3644 iram
693 3589 787 3645 Dei
840 3587 1065 3659 ejusque
1103 3587 1325 3656 justitiae
1379 3586 1667 3641 vindictam
1723 3602 1979 3658 apparere
2034 3589 2087 3642 in

502 3695 665 3751 paena
692 3680 869 3735 damni
892 3695 996 3750 qua
1019 3679 1306 3750 puniuntur
1332 3680 1506 3748 pueri,
1530 3694 1629 3734 nec
1652 3688 1902 3748 Oportere
1934 3689 1991 3735 ut
2019 3680 2088 3734 ab

502 3772 689 3827 eadem
726 3770 930 3839 justltia
972 3785 1130 3840 poena
1175 3769 1419 3825 sensibili
1473 3769 1821 3840 castigentur.
1872 3771 2083 3825 Etenim

499 3866 654 3935 pueri
679 3874 804 3920 sunt
831 3865 909 3919 rei
929 3862 1174 3932 ejusdem
1206 3862 1425 3916 omnino
1456 3861 1661 3931 peccati
1690 3862 1833 3931 quod
1859 3864 2087 3917 commi-

499 3960 573 4016 sit
590 3959 782 4025 Adam,
807 3958 879 4013 ita
906 3966 966 4011 ut
993 3956 1193 4011 crimen
1220 3954 1362 4025 quod
1383 3955 1435 4009 in
1469 3955 1677 4009 Adamo
1707 3955 1807 4009 luit
1850 3955 2080 4021 actuale,

499 4052 730 4110 evaserit
758 4053 813 4107 in
843 4050 1072 4121 posteris
1100 4049 1396 4119 originale;
1428 4048 1569 4103 unde
1615 4047 1748 4102 dicit
1793 4049 2083 4117 Apostolus

496 4145 657 4201 Rom.
689 4158 764 4198 v:
799 4140 867 4195 In
896 4158 998 4211 quo
1027 4156 1199 4195 omnes
1246 4147 1612 4208 peccaverunt;
1656 4153 1784 4207 ergo
1822 4138 1980 4193 sicuti
2029 4140 2081 4192 in

497 4238 707 4292 Adamo
760 4242 1035 4304 peccatum
1090 4230 1298 4287 actuale
1347 4232 1586 4299 punitum
1636 4228 1736 4283 fuit
1794 4230 2082 4285 indictione

496 4340 674 4397 poenae
703 4323 993 4390 sensibilis,
1026 4321 1078 4374 in
1109 4322 1342 4389 posteris
1381 4320 1542 4374 etiam
1584 4319 1771 4374 eodem
1821 4322 2081 4390 supplicio

498 4418 745 4487 castigari
783 4413 1017 4485 poterit;
1044 4411 1121 4466 uti
1148 4410 1316 4480 pestis
1342 4425 1449 4464 non
1481 4418 1685 4465 tantum
1720 4420 1876 4466 nocet
1920 4412 1995 4467 illi
2026 4412 2079 4467 in

496 4511 646 4579 cujus
669 4521 894 4577 corpore
920 4506 1151 4575 primum
1181 4502 1442 4567 nascitur,
1474 4516 1660 4557 verum
1712 4502 1876 4557 etiam
1925 4503 2079 4559 alteri

2194 3324 2297 3380 Sed
2330 3333 2515 3379 contra
2544 3331 2645 3389 est,
2671 3323 2795 3393 quia
2834 3322 2988 3377 sicuti
3029 3322 3083 3376 in
3111 3320 3214 3375 alia
3267 3318 3374 3374 vita
3420 3333 3532 3373 non
3571 3318 3764 3388 ponitur

2194 3429 2390 3469 novum
2423 3415 2673 3469 meritum
2704 3421 2794 3467 aut
2815 3412 3158 3476 demeritum,
3186 3418 3311 3465 sunt
3335 3410 3485 3465 enim
3505 3409 3695 3464 anima:
3713 3409 3761 3463 in

2192 3506 2447 3571 termino,
2486 3505 2581 3561 sed
2610 3506 2750 3560 Deus
2779 3519 2845 3560 eo
2890 3503 3050 3559 modo
3077 3516 3202 3572 erga
3229 3501 3351 3557 illas
3378 3516 3439 3556 se
3468 3500 3634 3555 habet
3655 3514 3761 3570 ροει

2192 3606 2297 3666 tea,
2330 3612 2393 3653 ac
2417 3597 2630 3667 quando
2655 3605 3017 3663 recesserunt,
3044 3611 3165 3651 cum
3194 3596 3347 3665 pueri
3373 3596 3493 3649 sine
3514 3594 3761 3665 baptismo

2189 3689 2426 3745 defuncti
2455 3699 2808 3746 numerentur
2835 3690 2888 3742 in
2919 3687 3119 3743 familia
3147 3685 3369 3749 diaboli,
3404 3687 3564 3741 sicuti
3590 3700 3621 3740 e
3647 3700 3758 3739 con-

2191 3793 2271 3837 tra
2299 3783 2495 3838 mortui
2541 3791 2791 3850 suscepto
2820 3788 3158 3835 sacramento
3207 3778 3260 3832 in
3310 3778 3513 3833 familia
3558 3776 3756 3843 Christi,

2187 3864 2399 3943 aequum
2429 3881 2511 3928 est
2536 3881 2594 3927 ut
2624 3873 2762 3927 sicut
2793 3872 2878 3927 isti
2926 3870 3027 3926 sub
3070 3868 3283 3924 Christo
3332 3870 3473 3925 bana
3537 3869 3756 3939 corporis

2187 3964 2470 4033 recipiunt,
2495 3964 2568 4018 ita
2590 3964 2667 4018 illi
2692 3963 2789 4018 sub
2818 3962 3061 4017 daemone
3085 3960 3222 4014 mala
3251 3960 3497 4028 corporis
3518 3961 3753 4015 sentiant.

2190 4055 2397 4109 Etenim
2436 4055 2480 4109 si
2510 4055 2563 4108 in
2604 4053 2703 4107 hac
2735 4054 2842 4106 vita
2874 4060 2998 4108 sunt
3043 4052 3142 4107 sub
3170 4060 3441 4121 potestate
3484 4052 3747 4117 dmmonis,

2184 4144 2253 4199 ita
2278 4155 2332 4199 ut
2362 4146 2482 4200 illos
2514 4146 2568 4199 in
2585 4158 2811 4212 corpore
2839 4152 3103 4213 torqueat,
3124 4151 3181 4197 ut
3205 4141 3454 4211 superius
3496 4151 3749 4198 ostensum

2185 4246 2285 4300 est,
2311 4252 2406 4291 cur
2437 4237 2491 4291 in
2532 4236 2637 4289 alia
2664 4236 2794 4301 vita,
2826 4234 2880 4289 in
2910 4249 3013 4303 qua
3045 4234 3190 4287 nulla
3222 4241 3307 4287 est
3350 4233 3667 4303 redemptio,
3692 4231 3748 4286 ab

2183 4326 2327 4382 illius
2375 4335 2671 4394 potestate,
2703 4340 2861 4395 quam
2890 4334 3043 4380 antea
3090 4325 3143 4379 in
3184 4325 3498 4381 earumdem
3544 4339 3745 4393 corpora

2183 4420 2433 4488 habebat,
2463 4419 2805 4474 eximentur?
2825 4417 3025 4473 Scribit
3055 4428 3272 4473 sanctus
3300 4418 3494 4473 doctor
3526 4419 3745 4489 proxime

2183 4512 2429 4567 laudatus
2457 4530 2470 4564 :
2502 4530 2521 4564 (
2547 4511 2663 4567 Jam
2688 4512 2865 4581 itaque
2892 4512 3048 4566 vobis
3068 4510 3199 4580 ipsis
3237 4510 3447 4565 reddite
3478 4512 3742 4576 rationem,

494 4608 582 4675 qui
604 4601 791 4658 eadem
815 4615 909 4669 per
946 4605 1248 4654 contactum
1301 4596 1541 4651 inﬁcitur
1571 4615 1584 4651 :
1618 4598 1686 4650 ita
1737 4612 1928 4667 pueros
1959 4614 2075 4666 pec-
2103 4615 2157 4675 D
2183 4618 2248 4658 ne
2279 4604 2472 4672 putetis
2506 4603 2776 4671 indignum
2803 4612 2862 4656 ut
2904 4602 2997 4671 qui
3031 4616 3138 4656 non
3172 4600 3530 4656 admittuntur
3579 4604 3629 4655 in
3668 4617 3741 4656 τε.

493 4696 591 4751 cati
621 4693 816 4766 paterni
845 4690 1143 4760 contagione
1186 4689 1321 4743 mori
1348 4688 1481 4743 dixit
1522 4689 1848 4759 Augustinus
1877 4690 1969 4745 lib.
2021 4706 2070 4744 v1

491 4799 675 4843 contra
705 4784 835 4847 Jul.,
865 4796 985 4851 cap.
1034 4780 1091 4835 4.
1144 4779 1257 4833 Huc
1288 4778 1414 4833 facit
1458 4780 1598 4848 quod
1646 4782 1803 4834 docet
1855 4789 2071 4835 sanctus

489 4878 722 4933 Thomas
753 4872 874 4939 1-2,
899 4889 952 4941 q.
988 4871 1078 4935 8|,
1102 4878 1205 4924 art.
1228 4870 1286 4935 2,
1313 4870 1377 4923 ad
1394 4872 1419 4923 1
1440 4886 1453 4923 :
1476 4889 1493 4921 ι
1530 4869 1717 4935 Poena,
1736 4871 1924 4940 inquit,
1949 4886 2070 4925 eor-

484 4970 655 5042 porali
676 4968 942 5024 interdum
962 4962 1167 5032 judicio
1194 4962 1378 5018 divino
1400 4962 1485 5016 vel
1517 4962 1753 5018 humano
1774 4964 2068 5032 puniuntur

485 5063 579 5117 filii
610 5077 707 5131 pro
736 5057 1065 5129 parentibus,
1098 5056 1155 5108 in
1184 5063 1441 5124 quantum
1470 5054 1608 5108 ﬁlius
1631 5063 1715 5109 est
1742 5054 1943 5125 aliquid
1974 5068 2067 5121 pa-

485 5158 583 5209 tris
620 5151 913 5209 secundum
940 5164 1172 5217 corpus.
1210 5165 1230 5199 ›
1260 5147 1397 5203 Deus
1425 5147 1566 5202 enim
1617 5162 1648 5201 e
1699 5148 1804 5201 vita
1850 5147 2067 5201 sustulit

484 5245 650 5299 ﬁlium
682 5243 869 5306 David,
906 5249 963 5294 ut
993 5240 1157 5306 patris
1186 5237 1506 5292 adulterium
1535 5239 1770 5306 puniret,
1801 5248 1855 5291 et
1883 5247 2063 5293 tamen

482 5335 739 5406 puerulus
762 5347 866 5386 non
884 5339 998 5385 erat
1023 5337 1146 5385 reus
1164 5329 1370 5398 paterni
1389 5329 1593 5383 delicti.
1613 5328 1745 5383 llinc
1775 5329 1948 5384 Exodi
1967 5345 2060 5392 xx,

482 5427 538 5489 5,
571 5426 760 5480 dicitur
804 5425 943 5478 Deus
974 5424 1195 5477 visitare
1222 5424 1543 5491 iniquitatem
1571 5433 1775 5493 patrum
1822 5425 1876 5476 in
1924 5423 2061 5491 ﬁlios

478 5521 536 5573 in
561 5519 761 5573 tertiam
787 5526 832 5570 et
884 5524 1115 5584 quartam
1137 5517 1534 5584 generationem.
1561 5516 1679 5581 Quo
1702 5531 1830 5585 ergo
1864 5516 2057 5585 potiori

475 5610 596 5678 juie
623 5610 761 5663 Deus
802 5608 997 5676 poterit
1024 5607 1212 5675 punire
1245 5623 1397 5676 pruna
1428 5608 1669 5663 sensibili
1696 5623 1910 5677 pueros,
1962 5610 2056 5676 qui

478 5715 669 5769 reapse
707 5701 1027 5755 contrahunt
1077 5702 1335 5753 maculam
1394 5701 1683 5767 primorum
1744 5702 2058 5769 parentttm?

478 5789 587 5848 Sed
625 5793 834 5847 etiamsi
865 5789 1127 5848 illationes
1167 5791 1271 5847 illa:
1306 5791 1582 5860 Augustini
1634 5805 1700 5846 ex
1745 5791 1828 5846 his
1878 5791 2056 5847 verbis

2174 4708 2334 4762 gnum
2367 4692 2477 4755 Dei,
2506 4692 2613 4746 sint
2632 4692 2732 4746 sub
2760 4691 2851 4745 illo
2876 4692 2966 4759 qui
2997 4690 3191 4746 cecidit
3218 4690 3285 4745 de
3330 4706 3500 4761 regno
3532 4691 3652 4757 Dei;
3698 4700 3743 4747 et

2173 4785 2261 4854 qui
2282 4800 2385 4839 non
2408 4784 2603 4838 habent
2618 4783 2801 4848 vitam,
2818 4782 3034 4838 sintsub
3051 4782 3142 4836 illo
3163 4785 3253 4851 qui
3273 4783 3511 4850 perdidit
3526 4784 3698 4838 vitam.
3715 4802 3733 4835 ι

2174 4876 2280 4932 Nec
2321 4877 2469 4946 juvat
2517 4876 2657 4946 quod
2688 4874 2836 4942 pueri
2868 4889 3096 4944 corpore
3121 4889 3226 4929 non
3269 4887 3583 4944 pecearunt,
3616 4876 3740 4931 unde

2172 4982 2271 5021 nec
2301 4968 2353 5021 in
2376 4981 2602 5035 corpore
2627 4965 2878 5035 puniendi
2908 4966 3180 5031 videntur,
3207 4980 3329 5019 nam
3358 4976 3638 5036 peccatum
3661 4980 3738 5022 so-

2172 5058 2277 5112 lius
2308 5058 2602 5113 voluntatis
2632 5056 2994 5127 superbientis
3012 5056 3161 5126 juste
3197 5057 3415 5126 punitur
3444 5074 3601 5127 paena
3626 5073 3736 5115 sen-

2170 5166 2286 5217 sus,
2306 5166 2407 5206 nec
2425 5151 2698 5206 daemones
2718 5164 2942 5219 corpore
2963 5158 3274 5219 peccaruut,
3304 5160 3360 5205 et
3390 5159 3572 5208 tamen
3594 5164 3736 5222 pcena

2170 5239 2408 5297 sensibili
2438 5241 2766 5311 affliguntur.
2799 5240 2909 5295 lmo
2930 5256 3050 5295 cum
3083 5248 3250 5295 totum
3284 5251 3587 5309 peccatum,
3608 5239 3735 5312 quod

2166 5334 2266 5389 fuit
2295 5334 2501 5389 actuale
2530 5333 2582 5387 in
2607 5333 2800 5398 Adam,
2823 5333 2893 5388 sit
2919 5332 3179 5402 originale
3208 5333 3260 5387 in
3292 5334 3493 5401 pueris,
3526 5322 3582 5390 et
3606 5335 3730 5389 illius

2165 5434 2369 5483 reatum
2392 5441 2457 5482 ex
2479 5434 2592 5480 toto
2617 5424 2865 5490 subeant,
2900 5439 3021 5480 cum
3064 5427 3113 5478 in
3158 5436 3378 5493 peccato
3409 5427 3540 5481 Adae
3584 5425 3727 5480 fuerit

2166 5519 2412 5585 voluptas
2439 5531 2631 5572 sensus
2656 5518 2708 5570 in
2739 5517 3073 5571 comestione
3097 5516 3258 5585 pomi,
3285 5516 3446 5585 hujus
3466 5516 3618 5572 etiam
3642 5530 3722 5569 vo-

2165 5609 2384 5679 luptatis
2414 5622 2600 5678 ptenas
2634 5607 2733 5662 luit
2779 5608 2961 5663 infelix
2994 5608 3299 5675 posteritas,
3351 5609 3502 5677 cujus
3544 5609 3718 5678 pariter

2166 5710 2344 5755 reatus
2366 5700 2421 5753 in
2447 5702 2612 5767 ipsam
2643 5714 2740 5769 per
2761 5700 3161 5771 generationem
3192 5702 3490 5757 transfusus
3509 5710 3604 5756 est.

2240 5793 2338 5851 Hic
2365 5802 2540 5851 tamen
2579 5792 2963 5851 advertendum
2992 5802 3073 5849 est
3103 5793 3459 5863 Augustinum
3500 5806 3711 5851 asserere
