3962 6346
191 453 290 508 557

1358 452 1473 509 VIN
1480 452 1684 511 DICLE
1728 450 2291 511 ΑυῦυὸἸΊΝΙΑΝιΕ.

3354 461 3458 515 638

185 564 521 622 mitissimam
543 576 660 621 esse
684 579 893 634 poenam
918 581 1076 637 quam
1105 566 1415 624 infantuliin
1434 568 1618 625 inferis
1641 570 1765 625 sub-
1790 573 1844 632 Δ
1873 571 2034 627 homo
2063 573 2129 626 de
2159 572 2309 627 turba
2332 573 2744 642 imperitorum,
2788 573 2882 629 sed
2920 574 3054 628 inter
3098 588 3295 642 paucos
3328 592 3455 644 pru-

187 667 338 713 eunt.
384 657 530 711 Illam
587 658 963 711 damnationem
1013 659 1244 712 omnium
1287 660 1590 715 levissimam
1617 670 1773 715 vocat

187 750 280 805 tib.
319 766 352 803 v
380 759 565 805 contra
586 749 718 814 Jul.,
744 764 864 818 cap.
894 749 980 817 il,
1009 750 1149 819 quod
1170 758 1253 806 est
1276 748 1309 804 8
1340 752 1391 805 in
1412 751 1648 807 editione
1670 752 1772 806 Ba-

183 842 425 907 sileensi,
455 850 510 896 et
540 842 858 895 mitissimam
904 858 1025 897 sane
1069 844 1296 897 omnium
1328 859 1528 914 poenam
1555 844 1609 897 in
1666 844 1773 899 En-

182 933 432 998 chiridio,
464 946 583 1001 cap.
614 932 705 997 95,
735 942 789 987 et
816 932 908 988 lib.
940 950 957 987 ι
986 932 1054 989 de
1085 944 1423 1003 peccatorum
1474 935 1673 991 Meritis
1717 946 1773 992 et

183 1022 524 1089 remissione,
557 1036 676 1092 cap.
712 1023 797 1077 16.
830 1021 962 1077 Cum
1002 1024 1139 1093 ignis
1170 1024 1468 1090 calefaciat,
1501 1034 1557 1081 et
1582 1027 1628 1081 si
1676 1043 1767 1083 ca-

181 1115 265 1170 lor
293 1117 367 1171 sit
393 1116 655 1184 intensus,
699 1118 858 1172 etiam
886 1118 1186 1183 comburat,
1236 1120 1665 1189 quandoquidem
1703 1135 1769 1176 ex

180 1210 481 1277 Augustino
504 1223 660 1277 paena
693 1208 780 1262 illa
822 1218 904 1263 est
931 1209 1190 1264 levissima
1216 1224 1278 1265 ac
1323 1211 1614 1277 mitissima,
1667 1212 1770 1267 erit

177 1300 249 1355 ab
275 1301 396 1367 igne
420 1298 768 1356 calefaciente
793 1314 916 1355 cum
944 1301 1120 1371 aliqua
1148 1302 1390 1356 molestia
1419 1316 1639 1371 pueros,
1672 1304 1768 1359 sed

178 1405 285 1445 non
313 1391 531 1447 eosdem
557 1391 843 1447 ustulante.
874 1392 1050 1459 Quare
1089 1393 1243 1448 sicuti
1270 1408 1335 1448 eo
1364 1394 1627 1450 intensius
1676 1411 1765 1450 ar-

177 1481 385 1536 debunt
411 1482 624 1552 reprobi
664 1481 851 1549 adulti,
884 1497 990 1552 quo
1036 1484 1188 1554 plura
1229 1485 1433 1539 scelera
1479 1485 1763 1556 admisere,

176 1588 302 1629 cum
334 1577 483 1644 pueri
515 1574 840 1631 haereditarii
874 1586 1074 1631 tantum
1113 1577 1352 1632 criminis
1378 1580 1454 1633 rei
1502 1578 1627 1645 sint,
1672 1594 1764 1634 ca-

176 1664 297 1721 lore
322 1665 388 1721 ad
410 1667 710 1741 molestiam
740 1681 912 1735 usque
938 1682 1001 1722 ac
1027 1666 1267 1723 dolorem
1299 1667 1664 1723 incutiendum
1683 1669 1765 1723 in-

176 1767 335 1813 tenso
361 1759 679 1830 afﬂigentur.
717 1760 885 1814 Video
928 1759 1261 1829 Fulgentium
1294 1762 1541 1830 superius
1584 1762 1766 1817 lauda-

176 1861 293 1903 tum
342 1850 581 1906 scribere
625 1866 819 1921 pueros
864 1868 1094 1916 arsuros,
1145 1852 1239 1907 sed
1267 1868 1332 1907 ea
1372 1867 1505 1908 voce
1532 1855 1763 1909 calorem

1876 665 2216 720 dentissimos
2244 667 2391 736 regni
2424 666 2567 722 illius
2597 677 2823 735 amator,
2857 678 3003 725 tanto
3058 669 3237 738 utique
3265 670 3458 723 arden-

1875 756 2001 822 tior,
2030 766 2227 826 quanto
2254 760 2421 827 magis
2450 768 2499 814 te
2528 759 2936 829 ﬂagrantissima
2971 775 3259 831 paucorum
3285 761 3459 816 socie-

1876 857 1957 903 tas
1986 850 2036 903 in
2061 849 2188 903 illud
2211 852 2478 915 accendit,
2509 868 2608 907 nec
2639 854 2763 908 facit
2802 856 2928 910 inde
2959 864 3265 925 torpescere
3305 856 3456 925 frigi-

1873 938 1992 993 dior
2009 940 2311 1005 multitudo,
2332 956 2689 1009 responsurus
2720 960 2780 1000 es
2814 945 3039 1011 homini,
3082 954 3242 1017 atque
3279 945 3455 999 dictu-

1873 1046 1964 1085 1⁸118
1994 1047 2007 1083 ἶ
2040 1031 2153 1086 NON
2180 1047 2347 1087 SOLUM
2378 1050 2553 1089 MAGNA
2580 1048 2832 1105 NON'EST,
2894 1052 2990 1092 εει)
3033 1053 3205 1093 NULLA
3258 1050 3457 1092 οιίΝικο

1872 1139 2030 1180 eam
2075 1140 2172 1178 εει·
2204 1127 2445 1196 imaginis
2474 1127 2589 1194 Dei,
2636 1144 2906 1199 nunquam
2956 1144 3113 1199 posse
3155 1131 3355 1185 intrare
3399 1129 3454 1182 in
3502 1137 3521 1178 ι

1873 1233 2093 1288 regnum
2127 1218 2257 1273 Dei?
2284 1219 2419 1275 Puto
2450 1220 2588 1290 quod
2621 1236 2718 1277 nec
2761 1222 2853 1276 uni
2884 1222 3112 1287 homini,
3154 1221 3307 1290 cujus
3351 1235 3453 1275 nec

1872 1310 1976 1364 vim
2005 1324 2103 1364 nec
2129 1309 2492 1366 testimonium
2516 1302 2844 1378 formidabis,
2877 1313 2976 1366 hoc
3004 1312 3183 1367 dicere
3207 1311 3450 1367 audebis.

1871 1400 1946 1454 Te
1977 1400 2155 1468 itaque
2185 1401 2299 1456 sive
2324 1404 2684 1471 respondente
2710 1403 3005 1472 quodlibet,
3037 1405 3148 1458 sive
3172 1403 3313 1474 quod
3339 1417 3453 1456 ma-

1870 1493 2002 1564 gisa
2037 1504 2085 1547 te
2114 1493 2373 1564 exigeret,
2403 1497 2447 1550 si
2492 1512 2598 1552 non
2647 1496 2972 1564 Christiana,
3022 1507 3168 1553 certe
3224 1498 3456 1552 humana

1868 1588 2210 1655 verecundia,
2242 1590 2525 1656 reticente,
2549 1592 2821 1660 ingereret
2850 1591 3151 1661 aspectibus
3192 1591 3299 1645 tuis
3327 1604 3453 1659 par-

1870 1682 2051 1737 vulum
2082 1698 2261 1751 suum,
2303 1704 2321 1736 ι
2356 1693 2459 1740 etc.
2489 1685 2707 1741 Poenam
2732 1696 2907 1740 autem
2936 1685 3020 1739 hic
3043 1684 3265 1753 intelligi
3294 1691 3455 1753 prout

1868 1785 1953 1832 est
1994 1776 2243 1833 inﬁictiva
2268 1778 2493 1844 doloris,
2524 1794 2630 1835 non
2660 1794 2787 1835 vero
2811 1788 2965 1848 prout
2987 1787 3071 1834 est
3093 1784 3299 1831 tantum
3325 1775 3455 1846 quid

1870 1868 2068 1922 malum
2099 1869 2150 1923 in
2182 1884 2241 1925 se
2270 1869 2493 1925 inferius
2522 1872 2827 1926 ostendam.
2871 1871 2961 1925 llla
3010 1879 3188 1925 autem
3240 1877 3454 1923 veteres

174 1955 306 1996 Cum
336 1942 543 2012 ἀοιρΐθν
575 1944 663 2011 qui
698 1951 877 1998 tamen
909 1957 1030 1998 esse
1056 1954 1230 2012 Ροιθει
1258 1947 1391 2000 Cum
1442 1946 1769 2001 combUSliO-
1798 1959 1846 2019 B
1875 1960 2013 2014 haud
2042 1962 2237 2031 legisse
2259 1962 2496 2028 credam,
2528 1979 2701 2034 neque
2748 1964 2889 2018 enim
2935 1963 3078 2017 illam
3129 1962 3453 2017 sententiam

177 2049 330 2100 item,
356 2035 407 2087 in
437 2049 632 2105 corpus
652 2044 899 2104 agentem
926 2034 1271 2106 signiﬁcavit.
1290 2037 1650 2093 Conﬁrmatur
1666 2039 1767 2095 hoc

172 2127 358 2197 ipsum
388 2142 456 2182 ex
489 2127 583 2182 lib.
615 2144 647 2182 v
680 2138 866 2183 contra
896 2127 1029 2194 Jul.,
1060 2130 1235 2197 capite
1280 2132 1520 2199 proxime
1563 2146 1766 2186 memo-

174 2231 321 2286 rato,
353 2221 447 2276 ubi
476 2222 551 2275 ait
592 2236 787 2292 pueros
821 2241 839 2274 ι
877 2222 932 2277 in
962 2222 1307 2279 damnatione
1335 2225 1569 2279 omnium
1601 2224 1765 2280 levis-

173 2313 316 2366 sima
342 2312 569 2367 futuros.
619 2313 769 2380 Quae,
802 2313 977 2382 qualis
1015 2323 1070 2369 et
1114 2325 1310 2385 quanta
1357 2316 1482 2382 erit,
1524 2316 1765 2385 quamvis

175 2404 543 2459 deﬁnirenon
572 2406 794 2474 possim,
824 2420 931 2459 non
962 2412 1140 2460 tamen
1169 2406 1341 2461 audeo
1386 2407 1569 2463 dicere
1621 2407 1765 2477 quod

173 2496 277 2564 eis,
316 2506 374 2551 ut
403 2498 535 2552 nulli
565 2507 764 2565 essent,
798 2513 954 2568 quam
981 2509 1038 2553 ut
1066 2498 1139 2553 ibi
1168 2509 1372 2565 essent,
1399 2502 1574 2571 potius
1602 2516 1763 2570 expe-

174 2585 341 2640 diret.
382 2605 400 2637 ι
432 2586 582 2653 Quod
627 2588 671 2643 si
717 2588 785 2643 ab
832 2588 954 2657 igne
1000 2589 1464 2657 comburerentur,
1524 2589 1766 2661 profecto

176 2678 375 2733 melius
416 2678 520 2732 illis
548 2687 692 2734 esset
721 2694 990 2750 nunquam
1032 2681 1329 2737 exstitisse.
1360 2681 1437 2736 lbi
1475 2697 1605 2738 vero
1652 2697 1761 2738 non

174 2778 399 2825 recusat
433 2771 659 2827 delinire
686 2787 853 2842 genus
898 2787 1069 2841 poena:
1089 2814 1105 2839 ,
1134 2789 1234 2830 nec
1259 2776 1519 2843 speciem,
1570 2791 1763 2846 nempe

172 2875 245 2915 an
276 2862 389 2917 sint
414 2863 470 2917 in
492 2863 613 2933 igne
640 2871 697 2918 et
723 2878 788 2918 an
819 2864 892 2920 ibi
919 2864 1260 2919 solummodo
1286 2868 1538 2922 caleﬁant
1564 2869 1647 2923 vel
1670 2882 1763 2924 us-

175 2956 439 3021 tulentur,
471 2957 565 3012 sed
595 2966 800 3014 tantum
829 2974 935 3029 quo
963 2959 1128 3029 gradu
1154 2960 1237 3016 vel
1277 2961 1577 3016 intensione
1619 2962 1765 3017 calo-

172 3046 251 3101 ris
274 3046 440 3103 iidem
472 3049 621 3118 pueri
650 3059 1017 3121 torqueantur.

248 3158 441 3215 Solent
477 3176 716 3231 quaerere
740 3161 1045 3218 scholastici
1076 3178 1143 3219 an
1174 3165 1355 3234 pueris
1388 3179 1543 3235 paena
1580 3166 1763 3224 damni

175 3252 713 3313 tristitiamincutiat.
760 3256 1105 3327 Respondent
1147 3259 1455 3313 scholarum
1494 3260 1760 3332 principes

173 3345 321 3399 nulla
354 3346 565 3402 tristitia
588 3362 783 3416 pueros
812 3350 971 3404 affici.
1004 3351 1355 3407 Recentiores
1383 3359 1560 3408 tamen
1593 3355 1758 3423 pleri-
1790 3334 1836 3398 C-

173 3450 300 3504 que,
334 3451 471 3505 quos
491 3437 629 3492 inter
656 3439 857 3494 eminet
876 3439 1243 3505 Bellarminus,
1300 3442 1393 3496 lib.
1419 3458 1466 3495 vr
1487 3443 1555 3498 de
1580 3444 1763 3499 Amis-

172 3526 329 3581 sione
361 3536 524 3595 grat.,
552 3538 681 3595 etc.,
709 3543 829 3598 cap.
854 3527 909 3596 6,
935 3531 1199 3585 tristitiam
1233 3532 1283 3585 in
1304 3533 1541 3601 parvulis
1569 3534 1764 3589 admit-

173 3625 315 3684 tunt,
349 3621 492 3688 quod
519 3634 549 3673 a
577 3621 745 3690 gloria
779 3630 977 3676 acterna
1007 3637 1066 3677 se
1088 3623 1334 3677 exclusos
1364 3623 1564 3680 vident.
1590 3626 1763 3682 Pudet

172 3723 261 3763 me
288 3724 356 3763 ex
390 3711 685 3779 Augustino
710 3712 963 3766 nonnulla
994 3712 1253 3777 recitare;
1277 3714 1477 3768 etenim
1514 3715 1637 3769 inde
1666 3730 1762 3785 pa-

174 3801 282 3855 lam
305 3801 399 3857 ﬁet
426 3810 532 3857 tam
559 3804 740 3873 procul
770 3804 836 3858 ab
866 3804 1146 3873 Augustini
1184 3805 1447 3885 sententia
1476 3806 1671 3861 abiisse
1698 3807 1763 3861 il-

176 3892 257 3947 los
288 3893 539 3949 doctores
577 3895 667 3964 qui
693 3895 763 3949 ob
790 3894 1153 3951 exclusionem
1186 3911 1214 3950 a
1252 3896 1424 3967 gloria
1466 3898 1664 3952 nullam
1706 3900 1763 3954 in

176 3995 355 4063 pueris
384 3995 650 4049 tristitiam
677 3996 820 4065 gigni
871 3997 1290 4065 pronuntiarunt
1334 4012 1491 4065 quam
1540 3999 1762 4068 propius

177 4084 243 4138 ad
288 4085 698 4155 Pelagianorum
746 4087 1025 4155 lparadoxa
1088 4097 1447 4143 accesserunt.
1510 4090 1761 4147 Profecto

176 4194 391 4239 sanctus
417 4185 608 4240 doctor
634 4185 830 4249 irrisit,
879 4186 989 4240 imo
1031 4194 1340 4241 exsecratus
1386 4199 1468 4242 est
1516 4189 1760 4261 Pelagia-

178 4293 273 4333 nos
301 4279 375 4332 ita
396 4280 708 4344 sentientes,
734 4280 886 4349 quasi
909 4281 1058 4349 regni
1078 4281 1312 4335 caelestis
1333 4292 1757 4353 contemptores.

178 4368 373 4425 Scribit
400 4369 496 4425 lib.
528 4386 586 4425 ιιι
613 4369 803 4440 Operis
828 4365 1068 4440 imperti,
1100 4386 1219 4441 cap.
1252 4372 1322 4429 99
1356 4390 1371 4429 :
1407 4392 1427 4425 ι
1457 4374 1511 4429 In
1536 4390 1756 4446 regnum

179 4464 270 4520 Dei
293 4480 396 4520 non
428 4468 633 4521 intrare
656 4466 936 4537 imaginem
963 4466 1079 4535 Dei,
1107 4468 1305 4522 nullam
1330 4483 1450 4525 esse
1478 4479 1756 4526 contume-

178 4556 300 4611 liam
329 4560 548 4626 putatis,
593 4560 764 4628 ipsum
791 4560 1204 4629 regnum‘etiarn
1235 4562 1314 4616 sic
1342 4563 1533 4617 amatis
1565 4573 1620 4616 ut
1651 4579 1757 4617 non

179 4646 252 4701 ibi
274 4662 411 4714 esse,
451 4663 558 4703 non
590 4651 778 4705 saltem
810 4651 981 4705 levem
1014 4662 1228 4720 pcenam
1270 4653 1498 4707 credatis
1526 4653 1758 4708 hominis

177 4753 317 4809 esse,
348 4740 439 4795 sed
464 4757 696 4797 NULLAII.
736 4761 755 4795 ι
782 4743 928 4799 ldem
957 4745 1271 4813 Pelagianos
1319 4747 1551 4814 graviter
1581 4747 1755 4815 arguit

178 4830 275 4885 lib.
302 4848 355 4887 ιιι
385 4836 722 4901 contraJul.,
771 4852 889 4908 cap.
924 4837 976 4902 5,
1029 4838 1315 4907 inquiens:
1352 4858 1371 4891 ι
1426 4839 1620 4895 Verum
1662 4856 1756 4896 vos

177 4928 604 4983 excellentissimi
634 4940 900 4987 amatores
931 4932 1074 4987 illius
1124 4934 1246 4987 vita:
1280 4950 1411 5003 .qme
1456 4938 1627 4990 futura
1676 4946 1760 4993 est

182 5028 380 5074 eterna
409 5037 530 5076 cum
568 5022 805 5091 Christo,
859 5040 1068 5079 suum
1121 5040 1317 5081 smmis
1373 5029 1566 5094 putatis
1615 5044 1757 5095 esse,

181 5111 461 5181 imaginem
493 5113 587 5167 Dei
616 5115 863 5169 exsulare
886 5130 914 5168 a
944 5130 1110 5185 regno
1141 5117 1255 5183 Dei,
1298 5131 1419 5171 cum
1450 5120 1494 5171 si
1538 5133 1755 5189 parvam

182 5216 386 5271 pmnam
417 5219 539 5260 esse
568 5205 840 5272 diceretis,
873 5221 979 5261 non
1008 5215 1151 5262 esset
1178 5207 1292 5262 haec
1319 5223 1416 5263 vox
1440 5209 1578 5263 beati
1608 5225 1756 5264 ama-

179 5297 311 5350 toris
340 5297 481 5353 illius
523 5299 694 5370 regni.
728 5299 822 5354 sed
861 5314 1037 5375 ursam
1084 5315 1506 5378 οοιιτειιρτοιιιε.
1550 5300 1754 5355 Rursus

180 5388 277 5442 lib.
327 5406 375 5453 ν,
402 5404 523 5461 cap.
556 5391 605 5457 l,
658 5391 881 5462 loquens
923 5392 990 5447 dc
1034 5392 1236 5461 plebeis
1278 5391 1591 5446 Christianis
1638 5392 1755 5446 ait:

184 5497 207 5532 ι
239 5480 461 5547 Quorum
493 5482 538 5537 si
565 5483 845 5553 quisquam
883 5493 1099 5553 gestans
1124 5485 1402 5558 parvulum
1437 5483 1622 5547 ﬁlium,
1655 5495 1755 5537 nec

178 5569 295 5623 sine
314 5572 543 5626 clamore
564 5571 852 5641 invidioso,
874 5580 931 5628 et
959 5573 1012 5627 in
1041 5581 1191 5641 parte
1210 5574 1298 5627 ubi
1323 5572 1497 5627 nullus
1522 5571 1750 5637 audiret,

179 5662 522 5730 compellaret
548 5671 603 5718 et
649 5662 853 5719 diceret
880 5681 896 5719 :
921 5664 1033 5733 Ego
1061 5678 1125 5718 ea
1145 5672 1345 5731 mente,
1371 5661 1745 5732 intelligentia,

183 5752 402 5819 ratione,
431 5755 482 5808 in
514 5771 614 5824 qua
647 5769 765 5810 sum
796 5754 967 5811 factus
987 5756 1054 5811 ad
1084 5757 1368 5827 imaginem
1396 5754 1512 5823 Dei,
1546 5764 1750 5811 tantum

178 5855 303 5898 amo
322 5860 540 5916 regnum
562 5847 679 5915 Dei,
703 5857 761 5903 ut
776 5849 1008 5905 hominis
1030 5849 1486 5918 usdssnjudicem
1528 5864 1749 5919 rosam,

178 5933 605 6009 sioonunquam
655 5939 826 6010 possit
871 5939 1091 5998 intrare.
1146 5941 1290 5997 ltano
1341 5951 1473 5999 vero
1514 5947 1591 6009 tu.
1641 5953 1747 5999 non

1784 4712 1838 4772 D

1869 2052 2079 2122 publice
2106 2054 2434 2121 docuissent,
2464 2071 2622 2125 quam
2655 2070 2722 2111 ne
2748 2071 2779 2110 a
2810 2055 3209 2124 Pelagianorum
3234 2052 3452 2122 quidem

1868 2147 2289 2203 insolentissimo
2312 2149 2527 2205 Juliano
2554 2152 2642 2204 uni
2673 2149 2874 2205 homini
2902 2165 3007 2205 non
3030 2149 3246 2219 quidem
3272 2148 3449 2213 docto,

1866 2242 1959 2297 sed
1986 2243 2055 2298 de
2082 2242 2264 2297 ultima
2295 2243 2423 2299 fasce
2454 2246 2592 2314 vulgi
2636 2245 2938 2299 clanculum
2969 2245 3104 2299 citra
3152 2243 3316 2297 ullius
3344 2251 3454 2297 tes-

1866 2332 2144 2388 timonium
2178 2335 2432 2390 inculcari
2462 2336 2700 2405 potuisse
2739 2335 3065 2401 Augustinus
3108 2333 3450 2389 existimavit.

1866 2428 2099 2484 Putasne
2122 2428 2339 2484 Mastrio
2369 2444 2511 2485 cura:
2542 2429 2708 2485 fuisse
2738 2429 2865 2499 quid
2893 2428 2995 2483 hac
3035 2428 3103 2483 de
3134 2443 3190 2482 re
3228 2426 3453 2481 sentiret

1866 2521 2231 2593 Augustinus?
2252 2522 2383 2577 Nam
2416 2522 2482 2576 ab
2503 2523 2692 2577 eodem
2724 2523 2776 2577 in
2796 2520 2831 2574 2
2858 2521 3274 2585 Sententiarum,
3308 2519 3450 2587 disp.

1868 2616 1924 2683 4,
1952 2617 2020 2672 de
2044 2617 2215 2682 hom.,
2245 2633 2297 2687 q.
2342 2618 2395 2683 6,
2426 2632 2569 2671 num.
2606 2616 2730 2683 165,
2757 2614 3041 2670 adducitur
3072 2633 3090 2665 ι
3124 2610 3452 2683 Augustinus

1868 2710 1936 2765 dc
1964 2719 2299 2780 peccatorum
2330 2710 2533 2765 Meritis
2557 2718 2612 2765 et
2640 2708 2987 2771 remissione,
3017 2720 3133 2775 cap.
3161 2703 3252 2769 27,
3304 2716 3452 2756 asse-

1866 2818 1990 2858 rens
2010 2803 2235 2857 infantes
2258 2804 2310 2857 in
2338 2802 2504 2858 limbo
2532 2818 2635 2858 non
2658 2801 2860 2856 tristari
2883 2816 2981 2856 nec
2999 2800 3239 2854 dolorem
3265 2797 3395 2866 pati.
3424 2812 3444 2846 ι

1857 2880 2196 2966 Ἀιιειιειίιιιιε
2252 2904 2362 2951 tres
2415 2895 2632 2964 scripsit
2677 2894 2843 2949 libros
2872 2893 2939 2946 de
2968 2898 3307 2961 peccatorum
3338 2887 3451 2943 Me-

1866 2988 1985 3043 ritis
2014 2996 2069 3044 et
2093 2989 2435 3052 remissione,
2468 3002 2601 3058 quos
2638 2986 2886 3041 Mastrius
2915 2999 3019 3039 non
3050 2981 3347 3052 distinguit,
3379 2982 3451 3036 si-

1866 3081 2086 3150 mulque
2110 3082 2185 3135 illi
2215 3080 2422 3136 aﬁricat
2444 3096 2562 3135 eam
2593 3080 2899 3149 opinionem
2927 3091 3083 3147 quam
3105 3075 3268 3130 veluti
3292 3089 3448 3143 para-

1864 3174 2062 3230 doxum
2091 3174 2387 3230 detestatus
2415 3182 2518 3229 est.
2550 3172 2718 3228 Nemo
2740 3186 2867 3241 ergo
2907 3169 3061 3226 nobis
3088 3168 3222 3223 vitio
3275 3174 3451 3221 vertat

1869 3271 1911 3324 si
1964 3271 2221 3340 majorem
2289 3272 2342 3323 in
2398 3268 2695 3337 Augustino
2742 3264 2968 3335 legendo
3013 3260 3339 3331 diligentiam
3394 3260 3450 3315 in

1866 3363 2202 3417 scholasticis
2228 3361 2615 3417 desideremus.

1943 3455 2211 3510 Moraines
2240 3469 2359 3509 cum
2393 3455 2514 3508 aliis
2542 3452 2834 3523 respondet
2859 3451 3091 3505 futuram
3131 3462 3348 3520 parvam
3379 3447 3447 3502 il-

1867 3549 1972 3603 lam
2004 3548 2273 3602 tristitiam
2304 3561 2593 3617 puerorum
2642 3545 2713 3600 ob
2761 3543 3124 3599 exclusionem
3166 3557 3194 3595 a
3240 3541 3447 3610 gloria;

1867 3641 1962 3697 sed
2004 3640 2119 3695 haec
2141 3650 2258 3696 erat
2286 3641 2511 3695 aliorum
2542 3638 2946 3708 Pelagianorum
2983 3635 3287 3705 responsio,
3314 3642 3450 3689 teste

1866 3734 2165 3804 Augustino
2203 3734 2299 3788 lib.
2333 3749 2411 3787 ιιι.
2441 3743 2625 3787 contra
2650 3731 2756 3787 Jul.
2779 3772 2793 3795 ,
2823 3745 2941 3798 cap.
2971 3729 3004 3781 δ
3032 3747 3043 3780 :
3077 3746 3095 3780 ι
3120 3727 3318 3792 Porro,
3366 3726 3450 3782 in-

1864 3827 2006 3897 quit,
2036 3828 2079 3880 si
2106 3826 2247 3896 quod
2272 3825 2397 3879 huic
2423 3825 2621 3879 sufﬁcit
2646 3838 2822 3878 causa)
2840 3866 2853 3886 ,
2888 3836 3099 3876 manu
3120 3820 3309 3875 saltem
3333 3832 3449 3872 roa-

1865 3934 1969 3972 Mu
2003 3917 2247 3972 fatemini
2271 3930 2413 3981 esse,
2446 3930 2565 3984 quae
2592 3928 2780 3983 magna
2802 3921 2913 3976 est,
2940 3919 2997 3965 ut
3022 3911 3196 3980 imago
3218 3909 3313 3965 Dei
3338 3922 3447 3963 non

1864 4013 2068 4065 sinatur
2113 4011 2313 4065 intrare
2356 4008 2408 4063 in
2455 4021 2678 4076 regnum
2724 4005 2863 4071 Dei,
2897 4022 2915 4056 ι
2961 4012 3067 4058 etc.
3108 4000 3251 4056 Idem
3283 4015 3448 4067 vero,

1863 4120 2026 4163 serm.
2060 4104 2126 4159 l4
2157 4104 2224 4160 de
2250 4103 2411 4159 Verb.
2445 4101 2659 4171 Apost.,
2692 4102 2764 4155 ita
2803 4108 2989 4155 contra
3021 4097 3335 4167 Pelagianos
3363 4112 3448 4151 ar-

1862 4205 2245 4267 gumentatur:
2287 4215 2305 4246 ι
2340 4196 2393 4251 Si
2426 4204 2635 4249 amatur
2674 4191 2884 4263 patria,
2928 4205 3117 4261 magna
3166 4203 3359 4259 poena;
3402 4188 3450 4243 si

1865 4299 2045 4342 autem
2089 4302 2195 4342 non
2238 4296 2448 4343 amatur
2488 4287 2688 4355 patria,
2734 4284 2885 4353 pejor
2925 4292 3007 4339 est
3049 4281 3229 4337 cordis
3265 4295 3445 4351 poena.

1862 4380 2091 4435 Parvum
2122 4380 2320 4434 malum
2349 4388 2431 4435 est
2462 4380 2515 4433 in
2545 4377 2777 4433 hominis
2799 4375 2981 4442 corde,
3013 4375 3105 4445 qui
3132 4373 3447 4429 societatem

1862 4490 1968 4531 non
2000 4475 2191 4545 quaerit
2238 4482 2545 4529 sanctorum
2570 4513 2585 4539 ,
2613 4472 2712 4542 'qui
2749 4487 2856 4526 non
2904 4470 3175 4525 desiderat
3220 4482 3445 4538 negtium

1861 4566 2160 4620 caelorum?
2183 4563 2240 4619 Si
2270 4579 2376 4618 non
2407 4562 2711 4628 desiderat,
2744 4575 2901 4631 poena
2942 4569 3024 4615 est
3068 4557 3137 4614 de
3180 4560 3447 4628 perversi-

1862 4664 2005 4722 tate;
2034 4657 2078 4709 si
2110 4665 2289 4710 autem
2313 4653 2607 4718 desiderat,
2633 4667 2786 4721 pmna
2810 4660 2896 4707 est
2914 4650 2981 4705 de
3001 4650 3244 4705 fraudata
3269 4649 3447 4703 chari-

1867 4756 1992 4802 tate.
2027 4746 2131 4802 Sed
2157 4748 2222 4812 si,
2253 4745 2391 4815 quod
2425 4745 2525 4809 vis,
2563 4757 2722 4809 parva
2749 4742 2821 4797 sit
2846 4756 3022 4810 poena,
3058 4750 3113 4796 et
3139 4741 3252 4810 ipsa
3280 4754 3445 4809 parva

1867 4854 2055 4910 magna
2087 4847 2191 4901 est,
2233 4838 2276 4891 si
2306 4837 2449 4891 nulla
2480 4836 2634 4905 culpa
2674 4843 2777 4890 est.
2814 4853 2833 4886 ι
2871 4835 2997 4889 Haec
3028 4834 3135 4888 ille.
3168 4832 3276 4888 Nec
3294 4831 3445 4901 juvat

1865 4932 2005 5001 quod
2030 4937 2294 4999 reponunt
2314 4928 2583 4983 tristitiam
2612 4927 2757 4981 illam
2787 4926 2872 4982 vel
2903 4926 3101 4980 nullam
3129 4940 3273 4990 esse,
3300 4925 3445 4993 quod

1868 5022 2086 5075 amissio
2114 5022 2184 5075 sit
2214 5019 2336 5075 boni
2366 5017 2822 5089 supernaturalis,
2852 5017 2992 5085 quod
3022 5014 3152 5084 ipsis
3181 5015 3443 5069 naturali~

1867 5121 1950 5168 ter
1972 5127 2075 5166 non
2102 5112 2422 5180 debebatur,
2462 5111 2546 5165 vel
2579 5110 2769 5165 saltem
2792 5107 3003 5177 levem,
3035 5105 3178 5176 quod
3202 5104 3443 5170 videant,

1867 5216 1973 5255 non
2018 5216 2113 5256 sua
2154 5202 2430 5269 ipsorum,
2472 5200 2570 5256 sed
2610 5200 2765 5270 primi
2798 5198 3034 5268 parentis
3083 5197 3237 5266 culpa
3274 5211 3335 5252 se
3373 5196 3442 5253 ab

1863 5305 2061 5351 (eterna
2104 5296 2271 5366 gloria
2319 5295 2539 5365 ejectos.
2568 5294 2779 5349 Etenim
2821 5301 3010 5347 natura
3050 5291 3279 5346 humana
3325 5299 3444 5346 erat
3512 5348 3513 5351 η

1863 5387 2106 5441 ordinata
2154 5387 2219 5442 ad
2261 5387 2516 5457 gloriam,
2549 5400 2669 5455 qua:
2707 5385 2876 5455 gratia
2916 5384 3167 5438 omnibus
3211 5383 3442 5452 posteris

1864 5480 1995 5535 Ada:
2025 5479 2236 5535 decreta
2267 5487 2402 5545 erat,
2432 5493 2461 5532 a
2491 5493 2593 5547 qua
2624 5486 2802 5533 tamen
2833 5491 2953 5532 cum
2982 5490 3041 5530 se
3069 5474 3139 5529 ob
3169 5473 3315 5528 illius
3342 5474 3441 5547 de-

1864 5571 2047 5626 lictum
2074 5572 2335 5626 excidisse
2363 5570 2601 5636 videant,
2627 5569 2813 5640 ingens
2835 5567 3039 5623 doloris
3065 5574 3441 5636 argumentum

1860 5666 2114 5721 occurrit.
2138 5666 2234 5727 Ita,
2258 5664 2304 5719 si
2334 5665 2451 5733 quis
2480 5664 2550 5718 ob
2577 5663 2779 5717 crimen
2803 5663 2945 5717 laesa;
2968 5659 3265 5730 maiestatis
3285 5658 3443 5713 amit-

1858 5765 1934 5810 tat
1965 5756 2101 5809 bona
2132 5754 2232 5809 sibi
2268 5770 2295 5808 a
2340 5753 2579 5823 principe
2614 5763 2770 5809 antea
2814 5754 3046 5819 donata,
3096 5766 3278 5807 nonne
3322 5749 3441 5818 ejus

1856 5848 1951 5903 ﬁlii
1984 5848 2140 5901 toties
2172 5846 2371 5916 ingenti
2400 5845 2615 5901 tristitia
2647 5846 3021 5916 corripientur,
3050 5844 3263 5915 quoties
3296 5855 3436 5911 prae-

1855 5945 2062 5996 sentem
2108 5937 2416 6007 pauperiem
2464 5953 2588 5995 cum
2630 5938 2825 5995 amissa
2869 5939 3129 5994 bonorum
3159 5934 3434 5992 afﬂuentia
