3962 6346
528 423 631 482 659

1380 421 1940 481 SUPPLEMENTUM
1980 425 2072 480 AD
2110 425 2338 486 OPERA
2375 429 2432 484 S.
2471 428 2860 488 AUGUSTINI.
3669 436 3754 494 660

526 543 949 615 comparabant?
976 541 1129 609 Quod
1160 547 1338 596 autem
1378 540 1550 596 aliena
1582 542 1735 613 culpa
1765 542 1819 597 in
1843 556 1964 597 eum
1997 552 2105 598 sta-
2132 543 2186 608 Λ
2212 559 2404 615 pueros
2437 562 2542 602 non
2575 547 2800 617 tristari,
2823 548 2946 618 quia
2973 547 3026 603 id
3058 563 3160 603 non
3207 558 3389 619 posset
3421 549 3754 620 contingere,

527 648 637 695 tum
671 637 994 702 deciderint,
1031 635 1287 706 pudorem
1319 635 1532 707 quidem
1557 677 1574 706 ,
1603 636 1699 692 sed
1726 651 1831 693 non
1861 635 2102 694 dolorem

525 737 768 800 minuet,
813 735 922 788 imo
965 734 1127 788 istum
1178 734 1295 803 plus
1323 734 1556 801 augebit.
1588 733 1772 790 Pueris
1817 750 1946 790 vero
1995 750 2101 791 non

527 826 685 880 modo
717 840 870 894 paena
903 825 1100 880 inﬂicta
1123 833 1201 880 est
1225 867 1240 887 .
1279 841 1460 882 verum
1491 826 1650 882 etiam
1683 828 1821 883 inest
1844 827 2020 898 culpa,
2048 836 2103 884 et

523 927 648 974 sunt
675 935 868 990 reapse
891 929 1220 990 peccatores,
1255 921 1396 977 unde
1424 937 1544 978 cum
1570 921 1787 979 tristitia
1815 922 1975 978 etiam
2004 937 2101 993 pu-

520 1013 617 1070 dor
644 1015 696 1068 in
721 1013 826 1068 illis
856 1016 1132 1086 reperitur.

596 1104 944 1174 Respondent
965 1105 1053 1160 alii
1079 1118 1272 1176 pueros
1303 1106 1500 1160 nullam
1533 1105 1810 1160 habituros
1835 1106 2099 1176 cognitio-

522 1211 641 1250 nem
667 1198 851 1268 gloriae
872 1207 1110 1263 aternce,
1137 1198 1276 1268 quod
1303 1198 1415 1252 haec
1436 1207 1520 1254 est
1539 1199 1980 1268 supernatnralis,
2005 1213 2103 1256 nec

521 1288 749 1341 naturali
802 1303 1090 1358 puerorum
1135 1288 1438 1358 cognitione
1492 1289 1681 1358 attingi
1727 1290 1940 1358 poterit.
1994 1289 2102 1345 Sed

520 1378 636 1434 haec
668 1378 950 1449 responsio
979 1381 1224 1450 superius
1256 1381 1455 1450 reiecta
1484 1389 1600 1448 est,
1637 1381 1728 1436 ubi
1759 1383 2104 1452 probavimus

521 1485 716 1539 pueros
749 1471 954 1526 futuros
986 1472 1037 1524 in
1071 1472 1282 1526 sinistra
1315 1488 1328 1526 :
1358 1471 1615 1526 videbunt
1639 1472 1782 1527 enim
1823 1488 1854 1529 e
1889 1473 2104 1530 diverso

521 1563 744 1630 electos,
771 1578 971 1634 eosque
1002 1563 1064 1616 ad
1095 1572 1350 1620 aeternam
1389 1564 1612 1634 gloriam
1651 1565 1852 1619 vocari.
1885 1565 2103 1621 Interim

521 1655 644 1724 quid
680 1657 760 1709 his
788 1666 1069 1726 reponeret
1094 1658 1447 1727 Augustinus,
1471 1657 1559 1726 qui
1584 1658 1868 1714 absurdum
1899 1660 2104 1728 putavit

520 1760 714 1817 pueros
757 1748 1014 1819 imagines
1047 1748 1140 1804 Dei
1172 1750 1311 1805 haud
1343 1765 1524 1806 amare
1553 1766 1776 1822 regnum
1805 1752 1934 1820 Dei,
1962 1753 2102 1808 scri-

521 1843 654 1898 bens
685 1843 774 1897 lib.
808 1858 856 1897 vi
885 1852 1073 1898 contra
1095 1843 1228 1906 Jul.,
1276 1859 1396 1913 cap.
1447 1848 1480 1902 4
1517 1865 1528 1898 :
1567 1863 1585 1897 ‹
1617 1845 1673 1902 Si
1724 1846 1826 1901 hoc
1875 1845 1952 1902 eis
1997 1864 2100 1901 non

2203 638 2305 693 nisi
2334 639 2542 696 nollent
2567 655 2754 697 carere
2783 641 3130 706 beatitudine,
3156 657 3328 713 neque
3350 643 3548 699 essein
3570 657 3757 698 carcere

2202 731 2426 801 captivi,
2457 749 2573 803 quae
2603 749 2773 804 pinnae
2823 735 2950 804 ipsis
2993 734 3294 790 nolentibus
3339 735 3680 802 accidissent,
3715 745 3758 790 at

2205 834 2331 880 tunc
2361 833 2667 895 peccarent,
2695 827 2816 897 quia
2849 827 3108 884 haberent
3136 829 3463 884 voluntatem
3486 828 3755 884 diﬂormem

2201 917 2464 974 voluntati
2494 920 2713 976 divinze.
2739 921 2816 976 Ex
2837 937 2943 991 quo
2972 921 3215 978 discursu
3240 932 3386 992 patet
3417 923 3587 978 virum
3617 923 3759 978 subti-

2205 1008 2466 1066 lissimum
2499 1027 2564 1067 ne
2592 1015 2857 1083 cogitasse
2879 1013 3092 1084 quidem
3123 1015 3191 1070 de
3220 1016 3434 1071 tristitia
3468 1029 3587 1084 qua:
3613 1017 3758 1070 oritur

2203 1117 2266 1157 ex
2292 1113 2531 1173 peccato.
2573 1105 2677 1160 Sed
2716 1120 2814 1161 nec
2843 1107 2978 1161 ratio
3020 1107 3109 1161 illa
3135 1147 3152 1174 ,
3199 1123 3359 1176 quam
3415 1116 3539 1162 ante
3569 1107 3760 1162 Scotum

2204 1204 2386 1250 noster
2422 1196 2666 1266 A‘Jgidius
2692 1198 2976 1266 produxit,
3008 1198 3296 1268 quidquam
3330 1200 3554 1269 probat;
3587 1199 3760 1253 etenim

2206 1287 2376 1356 pueri,
2405 1301 2524 1342 cum
2555 1287 2662 1341 sint
2710 1296 3057 1356 peccatores,
3105 1289 3303 1344 habent
3329 1288 3651 1344 voluntatem
3677 1289 3762 1342 dii-

2205 1382 2434 1437 formem
2474 1380 2731 1434 voluntati
2773 1379 3010 1445 divinae;
3050 1391 3170 1435 sunt
3222 1381 3399 1436 aversi
3425 1396 3454 1435 a
3486 1382 3596 1436 Deo
3639 1391 3686 1435 et
3712 1383 3763 1436 ad

2205 1482 2504 1529 creaturam
2536 1471 2815 1536 conversi;
2859 1480 2978 1525 sunt
3031 1487 3155 1526 vasa
3184 1471 3280 1526 irae
3328 1480 3383 1526 et
3411 1472 3763 1537 contumeliae;

2208 1575 2330 1620 sunt
2377 1579 2407 1618 e
2458 1577 2682 1618 numero
2724 1563 3072 1632 reprohorum
3105 1579 3120 1617 :
3151 1577 3258 1618 non
3288 1573 3414 1617 sunt
3462 1564 3766 1618 reconciliati

2208 1660 2349 1724 Deo,
2379 1658 2470 1713 sed
2507 1659 2644 1712 inter
2669 1657 2909 1726 ejusdem
2946 1657 3193 1712 inimicos
3215 1666 3613 1728 computantur,
3651 1659 3768 1713 unde

2209 1751 2287 1804 ira
2318 1750 2408 1804 Dei
2433 1758 2612 1806 manet
2642 1763 2801 1819 super
2831 1748 2970 1803 illos.
2995 1749 3203 1805 Habent
3222 1765 3351 1820 ergo
3373 1765 3440 1805 ex
3471 1751 3672 1820 origine
3687 1765 3768 1805 vo-

2208 1843 2467 1898 luntatem
2496 1842 2800 1897 diil‘ormem
2829 1843 3095 1898 voluntati
3135 1843 3350 1897 divinae.
3386 1845 3467 1899 An
3501 1858 3628 1900 vero
3651 1845 3769 1913 quod

521 1933 626 1989 erit
652 1935 872 2000 malum,
900 1950 1004 1989 non
1039 1949 1167 2005 ergo
1194 1937 1446 1990 amabunt
1476 1952 1697 2006 regnum
1722 1938 1814 1994 Dei
1845 1947 1924 1993 tot
1951 1939 2102 1993 inno-
2135 1946 2180 2006 Β
2203 1934 2347 2004 juste
2367 1948 2426 1988 se
2451 1932 2670 1989 videant
2699 1934 2960 2002 torqueri,
3013 1935 3279 2004 patienter
3320 1944 3589 2004 tormenta
3633 1937 3771 1990 susti-

520 2033 700 2080 centes
725 2026 989 2096 imagines
1024 2026 1139 2081 Dei.
1171 2025 1228 2081 Si
1257 2037 1433 2081 autem
1462 2029 1742 2096 amabunt,
1792 2038 1845 2084 et
1893 2038 2100 2086 tantum

521 2119 775 2175 amabunt
806 2129 1063 2190 quantum
1097 2120 1410 2178 innocentes
1439 2136 1622 2178 amare
1655 2123 1852 2179 debent
1879 2139 2100 2194 regnum

521 2211 654 2278 ejus,
687 2225 714 2263 a
742 2227 849 2280 quo
875 2211 938 2265 ad
968 2211 1132 2280 ipsius
1164 2213 1445 2282 imaginem
1491 2223 1764 2280 creantur,
1797 2215 1930 2268 nihil
1975 2217 2102 2272 mali

524 2309 588 2362 de
619 2309 718 2364 hac
749 2310 863 2378 ipsa
902 2310 1238 2378 separatione
1283 2309 1641 2377 patientur?»
1678 2311 1816 2378 Quid
1858 2310 1940 2366 his
1964 2353 1979 2379 ,
2024 2313 2102 2366 in-

523 2418 705 2472 quam,
732 2410 1034 2473 reponeret,
1064 2403 1191 2457 dum
1224 2404 1274 2457 in
1307 2402 1508 2458 scholis
1537 2404 1744 2459 audiret
1774 2421 1969 2476 pueros
1997 2423 2102 2464 non

524 2500 685 2555 modo
717 2515 820 2554 non
842 2513 1024 2555 amare
1041 2541 1054 2565 ,
1076 2499 1170 2554 sed
1201 2514 1268 2554 ne
1290 2514 1615 2571 cognoscere
1636 2500 1848 2570 quidem
1882 2517 2100 2572 regnum

525 2595 621 2651 Dei
641 2597 664 2648 ‘I
695 2595 825 2650 Tam
853 2593 1038 2663 procul
1067 2594 1135 2648 ab
1166 2594 1445 2664 Augustini
1475 2594 1682 2650 semitis
1707 2595 1916 2649 nobiles
1947 2595 2104 2651 scho-

522 2689 691 2744 lastici
728 2690 930 2746 abiere.
967 2689 1164 2746 Verum
1190 2689 1304 2744 haec
1333 2689 1440 2746 illis
1466 2689 1852 2756 concedamus,
1884 2691 2101 2746 aliunde

521 2783 792 2837 tristitiam
838 2797 1125 2851 puerorum
1160 2783 1352 2851 probo.
1379 2781 1590 2838 Etenim
1624 2796 1730 2837 non
1755 2783 1928 2838 solum
1977 2791 2103 2839 sunt

520 2875 693 2930 aversi
717 2890 744 2927 a
770 2874 902 2939 Deo,
935 2883 992 2928 ut
1024 2883 1242 2930 auctore
1273 2874 1696 2943 supernaturali,
1720 2874 1814 2930 sed
1855 2875 2016 2930 etiam
2044 2883 2103 2929 ut

520 2980 738 3026 auctore
767 2981 973 3025 naturae
1007 2991 1016 3024 :
1055 2970 1223 3025 Adam
1253 2969 1396 3025 enim
1443 2984 1540 3040 per
1583 2978 1861 3040 peccatum
1912 2969 2102 3028 relicto

522 3062 945 3118 incommutabili
976 3062 1116 3116 bono
1143 3061 1370 3116 adhaesit
1401 3061 1541 3116 bono
1569 3070 1771 3127 creato,
1797 3061 1940 3131 quod
1979 3075 2104 3130 pec-

522 3162 698 3209 catum
727 3170 848 3209 cum
878 3169 945 3209 ex
977 3155 1184 3224 origine
1212 3170 1242 3208 a
1281 3155 1461 3224 pueris
1500 3154 1772 3219 trahatur,
1805 3153 2102 3209 redduntur

523 3247 696 3301 aversi
722 3260 750 3300 a
779 3247 890 3302 Deo
929 3255 983 3301 et
1011 3247 1258 3302 conversi
1307 3246 1373 3300 ad
1427 3254 1748 3301 creaturam.
1778 3245 1890 3300 Hoc
1927 3245 2101 3314 ipsum

524 3338 910 3404 conﬁrmatur,
939 3340 1059 3408 quia
1105 3339 1189 3393 vel
1235 3339 1386 3408 pueri
1427 3339 1624 3394 habent
1666 3338 1899 3409 aliquem
1943 3339 2102 3395 tinem
2132 3325 2179 3390 (Ξ

526 3435 826 3489 naturalem
856 3449 962 3504 quo
992 3447 1241 3502 possessu
1271 3435 1558 3499 satiantur,
1584 3433 1671 3488 vel
1708 3433 1908 3488 nullum
1941 3433 2102 3489 talem

529 3525 688 3606 ﬁnem
716 3534 945 3596 possunt
970 3525 1269 3596 possidere.
1303 3525 1360 3579 Si
1384 3525 1612 3594 primum
1641 3523 1819 3591 detur,
1853 3533 1979 3593 peto
2018 3525 2102 3579 vel

525 3621 627 3676 erit
650 3620 735 3674 hic
761 3619 882 3674 ﬁnis
927 3619 1096 3686 Deus,
1123 3618 1206 3674 vel
1248 3619 1537 3674 creatura?
1567 3619 1611 3672 si
1654 3627 1916 3684 creatura,
1949 3626 2108 3674 erunt

528 3714 686 3785 igitur
717 3722 1024 3783 peccatores
1053 3723 1107 3769 et
1128 3716 1298 3770 aversi
1324 3731 1353 3769 a
1384 3715 1494 3771 Deo
1523 3722 1580 3770 ut
1606 3723 1826 3770 auctore
1856 3724 2060 3771 natura:
2088 3735 2102 3783 ;

525 3808 570 3864 si
593 3822 722 3864 vero
755 3807 894 3862 Deus
916 3809 1019 3862 erit
1057 3807 1273 3863 ultimus
1307 3808 1447 3873 ﬁnis,
1473 3816 1736 3876 quatenus
1781 3808 2106 3865 abstractive

524 3902 793 3972 cognitus,
821 3915 948 3971 ergo
971 3901 1225 3956 amabunt
1255 3902 1417 3956 Deum
1446 3910 1502 3957 et
1530 3917 1557 3954 a
1585 3901 1695 3956 Deo
1721 3916 1933 3972 quoque
1954 3917 2104 3957 ama-

524 3992 755 4056 buntur;
806 3995 1076 4063 quomodo
1119 4009 1246 4062 ergo
1292 3995 1371 4047 ira
1417 3993 1514 4049 Dei
1561 4006 1730 4048 manet
1779 4013 1930 4064 super
1990 3997 2107 4050 illos

526 4086 708 4156 (Joan.
742 4100 797 4139 ιιι
819 4125 832 4149 ,
859 4085 948 4155 56)
973 4087 996 4140 ‘l
1025 4086 1211 4140 Nonne
1237 4101 1329 4154 per
1379 4095 1654 4155 peccatum
1683 4101 1810 4142 vere
1834 4096 1958 4142 sunt
2007 4087 2108 4141 ini-

527 4179 648 4233 mici
682 4178 939 4246 Deiiqna
964 4178 1121 4247 igitur
1150 4179 1356 4234 ratione
1385 4179 1532 4233 illum
1564 4179 1854 4233 amabunt?
1885 4179 1941 4234 Si
1979 4194 2106 4234 vero

526 4268 656 4322 illud
680 4268 902 4323 alterum
936 4277 1224 4334 asseratur,
1259 4283 1452 4339 nempe
1494 4284 1692 4338 pueros
1717 4269 1924 4323 nullum
1956 4268 2103 4322 habi-

532 4371 681 4414 turos
721 4360 964 4414 ultimum
1014 4362 1206 4425 tinem,
1238 4369 1395 4415 erunt
1422 4375 1552 4432 ergo
1583 4371 1840 4415 aeternum
1883 4361 2103 4427 miseri,

529 4460 712 4520 utpote
761 4453 953 4506 summi
984 4451 1106 4506 boni
1138 4454 1477 4522 possessione
1504 4453 1729 4508 exclusi.
1776 4453 1841 4507 Et
1891 4452 2105 4521 quidem

532 4547 623 4599 vix
656 4556 814 4612 posse
840 4543 1093 4612 explicari
1126 4559 1254 4613 puto
1296 4559 1490 4613 pueros
1520 4544 1663 4598 nulla
1696 4545 1909 4599 tristitia
1939 4543 2102 4611 afﬁci,

530 4636 658 4691 dum
682 4643 930 4701 cernunt,
957 4635 1098 4705 quod
1129 4637 1210 4689 ira
1233 4635 1328 4690 Dei
1348 4645 1518 4690 manet
1539 4651 1692 4706 super
1721 4635 1860 4702 illos,
1891 4636 2016 4689 dum
2047 4649 2105 4690 se

2207 2028 2407 2082 neant?
2451 2026 2762 2094 Respondet
2785 2026 3036 2092 Poncius,
3061 2042 3210 2081 num.
3241 2027 3332 2092 54,
3367 2045 3388 2080 ι
3424 2043 3530 2082 non
3553 2041 3672 2082 esse
3691 2027 3772 2082 sibi

2206 2123 2586 2178 inconveniens
2611 2121 2754 2191 quod
2783 2121 2988 2191 parvuli
3030 2121 3084 2176 in
3131 2121 3341 2177 inferno
3374 2131 3601 2191 peccent
3630 2131 3772 2187 actu,

2204 2227 2324 2268 cum
2355 2215 2497 2269 enim
2531 2213 2762 2268 habeant
2793 2228 2946 2268 usum
2972 2212 3126 2268 liberi
3157 2213 3392 2278 arbitrii,
3423 2223 3477 2269 et
3507 2215 3774 2283 puniantur

2205 2306 2534 2362 :eternaliter
2574 2321 2602 2359 a
2656 2305 2800 2371 Deo,
2859 2314 2970 2359 tum
2998 2304 3236 2361 carentia
3269 2305 3652 2370 beatitudinis,
3684 2316 3774 2360 tum

2207 2413 2362 2468 ptena
2385 2413 2595 2464 sensus,
2621 2407 2763 2454 esset
2791 2412 2921 2454 sane
2951 2397 3188 2452 maxima
3216 2396 3387 2452 virtus
3414 2399 3467 2452 in
3510 2399 3640 2470 ipsis
3661 2412 3772 2453 con-

2158 2501 2165 2510 '
2206 2490 2436 2545 formare
2470 2505 2529 2546 se
2568 2490 2761 2545 divinat
2785 2489 3064 2545 voluntati.
3099 2508 3118 2542 ι
3145 2489 3297 2557 Quod
3330 2491 3375 2545 si
3420 2501 3682 2562 martyres
3709 2491 3776 2545 in-

2207 2582 2509 2638 tensissima
2540 2583 2709 2652 gratia
2754 2582 3035 2652 indignere
3055 2622 3071 2650 ,
3107 2596 3174 2636 ne
3203 2583 3255 2636 in
3285 2582 3565 2637 tormentis
3593 2583 3775 2637 deﬁce-

2205 2686 2344 2740 rent,
2381 2677 2473 2732 sed
2515 2691 2611 2746 pro
2641 2675 2900 2744 religione
2931 2683 3255 2746 pugnarent,
3303 2691 3641 2745 nequaquam
3678 2676 3776 2730 ﬁeri

2207 2755 2366 2842 posse
2395 2772 2606 2826 videtur
2631 2779 2689 2824 ut
2717 2769 2866 2838 pueri
2894 2770 3026 2824 solis
3052 2769 3258 2824 viribus
3292 2777 3496 2823 naturae
3527 2777 3701 2823 tantos
3725 2782 3777 2824 ac

2207 2875 2312 2920 tam
2345 2867 2531 2936 longos
2553 2864 2822 2919 cruciatus
2849 2862 3116 2932 patienter
3144 2860 3422 2917 sufferant.
3453 2861 3562 2916 Nec
3589 2877 3654 2917 ea
3683 2862 3774 2914 alia

2205 2969 2356 3030 parte
2396 2958 2604 3012 videtur
2632 2956 2855 3025 iustitiae
2897 2951 3090 3009 divina
3113 2968 3414 3009 consonum
3462 2963 3520 3008 ut
3547 2955 3777 3026 hostibus

2205 3051 2337 3118 suis,
2369 3050 2460 3120 qui
2491 3056 2614 3103 sunt
2640 3046 2708 3102 de
2737 3046 2940 3101 familia
2969 3045 3190 3111 diaboli,
3218 3052 3420 3100 tantam
3447 3045 3645 3100 divinae
3669 3059 3775 3115 gra-

2205 3145 2292 3200 tiae
2323 3143 2428 3198 vim
2457 3141 2811 3212 impertiatur.

2383 3236 2670 3293 Solvuntur
2692 3234 2962 3288 contrariae
2989 3233 3247 3288 sententia:
3281 3241 3606 3303 argumenta.

2285 3327 2494 3400 Optime
2537 3325 2807 3396 iudicasse
2859 3325 3086 3380 arbitror
3114 3325 3373 3380 Joannem
3416 3322 3670 3378 Poncium
3697 3336 3772 3377 su-

2213 3420 2390 3491 perius
2431 3419 2723 3482 laudatum,
2766 3431 2884 3472 cum
2917 3432 3064 3471 num.
3105 3417 3167 3472 10
3213 3415 3348 3471 dixit
3389 3415 3644 3486 oppositae
3670 3429 3772 3469 sen-

2212 3515 2391 3570 tentiae
2417 3520 2723 3583 argumenta
2755 3525 2877 3566 esse
2917 3511 3060 3580 parvi
3091 3508 3353 3575 momenti,
3384 3507 3530 3576 quod
3561 3507 3774 3562 breviter

2212 3605 2485 3675 apparebit
2515 3619 2579 3657 ex
2609 3603 2850 3673 subjecta
2878 3601 3187 3657 eorumdem
3227 3601 3600 3657 dissolutione.
3646 3600 3776 3670 Obii-

2209 3699 2358 3753 ciunt
2381 3697 2432 3752 1⁸
2462 3695 2814 3768 Augustinum
2839 3694 2907 3750 de
2929 3695 3104 3763 pmnis
3121 3693 3462 3762 parvulorum
3493 3693 3775 3758 dubitasse,

2209 3801 2283 3858 et,
2318 3800 2377 3846 ut
2403 3790 2594 3846 Goneti
2640 3789 2818 3844 verbis
2862 3797 3002 3854 utar,
3033 3789 3170 3858 disp.
3204 3790 3235 3842 7
3263 3789 3332 3844 de
3374 3789 3603 3845 Peccato
3629 3788 3776 3857 origi-

2211 3887 2337 3952 nali,
2379 3896 2480 3940 art.
2526 3887 2581 3949 7,
2635 3873 2780 3938 num.
2829 3882 2950 3945 190,
2981 3881 3144 3938 fuisse
3173 3881 3384 3936 dubium
3413 3891 3464 3937 et
3490 3882 3697 3936 anxium
3730 3881 3778 3934 in

2212 3985 2306 4036 hac
2337 3981 2570 4034 niateria.
2604 3977 2734 4032 Nam
2763 3977 2856 4032 lib.
2883 3991 2939 4031 ιιι
2968 3975 3034 4031 de
3060 3975 3252 4030 Libero
3274 3974 3521 4041 arbitrio,
3555 3989 3674 4043 cap.
3695 3973 3800 4041 23,.

2211 4076 2285 4130 ait
2315 4091 2328 4128 :
2369 4093 2392 4125 ι
2420 4073 2536 4126 Non
2566 4071 2708 4126 enim
2740 4069 3082 4126 metuendum
3111 4077 3193 4123 est
3232 4083 3300 4122 ne
3325 4067 3433 4121 vita
3462 4081 3586 4122 esse
3606 4074 3781 4135 potue-

2212 4168 2279 4220 rit
2325 4164 2497 4220 media
2543 4162 2786 4234 quaedam
2833 4161 2972 4218 inter
3001 4170 3145 4217 recte
3175 4159 3374 4215 factum
3399 4169 3563 4229 atque
3601 4173 3781 4230 pecca-

2212 4268 2346 4323 tum,
2379 4266 2431 4310 et
2453 4255 2714 4310 sententia
2739 4253 2934 4323 judicis
2967 4253 3141 4307 media
3171 4267 3290 4306 esse
3319 4267 3424 4306 non
3468 4253 3633 4322 possit
3657 4253 3782 4305 inter

2213 4349 2484 4418 praemium
2512 4357 2669 4416 atque
2713 4345 3049 4416 supplicium.
3083 4365 3102 4396 ›
3139 4345 3210 4400 lbi
3242 4353 3420 4399 autem
3463 4345 3532 4399 de
3561 4342 3782 4414 parvulis

2214 4441 2467 4509 loquitur.
2521 4439 2677 4492 Addit
2737 4439 3084 4493 Bellarminus
3133 4455 3148 4490 :
3194 4437 3291 4492 llla
3319 4453 3602 4506 nunquam,
3653 4432 3781 4504 quod

2211 4534 2386 4597 sciam,
2441 4530 2754 4600 Augustinus
2805 4529 3109 4582 retractavit.
3159 4527 3367 4582 Omissa
3419 4528 3779 4597 responsione,

2213 4627 2269 4682 P.
2303 4625 2544 4693 Macedo,
2575 4641 2681 4678 non
2712 4623 2850 4692 quod
2885 4624 3014 4678 falsa
3042 4623 3130 4691 sit,
3168 4622 3261 4677 sed
3293 4623 3435 4692 quod
3465 4623 3654 4678 melior
3676 4622 3780 4674 hmo

527 4729 716 4784 vident
756 4729 964 4782 macula
1006 4728 1208 4794 peccati
1251 4726 1497 4783 infectos.
1525 4727 1744 4782 Doletne
1783 4729 1926 4795 ipsos
1955 4725 2098 4795 quod
2132 4711 2180 4770 D
2209 4721 2374 4775 altera
2422 4729 2601 4774 nostra
2652 4718 2879 4782 videtur,
2943 4717 3063 4771 dico
3115 4716 3604 4788 Semi-Pelagianos
3661 4715 3780 4769 olim

527 4821 585 4875 in
613 4827 835 4889 peccato
859 4820 1022 4874 sunt?
1049 4819 1177 4886 Quis
1206 4828 1384 4874 autem
1408 4818 1509 4874 hoc
1536 4819 1726 4888 neget?
1749 4818 1933 4888 Magna
1962 4818 2106 4872 enim

527 4923 655 4968 tunc
677 4913 816 4968 foret
861 4912 1073 4968 illorum
1105 4912 1424 4978 perversitas
1447 4953 1460 4975 ,
1492 4925 1553 4966 ac
1582 4911 1861 4980 suppliciis
1896 4911 2106 4982 gravio-

528 5005 679 5060 ribus
698 5003 983 5059 addicendi
1015 5011 1232 5070 essent,
1263 5002 1307 5055 si
1349 5001 1415 5056 de
1448 5012 1668 5069 peccato
1690 5017 1794 5056 non
1827 5001 2106 5055 tristaren-

531 5105 633 5149 tur.
665 5096 721 5150 Si
748 5103 925 5149 autem
955 5102 1123 5148 status
1167 5094 1370 5161 peccati
1417 5091 1658 5146 dolorem
1691 5093 1913 5159 ingerit,
1943 5091 2102 5146 iidem

527 5189 686 5241 etiam
719 5189 1022 5251 tristantur;
1054 5185 1265 5240 tristitia
1308 5184 1449 5238 enim
1481 5191 1563 5237 est
1603 5182 1755 5237 dolor
1790 5183 1858 5237 de
1887 5182 1950 5236 iis
1983 5198 2102 5251 qua:

529 5276 682 5335 nobis
710 5277 1020 5338 nolentibus
1059 5275 1322 5330 accidunt.
1361 5273 1564 5328 Pueros
1603 5283 1782 5328 autem
1815 5273 1958 5327 nolle
1984 5287 2103 5329 esse

532 5369 584 5420 in
618 5375 757 5421 statu
792 5367 1014 5435 peccati,
1044 5376 1244 5422 certum
1275 5375 1425 5435 puto,
1457 5365 1598 5432 quod
1628 5374 1827 5430 tamen,
1859 5366 2104 5433 quamvis

532 5461 870 5525 nolentibus,
915 5470 1170 5514 aeternum
1210 5460 1314 5516 illis
1343 5459 1657 5514 adbzerebit.
1691 5459 1833 5512 Sane
1873 5459 2104 5512 arbitror

530 5555 652 5610 illos
672 5554 762 5622 qui
792 5561 989 5622 negant
1019 5554 1215 5607 tristari
1246 5553 1496 5621 parvulos
1517 5566 1586 5606 ne
1617 5551 1855 5621 cogitare
1887 5550 2102 5620 quidem

530 5649 599 5703 de
626 5648 833 5701 macula
869 5647 1102 5715 peccati,
1128 5660 1249 5699 cum
1274 5656 1448 5700 tamen
1483 5645 1591 5699 sint
1621 5644 1831 5713 proprie
1859 5653 2105 5713 peccato-

535 5761 640 5800 res.
671 5743 964 5813 Pelagiani,
983 5742 1073 5812 qui
1103 5755 1295 5810 pueros
1326 5742 1636 5796 innocentes
1666 5738 1960 5808 putabant,
1993 5752 2107 5792 rna-

533 5838 615 5905 gis
655 5844 1044 5905 consequenter
1097 5833 1344 5887 dicebant
1383 5831 1602 5888 eosdem
1645 5831 1727 5884 vel
1767 5843 1983 5898 parvam
2025 5829 2107 5884 vel

536 5928 734 5982 nullam
759 5927 1029 5982 tristitiam
1061 5925 1192 5995 pati.
1233 5924 1482 5979 Profecto
1527 5923 1720 5978 Scottis
1764 5920 1889 5976 inde
1920 5921 2110 5990 probat

2211 4814 2398 4870 eodem
2430 4811 2737 4867 testimonio
2781 4811 2976 4864 abusos
3017 4809 3184 4864 fuisse
3212 4819 3268 4863 ut
3297 4810 3524 4879 gradum
3555 4810 3781 4864 facerent

2210 4905 2274 4960 ad
2300 4901 2690 4974 infringendum
2707 4911 3074 4972 argumentum
3093 4916 3121 4954 a
3146 4901 3381 4971 parvulis
3402 4902 3472 4957 ab
3498 4901 3783 4972 Augustino

2209 4996 2520 5059 deductum,
2554 5005 2609 5048 ut
2648 4993 2869 5064 gratiam
2900 5009 2965 5048 ex
2997 4993 3203 5049 meritis
3246 4995 3615 5063 exploderent.
3662 4992 3783 5047 Haec

2211 5089 2396 5143 scribit
2424 5086 2655 5142 Hilarius
2698 5085 2763 5140 ad
2805 5086 3202 5155 Augustinum:
3261 5105 3280 5138 ι
3316 5087 3666 5142 l’arvulorum
3694 5098 3785 5136 au-

2211 5191 2316 5236 tem
2365 5194 2578 5233 causam
2625 5177 2692 5231 ad
2737 5178 3036 5246 exemplum
3070 5177 3333 5246 majorum
3367 5195 3480 5233 non
3521 5178 3783 5248 patiuntur

2209 5274 2414 5339 aﬂerri;
2473 5286 2630 5342 quam
2662 5280 2716 5326 et
2764 5279 2905 5324 tuam
2955 5270 3303 5326 Sanctitatem
3335 5271 3523 5327 dicunt
3568 5279 3784 5326 eatenus

2212 5366 2476 5436 attigisse,
2506 5373 2562 5418 ut
2607 5378 2874 5418 musarum
2924 5378 3048 5417 esse
3095 5363 3350 5430 volueris,
3397 5379 3461 5420 ac
3505 5367 3672 5435 potius
3720 5359 3784 5414 de

2209 5473 2394 5514 eorum
2427 5457 2600 5526 pinnis
2622 5457 3188 5534 maluerispuatrans.
3216 5456 3367 5520 Quod
3400 5457 3600 5513 inlibro
3625 5451 3782 5510 tertio

2211 5553 2277 5608 de
2304 5552 2496 5607 Libero
2525 5550 2758 5605 Arbitrio
2806 5551 2880 5604 ita
2926 5551 3171 5617 posuisse
3201 5552 3510 5620 meministi,
3550 5561 3602 5607 ut
3645 5550 3784 5603 hanc

2212 5643 2291 5699 eis
2318 5641 2653 5699 occasionem
2682 5641 2914 5711 potuerit
2945 5643 3229 5698 exhibere.
3270 5661 3289 5694 ι
3327 5643 3464 5698 Huic
3495 5641 3784 5699 Massilien-

2213 5736 2352 5790 sium
2383 5733 2672 5804 objectioni
2701 5733 2988 5804 respondet
3033 5745 3253 5791 sanctus
3297 5736 3487 5791 doctor
3517 5737 3564 5789 in
3592 5733 3683 5788 lib.
3716 5730 3783 5783 de

2217 5829 2364 5884 Dono
2395 5844 2633 5898 persev.,
2675 5843 2794 5898 cap.
2828 5829 2918 5894 12,
2963 5843 3020 5882 se
3051 5829 3177 5884 olim
3209 5831 3578 5901 presbyterum
3616 5828 3781 5882 libros

2216 5920 2283 5975 de
2316 5919 2510 5977 Libero
2538 5919 2798 5986 Arbitrio,
2829 5919 3160 5991 quos_laicus
3190 5921 3377 5978 Romae
3406 5921 3694 5985 incusarat,
3727 5913 3782 5970 in
