3962 6346
225 328 329 386 6M

1396 317 1718 378 VINDICIE
1761 319 2316 378 AUGUSTINIANA‘J.

3386 327 3489 380 662

221 446 406 503 Africa
436 444 729 502 confecisse
749 484 764 513 ,
819 456 1012 513 nempe
1058 450 1181 498 ante
1209 455 1406 497 annum
1438 440 1564 499 559.
1609 441 1804 511 Quare,
1834 445 1890 504 Α
1913 441 2328 496 immoraremur
2356 455 2482 498 vero
2510 443 2560 498 in
2599 442 2677 497 eis
2707 456 2825 513 qua
2865 441 3120 498 adversus
3151 441 3285 497 alios
3313 442 3489 498 inimi-

223 541 592 616 ctiamsituuc
619 540 687 596 de
716 539 1062 613 parvulorum
1096 536 1268 611 poenis
1296 534 1615 604 dubitasset,
1652 555 1670 590 ί
1707 534 1810 593 Ne-

219 649 333 701 mo,
363 635 457 702 ait,
493 633 778 704 utopinor,
810 640 950 688 esset
974 639 1078 686 tam
1111 630 1358 701 injustus,
1390 641 1550 701 atque
1579 629 1809 698 invidus,

221 727 315 797 qui
345 743 431 783 me
451 727 709 798 proﬁcere
735 726 1064 798 prohiberet,
1091 733 1247 797 atque
1276 725 1328 780 in
1357 725 1455 780 hac
1484 724 1812 782 dubitatione

222 819 617 874 remanendum
651 817 783 874 mihi
810 833 928 874 esse
952 818 1238 890 judicaret.
1273 837 1292 870 ι
1327 816 1489 873 Addit
1517 833 1622 873 non
1653 833 1812 888 opor-

217 920 340 967 tere
367 912 513 968 credi
565 927 626 968 se
670 927 732 968 ea
781 912 848 967 de
879 927 935 966 re
990 910 1291 978 ᾶυιιίιθεεες,
1343 910 1438 967 sed
1467 911 1605 982 quod
1640 911 1808 966 Mani-

217 1003 383 1073 chaei,
414 1006 668 1078 quidquid
702 1006 766 1062 de
797 1005 968 1077 pmnis
1015 1003 1292 1061 infantium
1344 1005 1651 1071 sentiretur,
1681 1005 1807 1076 reji-

215 1101 399 1156 ciendi
429 1109 600 1168 erant,
637 1115 702 1156 ne
732 1101 955 1156 duarum
989 1109 1319 1168 naturarum,
1353 1116 1545 1171 nempe
1572 1101 1694 1156 mali
1717 1103 1807 1156 bo-

214 1191 383 1262 nique
413 1193 698 1262 permixtio
744 1192 1078 1259 crederetur,
1110 1203 1164 1248 et
1212 1191 1480 1249 concludit
1528 1210 1541 1248 :
1600 1213 1618 1246 ι
1658 1193 1811 1250 Absit

215 1293 278 1339 ut
304 1299 520 1340 causam
554 1285 898 1356 parvulorum
930 1286 1006 1342 sic
1021 1286 1405 1356 relinquamus,
1427 1294 1484 1340 ut
1505 1300 1623 1342 esse
1651 1287 1807 1342 nobis

215 1376 464 1432 dicamus
514 1379 774 1433 incertum
828 1387 1002 1432 utrum
1038 1379 1090 1432 in
1141 1375 1354 1434 Christo
1393 1378 1712 1448 regenerati,
1761 1381 1805 1433 si

215 1472 520 1526 moriantur
561 1471 791 1541 parvuli,
841 1479 1118 1526 transeant
1163 1470 1216 1525 in
1243 1479 1502 1525 aeternam
1535 1471 1804 1540 salutem;

215 1581 328 1621 non
372 1567 669 1637 regenerati
719 1573 896 1622 autem
930 1573 1206 1622 transeant
1250 1565 1303 1620 in
1335 1573 1562 1620 mortem
1611 1579 1806 1620 secun-

215 1660 367 1727 dam,
400 1669 504 1716 etc.
533 1680 551 1712 ι
584 1660 768 1732 Itaque
795 1671 1012 1715 sanctus
1035 1660 1220 1715 doctor
1249 1658 1368 1713 ideo
1396 1672 1500 1714 non
1549 1665 1806 1714 retracta-

219 1755 301 1809 vit
333 1755 474 1824 quod
503 1755 629 1810 olim
661 1755 915 1811 docuerat
966 1754 1033 1811 de
1061 1754 1236 1824 poenis
1269 1753 1611 1824 parvulorum
1635 1793 1650 1820 ,
1680 1751 1802 1824 quia
1827 1815 1832 1818 _

1915 552 2006 594 cos
2045 537 2302 594 Ecclesiae
2335 536 2700 606 disputabant.
2742 555 2761 587 ι
2797 535 3115 606 Respondeo
3142 549 3327 590 rursus
3358 535 3492 593 Grc-

1913 631 2120 702 gorium
2159 629 2548 686 Nazianzenum
2591 643 2656 685 eo
2706 629 2807 684 loci
2858 629 2956 683 tria
2985 627 3258 684 hominum
3293 643 3490 700 genera

1913 724 2030 781 sine
2059 725 2327 796 baptismo
2349 723 2726 781 decedentium
2755 738 3043 780 recensere
3069 741 3082 778 :
3110 739 3273 779 unum
3304 739 3490 780 eorum

1914 819 2004 890 qui
2029 817 2355 889 baptismum
2397 826 2856 888 contempserunt,
2885 819 3112 873 alterum
3165 833 3350 874 eorum
3403 821 3495 890 qui

1913 909 2041 967 illud
2071 927 2138 968 ex
2170 911 2494 982 negligentia
2537 913 2849 976 omiserunt,
2899 919 3225 980 postremum
3274 911 3490 968 illorum

1912 1008 2002 1078 qui
2036 1022 2132 1063 nec
2159 1023 2225 1064 ex
2277 1015 2585 1077 contemptu
2633 1021 2733 1061 nec
2763 1021 2828 1060 ex
2875 1005 3196 1078 negligentia
3242 1007 3358 1064 sine
3398 1007 3492 1065 illo

1912 1102 2110 1156 mortui
2143 1109 2285 1157 sunt.
2349 1099 2637 1170 Comparat
2681 1108 2856 1154 autem
2889 1114 3075 1169 pcenas
3109 1099 3422 1156 eorumdem
3475 1119 3490 1156 :

1911 1193 2119 1264 priores
2149 1195 2220 1249 ait
2245 1209 2434 1266 graves
2465 1208 2650 1264 poenas
2679 1193 2830 1261 dare,
2865 1194 3063 1249 alteros
3093 1193 3328 1252 minores
3357 1196 3490 1267 pati,

1913 1298 2213 1358 postremos
2256 1301 2354 1342 nec
2399 1288 2603 1344 οωιεειί
2649 1288 2818 1359 gloria
2849 1287 3058 1355 donari,
3100 1289 3196 1346 sed
3238 1303 3340 1348 nec
3365 1305 3494 1364 sup-

1913 1381 2083 1452 pliciis
2117 1381 2293 1437 addici
2321 1383 2514 1454 quibus
2556 1381 2642 1436 alii
2690 1381 2760 1438 ob
2785 1390 3148 1452 contemptum
3189 1383 3277 1439 vel
3321 1385 3489 1458 negli-

1910 1482 2097 1542 genter
2125 1474 2380 1529 omissum
2421 1473 2744 1545 baptismum
2789 1472 3166 1545 subjiciuntur.
3196 1475 3348 1543 Quod
3395 1491 3490 1534 ve-

1911 1565 2182 1620 rissimum
2213 1576 2315 1634 est,
2349 1567 2422 1622 illi
2454 1567 2596 1622 enim
2625 1567 2832 1622 actuale
2863 1575 3140 1638 peccatum
3172 1567 3492 1625 commisere

1910 1659 1963 1714 in
1997 1659 2392 1714 contemnendo
2441 1660 2523 1716 vel
2556 1659 2851 1716 omittendo
2891 1658 3184 1730 baptismo,
3214 1659 3365 1731 cujus
3395 1658 3492 1715 de-

1908 1749 2020 1807 licti
2053 1768 2173 1809 cum
2206 1753 2353 1822 pueri
2380 1753 2459 1809 rei
2491 1769 2596 1808 non
2626 1753 2731 1809 sint
2753 1795 2765 1818 ,
2797 1767 2969 1822 neque
3000 1750 3269 1824 suppliciis
3298 1751 3487 1808 iisdem

213 1849 286 1906 de
315 1849 504 1905 iisdem
533 1863 638 1905 non
660 1849 1018 1905 dubitaverat.
1054 1849 1167 1904 lmo
1199 1849 1250 1903 in
1280 1848 1438 1917 epist.
1472 1847 1540 1900 ‘28
1576 1846 1642 1902 ad
1674 1846 1801 1904 Hie-
1833 1837 1880 1899 B
1909 1845 2144 1916 torqueri
2181 1854 2424 1914 possunt.
2472 1845 2758 1916 Gregorius
2787 1859 2913 1900 vero
2943 1843 3211 1914 Nyssenus
3242 1842 3488 1898 dubitan-

212 1957 524 2014 ronymum,
568 1957 686 2012 quae
724 1943 921 2013 scripta
963 1942 1062 1996 fuit
1091 1956 1229 1996 anno
1257 1939 1360 1994 4H
1385 1981 1400 2008 ,
1431 1955 1552 1997 cum
1581 1941 1805 1996 Orosius

213 2030 270 2087 in
302 2034 481 2086 Asiam
513 2033 922 2098 transmitteret,
957 2031 1072 2087 haec
1103 2033 1290 2088 scribit
1316 2022 1530 2087 sanctus
1562 2032 1718 2087 Pater
1741 2031 1807 2087 de

211 2123 408 2180 eodem
444 2125 537 2180 lib.
586 2141 645 2180 ιιι
676 2126 741 2181 de
786 2125 979 2181 Libero
1008 2125 1249 2180 Arbitrio
1285 2141 1298 2179 :
1334 2144 1352 2178 ι
1387 2125 1499 2180 Νοιι
1531 2135 1708 2181 tamen
1738 2123 1804 2182 de

213 2217 566 2272 damnatione
595 2233 781 2272 eorum
810 2218 1176 2288 parvulorum,
1208 2219 1296 2288 qui
1325 2217 1443 2273 sine
1475 2217 1566 2271 illo
1587 2217 1806 2287 (nempe

212 2310 506 2381 baptismo)
536 2327 601 2367 ex
627 2311 726 2367 hac
763 2312 871 2366 vita
911 2312 1196 2381 cmigrant,
1246 2319 1372 2366 tunc
1399 2311 1597 2382 aliquid
1621 2310 1806 2366 dicen-

213 2405 344 2460 dum
380 2406 587 2476 putavi,
618 2406 738 2475 quia
769 2421 874 2460 non
901 2404 1042 2476 quod
1068 2420 1207 2460 nunc
1249 2405 1442 2475 agitur,
1467 2405 1739 2475 agebatur.
1783 2423 1800 2456 ι

212 2500 430 2556 Etenim
491 2499 818 2572 Augustinus
847 2498 1048 2555 ibidem
1076 2499 1310 2567 disputat
1341 2504 1544 2551 tantum
1582 2499 1649 2551 de
1694 2510 1808 2566 pte-

213 2595 298 2648 nis
330 2608 466 2663 quas
495 2593 546 2648 in
593 2593 690 2646 hac
733 2591 842 2646 vita
880 2589 1088 2662 parvuli
1119 2591 1412 2661 patiniitur.
1447 2589 1578 2643 Hinc
1610 2589 1804 2644 faCIum

213 2695 300 2741 est
330 2694 389 2739 ut
414 2685 776 2756 Hieronymus
818 2698 939 2738 cum
971 2683 1270 2752 Augustino
1298 2681 1559 2745 senserit;
1599 2697 1720 2736 nam
1755 2682 1806 2735 in

213 2776 410 2831 eadem
460 2776 685 2846 epistola
734 2775 931 2830 diserte
979 2773 1165 2829 scribit
1211 2774 1554 2844 parvulorum
1604 2773 1806 2827 animas

211 2867 488 2936 damnari,
513 2868 807 2938 inquiens:
846 2886 864 2919 ‹
893 2866 1143 2922 Damnari
1174 2866 1318 2922 enim
1365 2880 1477 2934 eas,
1523 2865 1568 2920 si
1617 2865 1695 2920 sic
1741 2865 1807 2920 de

212 2975 447 3032 corpore
477 2962 727 3028 exierint,
760 2970 813 3017 et
855 2969 1038 3016 sancta
1082 2959 1352 3028 Scriptura
1378 3002 1394 3027 ,
1425 2967 1477 3014 et
1516 2966 1696 3013 sancta
1727 2969 1809 3014 est

212 3056 375 3111 testis
420 3055 684 3112 Ecclesia.
717 3074 735 3108 ι
770 3055 993 3110 Orosius
1020 3062 1195 3108 autem
1242 3067 1344 3107 una
1374 3067 1492 3108 cum
1522 3051 1622 3107 hac
1667 3052 1808 3122 epis-

215 3149 325 3206 tola
351 3149 543 3204 detulit
573 3150 626 3204 in
655 3148 836 3203 Asiam
877 3147 943 3201 atl
982 3146 1366 3218 Hieronymum
1398 3147 1562 3200 libros
1589 3154 1698 3202 tres
1738 3145 1806 3201 de

1911 1947 1993 1993 ter
2023 1937 2278 2008 loquitur,
2324 1951 2446 1992 nam
2475 1936 2672 1991 ibidem
2718 1939 3069 2008 quaestionem
3101 1935 3239 1992 hanc
3276 1936 3342 1990 de
3371 1949 3493 2006 par-

1911 2031 2050 2087 vulis
2078 2032 2195 2086 sine
2220 2031 2486 2102 baptismo
2519 2030 2872 2087 morientibus
2913 2039 3068 2086 vocat
3119 2031 3372 2101 diﬁicilem
3415 2038 3495 2083 at-

1912 2139 2008 2192 que
2071 2124 2389 2192 perplexam.
2441 2123 2603 2180 Addit
2646 2125 2857 2180 nescire
2906 2139 2963 2180 se
3015 2142 3080 2178 an
3136 2125 3226 2179 illa
3289 2140 3496 2194 quazque

1911 2218 2082 2271 anima
2101 2219 2327 2292 judicent
2344 2219 2550 2288 videbit,
2571 2220 2810 2273 tribunali
2841 2235 2957 2272 cum
2986 2218 3102 2272 aliis
3123 2219 3368 2273 sistetur?
3389 2225 3493 2274 etc.

1909 2312 2040 2378 Quae
2086 2319 2265 2368 tamen
2295 2313 2475 2368 omnia
2521 2325 2704 2383 postea
2752 2313 2966 2370 deﬁnita
3001 2326 3165 2380 sunt,
3196 2328 3319 2368 nam
3354 2321 3496 2370 teste

1912 2405 2057 2461 Beda
2091 2406 2140 2460 in
2171 2407 2430 2476 prooemio
2460 2406 2823 2477 Canticorum,
2857 2411 2948 2478 qui
2979 2417 3134 2479 negat
3176 2421 3374 2477 pueros
3411 2407 3496 2477 ju-

1912 2496 2169 2553 dicandos
2215 2499 2518 2552 contradicit
2567 2499 2828 2554 catholica:
2873 2500 3014 2568 ﬁdei.
3059 2499 3302 2555 Gclasius
3333 2497 3498 2554 etiam

1911 2589 2099 2646 deﬁnit
2127 2606 2320 2661 pueros
2348 2593 2397 2645 in
2431 2593 2634 2647 sinistra
2663 2594 2865 2665 regione
2885 2594 2994 2647 sine
3015 2592 3311 2664 baptismate
3330 2610 3496 2650 rema-

1917 2703 2052 2741 nere.
2085 2686 2163 2742 Ad
2197 2687 2558 2744 testiinonium
2594 2686 2862 2742 Ambrosii
2904 2685 3204 2755 respondeo
3231 2686 3432 2756 Optime
3462 2703 3496 2744 a

1917 2777 2175 2833 cardinali
2208 2777 2533 2833 Bellarmino
2563 2777 2901 2832 observatum
2947 2789 3067 2830 esse
3097 2773 3494 2832 Commentaria

1915 2870 2002 2925 illa
2043 2868 2095 2925 in
2127 2870 2393 2940 Epistolas
2425 2869 2572 2925 Pauli
2617 2882 2897 2939 perperam
2947 2866 3229 2924 Ambrosio
3277 2867 3493 2935 ascribi,

1916 2966 2112 3033 passim
2165 2962 2307 3017 enim
2374 2962 2779 3033 Pelagianorum
2841 2961 3120 3018 sententiae
3169 2960 3356 3016 iisdem
3415 2961 3495 3018 in-

1914 3070 2112 3125 spersze
2153 3064 2313 3123 sunt,
2339 3055 2478 3126 quod
2508 3056 2621 3110 fuse
2667 3065 2718 3112 et
2749 3054 2955 3110 erudite
3003 3053 3188 3123 probat
3237 3052 3487 3121 Conrius,

1914 3165 2032 3219 cap.
2063 3148 2113 3203 8.
2143 3148 2387 3204 Profecto
2432 3149 2484 3203 in
2509 3163 2626 3220 cap.
2659 3164 2709 3216 ν,
2742 3147 2792 3202 in
2824 3148 2914 3203 illa
2946 3147 3184 3218 Apostoli
3219 3164 3230 3199 :
3264 3145 3324 3201 Si
3363 3145 3496 3200 enim

215 3251 568 3313 peccatorum
618 3241 820 3298 Meritis
865 3249 920 3296 et
967 3240 1308 3302 remissione,
1355 3241 1406 3293 in
1463 3239 1616 3310 cujus
1643 3239 1809 3309 priori
1839 3229 1884 3291 C
1915 3243 2069 3296 unius
2094 3242 2298 3308 delicto,
2333 3250 2461 3310 etc.,
2495 3243 2566 3296 ait
2598 3254 2614 3296 :
2659 3239 2841 3295 Plures
2890 3241 3023 3294 enim
3051 3240 3274 3311 gratiam
3327 3254 3498 3294 conse-

111 3341 122 3348 ·
217 3353 345 3408 cap.
397 3336 466 3390 28
515 3337 688 3404 locum
739 3336 970 3392 medium
1026 3349 1313 3408 puerorum
1345 3334 1604 3405 explodit.
1637 3333 1813 3400 Quare

216 3428 590 3500 Hieronymus
618 3429 688 3484 iis
711 3427 882 3496 lectis,
907 3442 970 3484 ac
1000 3428 1053 3482 in
1079 3427 1226 3483 calce
1252 3426 1593 3498 Dialogorum
1627 3424 1812 3482 lauda-

217 3520 313 3588 tis,
345 3520 643 3593 Augustino
686 3536 748 3578 ea
795 3521 847 3577 in
891 3520 1159 3577 sententia
1189 3519 1451 3590 adhaesit,
1485 3528 1543 3574 ut
1569 3519 1815 3591 superius

215 3622 502 3670 ostensum
535 3621 639 3670 est.
1204 3657 1208 3662 .

294 3706 571 3777 Objiciunt
607 3705 666 3761 2°
712 3713 925 3762 sanctos
975 3704 1160 3761 Patres
1205 3703 1506 3775 oppositum
1553 3706 1810 3761 sensisse.

220 3797 444 3852 Etenim
474 3796 840 3853 Nazianzenus
889 3797 942 3852 in
971 3805 1110 3853 orat.
1154 3796 1208 3850 in
1249 3805 1493 3852 sanctum
1543 3795 1811 3852 lavacrum

218 3891 356 3946 dicit
404 3891 545 3961 quod
583 3891 732 3962 pueri
776 3907 866 3945 nec
906 3891 1090 3946 caelesti
1115 3890 1304 3963 gloria,
1339 3907 1430 3944 nec
1461 3891 1732 3959 suppliciis
1781 3907 1812 3943 a

215 3985 364 4056 justo
408 3984 592 4055 judice
620 3983 930 4054 afﬁciantur.
977 3981 1263 4052 Gregorius
1288 3981 1578 4052 ‘Nyssenus
1615 3990 1752 4036 orat.
1782 3983 1808 4036 1

218 4075 416 4132 scribit
443 4090 639 4146 pueros
661 4075 780 4131 sine
810 4075 1074 4144 baptismo
1105 4082 1347 4128 mortuos
1381 4087 1542 4142 neque
1584 4071 1638 4127 in
1664 4071 1813 4128 dolo-

220 4170 365 4224 ribus
393 4186 453 4222 ac
495 4170 730 4225 maestitia
757 4185 880 4224 esse.
931 4167 1146 4222 Addunt
1185 4167 1525 4222 Ambrosium
1553 4167 1605 4221 in
1636 4181 1754 4236 cap.
1783 4167 1814 4220 5

220 4262 290 4317 ad
321 4262 508 4328 Rom.,
541 4262 633 4316 ubi
663 4262 736 4316 ait
771 4275 785 4315 :
816 4259 909 4314 Est
939 4270 986 4314 et
1021 4261 1127 4314 alia
1149 4277 1306 4327 mors,
1335 4276 1450 4330 quin
1481 4261 1703 4315 secunda
1731 4261 1814 4314 di-

221 4353 380 4421 citur,
413 4369 567 4422 quam
595 4367 696 4406 non
727 4361 931 4421 peccato
963 4352 1088 4405 Adce
1117 4352 1360 4422 patimur,
1394 4352 1483 4406 sed
1526 4353 1638 4424 ejus
1667 4368 1814 4408 occa-

221 4445 373 4500 sione
409 4446 634 4516 prapriis
673 4445 889 4516 peccatis
936 4445 1240 4516 acquiritur.
1272 4443 1509 4516 Denique
1561 4445 1817 4501 Innocen-

225 4541 335 4594 tius
366 4538 456 4604 lll,
498 4538 593 4594 lib.
644 4554 700 4594 ιιι
745 4538 925 4608 Decr.,
954 4539 1035 4594 tit.
1069 4539 1135 4594 de
1186 4539 1365 4610 Bapt.,
1396 4555 1516 4610 cap.
1564 4538 1812 4611 Μαίονος,

1919 3343 2166 3406 quuntur,
2207 3351 2358 3406 quam
2380 3335 2566 3388 mortui
2599 3345 2714 3389 sunt
2744 3333 2928 3388 delicto
2956 3333 3100 3388 Αάω.
3136 3333 3407 3389 Przeterea
3445 3333 3500 3389 in

1919 3443 2039 3497 cap.
2067 3443 2156 3482 vin
2184 3445 2195 3479 :
2238 3427 2456 3496 l'ocare,
2491 3427 2684 3496 inquit,
2716 3436 2788 3482 est
2811 3429 3115 3500 coyitantem
3137 3426 3199 3480 de
3219 3427 3321 3495 ﬁde
3350 3426 3501 3497 adju-

1919 3537 2055 3574 vare.
2089 3519 2217 3575 ltem
2250 3519 2302 3574 in
2329 3534 2446 3590 cap.
2484 3535 2556 3586 Ix,
2591 3519 2658 3574 ad
2703 3519 2796 3574 illa
2832 3535 2844 3571 :
2881 3517 3052 3590 Igitur
3078 3519 3160 3572 cui
3203 3518 3329 3583 vult,
3358 3518 3502 3574 misce

1917 3622 2079 3677 retur,
2102 3621 2231 3676 etc.,
2254 3612 2470 3668 scribit:
2500 3611 2581 3666 Ea:
2610 3628 2828 3683 persona
2851 3611 3244 3666 contradicentis
3259 3611 3507 3680 loquitur.

1920 3708 1986 3760 Et
2024 3716 2335 3762 constanter
2365 3707 2526 3763 tradit
2556 3707 2800 3764 homines
2837 3709 2960 3765 illos
2989 3708 3045 3765 in
3091 3705 3499 3764 similitudinem

1919 3797 2047 3854 Adae
2072 3813 2347 3869 peccasse,
2381 3801 2473 3870 qui
2506 3799 2747 3870 ejusdem
2786 3800 3032 3867 exemplo
3056 3799 3226 3855 Deum
3259 3808 3497 3856 contem-

1918 3906 2074 3961 psere
2100 3931 2114 3957 ,
2158 3906 2275 3962 quae
2305 3891 2484 3947 omnia
2526 3906 2557 3947 a
2605 3892 2903 3964 Pelagianis
2943 3903 3147 3949 asserta
3195 3901 3340 3951 sunt.
3388 3892 3502 3950 Nec

1917 3985 2095 4040 obstat
2121 3985 2264 4054 quod
2292 3984 2477 4054 objicit
2507 3985 2748 4041 Gonetus
2779 3985 2977 4041 vixisse
3004 3987 3152 4042 illum
3183 3988 3503 4057 scriptorem

1919 4077 2018 4132 sub
2048 4076 2316 4143 Damaso,
2370 4078 2585 4147 quando
2640 4078 2924 4150 Pelagiana
2984 4079 3210 4136 haeresis
3265 4081 3505 4137 nondum

1918 4175 2190 4238 eruperat.
2238 4167 2368 4222 Nam
2419 4167 2690 4238 Pelagium
2737 4169 3018 4226 diutissime
3070 4170 3255 4228 Romae
3307 4171 3506 4230 vixisse

1919 4259 2111 4315 scribit
2157 4269 2374 4316 sanctus
2429 4261 2800 4331 Augustinus,
2833 4277 2937 4332 qua
2981 4262 3050 4319 de
3096 4277 3158 4318 re
3203 4263 3506 4334 legantura

1919 4352 2074 4408 nobis
2101 4352 2246 4408 dicta
2279 4351 2370 4408 lib.
2425 4368 2441 4406 ι
2484 4352 2620 4409 Hist.
2656 4352 2860 4425 Pelag.,
2891 4368 3010 4424 cap.
3059 4354 3114 4412 '5.
3145 4355 3297 4423 Quod
3347 4356 3502 4414 deni-

1919 4461 2023 4516 que
2058 4461 2126 4502 ex
2154 4445 2418 4501 Decretali
2448 4445 2742 4502 Innocentii
2774 4461 2925 4517 papas
2955 4448 3260 4516 opponitur,
3304 4448 3500 4505 abhinc

1921 4539 2177 4594 trecentis
2208 4539 2363 4594 annis
2400 4554 2428 4592 a
2469 4539 2731 4609 Gregorio
2761 4539 3088 4596 Ariminensi
3135 4541 3366 4597 solutum
3397 4551 3499 4598 est.

223 4630 420 4686 scribit
453 4647 465 4683 :
500 4629 660 4686 Poena
701 4631 968 4703 originalis
998 4633 1192 4701 peccati
1226 4643 1298 4686 est
1344 4633 1572 4686 carentia
1599 4633 1809 4688 visionis
1840 4619 1894 4680 D
1920 4629 2190 4689 Praeterea
2218 4629 2446 4686 Poucius
2478 4647 2627 4687 num.
2654 4630 2724 4686 28
2745 4632 2820 4686 ait
2845 4633 2983 4702 quod
3008 4633 3248 4702 pontifex
3280 4633 3504 4691 intendit

227 4722 362 4791 Dei;
388 4724 605 4778 actualis
637 4740 756 4778 vero
783 4741 931 4796 paena
971 4727 1164 4795 peccati
1191 4735 1264 4780 est
1289 4727 1532 4796 gehennae
1562 4736 1817 4798 perpetua:

221 4821 508 4871 cruciatus.
563 4816 882 4887 Respondeo
929 4831 993 4872 ea
1036 4818 1148 4874 fere
1189 4818 1422 4886 ratione,
1453 4835 1556 4889 qua
1600 4830 1818 4876 sanctus

224 4907 391 4962 Pater
417 4906 594 4976 capite
621 4906 688 4961 14
717 4905 784 4962 de
812 4905 1292 4964 Praedestinatione
1331 4917 1639 4964 sanctorum
1668 4909 1819 4966 satis-

222 4999 352 5054 facit
397 4999 854 5066 Massiliensibus,
899 5001 990 5072 qui
1022 5001 1345 5073 objiciebant
1372 5011 1584 5059 veteres
1631 5003 1816 5060 Patres

223 5093 290 5147 de
322 5091 606 5147 hominum
635 5093 1126 5162 przedestinatione,
1159 5109 1317 5150 secus
1347 5108 1410 5150 ac
1435 5095 1810 5167 Augustinum,

226 5188 488 5244 sensisse.
527 5207 546 5242 ι
583 5189 723 5256 Quid
763 5189 949 5262 igitur,
996 5190 1188 5260 inquit,
1235 5205 1369 5260 opus
1399 5199 1482 5247 est
1533 5202 1589 5246 ut
1634 5207 1820 5248 eorum

225 5291 532 5337 scrutemur
553 5283 832 5354 opuscula,
864 5284 952 5354 qui
981 5284 1290 5354 priusquam
1314 5283 1416 5340 ista
1469 5287 1687 5342 haeresis
1717 5287 1822 5342 ori-

228 5381 405 5442 retur,
435 5390 544 5430 non
575 5375 877 5433 habuerunt
906 5376 1282 5433 necessitatem
1312 5379 1364 5433 in
1397 5377 1500 5435 hac
1521 5378 1722 5434 difﬁcili
1751 5379 1818 5434 ad

227 5467 554 5524 solvendum
579 5470 876 5541 quaestione
897 5471 1123 5536 versari,
1145 5470 1287 5540 quod
1315 5472 1499 5540 procul
1546 5472 1710 5527 dubio
1738 5471 1822 5526 fa-

227 5571 442 5631 cerent,
511 5563 558 5617 si
626 5563 954 5634 respondere
1025 5563 1220 5618 talibus
1267 5563 1622 5633 cogerentur?
1673 5563 1820 5619 Unde

230 5654 428 5710 factum
463 5665 547 5711 est
574 5665 635 5712 ut
659 5656 728 5712 de
766 5658 936 5728 gratia
970 5656 1064 5712 Dei
1096 5655 1290 5728 (dicam
1324 5656 1390 5711 de
1419 5656 1592 5725 pinnis
1624 5671 1816 5725 parvu-

234 5747 434 5820 lorum)
466 5751 592 5820 quid
622 5753 906 5820 sentirent,
949 5751 1182 5806 breviter
1226 5750 1544 5820 quibusdam
1583 5748 1819 5819 scripto-

233 5855 352 5896 rum
401 5856 620 5898 suorum
667 5843 840 5910 locis,
888 5851 943 5900 et
989 5857 1373 5898 TBANSEUNTER
1417 5857 1816 5911 ATTINGIBENT,

1923 4720 2211 4780 ostendere
2239 4738 2345 4778 non
2377 4738 2535 4794 posse
2565 4723 2746 4779 adulto
2779 4725 3066 4780 dormienti
3094 4727 3180 4781 vel
3225 4740 3331 4780 non
3374 4741 3505 4782 con-

1923 4815 2174 4870 sentienti
2203 4814 2319 4870 dari
2349 4815 2670 4885 baptismum
2691 4854 2706 4880 ,
2737 4815 2859 4886 quia
2905 4824 3030 4871 tunc
3076 4817 3351 4874 tolleretur
3377 4831 3508 4887 pec-

1923 4916 2099 4964 catum
2128 4905 2410 4976 originale,
2444 4913 2500 4961 et
2548 4921 2656 4962 non
2685 4907 2916 4978 actuale,
2947 4916 3000 4963 et
3050 4922 3144 4980 per
3171 4921 3508 4978 consequens

1923 5000 2012 5055 ille
2040 5000 2085 5054 si
2130 5007 2430 5056 moreretur
2473 5014 2580 5055 non
2612 5009 2826 5056 careret
2856 5001 3060 5056 visione
3097 5000 3217 5068 Dei,
3243 5001 3368 5072 quia
3398 5018 3508 5058 non

1922 5089 2148 5145 haberet
2175 5091 2472 5161 {peccatum
2513 5091 2811 5162 originale,
2845 5099 2899 5146 et
2930 5101 3108 5155 tamen
3155 5102 3297 5148 esset
3335 5094 3390 5150 in
3435 5095 3507 5152 in-

1924 5180 2098 5248 ferno,
2128 5182 2252 5252 quia
2278 5191 2419 5240 esset
2451 5184 2503 5238 in
2527 5193 2748 5254 peccato
2787 5184 3001 5240 actuali.
3035 5185 3166 5254 Quae
3187 5187 3323 5242 ratio
3362 5189 3508 5244 nulla

1924 5282 2039 5340 est;
2089 5274 2289 5331 etenim
2339 5277 2499 5332 etiam
2531 5285 2751 5346 peccato
2777 5277 2974 5332 actuali
3013 5278 3238 5334 debetur
3282 5281 3510 5349 privatio

1926 5369 2145 5425 visionis
2164 5369 2276 5424 Dei.
2300 5369 2450 5426 Unde
2472 5368 2656 5425 Glossa
2679 5379 2838 5426 vocat
2858 5370 3002 5426 illam
3033 5373 3295 5429 rationem
3317 5388 3509 5444 super—

1926 5460 2176 5525 ﬁcialem,
2220 5476 2320 5517 nec
2346 5462 2558 5517 videtur
2588 5461 2656 5516 ab
2687 5463 2804 5532 ipso
2857 5463 3109 5530 pontiﬁce
3136 5476 3364 5533 asserta,
3412 5465 3508 5520 sed

1926 5558 1994 5612 ab
2019 5558 2197 5628 aliquo
2225 5573 2328 5613 non
2361 5559 2494 5612 satis
2520 5557 2677 5614 docto
2698 5560 2994 5616 secretario
3021 5560 3221 5616 addita.
3243 5560 3367 5616 llaec
3393 5561 3506 5616 ille.

1922 5649 2050 5717 Sed,
2084 5651 2185 5705 ista
2203 5649 2555 5720 responsione
2583 5651 2805 5715 omissa,
2839 5650 2994 5706 facile
3015 5650 3135 5706 dico
3161 5651 3302 5722 quod
3344 5651 3503 5705 sicuti

1922 5743 1999 5799 ait
2030 5757 2241 5812 poenam
2290 5741 2513 5798 actualis
2557 5743 2728 5815 culpat
2758 5758 2878 5799 esse
2907 5744 3166 5813 gehennae
3211 5743 3502 5798 cruciatum

1923 5837 1974 5892 in
1996 5834 2202 5906 inferis,
2226 5842 2282 5893 et
2304 5843 2482 5893 tamen
2504 5852 2609 5893 non
2639 5837 2764 5894 inde
2790 5836 3090 5896 excluditur
3107 5850 3268 5906 poena
3297 5833 3479 5891 damni
