3962 6346
560 354 664 411 665

1449 330 2009 408 SUPPLEMENTUM
2051 350 2143 407 Al)
2180 352 2405 410 optma
2447 352 2507 409 s.
2547 352 2937 412 AUGUSTINI.
3677 369 3752 426 6n

558 478 681 546 quia
714 490 816 530 non
844 472 1377 544 inserit.particulam
1407 471 1789 538 restrictivam,
1819 486 1913 526 seu
1946 470 2135 526 exclu-
2163 477 2213 535 Α
2240 471 2351 526 lum
2380 471 2537 528 debet
2567 472 2741 540 puniri
2765 472 3071 542 privatione
3101 472 3218 542 ejus
3244 472 3367 529 boni
3393 476 3475 530 cui
3506 484 3749 554 opponitur,

558 570 728 622 sivam
756 576 987 633 tantum,
1039 566 1226 629 solum,
1258 564 1327 617 ita
1374 572 1430 617 et
1474 576 1630 629 ptena
1676 561 1947 630 originalis
1994 570 2140 615 recte

557 659 811 713 statuitur
836 656 1071 711 carentia
1104 656 1348 723 visionis,
1380 653 1475 710 sed
1502 670 1608 708 nun
1640 653 1778 709 sola.

629 750 903 819 Objiciunt
928 749 1005 803 Ὺ.
1025 749 1189 805 Poena
1211 749 1483 804 sensibilis
1504 764 1610 804 non
1636 758 1717 803 est
1741 746 2141 817 proportionata

556 848 778 914 peccato
807 842 1070 912 originali,
1102 858 1232 913 ergo
1256 844 1407 913 pueri
1438 842 1507 896 ob
1530 842 1661 897 illud
1693 856 1800 895 non
1831 848 2142 910 torquentur

556 934 677 1001 igne
708 934 764 990 in
793 935 997 991 inferis.
1030 935 1268 991 Probant
1296 936 1644 1002 antecedens,
1675 935 1801 1006 quia
1829 949 1986 1004 poena
2017 950 2142 990 sen-

555 1043 647 1082 sus
678 1037 761 1083 est
790 1045 886 1100 per
931 1031 1233 1099 passionem
1284 1030 1444 1101 hujus
1492 1030 1827 1102 particularis
1872 1043 2137 1098 personae,
2182 1044 2184 1047 '

555 1131 835 1190 peccatum
868 1132 1046 1177 autem
1096 1124 1359 1193 originale
1388 1138 1495 1178 non
1540 1133 1623 1178 est
1650 1122 1997 1176 commissum
2046 1135 2142 1190 per

557 1223 734 1269 actum
778 1217 1068 1271 voluntatis
1097 1231 1344 1284 persona:
1375 1215 1736 1287 particularis,
1771 1214 1868 1269 sed
1912 1215 2142 1270 trahitur

553 1324 653 1379 per
674 1309 1014 1366 infectionctn
1040 1320 1264 1366 naturae.
1299 1310 1620 1378 Respondeo
1646 1308 1892 1379 negando
1921 1318 2141 1364 antece-

556 1401 690 1457 dens
720 1417 840 1457 cum
882 1403 997 1473 ejus
1030 1402 1361 1472 probatione.
1411 1401 1622 1456 Etenim
1667 1415 1856 1457 omnes
1897 1399 2143 1457 homines

553 1502 917 1565 peccaverunt
947 1496 999 1548 in
1027 1496 1215 1560 Adam,
1251 1504 1305 1550 et
1346 1506 1623 1564 peccatum
1669 1495 1798 1550 illud
1828 1496 1927 1550 fuit
1969 1496 2144 1566 impu-

557 1593 727 1639 tatum
750 1587 971 1654 singulis
999 1604 1062 1643 ex
1094 1590 1281 1644 eodem
1327 1591 1651 1659 propagatis,
1687 1590 1758 1643 ita
1783 1598 1840 1644 ut
1868 1601 2142 1659 peccatum

552 1679 699 1748 quod
726 1680 777 1733 in
812 1679 905 1734 illo
926 1679 1023 1733 fuit
1051 1680 1279 1745 actuale,
1304 1680 1571 1749 originale
1601 1679 1765 1735 fuerit
1792 1681 1844 1735 in
1889 1681 2141 1750 posteris.

553 1770 817 1824 Audiatur
842 1772 1168 1841 AuguStinus
1196 1773 1288 1827 lib.
1324 1790 1339 1828 ι
1373 1774 1440 1828 de
1467 1782 1810 1843 peccatorum
1838 1775 2061 1843 Meritis,
2080 1786 2145 1830 .et

2246 578 2351 617 non
2383 563 2643 633 supplicio
2665 573 2891 630 naturae,
2918 579 3075 633 quam
3104 565 3158 619 in
3188 566 3329 620 nulla
3359 582 3417 624 re
3440 569 3599 627 eidem
3622 576 3754 637 debita

2242 657 2412 712 laedit.
2444 657 2780 726 iReSpondeo
2828 657 3003 726 primo
3052 658 3296 727 negando
3342 668 3753 739 consequentiam;

2244 764 2366 804 nam
2398 763 2570 818 neque
2602 758 2879 819 peccatum
2929 750 3139 805 actualc
3177 750 3324 806 laedit
3366 756 3607 811 naturalia
3633 758 3751 819 homi-

2244 841 2348 907 nis,
2374 841 2471 895 sed
2497 849 2701 895 tantum
2734 840 2905 910 privat
2936 843 3205 897 hominem
3241 843 3409 914 gratia
3436 849 3753 922 sanctiﬁcante,

2244 941 2299 988 et
2329 941 2505 987 tamen
2538 932 2754 1000 punitur
2784 947 2941 1001 poena
2989 948 3198 989 sensus.
3232 934 3346 989 lmo
3390 934 3443 989 in
3471 942 3693 996 sententia
3713 945 3756 1001 il-

2245 1024 2423 1079 lorum
2451 1025 2539 1093 qui
2568 1022 2755 1078 dicunt
2795 1033 3079 1094 peccatum
3126 1025 3423 1081 consistere
3450 1028 3756 1091 formaliteria

2245 1118 2544 1185 privatione
2592 1119 2816 1188 gratiae,
2869 1119 2984 1173 haec
3033 1120 3260 1188 privatio
3322 1135 3430 1174 non
3477 1131 3632 1190 potest
3672 1141 3756 1184 esse

2244 1222 2427 1278 poena,
2455 1224 2576 1265 eum
2606 1224 2762 1279 paena
2792 1221 3021 1279 ponatur
3046 1226 3076 1265 a
3126 1212 3403 1267 voluntate
3424 1210 3621 1280 judicis,
3648 1227 3688 1270 et
3710 1220 3756 1274 sit

2246 1309 2433 1354 contra
2460 1300 2785 1356 voluntatem
2810 1302 2888 1357 rei
2904 1312 3151 1372 respectu
3175 1301 3331 1371 cujus
3360 1312 3441 1357 est
3463 1304 3679 1360 inﬂictiva
3694 1309 3757 1363 do-

2246 1395 2401 1452 loris.
2434 1396 2757 1467 Respondeo
2797 1398 3034 1452 secundo
3066 1398 3311 1469 negando
3341 1401 3655 1467 antecedens,
3681 1413 3757 1459 tum

2245 1489 2371 1558 quia
2401 1497 2677 1558 peccatum
2709 1489 2972 1559 originale
3004 1491 3138 1545 tollit
3186 1490 3601 1546 conformitatem
3628 1494 3679 1549 ad
3701 1510 3758 1551 re-

2246 1591 2386 1635 ctam
2417 1582 2706 1647 rationem,
2740 1583 2875 1637 sicut
2918 1584 3195 1654 quodlibet
3233 1594 3507 1655 peccatum
3537 1591 3758 1645 actualeet

2247 1672 2543 1743 habituale,
2573 1676 2664 1731 ille
2686 1687 2863 1731 autem
2894 1677 3029 1732 ordo
3049 1687 3131 1731 est
3161 1680 3443 1745 naturalis,
3468 1689 3571 1734 tum
3596 1683 3694 1751 quia
3713 1698 3757 1738 et

2249 1765 2408 1822 dictis
2444 1768 2471 1838 §
2503 1767 2538 1821 2
2581 1783 2646 1823 ex
2690 1779 2912 1838 peccato
2941 1770 3188 1839 originali
3234 1781 3411 1826 ortum
3444 1773 3591 1827 traxit
3612 1789 3757 1829 concu-

553 1861 902 1929 remissione,
934 1879 1055 1934 cap.
1092 1865 1159 1919 l0
1192 1883 1203 1917 :
1243 1883 1262 1916 ι
1298 1864 1353 1921 Si
1382 1866 1525 1920 enim
1557 1875 1836 1935 peccatum
1866 1867 2142 1923 intellexe-

2252 1858 2530 1928 piscentia,
2566 1875 2687 1929 qua:
2716 1861 2976 1915 naturalia
3027 1860 3259 1915 hominis
3288 1863 3449 1917 laesit.
3484 1862 3602 1917 llinc
3624 1866 3758 1921 scribit

552 1952 651 2021 ris,
676 1956 817 2023 quod
850 1972 945 2025 per
976 1973 1140 2011 unum
1186 1958 1461 2014 hominem
1510 1959 1729 2014 intravit
1754 1960 1809 2015 in
1862 1963 2141 2031 mundum,

553 2045 608 2098 in
649 2064 748 2116 quo
788 2065 962 2102 omnes
994 2059 1329 2118 peccaverunt
1358 2051 1536 2121 (Rom.
1588 2052 1687 2122 Ix),
1732 2062 1936 2108 certum
1968 2056 2145 2109 mani-

552 2139 859 2208 festumque
908 2149 993 2193 est
1042 2142 1145 2194 alia
1192 2157 1314 2197 esse
1347 2144 1563 2211 propria
1591 2144 1786 2214 cuique
1817 2156 2056 2214 peccata,
2092 2148 2143 2201 in

554 2230 750 2301 quibus
780 2232 831 2285 hi
854 2241 1055 2286 tantum
1081 2244 1305 2302 peccant
1332 2250 1557 2304 quorum
1577 2246 1794 2306 peccata
1819 2246 1973 2305 sunt;
2001 2239 2144 2295 aliud

553 2322 658 2375 hoc
691 2338 876 2387 unum,
910 2324 962 2376 in
991 2339 1098 2393 quo
1122 2339 1310 2381 omnes
1327 2337 1706 2395 peccaverunt,
1723 2329 1937 2399 quando
1957 2345 2144 2385 omnes

552 2418 647 2473 ille
696 2434 831 2472 unus
876 2420 1037 2475 homo
1084 2421 1320 2477 fuerunt.
1356 2441 1377 2474 ›
1438 2422 1601 2492 Igitur
1660 2433 1939 2493 peccatum
1986 2426 2143 2481 unius

554 2512 653 2565 fuit
680 2522 731 2567 et
757 2513 1018 2581 omnium,
1062 2516 1152 2584 qui
1182 2516 1322 2571 idem
1354 2527 1507 2571 erant
1537 2518 1589 2572 in
1620 2532 1749 2572 uno.
1791 2519 1904 2584 Qua
1938 2520 2144 2575 ratione

553 2619 712 2673 poena
745 2620 935 2660 sensus
959 2615 1044 2661 est
1072 2606 1262 2661 eadem
1292 2609 1573 2677 mqualiter
1593 2608 1866 2664 destinata
1896 2611 2143 2666 omnibus

554 2703 608 2748 ct
635 2695 886 2765 singulis,
920 2696 1011 2765 qui
1052 2698 1190 2751 idem
1223 2698 1371 2753 fuere
1398 2700 1451 2753 in
1482 2699 1674 2767 Adam,
1720 2711 1774 2754 et
1803 2701 1896 2756 toti
1940 2711 2143 2756 naturae

553 2797 638 2843 eet
664 2787 864 2851 debita,
899 2788 1000 2842 nisi
1032 2803 1137 2857 qua
1164 2800 1314 2857 parte
1343 2806 1408 2845 ex
1449 2790 1699 2860 baptismi
1741 2793 1916 2862 gratia
1962 2793 2142 2849 eidem

550 2879 890 2934 subducitur.
924 2879 1103 2945 Quare
1131 2881 1287 2935 sicuti
1316 2881 1461 2951 leges
1491 2883 1790 2952 principum
1818 2885 2140 2954 pupillorum

553 2971 863 3025 voluntates
894 2979 1131 3025 tutorum
1171 2973 1431 3028 voluntati
1462 2974 1725 3044 alligant,
1777 2976 1847 3029 ita
1899 2985 1955 3030 ut
1999 2978 2142 3046 quod

551 3064 640 3117 isti
686 3063 875 3118 volunt
903 3063 1007 3117 illis
1037 3073 1212 3117 ratum
1262 3065 1366 3129 sit,
1417 3063 1521 3119 hoc
1561 3080 1773 3135 quoque
1811 3079 1969 3135 pacto
2002 3065 2143 3123 Deus

554 3156 799 3209 omnium
865 3165 1204 3225 posterorum
1257 3156 1560 3211 voluntates
1620 3157 1809 3212 Adami
1880 3159 2141 3213 voluntati

2248 1952 2576 2020 Augustinus
2603 1952 2696 2008 lib.
2725 1952 2793 2008 de
2816 1952 3013 2008 Natura
3044 1962 3099 2008 et
3121 1956 3315 2025 gratia,
3347 1970 3463 2023 cap.
3490 1954 3521 2007 3
3543 1972 3557 2011 :
3581 1974 3596 2007 ι
3623 1957 3759 2012 Omnia

2247 2043 2461 2112 quidem
2514 2044 2674 2111 bona,
2708 2060 2827 2113 quae
2876 2046 3113 2117 (natura)
3170 2045 3331 2101 habet
3373 2047 3427 2101 in
3476 2046 3759 2113 formatione,

2246 2137 2374 2201 vita,
2406 2138 2676 2203 sensibus,
2714 2148 2913 2204 mente,
2948 2154 2976 2192 a
3007 2154 3217 2195 summo
3248 2141 3360 2195 Deo
3391 2141 3544 2197 habet
3560 2153 3760 2210 creatore,

2248 2236 2303 2282 et
2331 2228 2539 2285 artifice
2560 2243 2679 2293 suo.
2711 2228 2914 2285 Vitium
2944 2245 3073 2286 vero
3094 2230 3239 2301 quod
3268 2231 3528 2286 naturalia
3555 2232 3640 2287 ista
3666 2233 3761 2287 bona

2247 2320 2599 2375 contenebrat
2645 2330 2700 2375 et
2730 2320 2991 2390 infirmat,
3039 2331 3097 2377 ut
3140 2322 3527 2378 illuminatione
3571 2333 3618 2379 et
3653 2341 3762 2380 cura-

2249 2412 2395 2467 tione
2423 2427 2557 2481 opus
2578 2412 2792 2480 habeat,
2826 2429 2930 2468 non
2957 2414 3026 2479 ab
3049 2415 3363 2485 inculpabili
3392 2416 3585 2472 artifice
3607 2426 3762 2473 contra-

2247 2515 2390 2561 ctum
2421 2517 2523 2571 est,
2550 2507 2644 2563 sed
2672 2522 2743 2563 ex
2772 2510 3017 2579 originali
3044 2520 3289 2581 peccato,
3321 2511 3459 2581 quod
3486 2513 3761 2570 commissum

2249 2605 2333 2651 est
2372 2596 2544 2652 libero
2583 2598 2826 2654 arbitrio.
2878 2600 2959 2654 Ac
2999 2614 3094 2669 per
3116 2600 3220 2657 hoc
3274 2612 3462 2657 natura
3493 2605 3687 2674 poenalis
3719 2606 3763 2659 ad

2248 2689 2541 2745 vindictam
2590 2689 2945 2760 justissimam
2998 2694 3255 2762 pertinet.
3289 2713 3310 2746 ι
3353 2694 3446 2750 His
3495 2695 3670 2751 accedit
3700 2712 3764 2766 per

2250 2787 2528 2848 peccatum
2581 2782 2841 2850 originale
2890 2783 3160 2838 hominem
3215 2788 3364 2841 nasci
3418 2787 3660 2841 subditum
3692 2787 3763 2841 dia-

2251 2870 2398 2937 bolo,
2431 2880 2487 2926 et
2512 2870 2578 2926 de
2606 2871 2806 2926 familia
2832 2874 3099 2943 ejusdem,
3140 2884 3196 2930 ut
3221 2891 3290 2931 ex
3315 2878 3615 2932 exorcismis
3636 2876 3677 2931 in
3700 2877 3762 2931 ba-

2251 2962 2449 3031 ptismo
2499 2965 2744 3033 superius
2794 2966 3149 3035 ostendimus,
3199 2984 3323 3039 qua:
3377 2985 3502 3025 sane
3545 2970 3763 3040 captivitas

2247 3064 2495 3110 naturam
2520 3056 2754 3114 hominis
2778 3068 2832 3114 et
2859 3069 3019 3115 vexat
3051 3070 3104 3116 et
3132 3062 3402 3132 deturpat.
3428 3064 3500 3119 De
3525 3064 3611 3118 bac
3639 3064 3763 3133 captiv

2250 3152 2415 3208 vitate
2445 3161 2569 3222 post
2598 3153 2919 3209 Driedonem
2952 3156 3162 3211 erudite
3201 3157 3315 3228 agit
3356 3171 3569 3228 magnus
3589 3158 3661 3211 ille
3694 3170 3761 3210 no-

554 3247 826 3307 astrinxit,
852 3247 925 3301 ita
947 3257 1005 3302 ut
1033 3249 1174 3318 quod
1205 3250 1296 3304 ille
1325 3249 1543 3305 fecisset
1572 3250 1821 3305 omnibus
1841 3250 2219 3319 hominibusC
2254 3254 2365 3301 ster
2419 3245 2860 3302 Salmanticensis
2920 3246 3200 3319 theologus
3269 3250 3500 3306 Basilius
3557 3249 3761 3313 Peneius,

555 3340 931 3406 imputaretur.
964 3340 1117 3395 Unde
1147 3341 1300 3396 sicuti
1334 3356 1399 3396 ex
1428 3340 1643 3396 defectu
1692 3342 1918 3412 improbi
1949 3345 2144 3400 tutoris

555 3425 746 3499 pupilli
776 3430 1094 3501 quandoque
1124 3433 1447 3489 detrimenta
1495 3434 1763 3501 subeunt,
1798 3438 1867 3491 ita
1912 3452 1975 3492 ex
2023 3440 2145 3507 pec-3

556 3530 677 3575 cato
707 3522 838 3577 Adae
868 3524 1161 3580 humanum
1204 3542 1374 3595 genus
1415 3528 1467 3582 in
1501 3529 1746 3585 miserias
1774 3530 1995 3586 decidit.
2031 3532 2144 3588 Imo

552 3628 715 3681 pmna
767 3630 959 3671 sensus
1007 3620 1177 3688 magis
1207 3620 1419 3676 videtur
1466 3626 1871 3693 proportionata
1928 3636 2145 3695 peccato

555 3705 776 3774 originis
800 3722 961 3776 quam
997 3723 1153 3777 paena
1184 3710 1396 3781 damni;
1432 3729 1555 3769 nam
1587 3729 1745 3785 poena
1776 3716 1956 3772 damni
1980 3727 2063 3772 est
2089 3718 2145 3773 in

554 3796 752 3860 anima,
782 3813 939 3867 paena
969 3815 1157 3857 sensus
1201 3805 1255 3857 in
1288 3819 1543 3874 corpore;
1581 3807 1779 3875 posteri
1812 3817 1989 3863 autem
2025 3810 2145 3863 ani-

554 3900 697 3942 mam
721 3905 749 3941 a
780 3888 890 3946 Deo
921 3903 1165 3950 creatore
1217 3898 1507 3967 recipiunt,
1540 3914 1735 3969 corpus
1765 3916 1894 3958 vero
1916 3917 2013 3972 per
2041 3913 2147 3958 tra-

556 3977 747 4033 ducem
778 3981 845 4037 ab
875 3984 1043 4038 Adam
1094 3985 1385 4043 derivatur.
1437 3990 1615 4056 Quare
1660 4006 1781 4047 cum
1826 3992 1920 4047 fllii
1971 3995 2146 4063 puniri

556 4074 765 4141 possint
793 4089 891 4143 pro
922 4079 1158 4145 peccatis
1206 4089 1509 4149 parentum,
1558 4085 1614 4137 in
1654 4096 1910 4153 quantum
1958 4100 2149 4141 secun-

556 4165 683 4220 dum
715 4181 911 4238 corpus
954 4180 1079 4224 sunt
1122 4169 1323 4241 aliquid
1352 4174 1567 4229 illorum
1594 4218 1609 4243 ,
1646 4185 1701 4230 ut
1746 4192 1811 4231 ex
1842 4177 1905 4231 D.
1940 4177 2147 4233 Thoma

559 4256 819 4323 diximus,
852 4258 1142 4316 humanum
1169 4278 1339 4332 genus
1364 4308 1378 4333 ,
1429 4268 1570 4336 quod
1619 4268 1917 4322 secundum
1950 4284 2147 4338 corpus

558 4361 625 4403 ex
644 4348 839 4403 virtute
868 4351 1115 4407 seminali
1141 4354 1209 4408 ab
1220 4356 1391 4410 Adam
1412 4356 1639 4413 deducta
1656 4357 1853 4427 aliquid
1880 4359 2020 4414 illius
2040 4368 2141 4427 est,

556 4440 753 4511 potiori
780 4442 902 4511 jure
920 4444 1217 4501 secundum
1246 4462 1443 4518 corpus
1468 4450 1668 4518 poterit
1696 4451 1765 4505 ob
1798 4451 1937 4506 illius
1965 4466 2146 4521 pecca-

555 4546 692 4606 tum,
725 4538 866 4607 quod
903 4539 1066 4594 etiam
1096 4542 1367 4610 proprium
1400 4546 1588 4611 evasit,
1621 4546 1836 4615 puniri,
1869 4561 2027 4615 quam
2056 4562 2145 4604 se-

2248 3347 2389 3408 part.
2420 3356 2437 3393 1
2466 3339 2672 3394 Relect.
2698 3340 2765 3396 de
2795 3350 2958 3412 grat.,
3005 3356 3125 3412 cap.
3161 3342 3247 3396 16.
3282 3344 3520 3414 Denique
3548 3344 3686 3413 gratia
3708 3350 3763 3395 est

2249 3430 2451 3485 donum
2480 3431 2776 3488 liberaliter
2804 3447 2837 3486 a
2884 3433 2998 3488 Deo
3042 3434 3244 3489 homini
3276 3434 3489 3500 datum;
3536 3444 3585 3489 at
3608 3432 3763 3503 quando

2250 3538 2481 3594 persona
2513 3526 2747 3595 graviter
2778 3525 3090 3594 oﬂenditur,
3121 3543 3176 3581 v.
3199 3542 3279 3598 g.,
3315 3543 3410 3584 rex
3439 3528 3642 3583 crimine
3666 3526 3765 3579 laesa

2249 3617 2570 3688 majestatis,
2605 3634 2710 3673 non
2741 3628 2832 3675 est
2852 3620 3134 3676 sufficiens
3164 3636 3348 3691 pmna,
3380 3622 3517 3693 quod
3546 3622 3689 3691 privet
3708 3632 3765 3672 re

2228 3708 2443 3765 ‘bellem
2475 3710 2734 3765 beneﬁcio
2762 3710 2889 3767 olim
2939 3712 3113 3767 eidem
3139 3712 3437 3769 liberaliter
3478 3714 3675 3775 collato,
3699 3708 3764 3763 sed

2251 3799 2355 3853 alia
2387 3802 2548 3856 etiam
2582 3816 2738 3869 poena
2769 3802 3019 3873 exigitur.
3054 3800 3113 3858 In
3148 3804 3321 3858 Adam
3362 3820 3489 3860 vero
3515 3818 3674 3859 omnes
3698 3815 3764 3870 po-

2250 3892 2383 3947 steri
2408 3906 2435 3943 a
2465 3892 2576 3947 Deo
2608 3893 2957 3961 rebellarunt,
2991 3894 3133 3951 unde
3160 3894 3368 3952 inimici
3400 3897 3492 3952 Dei
3519 3904 3765 3961 nascuntur,

2251 3990 2306 4036 et
2331 3997 2428 4051 per
2450 3983 2677 4052 gratiam
2701 3984 2951 4055 baptismi
2978 3988 3111 4042 fiunt
3140 3988 3323 4055 amici,
3350 3990 3465 4044 sine
3489 4003 3581 4058 qua
3602 4002 3686 4042 non
3706 4000 3766 4039 so-

2251 4073 2357 4129 lum
2409 4084 2537 4130 sunt
2577 4076 2778 4147 indigni
2805 4079 2973 4148 gratia
3020 4080 3318 4135 liberaliter
3359 4080 3671 4145 conferenda,
3701 4077 3765 4133 sed

2249 4164 2393 4235 digni
2424 4168 2599 4235 poenis
2622 4168 2764 4237 juste
2802 4170 3127 4238 irrogandis.

2319 4279 2593 4350 Objiciunt
2616 4279 2674 4331 4°
2699 4295 2819 4335 cum
2838 4280 3100 4351 Vasquez,
3129 4282 3245 4349 1-2,
3271 4281 3414 4353 disp.
3448 4282 3559 4349 ιῖι,
3586 4278 3762 4341 uum.8;

2253 4369 2481 4439 Goneto,
2514 4372 2655 4441 disp.
2685 4373 2742 4437 7,
2788 4373 2879 4428 cit.
2913 4389 3063 4429 num.
3098 4372 3240 4440 178;
3274 4375 3526 4431 Morainio
3554 4384 3600 4429 et
3643 4372 3759 4427 aliis:

2248 4463 2435 4519 Nullus
2461 4466 2634 4534 puniri
2667 4464 2829 4521 debet
2875 4467 2944 4521 ob
2974 4466 3025 4521 id
3059 4482 3155 4537 pro
3185 4483 3292 4537 quo
3322 4485 3388 4525 ne
3424 4468 3677 4538 vituperari
3700 4473 3763 4518 aut

2248 4554 2571 4621 reprehendi
2604 4564 2815 4623 potest:
2845 4564 2899 4609 at
2925 4572 3082 4611 nemo
3111 4572 3207 4626 pro
3238 4567 3457 4626 peccato
3483 4554 3759 4627 originalivi-

555 4628 792 4683 cundum
837 4630 1089 4687 animam.
1124 4632 1258 4688 Hinc
1285 4636 1330 4689 si
1385 4638 1561 4691 anima
1599 4652 1631 4691 a
1690 4638 1801 4694 Deo
1837 4650 2014 4694 creata
2063 4642 2144 4696 in-
2169 4638 2223 4699 D
2254 4647 2484 4713 tuperari
2516 4654 2731 4714 potest;
2760 4647 2925 4716 igitur
2953 4662 3050 4702 nec
3082 4649 3282 4716 puniri.
3319 4649 3484 4719 Major
3508 4656 3652 4719 patet,
3673 4645 3761 4713 quia

556 4717 876 4776 funderetur
902 4724 1114 4791 corpori
1146 4740 1481 4797 nequaquam
1512 4744 1609 4799 per
1628 4731 1878 4786 virtutem
1906 4734 2143 4788 semina-

553 4809 660 4867 lem
691 4828 759 4868 ex
785 4814 995 4870 Adamo
1017 4818 1289 4887 traducto,
1322 4820 1411 4876 illa
1441 4838 1548 4879 non
1579 4825 1924 4882 contraheret
1954 4842 2143 4896 pecca-

554 4914 667 4960 tum
693 4906 987 4976 originale;
1016 4924 1183 4980 quare
1228 4912 1281 4966 in
1327 4922 1531 4969 tantum
1566 4926 1839 4986 peccatum
1888 4920 2140 4988 traducit,

552 4997 608 5052 in
632 5010 888 5069 quantum
920 5002 974 5056 in
1026 5016 1221 5073 corpus
1270 5021 1336 5060 ex
1368 5008 1571 5063 Adamo
1609 5025 1705 5077 per
1753 5011 2137 5080 concupiscen-

554 5091 686 5146 tiam
714 5093 989 5150 carnalem
1046 5107 1394 5166 pr0pagatum
1438 5098 1762 5155 immittitur.
1798 5102 1875 5157 Ex
1904 5102 1989 5157 his
2019 5119 2143 5159 con-

554 5178 801 5236 ﬁrmatur
828 5195 1016 5240 nostra
1048 5189 1317 5243 sententia
1345 5206 1359 5244 :
1389 5204 1513 5243 nam
1561 5190 1609 5245 si
1638 5205 1763 5247 caro
1810 5208 1906 5263 per
1951 5209 2139 5251 concu-

554 5270 873 5340 piscentiam
927 5278 1106 5346 genita
1157 5291 1240 5335 est
1305 5296 1489 5348 causa,
1542 5297 1640 5337 cur
1690 5286 1867 5339 anima
1920 5295 2141 5355 peccato

554 5365 857 5435 inﬁciatur,
889 5378 943 5425 et
973 5385 1043 5426 ex
1089 5376 1435 5445 consequenti
1477 5390 1692 5446 pmnam
1759 5378 1969 5446 subeat,
2022 5381 2136 5450 ipsa

554 5470 703 5521 caro,
733 5474 854 5529 qua:
881 5462 1047 5517 veluti
1095 5465 1397 5521 vehiculum
1444 5467 1646 5535 peccati
1675 5467 1792 5536 fuit,
1825 5471 2135 5540 neutiquam

555 5550 717 5607 debet
743 5567 862 5609 esse
883 5571 913 5608 a
942 5570 1258 5629 quacunque
1282 5576 1436 5630 pcena
1470 5562 1744 5616 immunis.

625 5642 898 5713 Ohjiciunt
920 5649 1004 5703 5°.
1030 5648 1313 5706 Peccatum
1343 5654 1565 5724 originis
1590 5669 1697 5709 non
1724 5654 1860 5710 tollit
1888 5657 2132 5713 ordinem

556 5739 873 5807 naturalem,
922 5742 1016 5797 sed
1056 5748 1540 5814 supernaturalem,
1585 5762 1786 5817 nempe
1826 5751 2133 5807 conversio-

556 5843 674 5884 nem
704 5831 767 5885 ad
796 5832 957 5889 Deum
985 5849 1078 5905 per
1102 5834 1299 5893 donum
1331 5839 1515 5908 gratia:
1552 5839 1862 5905 habitualis.
1886 5854 2015 5911 ergo
2042 5855 2128 5899 so-

2250 4750 2425 4805 pmnae
2447 4738 2732 4793 sensibiles
2754 4739 2955 4794 habent
2979 4741 3264 4810 quamdam
3294 4744 3403 4797 vim
3431 4738 3760 4811 increpationis.

2246 4830 2420 4885 Minor
2450 4831 2706 4900 probatur
2735 4847 2802 4887 ex
2852 4833 3141 4889 Aristotele
3171 4850 3228 4887 ιιι
3274 4834 3474 4899 Ethic.,
3499 4848 3604 4903 cap.
3627 4828 3671 4894 6,
3701 4824 3760 4880 ubi

2246 4922 2323 4976 ait
2346 4924 2618 4978 neminem
2641 4936 2761 4978 esse
2781 4922 3002 4994 dignum
3030 4926 3300 4993 vituperio
3317 4935 3370 4980 et
3396 4919 3758 4994 exprobratione,

2248 5013 2351 5067 nisi
2380 5014 2470 5068 illa
2509 5014 2669 5069 faciat
2696 5030 2813 5084 quae
2860 5015 3035 5083 potuit
3067 5030 3173 5070 non
3206 5015 3420 5080 facere;
3460 5026 3511 5069 at
3536 5011 3663 5084 pueri
3690 5020 3759 5061 non

2249 5114 2477 5174 possunt
2502 5120 2608 5161 non
2646 5107 2968 5162 contrahere
2997 5116 3277 5177 peccatum
3309 5105 3572 5176 originale,
3599 5114 3699 5167 ergo
3713 5096 3759 5149 οὓ

2248 5195 2383 5250 illud
2426 5197 2569 5251 nulla
2616 5200 3035 5266 reprehensione
3078 5199 3224 5267 digni
3274 5206 3419 5253 sunt.
3458 5191 3758 5266 Respondetur

2248 5289 2492 5359 negando
2522 5292 2810 5359 minorem,
2843 5306 2943 5346 nec
2966 5290 3270 5362 philosophi
3307 5292 3501 5346 dictum
3528 5299 3614 5340 nos
3633 5291 3756 5337 mora-

2244 5386 2351 5444 tur,
2380 5380 2471 5450 qui
2501 5382 2728 5435 actualia
2755 5391 2961 5435 tantum
2998 5397 3059 5435 ac
3089 5381 3388 5451 personalia
3415 5378 3592 5434 delicta
3610 5379 3755 5441 cogno-

2244 5470 2345 5537 vit,
2382 5471 2631 5540 originali
2671 5472 2813 5527 enim
2861 5484 3081 5539 peccato
3130 5471 3523 5527 Aristotelicum
3567 5461 3670 5519 illud
3694 5458 3751 5511 di°

2244 5571 2387 5616 ctum
2414 5578 2521 5617 non
2542 5565 2815 5619 convenit.
2842 5563 2910 5618 Et
2934 5563 3149 5633 quidem
3173 5562 3436 5633 Pelagiani
3458 5574 3517 5615 ex
3542 5554 3750 5613 Aristote-

2242 5654 2311 5710 lis
2349 5654 2592 5710 doctrina
2635 5657 2913 5711 tentabant
2965 5656 3154 5711 tollere
3210 5662 3474 5726 peccatum
3523 5641 3746 5716 originale.

2241 5747 2385 5803 unde
2407 5758 2532 5803 sunt
2560 5749 2651 5803 illa
2679 5749 2965 5819 Augustini
2997 5749 3091 5806 lib.
3117 5766 3170 5805 γι
3196 5760 3378 5805 contra
3406 5746 3529 5810 Jul.,
3554 5753 3653 5808 cap.
3672 5734 3744 5789 2οε

2244 5860 2264 5896 ι
2284 5844 2365 5901 Ad
2389 5844 2490 5901 hoc
2512 5844 2654 5901 enim
2684 5844 2899 5902 redacta
2930 5853 3014 5903 est
3042 5845 3267 5903 haeresis
3292 5852 3482 5904 vestra,
3504 5846 3556 5895 ut
3578 5832 3742 5904 gemant
