3962 6346
207 337 320 395 655

1374 340 1698 399 VINDICIE
1739 342 2302 403 AUGUSTINIANE.

3378 351 3484 409 666

202 466 510 518 sectatores
541 457 708 514 vestri
739 470 849 514 non
898 456 1129 514 inveniri
1158 456 1465 514 dialecticos
1493 457 1704 528 judices
1742 459 1797 513 in
1822 460 1879 521 Α
1903 460 2004 517 hoc
2033 461 2085 516 id
2112 463 2221 532 egit
2246 464 2542 532 peccando,
2569 463 2712 535 quod
2748 464 2956 536 justitia
2989 464 3224 533 vetabat,
3254 476 3310 523 et
3338 469 3483 525 unde

206 556 455 614 Ecclesia
486 554 554 609 de
596 554 798 610 scholis
826 551 1306 623 Peripateticorum
1346 563 1438 608 aut
1467 553 1791 623 Stoicorum,

203 665 243 704 a
273 650 466 719 quibus
516 647 734 719 possitis
781 646 1007 703 absolvi.
1042 664 1064 698 ι
1095 645 1340 702 Julianus
1362 645 1688 715 querebatur
1707 660 1795 703 ca-

204 742 448 799 tholicos
480 741 787 812 episcopos,
836 755 868 794 a
916 740 1110 809 quibus
1149 739 1435 794 damnatus
1480 740 1669 807 fuerat,
1702 755 1795 795 ne-

200 836 352 891 scire
383 833 664 888 se'cundum
713 834 997 904 categorias
1029 833 1318 887 Aristotelis
1363 832 1427 888 de
1470 833 1794 905 dogmatibus

198 928 460 994 iudicare.
492 926 635 983 Sane
662 926 705 982 si
734 926 1090 982 Aristotelicis
1122 925 1398 995 principiis
1419 927 1666 981 standum
1697 926 1790 994 sit,

198 1032 486 1092 peccatum
528 1018 787 1090 originale
814 1018 1115 1088 negandum
1149 1026 1262 1083 est;
1296 1032 1467 1086 neque
1494 1018 1658 1084 enim,
1701 1018 1791 1087 qui

199 1113 469 1178 nascitur,
498 1120 747 1181 tauquam
780 1112 959 1167 tabula
988 1125 1130 1181 rasa,
1174 1112 1413 1166 maculas
1450 1111 1653 1182 antiqui
1686 1112 1791 1167 eri-

197 1203 374 1258 minis
423 1218 491 1259 ex
536 1202 824 1258 Aristotele
853 1212 1068 1273 portare
1112 1212 1306 1273 potest,
1356 1217 1477 1259 cum
1517 1205 1790 1273 generatio

198 1309 347 1365 opus
392 1302 600 1350 natura:
647 1294 738 1362 sit,
789 1309 899 1350 non
944 1294 1256 1365 voluntatis,
1306 1293 1457 1363 cujus
1510 1303 1591 1349 est
1634 1309 1790 1364 posse

197 1402 459 1460 peccare.
487 1387 703 1442 Certum
734 1396 817 1443 est
845 1402 913 1442 ex
943 1387 1048 1442 fide
1080 1386 1249 1442 Deum
1290 1400 1411 1441 esse
1434 1386 1627 1441 iratum
1661 1402 1789 1455 pue-

196 1480 300 1546 ris,
336 1494 460 1535 cum
490 1485 801 1546 nascuntur,
835 1479 904 1532 ob
950 1478 1210 1548 originale
1240 1477 1480 1543 crimen;
1515 1478 1790 1533 nascimur

193 1571 349 1628 enim
376 1580 564 1625 natura
589 1571 689 1641 ﬁlii
716 1572 810 1625 ira:
857 1585 925 1626 ex
972 1571 1255 1640 Apostolo,
1287 1584 1351 1625 ac
1388 1584 1482 1639 per
1513 1580 1788 1638 peccatum

193 1679 392 1720 sumus
432 1663 609 1719 aversi
655 1677 684 1717 a
730 1662 865 1731 Deo,
920 1671 974 1718 et
1005 1662 1147 1718 Deus
1196 1675 1390 1731 pueros
1441 1661 1563 1717 odio
1603 1660 1785 1729 habet,

193 1768 469 1829 quatenus
495 1769 804 1827 peccatores
849 1764 997 1825 sunt,
1047 1757 1188 1827 quod
1227 1755 1550 1812 catholicum
1594 1756 1787 1826 dogma

1900 551 1977 607 illi
2002 551 2229 607 liberum
2260 552 2434 609 fuerat
2464 554 2753 611 abstinere.
2784 555 2918 611 Nam
2948 557 3019 626 ei,
3052 558 3142 628 qui
3162 557 3317 627 dixit,
3344 561 3483 630 quod

1900 647 2021 701 nolo
2048 648 2243 700 malum
2270 649 2365 702 hoc
2385 665 2507 719 ago,
2536 650 2807 706 abstinere
2836 650 2960 707 inde
2987 652 3213 707 liberum
3242 668 3348 709 non
3375 662 3480 711 est.

1898 742 1976 794 Ac
1999 755 2093 809 per
2114 741 2216 796 hoc
2237 742 2315 796 sic
2340 742 2441 797 tria
2468 742 2568 798 ista
2604 744 2905 812 discernas,
2938 756 2991 802 et
3019 747 3158 802 scias
3187 748 3330 802 aliud
3358 763 3480 806 esse

1897 842 2199 902 peccatum,
2232 834 2373 888 aliud
2409 849 2620 904 poenam
2656 837 2880 905 peccati,
2915 839 3056 894 aliud
3088 849 3394 911 utrumque,
3427 840 3481 897 id

1900 934 2003 994 est,
2040 927 2111 980 ita
2140 938 2442 996 peccatum,
2478 937 2535 982 ut
2566 928 2743 997 ipsum
2771 930 2840 985 sit
2873 932 3033 985 etiam
3066 946 3218 1000 paena
3254 933 3479 1001 peccati.

1896 1020 2154 1092 lntelligis
2179 1021 2309 1091 quid
2351 1022 2543 1076 horum
2577 1023 2735 1077 trium
2777 1025 3045 1093 pertineat
3074 1025 3142 1080 ad
3174 1027 3320 1081 illam
3353 1025 3478 1081 deﬂ-

1894 1115 2178 1180 nitionem,
2207 1114 2295 1169 ttbi
2321 1132 2333 1169 :
2369 1113 2617 1169 Voluntas
2647 1127 2721 1170 est
2768 1117 2979 1185 agendi,
3006 1118 3144 1186 quod
3167 1118 3376 1187 justitia
3402 1133 3478 1171 ve-

1894 1214 1989 1273 tat,
2021 1214 2068 1259 et
2094 1211 2229 1261 unde
2263 1207 2481 1261 liberum
2509 1216 2582 1260 est
2626 1206 2899 1261 abstinere.
2933 1208 3216 1263 Peccatum
3247 1222 3480 1279 namque

1894 1296 1999 1352 isto
2044 1297 2204 1352 modo
2242 1298 2519 1353 delinitum
2582 1308 2686 1364 est,
2741 1313 2846 1353 non
2880 1315 3035 1369 ptena
3092 1302 3317 1370 peccati,
3370 1316 3477 1357 non

1894 1397 2201 1457 utrumque.
2234 1407 2253 1440 ι
2315 1388 2384 1443 Ει
2450 1397 2673 1457 postea:
2717 1407 2733 1439 ι
2766 1388 2873 1444 Sed
2927 1390 3157 1460 pertinet
3217 1391 3478 1458 originale

1895 1492 2169 1551 peccatum
2199 1481 2265 1536 ad
2294 1481 2397 1536 hoc
2418 1496 2586 1552 genus
2609 1483 2848 1549 tertium,
2876 1483 2965 1537 ubi
2991 1483 3070 1539 sic
3094 1494 3366 1553 peccatum
3391 1494 3478 1540 est

1878 1564 1951 1628 ‘ut
1981 1574 2154 1643 ipsum
2196 1575 2267 1629 sit
2310 1585 2365 1630 et
2414 1589 2570 1643 poma
2603 1576 2831 1644 peccati.
2863 1595 2881 1628 ι
2915 1575 3135 1631 Certum
3184 1576 3344 1644 igitur
3391 1586 3475 1634 est

1894 1681 2052 1736 posse
2089 1676 2361 1735 peccatum
2392 1667 2649 1738 originale
2673 1684 2793 1724 esse
2821 1684 2947 1725 vere
2974 1679 3027 1724 et
3048 1670 3261 1740 proprie
3288 1684 3478 1740 pecca-

1894 1768 2031 1827 tum,
2064 1759 2405 1816 etiamsinon
2452 1761 2576 1816 inde
2606 1762 2835 1817 liberum
2881 1761 2951 1817 sit
2977 1763 3267 1829 abstinere,
3300 1771 3354 1818 et
3378 1762 3477 1818 do-

194 1865 325 1922 est;
357 1857 626 1926 vituperat
651 1855 811 1925 igitur
840 1856 982 1910 Deus
1008 1854 1222 1924 vitium,
1252 1855 1397 1924 quod
1426 1855 1541 1924 ipse
1577 1870 1685 1910 non
1714 1856 1790 1911 fe.
1818 1850 1866 1912 B
1895 1854 2121 1908 ctrinam
2168 1853 2314 1908 illam
2368 1854 2615 1908 traditam
2669 1869 2700 1907 a
2752 1864 2940 1910 sancto
2985 1854 3207 1912 doctore
3257 1855 3347 1911 lib.
3404 1857 3475 1912 de

192 1953 269 2008 cit
298 1953 358 2008 in
382 1951 620 2007 homine.
646 1951 797 2005 Adde
827 1948 1059 2005 infantes
1076 1964 1197 2005 esse
1222 1965 1345 2005 vasa
1361 1950 1702 2017 contumeliae,
1733 1958 1789 2006 et

190 2060 261 2101 ex
291 2045 650 2114 consequenti
679 2056 799 2097 esse
827 2041 1018 2111 dignos
1049 2040 1373 2110 contumelia
1401 2054 1464 2095 ac
1496 2041 1782 2110 vituperio.

191 2136 368 2193 Miror
405 2144 587 2191 autem
613 2134 880 2205 Vasquez,
903 2134 1077 2188 virum
1134 2133 1187 2187 in
1231 2133 1515 2204 AuguStini
1545 2133 1789 2189 doctrina

190 2233 335 2289 adeo
360 2241 654 2298 versatum,
680 2238 737 2284 ut
766 2230 978 2284 sodales
1006 2228 1415 2297 Complutenses
1446 2228 1787 2299 Augustinum

192 2308 453 2390 alterum,
500 2322 586 2377 vel
624 2320 814 2376 saltem
869 2329 1083 2374 mentem
1137 2335 1197 2373 ac
1236 2320 1466 2389 linguam
1512 2319 1789 2390 Augustini

190 2414 449 2471 eumdem
484 2412 945 2482 nuncupaverint;
975 2412 1160 2475 miror,
1194 2410 1434 2481 inquam,
1458 2411 1590 2467 illud
1629 2428 1788 2485 argu-

192 2516 443 2563 mentum
490 2505 653 2561 veluti
694 2503 924 2560 solidum
971 2502 1259 2573 objecisse,
1303 2502 1445 2573 quod
1492 2513 1670 2558 tamen
1700 2502 1783 2559 di-

192 2608 348 2655 serte
375 2598 445 2653 ab
470 2597 769 2668 Augustino
790 2610 1038 2651 eversum
1061 2594 1255 2649 fuerat.
1289 2594 1549 2649 Audiatur
1573 2604 1788 2651 sanctus

193 2693 393 2748 doctor
424 2692 520 2748 lib.
542 2691 610 2748 de
644 2692 892 2759 Corrept.
946 2700 1002 2744 et
1030 2698 1193 2759 grat.,
1243 2703 1359 2758 cap.
1391 2688 1463 2743 6:
1494 2707 1513 2741 ‹
1546 2689 1628 2743 Αη
1656 2703 1788 2745 vero

191 2786 324 2841 ideo
370 2786 606 2857 pravitas
636 2784 739 2839 ista
794 2781 1131 2851 corripienda
1187 2795 1292 2836 non
1325 2789 1409 2859 est
1446 2782 1500 2837 in
1546 2782 1788 2851 homine,

192 2876 322 2945 quia
356 2888 463 2929 non
491 2872 610 2943 ejus
630 2873 867 2943 prepria,
898 2871 989 2941 qui
1013 2869 1320 2939 corripitur,
1368 2870 1463 2926 sed
1487 2872 1787 2927 communis

192 2975 278 3021 est
305 2966 613 3035 iomnibus?
651 2965 762 3018 lmo
805 2977 934 3018 vero
971 2961 1293 3031 corripiatur
1338 2970 1393 3015 et
1443 2961 1495 3015 in
1536 2960 1783 3032 singulis,

193 3062 346 3136 quod
378 3068 461 3115 est
515 3061 775 3113 omnium.
825 3056 940 3112 Non
971 3056 1111 3111 enim
1140 3063 1420 3125 propterea
1470 3055 1784 3125 cujusquam

195 3168 309 3210 non
359 3162 442 3207 est
476 3150 618 3221 quod
673 3149 742 3203 ab
781 3163 841 3204 ea
886 3147 1066 3202 nullus
1105 3146 1358 3201 immunis
1403 3155 1507 3201 est.
1561 3146 1783 3202 Peccata

1894 1942 2066 2002 Duab.
2110 1945 2318 2011 Anim.,
2347 1959 2467 2016 cap.
2504 1946 2593 2013 ll,
2621 1960 2781 2015 quam
2824 1956 2945 2015 post
2977 1946 3244 2001 lulianum
3273 1946 3471 2002 Morai-

1893 2054 1990 2095 nes
2020 2038 2225 2108 objicit,
2260 2039 2631 2109 applicandam
2660 2054 2767 2095 non
2799 2053 2919 2095 esse
2949 2052 3168 2109 peccato
3197 2040 3469 2109 originali,

1891 2129 1961 2185 de
1986 2146 2091 2200 qtto
2122 2130 2194 2185 ibi
2222 2141 2440 2186 sanctus
2468 2131 2625 2186 Pater
2654 2146 2762 2187 non
2791 2132 3128 2202 loquebatur.
3166 2132 3317 2189 Unde
3343 2133 3475 2188 falsa

1893 2231 2019 2277 sunt
2067 2238 2185 2292 quae
2231 2231 2412 2291 postea
2465 2222 2607 2278 idem
2664 2222 2929 2279 Moraines
2983 2222 3182 2279 addit:
3230 2242 3248 2274 ι
3299 2223 3357 2279 Si
3408 2237 3475 2278 ex

1892 2322 2075 2369 mente
2102 2313 2166 2369 D.
2196 2315 2500 2385 Augustini,
2534 2316 2724 2384 inquit,
2763 2315 2870 2370 imo
2900 2331 2965 2369 ex
2996 2330 3156 2371 sensu
3180 2316 3343 2371 totius
3372 2315 3475 2370 Ec-

1893 2406 2071 2461 clesiae
2110 2415 2165 2461 et
2201 2421 2471 2462 consensu
2500 2408 2714 2478 generis
2738 2407 2978 2474 humani,
3008 2407 3355 2477 judicandum
3392 2417 3476 2464 est

1892 2504 1960 2559 de
1989 2512 2209 2573 peccato
2233 2503 2477 2573 originali
2509 2503 2729 2573 ejusque
2759 2518 2941 2573 poena,
2965 2502 3250 2558 dicendum
3276 2511 3357 2557 est
3383 2517 3477 2556 ne-

1893 2596 2092 2650 minem
2139 2606 2358 2664 propter
2400 2593 2529 2648 illud
2558 2609 2666 2649 non
2717 2610 2746 2647 a
2792 2608 2851 2648 se
2891 2594 3264 2661 commissum,
3296 2593 3391 2649 sed
3420 2593 3473 2648 vi
3534 2641 3550 2665 ,

1894 2686 2119 2757 originis
2167 2701 2233 2741 ex
2267 2686 2595 2742 necessitate
2622 2695 2956 2742 contractum
2989 2701 3109 2742 esse
3151 2687 3367 2756 dignum
3395 2702 3476 2742 re-

1895 2778 2249 2848 prehensione
2280 2787 2334 2832 et
2374 2778 2668 2846 vituperio,
2716 2794 2779 2833 ac
2804 2778 3032 2848 proinde
3065 2794 3163 2834 nec
3212 2780 3474 2850 supplicio

1894 2870 2124 2939 positivo
2151 2878 2205 2924 et
2233 2870 2587 2925 connaturali.
2620 2888 2640 2921 ›
2675 2868 2852 2937 Falsa,
2894 2872 3131 2941 inquam,
3166 2870 3281 2926 haec
3302 2881 3425 2925 sunt
3456 2889 3472 2927 :

1892 2976 2015 3016 nam
2051 2976 2115 3016 ex
2148 2972 2328 3016 mente
2364 2959 2536 3016 sancti
2566 2960 2804 3015 doctoris
2850 2962 3153 3031 oppositum
3183 2961 3470 3017 dicendum

1892 3064 2001 3117 est;
2036 3054 2195 3110 docet
2248 3054 2391 3109 enim
2441 3055 2775 3127 arguendum
2822 3069 2942 3111 esse
2990 3056 3148 3111 etiam
3188 3055 3336 3110 illum
3381 3056 3474 3127 qui

1893 3156 2078 3216 peccat
2120 3150 2277 3203 tertio
2315 3148 2409 3203 illo
2462 3163 2663 3218 genere
2695 3148 2932 3215 peccati;
2974 3148 3147 3217 inquit
3190 3150 3333 3202 enim
3374 3148 3475 3202 ibi-

194 3244 419 3317 quidem
450 3243 553 3298 ista
582 3240 859 3311 originalia
898 3239 1020 3295 ideo
1054 3239 1303 3293 dicuntur
1344 3237 1513 3291 aliena
1546 3237 1689 3307 quod
1720 3252 1783 3292 ea
1814 3240 1858 3304 C
1890 3240 2051 3296 dem:
2084 3239 2381 3301 (Tertium
2424 3254 2555 3295 vero
2606 3254 2799 3309 genus,
2832 3240 2924 3294 ubi
2970 3247 3249 3308 peccatum
3298 3240 3473 3307 ipsum

194 3336 397 3407 singuli
424 3334 492 3390 de
516 3332 827 3405 parentibus
858 3333 1097 3399 trahunt,
1128 3329 1221 3385 sed
1249 3345 1354 3383 non
1381 3330 1499 3385 sine
1519 3344 1677 3384 causa
1707 3329 1789 3385 di-

195 3438 399 3485 cuntur
426 3436 481 3482 et
510 3436 716 3491 nostra,
748 3425 870 3495 quia
902 3425 957 3477 in
1003 3424 1098 3478 illo
1121 3439 1222 3477 uno
1261 3438 1452 3491 omnes,
1484 3422 1624 3477 sicut
1660 3423 1788 3477 dicit

196 3523 534 3596 Apostolus,
605 3531 957 3593 peccaverunt.
1020 3520 1390 3575 CORRIPIATUR
1442 3533 1575 3589 ergo
1630 3532 1789 3574 ontco

194 3631 541 3683 unusunus,
577 3623 636 3669 ut
664 3629 728 3669 ex
762 3614 949 3668 dolore
978 3612 1334 3680 correptionis
1363 3611 1611 3664 voluntas
1638 3624 1790 3679 rege-

196 3707 501 3764 nerationis
528 3706 749 3771 oriatur,
781 3724 801 3757 ι
834 3714 935 3758 etc.
969 3703 1045 3758 Ex
1079 3703 1273 3773 quibus
1313 3709 1460 3771 patet
1504 3715 1663 3771 posse
1691 3700 1788 3757 ho-

195 3803 403 3859 minem
435 3800 633 3868 corripi
664 3800 732 3854 ob
762 3806 1037 3867 peccatum
1077 3794 1354 3866 originale.

265 3895 448 3949 Instat
494 3892 781 3957 Moraines,
837 3905 986 3944 num.
1013 3890 1108 3954 41,
1143 3904 1249 3942 ηοη
1308 3888 1483 3943 solum
1526 3887 1788 3946 Aristote-

195 3988 304 4043 lem
350 3994 445 4039 aut
477 3985 723 4039 ethnicos
754 3984 1106 4054 philosophos
1137 3981 1320 4037 dicere
1370 3981 1638 4036 neminem
1669 3997 1789 4039 esse

196 4079 470 4149 vituperio
498 4084 554 4132 et
600 4075 1023 4145 reprehensione
1054 4073 1272 4143 dignum
1308 4082 1525 4143 propter
1555 4074 1607 4127 id
1644 4075 1784 4145 quod

196 4188 306 4227 non
346 4169 517 4225 libere
543 4167 671 4223 fecit
706 4176 801 4221 aut
826 4168 1029 4230 omisit,
1074 4166 1168 4221 sed
1199 4165 1439 4220 omnium
1471 4165 1707 4220 lidelium
1734 4174 1789 4221 et

195 4265 500 4321 inﬁdelium
531 4276 867 4317 communem
899 4262 1044 4314 illam
1075 4274 1262 4314 vocem
1306 4273 1449 4327 esse,
1505 4270 1559 4312 ut
1588 4258 1785 4314 contir-

195 4368 307 4413 mat
342 4365 563 4413 sanctus
609 4354 939 4424 Augustinus
988 4351 1082 4406 lib.
1113 4351 1180 4405 de
1226 4351 1437 4405 Duabus
1469 4350 1785 4418 Animabus,

196 4466 320 4521 cap.
348 4450 439 4505 11.
471 4448 650 4517 Quare
675 4461 794 4501 cum
827 4444 1003 4500 nullus
1024 4444 1353 4499 commiserit
1378 4452 1655 4513 peccatum
1677 4442 1785 4497 ori-

196 4542 376 4615 ginale
405 4540 597 4606 libere,
630 4538 722 4594 sed
755 4538 888 4592 illud
930 4553 994 4591 ex
1026 4537 1313 4591 inl'ectione
1355 4546 1559 4589 naturae
1611 4536 1786 4589 traha-

1891 3340 1994 3400 est,
2027 3342 2083 3389 et
2113 3349 2269 3402 poena
2301 3334 2504 3403 peccati
2534 3342 2708 3401 potest
2736 3330 2961 3401 intelligi
2994 3331 3047 3386 in
3087 3346 3151 3387 eo
3190 3332 3279 3401 qui
3303 3330 3471 3386 dicit:
3502 3350 3511 3355 ί

1894 3426 2045 3492 Quod
2077 3427 2195 3481 natu
2228 3426 2423 3491 malum
2450 3427 2545 3480 hoc
2582 3443 2703 3497 ago.
2739 3426 2819 3481 Ad
2869 3425 2973 3480 hoc
3014 3425 3288 3494 pertinent
3314 3424 3474 3483 etiam

1891 3519 2093 3583 omnia,
2125 3534 2244 3589 quae
2269 3534 2363 3589 per
2386 3519 2737 3590 ignorantiam
2760 3533 2880 3572 cum
2910 3527 3143 3586 aguntur
3173 3517 3335 3581 mala,
3366 3531 3473 3572 non

1890 3623 2146 3685 putantur
2190 3614 2348 3681 mala,
2399 3612 2485 3669 vel
2530 3613 2693 3669 etiam
2725 3621 2980 3683 putantur
3030 3612 3191 3666 bona.
3249 3610 3475 3668 Caecitas
3552 3629 3555 3632 '

1893 3711 2034 3765 enim
2058 3708 2258 3775 cordis,
2306 3708 2351 3762 si
2380 3716 2654 3777 peccatum
2689 3723 2796 3762 non
2827 3718 2992 3774 esset,
3027 3707 3227 3777 injuste
3275 3721 3467 3775 argue-

1891 3811 2071 3866 retur;
2120 3800 2360 3870 arguitur
2406 3810 2584 3855 autem
2608 3800 2774 3869 juste,
2827 3800 2915 3853 ubi
2948 3799 3179 3854 dicitur:
3209 3798 3473 3852 Phariswe
3510 3824 3527 3867 ἡ

1891 3910 2041 3959 edace,
2074 3903 2129 3948 et
2158 3893 2277 3947 aliis
2306 3892 2549 3961 plurimis
2585 3891 2890 3947 divinorum
2929 3893 3227 3961 elogiorum
3257 3891 3415 3947 locis.
3446 3910 3468 3944 ι

1890 3981 2003 4038 lmo
2032 3984 2100 4038 ab
2132 3984 2219 4037 illa
2266 3986 2586 4039 necessitate
2616 3984 3061 4053 vituperationem
3113 3982 3315 4038 destrui
3355 3990 3473 4037 erat

1890 4074 2157 4144 ipSissittta
2189 4075 2421 4145 objectio
2466 4075 2666 4131 Juliani
2716 4076 2944 4129 dicentis
2970 4075 3063 4129 lib.
3096 4091 3128 4128 v
3152 4075 3341 4144 Operis
3370 4075 3472 4129 im-

1889 4169 2051 4239 perf..
2103 4184 2225 4238 cap.
2259 4169 2425 4224 52:1
2456 4170 2621 4239 Hujus
2676 4170 2994 4239 vituperatio
3049 4172 3116 4224 ad
3169 4170 3471 4227 necessaria

1889 4275 1997 4316 non
2026 4262 2274 4325 recurrit,
2304 4262 2425 4331 quia
2466 4260 2725 4331 quidquid
2770 4260 2837 4314 ad
2883 4262 3245 4317 necessarium
3278 4276 3469 4331 perve-

1888 4352 2046 4417 nerit,
2098 4351 2272 4419 ipsum
2322 4351 2495 4421 pulsat
2547 4360 2843 4418 auctorem,
2879 4372 2898 4402 »
2931 4367 3123 4420 nempe
3154 4352 3342 4407 Deum.
3373 4352 3472 4408 Cui

1889 4450 2104 4499 sanctus
2137 4444 2295 4498 Pater
2324 4442 2610 4513 respondet
2635 4459 2651 4499 :
2683 4462 2701 4495 ‹
2729 4443 2973 4513 Nunquid
3003 4444 3104 4498 hoc
3133 4446 3329 4499 malum
3370 4444 3472 4499 ho-

1889 4540 2068 4604 minis,
2107 4538 2194 4592 ubi
2224 4538 2373 4607 dicit,
2406 4539 2545 4609 quod
2590 4539 2712 4591 nolo
2756 4538 2972 4603 malum,
3023 4536 3121 4591 hoc
3146 4525 3265 4609 ago,
3294 4537 3467 4608 ipsum

197 4645 307 4706 tur,
342 4650 505 4691 nemo
531 4642 703 4704 potest
731 4634 800 4688 ob
826 4630 957 4686 illud
985 4630 1275 4698 vituperari
1309 4637 1400 4682 aut
1434 4628 1778 4697 reprehendi.
1810 4627 1862 4687 Ι)
1888 4627 2122 4683 hominis
2149 4629 2324 4697 pulsat
2348 4630 2666 4683 auctorem?
2695 4637 2750 4683 et
2772 4638 2948 4683 tamen
2976 4645 3098 4683 eum
3122 4629 3211 4699 qui
3252 4629 3331 4684 sic
3359 4630 3470 4700 agit

197 4729 524 4801 Respondco
554 4726 827 4782 laudatum
876 4723 1047 4777 sancti
1078 4722 1316 4775 doctoris
1364 4720 1726 4775 testimonium
1754 4733 1784 4772 a

199 4824 416 4880 Juliano
472 4820 646 4876 eidem
704 4816 1002 4888 Augustino
1062 4830 1204 4883 saepe
1262 4814 1457 4884 saepius
1515 4813 1782 4881 objectum

200 4917 389 4982 fuisse,
431 4913 528 4969 lib.
562 4928 578 4967 l
608 4910 799 4980 Operis
849 4907 1085 4978 imperl.,
1146 4922 1264 4976 cap.
1297 4905 1387 4971 45,
1441 4905 1533 4960 lib.
1567 4921 1618 4972 v,
1662 4919 1779 4974 cap.

201 5010 266 5063 45
294 5018 354 5066 et
380 5007 478 5075 45,
507 5018 561 5063 et
587 5005 736 5061 alibi.
766 5004 865 5061 Cui
889 5014 1110 5059 sanctus
1143 5003 1302 5058 Pater
1325 5001 1617 5070 respondet
1645 5002 1738 5056 lib.
1764 5017 1781 5056 ι

200 5104 391 5175 Operis
442 5099 679 5171 imperil,
710 5113 831 5167 cap.
858 5098 928 5152 48
957 5116 970 5151 :
1009 5115 1028 5149 ‹
1068 5095 1205 5167 lpse,
1238 5095 1427 5163 inquit,
1476 5095 1646 5149 Adam
1674 5105 1775 5161 est,

203 5211 361 5267 quem
400 5202 585 5249 nostra
616 5192 705 5247 illa
732 5191 996 5259 deﬁnitio,
1026 5204 1146 5259 qua:
1176 5187 1271 5242 tibi
1291 5186 1506 5256 placuit,
1533 5186 1779 5240 intueba-

204 5299 310 5359 tur,
350 5303 475 5344 cum
501 5287 737 5343 dicerem
769 5303 781 5339 :
811 5283 1092 5339 Peccatum
1117 5289 1192 5335 est
1236 5281 1474 5334 voluntas
1502 5279 1774 5344 retinendi,

172 5382 173 5385 “
202 5383 276 5437 vel
301 5380 663 5449 consequendi,
684 5379 818 5448 quod
841 5377 1048 5447 justitia
1069 5381 1218 5438 vetat,
1242 5381 1291 5425 et
1314 5372 1450 5425 unde
1472 5370 1684 5425 liberum
1708 5379 1781 5424 est

204 5473 455 5529 abstinere
506 5471 640 5541 (Lib.
692 5470 754 5523 de
816 5467 985 5521 Duab.
1043 5466 1240 5527 Anim.,
1280 5480 1395 5533 cap.
1455 5461 1567 5532 11).
1610 5460 1778 5517 Adam

204 5566 400 5637 quippe
431 5563 648 5617 omnino
680 5560 890 5631 quando
924 5556 1183 5628 peccavit,
1224 5553 1355 5608 nihil
1384 5552 1437 5611 in
1467 5566 1527 5608 se
1548 5551 1780 5608 habebat

206 5658 350 5723 mali,
378 5670 488 5726 quo
520 5655 706 5709 nolens
747 5661 1027 5721 urgeretur
1073 5648 1138 5702 ad
1169 5644 1505 5717 operandum
1555 5643 1776 5714 malum,

164 5732 167 5735 I
210 5758 265 5804 et
292 5760 515 5818 propter
536 5746 677 5817 quod
704 5744 943 5801 diceret:
976 5740 1097 5796 Non
1116 5738 1255 5811 quod
1282 5737 1395 5792 uolo
1414 5738 1548 5809 facio
1573 5736 1775 5814 bonum,

210 5843 294 5896 sed
317 5840 455 5897 quod
484 5839 603 5894 nolo
630 5838 844 5905 malum,
875 5836 970 5891 hoc
1011 5851 1111 5907 ago
1134 5832 1313 5904 (Rom.
1355 5844 1452 5897 vn,
1484 5829 1561 5901 9),
1596 5844 1659 5886 ac
1688 5844 1783 5900 per

1892 4722 2089 4775 malum
2118 4723 2247 4776 satis
2275 4731 2496 4792 apparet
2528 4723 2593 4775 ad
2624 4723 2989 4776 necessarium
3020 4724 3347 4793 pervenisse,
3373 4738 3469 4780 ne-

1887 4815 2138 4869 cessitate
2166 4816 2362 4885 quippc
2390 4816 2499 4885 agit
2527 4815 2668 4885 quod
2701 4830 2804 4870 non
2836 4817 2945 4885 agit
2975 4818 3265 4872 voluntate.
3298 4836 3317 4870 ι

1956 4904 2223 4975 Objiciunt
2245 4906 2305 4961 5°
2336 4906 2527 4961 durum
2555 4907 2746 4973 videri,
2777 4916 2832 4962 et
2874 4906 3066 4961 divina:
3094 4909 3315 4963 bonitati
3357 4909 3462 4965 mi-

1886 5001 2031 5055 nime
2061 5011 2479 5057 consentaneum
2510 5011 2569 5056 ut
2618 5016 2773 5071 pmna
2797 5001 2932 5074 ignis
2954 5004 3141 5058 aeterni
3172 5004 3353 5071 puniat
3380 5005 3465 5059 in-

1882 5094 2085 5159 fantes,
2133 5093 2225 5164 qui
2272 5095 2487 5163 propria
2541 5093 2813 5148 voluntate
2873 5109 2975 5148 non
3033 5104 3340 5164 peccarunt,
3371 5098 3466 5154 sed

1881 5184 2051 5238 aliena
2086 5195 2307 5253 tantum,
2334 5194 2492 5257 atque
2541 5202 2619 5245 ex
2660 5187 2709 5240 vi
2740 5194 2796 5241 et
2826 5186 3037 5242 miseria
3088 5202 3201 5243 suae
3243 5190 3466 5259 originis

1883 5287 2103 5345 peccato
2128 5276 2375 5347 originali
2405 5275 2584 5331 inlecti
2612 5286 2757 5332 sunt.
2787 5276 3095 5347 Respondet
3133 5272 3464 5351 Augustinus

1882 5367 1979 5421 lib.
1997 5383 2024 5417 v
2052 5367 2242 5436 Operis
2269 5367 2636 5437 impert.,cap.
2653 5367 2750 5425 l5:
2772 5387 2791 5422 ι
2811 5369 2866 5426 Si
2898 5381 3074 5428 autem
3097 5373 3320 5430 crudele
3344 5389 3465 5432 esse

1883 5459 2216 5513 arbitramini
2233 5459 2473 5513 damnari
2499 5460 2906 5532 parvulos,quos
2921 5465 3177 5535 originale
3189 5480 3462 5536 peccatum

1856 5546 1859 5549 “
1888 5550 2101 5606 trahere
2130 5566 2233 5606 non
2267 5552 2483 5621 putatis,
2506 5553 2727 5609 crudele
2753 5555 2906 5612 vobis
2940 5557 3184 5613 videatur
3213 5575 3317 5614 non
3349 5558 3459 5629 rapi

1887 5657 1951 5698 ex
1980 5641 2080 5696 hac
2106 5643 2212 5697 vita
2244 5645 2493 5712 parvulos
2520 5646 2934 5704 secundum‘vos
2980 5651 3181 5705 nullum
3206 5650 3461 5707 habentes

1888 5736 2106 5792 omnino
2124 5745 2418 5807 peccatum,
2444 5754 2582 5809 quos
2607 5739 2751 5796 Deus
2771 5744 2954 5813 utique
2996 5744 3164 5813 novit,
3196 5744 3247 5797 in
3280 5744 3461 5800 multis

1889 5829 2198 5903 magnisque
2251 5832 2485 5903 peccatis
2530 5835 2650 5892 sine
2678 5835 2785 5893 ulla
2837 5837 2890 5893 in
2945 5837 3138 5895 melius
3171 5838 3461 5893 mutatione
