3962 6346
543 306 646 364 667

1418 316 1980 376 SU-PPLEMENTUM
2023 320 2113 377 AD
2152 322 2380 381 OPERA
2419 323 2477 383 S.
2520 324 2914 384 AUGUSTINI.
3736 336 3818 393 668

542 423 848 478 morituros.
873 409 1002 479 Nam
1028 424 1319 481 secundum
1348 442 1824 489 RATIOCINATIONES
1881 439 2202 501 uunsmsA
2233 437 2354 492 liter
2375 452 2594 494 sensum
2648 441 2902 498 credendi
2957 443 3196 500 nondum
3255 447 3471 507 habent.
3522 451 3581 508 Si
3639 464 3816 512 autem

540 515 810 572 crudelius
835 515 1043 573 videtur
1071 532 1176 572 non
1209 517 1463 590 liberare,
1497 535 1614 576 cum
1649 527 1836 595 possit,
1860 526 2024 583 nullis
2045 529 2125 583 in—

537 609 816 678 quinatum
843 610 1042 680 parvis,
1074 613 1387 683 magnisque
1405 615 1658 684 peccatis,
1685 631 1840 687 quam
1869 618 2123 677 damnare

542 703 848 772 progeniem
881 705 1202 774 peccatoris.
1235 705 1404 763 Porro
1432 724 1552 764 cum
1584 709 1712 765 illud
1752 712 1952 778 justum
2002 730 2123 772 esse

539 809 642 866 qua
674 795 896 864 potestis
921 813 1052 853 voce
1077 799 1342 866 clamatis,
1380 810 1433 856 et
1466 801 1565 858 hoc
1591 818 1707 858 esse
1741 804 1990 875 injustum
2020 824 2122 878 qua

536 886 714 942 fronte
736 889 1120 946 contenditis?»
1152 891 1215 946 Et
1237 893 1453 962 quidem
1479 895 1524 949 si
1547 895 1836 951 secundum
1861 897 2120 955 humanas

529 981 967 1037 ratiocinationes
996 984 1294 1055 loquamur,
1321 985 1532 1041 videtur
1583 989 1741 1042 etiam
1774 988 1986 1055 durum,
2023 992 2141 1062 ho—r

527 1075 726 1131 minem
750 1077 819 1132 ob
844 1077 1058 1134 unicum
1077 1095 1300 1152 pravum
1329 1079 1678 1152 desiderium,
1703 1083 1842 1153 quod
1875 1099 2118 1139 momen-

529 1175 582 1222 to
609 1169 846 1237 evanuit,
876 1169 1117 1226 damnari
1146 1171 1198 1225 in
1246 1179 1593 1237 acternum,et
1643 1181 1818 1228 tamen
1867 1173 1968 1230 hoc
2011 1174 2116 1231 ﬁde

527 1259 830 1327 credimus;
869 1261 922 1315 in
953 1275 1020 1316 eo
1050 1262 1194 1317 enim
1226 1271 1348 1317 actu
1398 1263 1542 1317 nulla
1597 1278 1786 1319 sensus
1831 1264 2114 1322 delectatio

525 1351 657 1419 fuit,
686 1357 772 1425 qui
805 1362 980 1411 tamen
1033 1371 1190 1427 poena
1220 1370 1411 1412 sensus
1466 1367 1722 1411 aeternum
1757 1359 2110 1429 torquebitur.

523 1445 699 1512 Quare
751 1461 851 1502 nec
902 1447 1096 1503 durum
1149 1447 1315 1504 videri
1373 1448 1534 1505 debet
1579 1465 1772 1519 pueros
1818 1453 2108 1508 secundum

523 1552 737 1594 sensum
769 1541 964 1608 puniri,
990 1543 1078 1610 qui
1102 1556 1265 1596 sensu
1297 1556 1401 1596 non
1433 1553 1810 1613 peccaverunt,
1835 1544 1936 1600 nisi
1977 1561 2110 1616 qua-

523 1640 678 1688 tenus
710 1634 846 1686 idem
878 1633 1025 1690 fuere
1045 1649 1163 1690 cum
1195 1635 1422 1692 Adamo.
1455 1637 1720 1694 Praeterea
1758 1655 1877 1695 cum
1904 1642 2108 1712 primus

520 1737 732 1792 parens,
761 1725 804 1779 si
831 1738 1228 1793 perseverasset
1255 1728 1308 1782 in
1339 1729 1501 1796 bono,
1534 1732 1948 1789 transmissurus
1977 1733 2108 1790 fuis-

518 1824 600 1927 set
632 1816 682 1869 in
711 1826 958 1927 posteros
978 1818 1242 1921 justitiam
1273 1820 1610 1927 originalem,
1641 1830 1694 1878 et
1737 1822 1918 1927 omnia
1965 1825 2105 1927 bona
2137 1838 2185 1900 Β
2214 1816 2316 1910 les,
2337 1816 2630 1927 m5};

517 1911 628 1959 tum
654 1906 817 1961 animi
846 1915 955 1962 tum
984 1909 1246 1980 corporis,
1277 1921 1334 1964 ut
1367 1911 1525 1966 tradit
1554 1921 1770 1968 sanctus
1822 1914 1981 1970 Pater
2006 1916 2104 1973 lib.

517 2013 574 2052 Ill
603 1998 792 2068 Operis
844 2000 1080 2070 imperf.,
1105 2017 1225 2072 cap.
1257 2003 1381 2068 199,
1410 2017 1508 2059 cur
1556 2003 1746 2059 durum
1792 2004 2025 2074 videtur,
2060 2007 2106 2062 si

517 2089 896 2156 prazvaricatus
921 2091 1166 2147 miserias
1195 2108 1256 2148 ac
1274 2108 1460 2165 ptenas
1483 2093 1716 2163 posteris
1740 2095 2106 2153 haereditarias

516 2179 634 2236 fecit
651 2179 674 2233 ?

584 2279 854 2352 Objiciunt
874 2283 950 2335 (ἑο.
974 2283 1200 2352 Propter
1223 2292 1503 2353 peccatum
1525 2283 1786 2356 originale
1799 2301 1903 2342 non
1920 2286 2102 2357 injun-

513 2372 655 2444 gitur
691 2371 993 2428 hominibus
1026 2374 1361 2444 baptizandis
1416 2375 1595 2446 aliqua
1648 2377 2104 2447 pmnitentia,nec

511 2464 765 2534 iubentur
795 2465 997 2522 habere
1028 2467 1196 2522 ullum
1253 2467 1495 2523 dolorem
1553 2469 1620 2526 de
1676 2469 1788 2539 illo,
1817 2485 1945 2544 ergo
1995 2487 2101 2528 non

514 2559 907 2629 corrcspondet
977 2561 1050 2615 illi
1078 2562 1255 2632 aliqua
1281 2577 1441 2633 poena
1471 2578 1683 2631 sensus,
1712 2565 1869 2621 sicuti
1889 2581 2100 2625 corres-

510 2651 710 2721 pendet
732 2653 963 2722 peccatis
995 2654 1316 2709 actualibus.
1345 2655 1667 2725 Respondeo
1715 2660 1886 2727 primo
1911 2657 2100 2718 adver-

508 2746 772 2800 sariorum
797 2747 1082 2817 plerosque
1103 2749 1192 2818 qui
1219 2747 1321 2804 hoc
1350 2758 1721 2820 argumentum
1755 2764 1945 2823 urgent
1974 2769 2099 2809 con-

506 2838 704 2893 cedere
753 2839 806 2893 in
838 2839 1071 2908 parvulis
1101 2839 1372 2895 tristitiam
1427 2841 1496 2896 ob
1537 2843 1825 2898 carentiam
1875 2845 2099 2902 visionis

509 2949 666 3004 quam
692 2935 992 3004 patiuntur;
1021 2935 1182 3006 igitur
1202 2936 1431 2993 debetur
1454 2949 1678 3008 peccato
1709 2941 1955 3012 originali
2001 2943 2099 3000 do-

506 3027 588 3081 lor
611 3027 854 3094 interior,
885 3027 1098 3084 etiamsi
1127 3044 1226 3099 pro
1253 3041 1472 3101 peccato
1518 3034 1766 3104 originali
1815 3035 1990 3090 nullus
2017 3037 2097 3092 in-

509 3125 694 3172 ternus
732 3117 887 3174 dolor
941 3119 1008 3174 ab
1057 3119 1295 3176 Ecclesia
1353 3123 1722 3194 praecipiatur.
1776 3125 2095 3197 Respondeo

507 3213 595 3278 2°,
619 3216 741 3269 data
787 3216 952 3287 priori
996 3225 1148 3286 parte
1174 3217 1564 3286 antecedentis,
1598 3220 1844 3290 negando
1902 3236 2093 3278 conse-
2123 3220 2169 3284 C

505 3310 804 3377 quentiam,
831 3312 958 3381 quia
987 3325 1110 3366 cum
1139 3312 1371 3368 miseriae
1397 3313 1560 3384 hujus
1583 3315 1706 3368 vitae
1733 3315 1841 3370 sint
1871 3314 2095 3371 effectus

503 3403 710 3472 peccati
741 3403 1040 3474 originalis,
1074 3420 1169 3460 cur
1199 3420 1340 3461 nova
1369 3421 1525 3476 paena
1555 3407 1946 3477 imponeretur,
1975 3423 2096 3464 cum

503 3490 800 3549 innumerae
829 3510 925 3565 pro
950 3496 1139 3552 eodem
1187 3497 1343 3552 nobis
1386 3498 1676 3554 subeunda:
1701 3499 1841 3554 sint?
1872 3498 1968 3556 Sat
2016 3509 2101 3557 est

503 3585 551 3640 si
581 3584 786 3642 dicatur
842 3587 1246 3647 catechumenis
1293 3604 1481 3646 omnes
1537 3589 1786 3648 homines
1808 3591 1861 3646 in
1889 3592 2097 3648 Adamo

501 3692 774 3748 peccasse,
809 3695 874 3737 ac
929 3683 1155 3752 proinde
1185 3698 1216 3739 e
1244 3683 1492 3740 terrestri
1543 3684 1795 3754 paradiso
1824 3687 2096 3757 expulsos,

501 3776 581 3826 tot
610 3773 878 3842 tantisque
907 3775 1082 3843 poenis
1112 3775 1377 3843 addictos,
1404 3792 1539 3847 quas
1580 3778 1764 3834 divina
1811 3781 1979 3851 gratia
2004 3781 2098 3836 ad-

499 3863 724 3935 juvante
755 3865 966 3922 fortiter
1016 3867 1286 3924 sustinere
1341 3882 1648 3939 possumus.
1681 3869 2000 3940 Respondeo
2039 3861 2097 3925 3'

500 3959 748 4027 negando
777 3959 1071 4015 secundam
1112 3971 1318 4031 partem
1344 3962 1735 4031 antecedentis,
1764 3964 1967 4020 nullum
1996 3967 2090 4020 do-

503 4046 674 4104 lorem
726 4050 928 4121 injungi
969 4052 1370 4109 caterhumenis
1401 4055 1472 4110 ob
1500 4064 1780 4124 peccatum
1811 4057 2092 4128 originale:

500 4144 808 4212 oppositum
838 4148 981 4200 enim
1006 4160 1261 4215 expresse
1299 4147 1489 4213 tradit,
1513 4147 1625 4203 imo
1660 4147 1812 4218 jubet
1841 4151 2098 4220 Augusti-

504 4248 606 4288 nus
628 4249 748 4304 cap.
779 4236 811 4289 6
831 4238 1079 4306 superius
1110 4238 1329 4293 laudato
1357 4239 1424 4294 de
1450 4239 1806 4309 Correptione
1819 4250 1871 4296 et
1899 4243 2093 4312 gratia,

501 4326 750 4393 inquiens
778 4343 793 4381 :
821 4345 841 4378 ι
881 4327 1212 4398 Corripiatur
1254 4343 1384 4399 ergo
1437 4331 1588 4400 origo
1615 4327 1888 4396 damnata,
1917 4338 1972 4386 ut
2029 4347 2094 4385 ει

505 4432 714 4473 noLons
736 4419 1089 4488 correptionis
1120 4420 1366 4476 voluntas
1399 4422 1823 4492 regenerationis
1849 4423 2052 4476 oriatur
2076 4439 2091 4489 ;

503 4511 550 4566 si
579 4519 753 4566 tamen
785 4513 905 4582 quis
933 4511 1243 4583 corripitur,
1277 4513 1419 4568 ﬁlius
1475 4523 1558 4570 est
1611 4515 2003 4584 promissionis,
2038 4525 2094 4571 ut

2230 536 2516 600 propterea
2544 537 2690 589 recte
2715 531 2901 590 ﬁdeles
2930 546 3191 594 vocantur
3213 543 3464 611 quoniam
3508 543 3673 603 ﬁdem
3743 565 3817 619 per

2228 619 2388 676 verba
2413 623 2732 692 gestantittm
2763 626 3160 698 quodammodo
3189 634 3526 706 proﬁtentur,
3561 655 3659 696 cur
3725 657 3813 699 non

2227 714 2375 780 prius
2397 715 2562 772 etiam
2591 718 2912 786 ptenitentes
2939 721 3205 781 habentur
3234 742 3352 782 cum
3380 745 3476 800 per
3498 737 3811 796 eorumdem

2224 806 2384 860 verba
2409 807 2728 878 gestantium
2760 811 2970 868 diabolo
3002 823 3056 869 et
3082 814 3204 872 huic
3245 821 3442 876 saeculo
3499 830 3810 887 renuntiare

2225 900 2631 954 monstrantur?
2685 920 2704 953 ι
2761 902 2919 972 Igitur
2971 904 3017 957 si
3071 907 3440 974 paenitentiam
3494 917 3679 984 pueris
3760 933 3808 974 eo

2223 997 2377 1056 pacto
2426 1000 2640 1045 sanctus
2691 992 2889 1048 Doctor
2922 998 3136 1063 asserit,
3173 998 3343 1057 adulti
3378 1003 3443 1057 ad
3487 1007 3810 1077 baptismum

2220 1081 2534 1137 accedentes
2565 1084 2806 1140 eamdem
2837 1101 2941 1141 non
2975 1085 3278 1144 habebunt?
3299 1089 3448 1150 Tunc
3498 1111 3627 1168 ergo
3656 1099 3808 1157 dolet

2219 1169 2364 1239 ipsos
2393 1174 2596 1242 peccati
2626 1176 2923 1246 originalis,
2951 1180 3163 1249 quando
3189 1195 3255 1238 ex
3283 1185 3578 1256 Augustino
3599 1207 3804 1249 renun-

2223 1261 2362 1320 tiare
2389 1279 2447 1320 se
2468 1264 2684 1321 diabolo
2714 1265 2917 1323 dicunt.

2285 1382 2587 1452 Antequam
2653 1385 2790 1439 hanc
2830 1385 3248 1454 disputationem
3272 1389 3533 1463 claudam,
3567 1397 3703 1451 volo
3738 1413 3805 1455 re

2212 1473 2378 1530 citare
2392 1474 2746 1544 objectionem
2769 1477 3018 1533 Gulielmi
3045 1478 3114 1536 de
3141 1479 3404 1550 Rubione,
3420 1485 3504 1555 qui
3524 1487 3580 1542 in
3596 1487 3655 1558 2,
3677 1489 3802 1547 dist.

2212 1565 2364 1637 32,q.
2381 1565 2438 1635 2,
2458 1567 2624 1638 art.2,
2641 1567 2742 1626 hoc
2763 1580 3077 1642 argumento
3103 1573 3652 1645 impugnatcruciatus
3677 1598 3800 1653 pue-

2210 1673 2422 1714 rorum:
2445 1678 2464 1712 ι
2485 1661 2578 1716 Ille
2591 1661 2682 1731 qui
2703 1671 2787 1718 est
2807 1679 2958 1736 aeque
2977 1665 3236 1722 innocens
3249 1669 3356 1725 alio
3372 1684 3640 1742 peccante,
3664 1677 3802 1734 sicut

2217 1776 2325 1817 non
2346 1771 2621 1832 peccante,
2642 1779 2750 1820 non
2771 1775 2852 1822 est
2874 1765 3213 1838 afﬁigendus,
3233 1785 3332 1826 nec
3349 1775 3515 1844 magis
3533 1776 3683 1845 juste
3721 1793 3800 1848 po

2637 1867 2656 1912 t
2684 1868 2964 1928 peccatum
2993 1861 3240 1931 alterius,
3269 1880 3427 1933 quam
3463 1867 3508 1922 si
3541 1869 3635 1924 ille
3661 1887 3798 1926 nuu-

2211 1962 2371 2017 quam
2401 1959 2720 2018 peccasset;
2751 1951 2845 2005 sed
2897 1962 3119 2022 propter
3167 1965 3441 2024 peccatum
3498 1962 3799 2030 primorum

2212 2047 2495 2107 parentum
2521 2054 2710 2095 eorum
2738 2039 2858 2108 ﬁlii,
2883 2044 2972 2113 qui
2994 2060 3266 2115 nunquam
3291 2063 3670 2120 peccaverunt,
3695 2072 3797 2114 non

2207 2140 2336 2187 sunt
2364 2133 2536 2204 magis
2556 2133 2872 2204 culpabiles,
2900 2151 3061 2207 quam
3116 2140 3161 2195 si
3218 2155 3324 2196 non
3357 2158 3672 2212 peccassent
3701 2150 3801 2221 ipsi

2208 2238 2396 2281 eorum
2455 2235 2733 2296 parentes;
2769 2228 2877 2283 imo
2929 2239 3052 2285 sunt
3100 2245 3252 2301 aeque
3309 2234 3642 2306 innocentes,
3679 2252 3798 2311 post

2203 2320 2446 2388 ipsorum
2475 2333 2778 2389 peccatum,
2811 2321 2949 2379 sicut
2998 2323 3228 2381 fuissent
3282 2329 3328 2382 si
3371 2346 3640 2402 nunquam
3699 2334 3796 2404 ipsi

2205 2421 2559 2481 peccassent;
2602 2414 2728 2469 licet
2767 2415 2909 2470 enim
2951 2418 3061 2472 sint
3112 2419 3273 2475 modo
3317 2423 3418 2488 rei,
3451 2438 3603 2496 ergo,
3639 2446 3657 2479 ι
3692 2439 3790 2484 etc.

2203 2501 2372 2571 Negat
2389 2502 2475 2558 hic
2498 2503 2730 2573 scriptor
2755 2507 3016 2561 maculam
3039 2523 3220 2565 veram
3269 2519 3327 2567 et
3350 2516 3624 2585 propriam
3674 2533 3790 2588 ρυλε

2204 2596 2346 2652 inest
2372 2598 2551 2668 pueris
2580 2606 2704 2654 ante
2733 2597 3084 2669 baptismum,
3114 2604 3167 2658 in
3198 2620 3304 2676 quo
3328 2604 3480 2676 juxta
3533 2609 3792 2668 Ecclesia

2204 2703 2444 2745 canones
2502 2706 2685 2757 parum
2741 2694 3093 2750 conformiter
3141 2696 3376 2768 loquitur
3407 2715 3421 2753 :
3451 2711 3602 2770 putat
3653 2707 3793 2760 enim

2203 2789 2450 2850 posteros
2479 2780 2585 2837 dici
2617 2793 2927 2852 peccatores
2952 2801 3045 2854 per
3071 2786 3562 2848 denominationem
3595 2797 3796 2852 extrin-

2201 2897 2380 2940 secam
2408 2898 2443 2940 ι
2467 2886 2623 2956 culpa
2653 2886 2806 2956 Adae,
2833 2896 2891 2942 ut
2919 2896 3064 2958 patet
3091 2904 3161 2944 ex
3189 2890 3277 2961 iis,
3309 2907 3431 2962 quae
3456 2892 3624 2951 habet
3664 2896 3788 2953 dist.

2203 2975 2292 3042 50,
2322 2991 2377 3047 q.
2410 2975 2467 3044 2,
2493 2976 2520 3047 §
2543 2975 2610 3030 Et
2631 2978 2768 3046 ideo,
2799 2978 2870 3032 ita
2898 2987 2956 3033 ut
2987 2980 3145 3050 culpa
3172 2981 3335 3037 fuerit
3365 2982 3419 3039 in
3451 2987 3568 3040 solo
3597 2987 3790 3058 Adam,

2200 3076 2381 3124 reatus
2402 3083 2552 3134 vero,
2581 3085 2677 3124 seu
2708 3069 2962 3141 obligatio
2989 3070 3057 3126 ad
3085 3086 3321 3141 poenam,
3353 3090 3494 3146 quae,
3519 3086 3576 3132 ut
3598 3078 3790 3134 ibidem

2201 3157 2296 3225 ait,
2329 3167 2411 3214 est
2437 3159 2606 3228 culpae
2636 3159 2857 3216 effectus
2885 3169 2940 3216 et
2969 3163 3095 3231 quid
3125 3164 3371 3220 eamdem
3424 3182 3789 3240 consequens,

2203 3251 2257 3306 in
2285 3251 2596 3320 nepetibus.
2625 3253 2692 3306 At
2716 3251 3030 3308 Tridentina
3058 3255 3321 3326 synodus,
3354 3258 3407 3311 in
3459 3258 3680 3315 decreto
3728 3260 3790 3315 de

2191 3353 2422 3415 peccato
2453 3345 2727 3415 originali,
2753 3346 2994 3402 definivit
3019 3352 3302 3404 anathema
3334 3367 3454 3407 esse
3502 3355 3591 3422 qui
3647 3353 3792 3410 dixe-

2199 3438 2271 3493 rit
2301 3437 2471 3492 Adam
2526 3438 2862 3508 inquinatum
2893 3459 2914 3493 ι
2954 3454 3049 3510 per
3081 3442 3460 3498 inobedientite
3494 3453 3788 3514 peccatum,

2202 3539 2458 3598 mortem,
2489 3540 2544 3586 et
2587 3546 2773 3600 poenas
2800 3535 3044 3603 corporis
3073 3543 3276 3588 tantum
3311 3536 3361 3589 in
3409 3552 3567 3591 omne
3625 3553 3789 3609 genus

2201 3623 2491 3679 humanum
2553 3624 2923 3691 transfudisse,
2995 3641 3100 3680 non
3155 3635 3334 3681 autem
3388 3636 3443 3682 et
3498 3640 3788 3695 peccatum,

2202 3717 2345 3787 quod
2374 3731 2523 3772 mors
2549 3727 2632 3772 est
2661 3718 2880 3772 animae.
2923 3737 2941 3770 ι
2976 3718 3043 3772 Et
3081 3733 3217 3774 sess.
3250 3718 3306 3787 6,
3335 3734 3456 3790 cap.
3488 3739 3524 3786 ι,
3557 3732 3788 3777 statuunt

2202 3810 2390 3866 Patres
2426 3827 2439 3864 :
2477 3831 2494 3862 ι
2525 3811 2727 3866 Omnes
2775 3811 3022 3866 homines
3075 3812 3125 3865 in
3180 3814 3623 3881 praevaricatione
3663 3814 3786 3871 Δάας

2203 3901 2572 3957 innocentiam
2629 3900 2948 3971 perdidisse,
3001 3903 3171 3956 factos
3217 3903 3566 3973 immundos,
3608 3916 3679 3974 et,
3735 3913 3785 3958 ut

2199 3994 2491 4063 Apostolus
2523 3994 2720 4062 inquit,
2747 4004 2932 4047 natura
2964 3995 3098 4062 ﬁlios
3127 3996 3237 4061 inv,
3255 4014 3273 4046 ι
3301 4005 3408 4051 ctc.
3435 3997 3529 4052 llle
3552 4013 3674 4053 vero
3691 3998 3783 4053 No-

2200 4086 2414 4140 minalis
2439 4085 2513 4139 ait
2534 4099 2730 4154 pueros
2760 4099 2881 4140 esse
2911 4101 3066 4156 aeque
3109 4089 3430 4143 innocentes
3465 4101 3581 4159 post
3609 4105 3781 4159 pecca-

2202 4185 2312 4231 tum
2372 4177 2960 4247 progenitorum,sicut
3013 4177 3239 4232 fuissent
3294 4179 3341 4234 si
3386 4197 3653 4251 nunquam
3698 4182 3778 4235 isti

2203 4279 2539 4339 peccassent.
2565 4269 2743 4336 Quare
2791 4284 2913 4324 cum
2945 4270 3156 4324 Rubion
3209 4280 3414 4326 tantum
3477 4274 3776 4330 innocentia:

2201 4365 2386 4432 pueris
2421 4363 2643 4429 tribuat,
2677 4363 2750 4417 nil
2781 4362 2973 4417 mirum
3003 4363 3217 4418 illorum
3251 4374 3372 4434 post
3402 4375 3629 4422 mortem
3656 4382 3775 4436 sup-

2198 4456 2361 4526 plicia
2399 4457 2605 4526 negari.
2633 4456 2758 4511 llaec
2805 4457 2983 4527 itaque
3041 4467 3354 4528 argumenta
3389 4461 3771 4530 Augustiniana:

2198 4547 2479 4604 sententia:
2533 4547 2824 4616 objiciunt,
2857 4563 2977 4618 qua:
3029 4547 3173 4609 facili
3224 4552 3442 4621 negotio
3490 4553 3770 4621 solvuntur,

500 4603 726 4672 strepitu
774 4604 1132 4715 correptionis
1166 4604 1488 4715 .‘fprinsecus
1543 4607 1873 4715 insonan‘tet
1926 4617 2087 4710 ειξιυθ
2117 4617 2168 4680 Π
2193 4656 2294 4696 nec
2324 4641 2535 4695 illorum
2562 4603 2890 4710 opinionem.
2911 4641 3094 4696 valent
3122 4603 3353 4697 reddere
3403 4603 3767 4715 Augustiniana

497 4711 898 4764 succuum,
922 4697 1063 4752 Deus
1088 4697 1138 4751 in
1165 4697 1254 4752 illo
1273 4697 1598 4754 intrinsecus
1624 4699 1833 4754 occulta
1859 4698 2086 4769 inspira-

497 4788 641 4843 tione
669 4797 922 4857 operetur
942 4797 996 4844 et
1016 4788 1173 4844 velle.
1215 4807 1234 4841 ›
1286 4789 1477 4846 Nonne
1523 4792 1944 4846 catechumenus
1976 4791 2085 4860 pri-

493 4895 636 4934 mum
659 4879 932 4935 docendus
959 4877 1043 4935 est
1092 4896 1150 4936 se
1179 4881 1263 4936 vel
1310 4882 1378 4937 ab
1409 4891 1528 4938 ortu
1580 4882 1633 4938 in
1662 4892 1884 4954 peccato
1936 4898 2081 4952 esse,

492 4970 763 5028 inimicum
813 4972 950 5040 Dei,
984 4973 1084 5028 sub
1156 4974 1414 5030 daemonis
1493 4984 1762 5046 potestate
1787 5020 1801 5044 ,
1833 4973 2078 5047 ejusdem

494 5067 822 5134 membrum,
856 5068 910 5122 in
961 5067 1205 5139 ejusdem
1263 5069 1502 5124 familia?
1549 5069 1677 5138 Qua:
1725 5069 1815 5126 ille
1861 5068 2083 5125 audiens

494 5160 678 5212 statim
707 5159 896 5213 dolore
919 5159 1230 5228 corripitur,
1258 5159 1402 5229 quod
1434 5168 1591 5215 natus
1647 5161 1718 5213 sit
1770 5160 1872 5216 sub
1901 5169 2084 5230 potes-

496 5257 607 5304 tate
627 5251 912 5318 daemonis,
937 5261 1097 5322 atque
1118 5252 1217 5306 sub
1263 5267 1327 5309 eo
1356 5252 1553 5308 diutius
1575 5252 1790 5307 vixerit.
1822 5252 2085 5309 Audiatur

496 5347 712 5393 sanctus
735 5341 1093 5408 Augustinus,
1145 5343 1285 5398 lib.t
1331 5343 1398 5398 de
1453 5352 1796 5412 peccatorum
1852 5342 2080 5407 Meritis,

492 5447 612 5500 cap.
646 5432 749 5487 l9:
786 5451 806 5486 ι
844 5433 994 5489 Dicet
1015 5435 1208 5506 aliquis
1237 5453 1249 5491 :
1284 5437 1566 5504 Quomodo
1596 5451 1725 5509 ergo
1752 5445 1806 5493 et
1850 5435 1956 5506 ipsi
1982 5452 2081 5493 vo-

494 5532 687 5578 cantur
710 5525 762 5579 in
787 5526 1204 5594 paenitentiam?
1233 5529 1485 5599 Nunquid
1516 5532 1758 5586 tantillus
1783 5540 1961 5602 potest
1981 5533 2081 5587 ali-

493 5618 620 5686 quid
654 5621 949 5688 pmnitere?
979 5622 1113 5679 Huic
1137 5625 1496 5693 respondetur
1529 5648 1539 5679 ι
1584 5625 1640 5682 Si
1668 5635 1949 5697 propterea
1973 5643 2086 5697 poe-

499 5710 733 5769 nitentes
776 5712 991 5768 dicendi
1033 5730 1139 5770 non
1171 5725 1298 5770 sunt
1348 5717 1472 5786 quia
1527 5732 1745 5773 sensum
1797 5718 2089 5788 pcenitendi

491 5801 731 5863 nondum
763 5803 984 5875 habent,
1015 5819 1115 5864 nec
1162 5805 1352 5866 ﬁdeles
1379 5808 1593 5866 dicendi
1623 5809 1898 5882 suntquis
1924 5810 2088 5868 simi—

2198 4734 2636 4805 probahiliorem,
2689 4733 2763 4788 uti
2821 4742 2970 4788 notat
3020 4734 3200 4789 Estius
3252 4733 3381 4789 dist.
3437 4735 3528 4805 '55,
3565 4733 3664 4806 §8,
3692 4731 3766 4789 cui

2191 4825 2366 4881 sancti
2422 4824 2596 4879 Patris
2635 4825 2865 4879 assertio
2918 4823 3210 4893 probabilis
3252 4829 3366 4879 visa
3397 4835 3501 4880 est.
3534 4825 3636 4879 Nec
3676 4838 3761 4877 au-

2190 4916 2416 4972 diendus
2459 4925 2543 4972 est
2597 4915 2894 4980 Duvallius,
2928 4924 3081 4970 tract.
3117 4915 3185 4969 de
3229 4913 3376 4981 Pec.,
3404 4932 3459 4986 q.
3491 4918 3546 4983 4,
3579 4923 3667 4970 art.
3695 4909 3741 4978 5,

2192 5008 2282 5063 ubi
2317 5009 2392 5060 ait
2415 5005 2735 5062 sententiam
2787 5014 2974 5062 contra
3004 5005 3358 5075 Augustinum
3415 5007 3662 5063 accedere
3701 5002 3760 5059 ad

2196 5104 2375 5170 ﬁdem,
2405 5111 2465 5182 et
2513 5103 2712 5160 habere
2738 5104 2971 5160 rationes
2997 5119 3132 5174 quas
3183 5115 3396 5160 constat
3427 5121 3550 5163 esse
3569 5101 3758 5163 eviden-

2192 5207 2294 5254 tes.
2366 5230 2368 5233 -

2267 5311 2460 5366 Essent
2479 5310 2568 5367 hic
2589 5310 2928 5368 conferendas
2957 5312 3243 5368 sententia:
3273 5313 3341 5370 de
3396 5317 3570 5383 pmnis
3594 5328 3752 5386 parvu-

2190 5403 2384 5468 lorum,
2417 5418 2610 5474 nempe
2674 5404 2841 5460 sancti
2898 5405 3214 5474 Augustini,
3250 5406 3656 5479 Pelagianorum
3696 5420 3744 5461 ac

2192 5500 2662 5557 scholasticorum.
2694 5497 2802 5556 Sed
2829 5503 2953 5572 quia
2982 5501 3033 5555 id
3059 5516 3126 5558 ex
3150 5501 3430 5574 hucusque
3455 5504 3605 5560 dictis
3625 5499 3749 5557 facile

2193 5593 2384 5665 conjici
2444 5603 2736 5667 potest,et
2787 5595 2844 5652 id
2898 5605 3114 5654 tentans
3170 5596 3424 5654 invidiam
3477 5600 3606 5653 forte
3641 5590 3746 5651 mihi

2195 5687 2479 5745 conflarem
2507 5733 2521 5758 ,
2559 5689 2730 5746 libens
2785 5690 3141 5761 periculosam
3190 5693 3540 5750 collationem
3567 5690 3741 5747 omitto.

2200 5779 2312 5840 Hoc
2337 5781 2463 5839 mihi
2513 5789 2719 5840 certum
2749 5793 2832 5842 est
2862 5785 2916 5842 in
2943 5786 3246 5844 statuendis
3275 5788 3557 5846 infantium
3600 5779 3743 5858 pallii
