3962 6346
187 401 294 458 669

1328 389 1644 449 VINDICIE
1683 385 2230 450 AUGUSTINIANIE.

3358 383 3462 444 670

191 530 300 570 non
325 513 621 570 excessisse
650 510 1024 582 Augustinum,
1048 508 1140 564 sed
1172 509 1347 579 potius
1368 521 1462 564 eos
1491 505 1775 564 scholasti-
1805 509 1859 568 Α
1881 503 2169 559 amissione
2195 502 2320 558 boni
2351 501 2491 573 quod
2522 509 2728 557 amatur
2747 543 2760 569 ,
2789 499 2950 557 habet
2997 499 3255 556 rationem
3289 515 3464 572 parum

190 626 316 677 cos,
341 609 432 681 qui
488 621 680 678 pueros
730 605 958 663 naturali
985 605 1311 662 beatitudine
1343 605 1622 661 donandos
1650 604 1782 660 scri-

193 704 352 770 bunt,
377 717 439 758 ac
456 701 817 757 felicissimam
847 699 1050 756 eisdem
1106 699 1379 770 regionem
1436 697 1778 768 promittunt.

193 799 272 854 Ita
301 796 511 853 censuit
530 794 821 852 acerrimus
849 793 1128 850 catholicae
1158 792 1430 864 religionis
1454 790 1651 847 vindex
1677 804 1784 846 car-

190 891 390 947 dinalis
414 889 785 954 Dellarminus,
818 889 931 959 qui,
956 897 996 942 t.
1029 886 1119 956 lll,
1148 887 1242 942 lib.
1287 903 1359 952 vr,
1391 902 1512 956 cap.
1555 885 1608 952 5,
1645 885 1784 941 hanc

192 999 481 1040 censuram
534 982 729 1052 ponit:
767 999 785 1033 ι
823 981 939 1036 Non
987 981 1167 1050 igitur,
1219 979 1413 1048 inquit,
1458 979 1786 1047 Augustinus

192 1079 398 1150 aliquid
423 1078 638 1133 humani
666 1090 856 1146 passus
877 1090 994 1131 esse
1017 1084 1107 1129 aut
1132 1073 1425 1130 excessisse
1454 1074 1507 1127 in
1539 1071 1642 1129 hoc
1657 1072 1784 1142 dog-

197 1179 348 1228 mate
373 1170 682 1227 censendus
702 1178 817 1236 est;
841 1170 934 1226 sed
963 1169 1339 1224 illihumanum
1357 1165 1556 1235 aliquid
1581 1166 1786 1235 patiun-

197 1273 287 1320 tur
307 1273 363 1320 et
384 1278 686 1330 EXCBDUNT,
708 1261 799 1332 qui
831 1261 1079 1332 parvuios
1100 1260 1153 1314 in
1193 1259 1472 1328 superiore
1501 1266 1650 1325 parte
1679 1268 1784 1313 ter-

197 1370 300 1422 re,
358 1355 510 1426 quasi
561 1354 616 1409 in
673 1353 921 1411 terrestri
973 1353 1220 1424 paradiso
1271 1351 1554 1420 collocant,
1586 1366 1786 1422 eosque

195 1450 390 1505 beatos
416 1461 480 1504 ac
504 1447 687 1503 felices
731 1448 937 1502 dicunt.
973 1466 992 1498 ›
1029 1446 1235 1504 Addam
1285 1444 1444 1499 etiam
1499 1444 1566 1499 de
1596 1444 1782 1499 iisdem

191 1542 457 1612 judicium
515 1539 950 1598 reverendissimi
1006 1540 1066 1594 P.
1111 1539 1385 1594 Laurentii
1451 1537 1701 1592 Brancati
1754 1552 1783 1591 a

195 1635 424 1690 Lauraea
453 1677 468 1702 ,
501 1633 772 1689 Vaticanze
822 1633 1162 1688 bibliotheca:
1217 1631 1476 1701 prrefecti,
1502 1638 1556 1684 et
1602 1629 1784 1685 eximii

196 1740 405 1784 nostrae
435 1726 606 1782 atatis
637 1725 894 1797 theologi,
928 1725 1092 1796 quiin
1122 1725 1485 1780 eruditissimo
1512 1723 1784 1779 volumine

197 1821 267 1877 de
333 1820 647 1876 Novissimis
672 1860 688 1888 ,
728 1819 868 1889 disp.
923 1819 1014 1885 27,
1046 1828 1148 1875 art.
1181 1822 1237 1888 7,
1267 1835 1416 1874 num.
1446 1818 1554 1871 152
1579 1858 1594 1885 ,
1651 1817 1719 1872 ait
1769 1835 1782 1872 :

203 1932 224 1967 ι
257 1914 414 1982 Quod
466 1913 652 1969 dicunt
705 1913 871 1969 nostri
918 1913 1164 1969 moderni
1205 1954 1220 1980 ,
1268 1914 1541 1983 hucusque
1591 1928 1788 1970 censeo
1815 1889 1864 1949 Β

197 2005 384 2074 inane,
414 2019 608 2062 novum
637 2012 691 2060 et
718 2005 1024 2071 ridiculum,
1056 2019 1250 2074 nempe
1312 2004 1379 2060 de
1409 2005 1658 2070 statione,
1687 2005 1786 2060 ha-

200 2097 442 2154 bitaculo
464 2107 517 2152 et
538 2095 967 2153 deambulatione
989 2111 1154 2167 super
1181 2105 1410 2163 terram;
1441 2097 1583 2152 unde
1614 2097 1664 2152 id
1695 2097 1787 2151 ha-

201 2191 369 2246 bent?
417 2191 536 2260 quis
565 2190 649 2246 eis
673 2188 964 2245 revelavit?
1002 2209 1020 2240 i
1057 2189 1166 2260 Ego
1193 2198 1369 2244 autem
1420 2188 1603 2242 mirari
1657 2188 1789 2243 satis

201 2294 444 2350 nequeo,
475 2279 687 2350 quando
713 2279 871 2334 video
896 2287 1108 2334 veteres
1143 2279 1493 2335 scholasticos
1546 2288 1788 2334 sanctum

201 2370 490 2442 Thomam,
537 2379 779 2426 sanctum
838 2369 1285 2441 Bonaventuram,
1319 2370 1588 2442 Egidium
1612 2412 1626 2437 ,
1656 2371 1790 2428 Sco-

203 2472 317 2521 tum
347 2474 400 2519 et
438 2463 570 2519 alios
600 2478 825 2532 negasse
850 2465 1097 2534 parvulos
1126 2464 1324 2519 tristari
1346 2465 1417 2520 ob
1440 2465 1788 2520 amissionem

203 2557 412 2627 gloriae,
440 2570 560 2612 cum
591 2557 893 2626 Oppositum
924 2567 1028 2611 tam
1059 2566 1264 2626 aperte,
1298 2566 1403 2612 tam
1433 2558 1654 2622 diserte,
1683 2569 1789 2612 tam

205 2659 582 2706 asseveranter
623 2650 950 2721 Augustinus
993 2651 1320 2718 asseruerit,
1347 2660 1401 2706 et
1456 2652 1789 2722 Pelagianos,

207 2743 350 2815 quod
379 2757 534 2798 secus
563 2743 840 2807 sentirent,
862 2744 1123 2799 acerrime
1152 2743 1494 2813 increpuerit.
1520 2745 1642 2800 Scio
1674 2745 1794 2800 illos

209 2851 318 2892 non
341 2836 614 2893 afﬁrmare
641 2852 852 2907 poenam
901 2837 1079 2892 damni
1107 2853 1226 2894 esse
1274 2839 1443 2895 levem
1468 2841 1551 2894 vel
1595 2840 1794 2895 nullam

208 2928 505 2983 secundum
559 2942 648 2993 se;
699 2938 968 2998 quatenus
1013 2929 1160 2985 enim
1201 2939 1284 2986 est
1343 2931 1569 3000 privatio
1599 2932 1794 2986 summi

205 3021 341 3077 boni
365 3022 600 3091 possessi
628 3022 679 3076 in
707 3022 901 3092 patria,
932 3024 1129 3078 dicitur
1152 3025 1219 3078 ab
1242 3024 1372 3095 ipsis
1395 3039 1659 3080 summum
1680 3040 1796 3080 ma-

207 3115 469 3183 lum,cum
486 3114 728 3185 ejusdem
747 3117 980 3187 gravitas
993 3117 1061 3172 ab
1073 3118 1387 3174 excellentia
1405 3118 1552 3186 boni,
1567 3135 1673 3190 quo
1692 3120 1796 3190 pri-

211 3217 326 3275 vat,
351 3217 694 3264 mensuretur
717 3227 730 3274 ί
755 3209 898 3264 unde
923 3211 1097 3264 minus
1115 3211 1326 3279 proprie
1356 3211 1599 3280 superius
1625 3211 1793 3266 sancti

208 3301 450 3356 doctoris
479 3301 781 3356 testimonia
797 3316 1148 3372 exaggerasse
1168 3303 1596 3370 videbimur,ubi
1652 3303 1791 3358 idem
1824 3280 1870 3342 (ἶ

208 3393 375 3449 tradit
404 3406 511 3448 non
531 3407 652 3449 esse
679 3393 733 3447 in
763 3395 954 3464 patria,
986 3409 1106 3450 esse
1135 3409 1380 3466 magnam
1408 3410 1643 3466 pmnam,
1668 3409 1791 3451 cum

206 3484 262 3538 id
295 3484 440 3539 ultro
461 3483 763 3539 scholastici
788 3485 1102 3540 concedant.
1138 3488 1241 3541 Sed
1266 3487 1505 3556 profecto
1529 3503 1633 3544 non
1673 3489 1786 3542 dis-

207 3576 418 3646 putavit
447 3583 665 3631 sanctus
693 3574 879 3630 doctor
920 3590 1040 3629 cum
1070 3576 1372 3647 Pelagianis
1421 3578 1487 3633 de
1518 3593 1675 3646 poena
1721 3579 1798 3634 sic

210 3667 528 3724 intellecta:
559 3667 638 3722 illi
685 3667 825 3721 enim
877 3681 1000 3721 cum
1043 3668 1336 3724 acutissimi
1366 3678 1568 3732 essent,
1599 3685 1799 3740 nequa-

207 3773 372 3830 quam
403 3759 670 3827 negabant
701 3772 912 3827 poenam
944 3758 1269 3813 exclusionis
1299 3773 1327 3812 a
1348 3760 1788 3827 regnoctnlorum

209 3861 375 3922 prout
413 3851 540 3906 dicit
570 3850 767 3906 nudam
794 3850 1143 3921 privationem
1177 3853 1266 3906 Del
1316 3854 1548 3922 possessi
1597 3854 1651 3908 in
1707 3868 1800 3922 pa-

209 3943 336 4010 tria,
368 3957 492 3999 esse
522 3945 576 3998 in
605 3957 665 3999 se
695 3957 945 4014 magnum
969 3944 1185 4007 malum,
1213 3943 1310 3998 sed
1335 3943 1584 3999 dicebant
1623 3943 1795 4000 levem

209 4036 292 4090 vel
325 4036 526 4091 nullam
554 4049 769 4106 poenam
800 4037 851 4091 in
882 4037 1080 4106 pueris,
1107 4037 1232 4105 quia
1262 4037 1463 4092 nullum
1490 4038 1573 4092 vel
1626 4038 1796 4093 levem

210 4127 458 4184 dolorem
489 4129 670 4197 pueris
697 4127 1012 4183 incutiebat.
1046 4128 1306 4183 Damnum
1323 4129 1467 4184 enim
1485 4129 1623 4198 quod
1652 4129 1799 4200 quis-

210 4233 317 4287 que
345 4218 488 4274 subit
510 4218 563 4274 in
588 4219 877 4274 amissione
904 4220 1055 4286 boni,
1083 4221 1136 4274 in
1158 4228 1366 4275 tantum
1415 4221 1589 4277 eidem
1638 4221 1799 4277 infert

209 4324 452 4378 poenam,
485 4311 537 4364 in
552 4319 812 4380 quantum
843 4313 1070 4366 sentitur
1096 4329 1108 4365 :
1140 4312 1183 4365 si
1214 4312 1356 4366 enim
1382 4327 1486 4366 non
1514 4312 1793 4381 sentiatur,

216 4401 364 4454 nulla
394 4400 471 4454 illi
501 4415 656 4471 paena
685 4409 787 4469 est,
817 4411 876 4456 ut
904 4411 1049 4472 patet
1077 4402 1128 4456 in
1161 4403 1356 4472 pueris,
1382 4418 1610 4473 quorum
1657 4402 1796 4458 bOna

215 4491 612 4560 dilapidantur;
648 4493 917 4562 patiuntur
961 4498 1104 4548 enim
1149 4494 1368 4561 malum,
1399 4495 1494 4550 sed
1535 4509 1642 4550 non
1668 4509 1793 4549 sen-

213 4587 376 4652 tiunt,
410 4585 533 4656 quia
562 4600 630 4641 ex
668 4585 881 4641 defectu
923 4586 1240 4658 cognitionis
1283 4586 1416 4642 illud
1462 4601 1569 4642 non
1626 4587 1793 4656 perci-

213 4679 398 4749 piunt.
424 4678 587 4735 Pmna
618 4694 745 4734 vero
774 4694 802 4732 a
822 4680 1001 4749 judice
1026 4679 1318 4748 praesertim
1353 4681 1554 4734 intenta
1582 4694 1687 4735 non
1717 4678 1797 4733 di-

212 4771 285 4825 cit
308 4771 509 4825 malum
539 4781 691 4841 prout
713 4783 794 4826 est
823 4773 962 4826 nuda
1013 4772 1236 4840 privatio
1260 4772 1386 4826 boni
1435 4773 1576 4827 nulla
1620 4771 1798 4826 habita

212 4865 642 4921 consideratione
670 4865 937 4936 subjecti,
968 4865 1062 4921 sed
1103 4865 1365 4936 significat
1425 4867 1477 4920 id
1525 4866 1664 4936 quod
1715 4874 1798 4920 est

212 4957 420 5012 malum
469 4957 668 5020 alteri,
717 4964 979 5026 quatenus
1032 4956 1107 5011 illi
1157 4956 1398 5012 dolorem
1453 4956 1647 5028 ingerit
1696 4956 1793 5010 ali-

213 5057 347 5127 quid
399 5057 648 5128 ponendo
677 5057 762 5112 vel
793 5056 1054 5123 tollendo,
1088 5057 1229 5126 quod
1269 5072 1395 5114 reus
1418 5057 1602 5112 nollet.
1632 5057 1798 5112 Porro

212 5158 321 5214 hoc
363 5168 519 5228 pacto
563 5157 733 5224 accipi
781 5171 990 5224 poenam
1019 5156 1086 5211 ab
1115 5155 1415 5226 Augustino
1446 5165 1652 5212 certum
1676 5164 1793 5221 est;

213 5265 344 5305 nam
370 5249 528 5304 lib."
549 5257 734 5304 contra
755 5247 888 5316 Jul.,
915 5263 1033 5317 cap.
1056 5247 1140 5314 10,
1170 5247 1244 5300 ait
1268 5265 1280 5300 :
1319 5267 1337 5300 ‹
1364 5247 1422 5302 Si
1454 5247 1555 5303 hoc
1583 5249 1662 5304 eis
1689 5265 1796 5305 non

213 5344 324 5398 erit
364 5341 604 5408 malum,
656 5355 762 5396 non
803 5355 932 5410 ergo
990 5340 1244 5395 amabunt
1297 5355 1518 5411 regnum
1578 5343 1670 5398 Dei
1720 5351 1800 5398 tot

216 5438 537 5492 innocentes
580 5436 841 5505 imagines
886 5435 1002 5492 Dei.
1061 5455 1080 5488 ι
1125 5435 1242 5502 Quo
1288 5436 1512 5493 dimisso
1541 5446 1796 5506 tanquam

218 5527 485 5593 absurdo,
527 5525 668 5596 quod
696 5541 966 5596 nunquam
990 5526 1228 5582 Julianus
1255 5527 1580 5594 admisisset,
1598 5530 1758 5584 instat
1788 5547 1801 5582 :

225 5637 243 5669 ι
284 5619 343 5674 Si
373 5629 551 5673 autem
599 5618 889 5683 amabunt,
922 5629 976 5674 et
1007 5627 1208 5674 tantum
1247 5621 1500 5676 amabunt
1549 5627 1804 5690 quantum

222 5711 544 5763 innocentes
589 5720 770 5762 amare
797 5705 994 5760 debent
1039 5722 1261 5777 regnum
1291 5705 1407 5778 ejus
1450 5724 1478 5763 a
1507 5723 1613 5778 quo
1634 5707 1702 5763 ad
1731 5708 1811 5779 ip-

223 5800 339 5855 sius
363 5800 648 5869 imaginem
674 5808 946 5864 creantur,
971 5797 1174 5856 nihilne
1206 5800 1332 5857 mali
1358 5817 1426 5858 ex
1459 5801 1557 5857 hac
1586 5802 1702 5872 ipsa
1726 5816 1811 5859 se-

225 5891 510 5962 paratione
563 5890 864 5963 patientur?
901 5910 920 5944 ‹
955 5893 1028 5949 At
1072 5892 1271 5951 malum
1315 5894 1457 5967 quod
1483 5895 1714 5955 sentitur
1742 5911 1809 5954 ex

1885 597 2166 668 afﬂigcntis
2179 596 2497 668 subjectum,
2528 599 2669 667 quod
2693 599 2930 669 privatur
2950 611 3016 653 eo
3045 591 3184 651 bono
3211 594 3355 665 quod
3400 595 3466 653 ab

1884 692 2077 749 eodem
2101 700 2329 746 amatur.
2359 691 2646 760 Przelerea,
2677 705 2840 748 serm.
2867 691 2934 747 14
2955 690 3022 746 de
3054 690 3246 747 Verbis
3294 690 3467 760 Apos~

1886 793 1985 849 toli
2012 807 2134 849 cum
2158 793 2378 849 dixisset
2405 793 2719 864 Pelagianos
2750 807 2856 848 non
2885 801 3162 863 percutere
3191 792 3465 861 parvulos,

1888 885 1989 940 hoc
2018 895 2100 942 est
2141 901 2249 942 non
2305 885 2548 957 inﬂigere
2597 887 2702 942 illis
2734 900 2942 956 poenam
2970 899 3158 942 sensus
3182 927 3198 952 ,
3230 885 3325 940 sed
3354 893 3469 939 tan-

1887 997 1998 1044 tum
2029 990 2150 1045 illos
2180 991 2233 1044 in
2263 989 2510 1045 exsilium
2540 990 2774 1057 mittere,
2803 990 3050 1059 negando
3087 989 3216 1058 ipsis
3243 1003 3466 1060 regnum

1886 1083 2167 1150 ctelorum,
2198 1083 2390 1152 probat
2412 1097 2505 1137 eos
2532 1081 2640 1151 pati
2671 1096 2735 1137 ac
2763 1082 2990 1137 cruciari
3012 1080 3081 1136 ob
3108 1081 3470 1135 exclusionem

1887 1174 1953 1230 ab
1979 1173 2166 1230 eodem
2191 1188 2357 1243 regno
2385 1191 2396 1226 :
2435 1191 2454 1225 ς
2493 1173 2550 1228 Si
2579 1182 2788 1228 amatur
2817 1174 3012 1243 patria,
3041 1186 3232 1241 magna
3280 1185 3461 1239 paena;

1887 1268 1931 1322 si
1961 1275 2141 1321 autem
2191 1281 2297 1320 non
2349 1275 2558 1319 amatur
2597 1265 2767 1334 patria
2795 1303 2811 1330 ,
2851 1264 3002 1334 pejor
3062 1261 3240 1318 cordis
3291 1276 3468 1330 pretia.

1887 1357 2115 1414 Parvum
2148 1357 2346 1412 malum
2375 1365 2457 1412 est
2502 1357 2554 1411 in
2583 1354 2815 1410 hominis
2846 1353 3009 1409 corde
3037 1353 3127 1423 qui
3163 1352 3473 1408 societatem

1887 1475 1993 1514 non
2049 1460 2242 1528 quaerit
2291 1466 2620 1525 sanctorum,
2652 1458 2742 1528 qui
2794 1471 2900 1512 non
2951 1456 3224 1512 desiderat
3255 1469 3474 1524 regnum

1885 1553 2252 1610 cmlorum?Si
2273 1568 2379 1608 non
2409 1553 2694 1619 desiderat,
2718 1567 2874 1622 poena
2901 1560 2984 1607 est
3005 1551 3073 1606 de
3097 1550 3475 1621 perversitate;

1887 1647 1932 1701 si
1963 1655 2140 1700 autem
2169 1645 2460 1710 desiderat,
2493 1660 2646 1714 paena
2668 1655 2751 1702 est
2778 1645 2846 1700 de
2869 1644 3107 1700 fraudata
3130 1644 3414 1700 charitate.
3451 1661 3470 1696 ι

1889 1741 1970 1796 Ex
2003 1742 2196 1809 quibus
2219 1749 2402 1811 aperte
2426 1749 2636 1796 constat
2661 1740 3018 1810 Augustinum
3043 1739 3184 1795 velle
3227 1738 3479 1808 parvulos

1887 1843 2116 1898 cruciari
2139 1843 2210 1899 ob
2238 1844 2604 1899 exclusionem
2634 1857 2664 1899 a
2695 1844 2865 1913 patria
2891 1844 3123 1909 cmlesti,
3151 1855 3217 1899 eo
3246 1842 3388 1912 quod
3417 1842 3480 1904 il-

1892 1935 1998 1990 lam
2049 1945 2231 1990 amant
2278 1947 2333 1991 et
2364 1935 2690 2001 desiderant,
2715 1949 2871 2004 quam
2895 1936 2939 1990 si
2970 1951 3074 1990 non
3109 1944 3372 2001 amarent,
3396 1947 3481 1990 es-

1890 2034 2010 2080 sent
2039 2027 2258 2095 perversi
2283 2034 2338 2080 et
2361 2026 2508 2089 mali,
2529 2026 2728 2096 quippe
2750 2026 2839 2095 qui
2869 2027 3179 2081 societatem
3202 2039 3308 2080 non
3331 2038 3479 2096 quae-

1891 2127 2076 2173 rerent
2095 2125 2425 2172 sanctorum.
2449 2120 2520 2172 At
2546 2117 2742 2172 malum
2768 2119 2909 2185 quod
2933 2119 3162 2173 sentit-ur
3191 2117 3483 2172 amissione

1892 2210 2018 2266 boni
2039 2210 2179 2280 quod
2209 2220 2436 2274 amator,
2459 2220 2543 2265 est
2592 2210 2867 2264 allativum
2919 2207 3120 2264 doloris
3141 2215 3197 2264 et
3217 2207 3478 2262 tristitiae:

1893 2312 2137 2367 dolemus
2164 2313 2307 2366 enim
2339 2320 2393 2367 et
2418 2311 2693 2366 tristamur
2719 2311 2929 2382 quoties
2952 2318 3128 2365 amato
3151 2311 3292 2366 bono
3307 2311 3485 2380 priva-

1895 2417 2034 2458 mur.
2076 2404 2192 2460 Jam
2221 2409 2352 2459 vero
2382 2404 2428 2458 si
2456 2404 2673 2458 Patrum
2705 2403 3135 2473 qui'Augustino
3165 2403 3343 2459 favent
3371 2401 3484 2459 suf-

1897 2497 2062 2566 fragia
2095 2499 2160 2552 ad
2193 2498 2455 2553 calculum
2484 2505 2827 2565 revocentur,
2859 2506 3016 2553 erunt
3047 2497 3100 2551 hi
3127 2495 3311 2566 viginti
3353 2510 3484 2565 qua-

1899 2597 2019 2644 tuor
2040 2591 2310 2645 seniores:
2330 2603 2450 2644 nam
2477 2589 3054 2662 Byzaceniquindecim
3074 2588 3222 2644 fuere
3242 2589 3331 2657 qui
3362 2600 3484 2642 san-

1897 2683 1968 2736 cti
1989 2682 2269 2751 Augustini
2295 2683 2614 2738 sententiam
2647 2684 3100 2751 subscripserunt.
3135 2679 3276 2733 Inter
3297 2679 3484 2734 Patres

1899 2775 1996 2829 fuit
2018 2775 2263 2830 Gelasius
2295 2785 2451 2842 papa,
2483 2776 2574 2844 qui
2607 2777 2658 2829 in
2707 2775 2935 2844 epistola
2988 2772 3243 2828 decretali
3269 2771 3483 2826 tertium

1900 2869 2074 2924 locum
2101 2884 2131 2923 a
2161 2868 2460 2937 Pelagianis
2516 2869 2790 2923 inventum
2844 2868 2911 2922 de
2950 2866 3129 2922 medio
3186 2865 3483 2922 tollendum

1898 2963 2163 3018 decrevit.
2185 2961 2301 3018 Non
2321 2961 2516 3017 desunt
2541 2962 2983 3017 scholasticorum
3006 2959 3276 3030 suffragia.
3297 2959 3485 3013 Alber-

1902 3065 1987 3109 tus
2017 3055 2256 3124 Magnus,
2293 3055 2493 3120 Estius,
2523 3054 2751 3121 Dricdo,
2785 3054 3076 3108 Polmanus
3108 3053 3182 3106 uti
3224 3049 3478 3121 probabi-

1901 3157 2006 3212 lem
2035 3157 2316 3226 Augustini
2372 3155 2694 3211 sententiam
2723 3152 3040 3209 defendunt.
3069 3152 3225 3208 Stant
3251 3165 3346 3220 pro
3391 3163 3486 3206 ea-
3571 3163 3576 3168 ·

1901 3249 2022 3304 dem
2053 3251 2186 3304 inito
2211 3248 2416 3305 ftedere
2445 3249 2681 3320 quinque
2708 3264 2771 3304 ex
2799 3247 2986 3303 ordine
3015 3245 3294 3310 Minorum,
3327 3247 3382 3300 et
3407 3253 3487 3299 ιο·

1906 3343 2070 3397 tidem
2109 3341 2487 3412 Aogustiniani
2511 3341 2677 3397 nostri
2721 3341 2972 3408 theologi.
3002 3339 3066 3395 Et
3093 3337 3303 3409 quidem
3329 3349 3488 3406 Spero

1903 3435 2016 3491 fore
2038 3443 2095 3489 ut
2123 3433 2400 3505 deinceps,
2418 3431 2504 3490 ubi
2537 3431 2648 3491 haec
2673 3445 2856 3490 nostra
2883 3434 3175 3504 disputatio
3193 3433 3395 3502 legetur
3416 3431 3486 3502 (si

1900 3533 2078 3582 tamen
2103 3527 2207 3580 ulla
2237 3525 2426 3582 horum
2441 3527 2758 3597 scriptorum
2788 3542 2912 3582 cura
2940 3525 3169 3594 posteris
3185 3524 3334 3593 erit),
3364 3523 3482 3593 plu-

1902 3631 1989 3673 res
2020 3619 2073 3673 itt
2094 3619 2266 3673 sancti
2303 3618 2584 3689 Attgnstini
2615 3623 2797 3688 partes
2830 3626 3128 3681 transeant,
3156 3617 3239 3673 vel
3295 3615 3485 3672 saltem

1901 3723 1930 3764 a
1961 3710 2208 3766 censuris
2229 3710 2555 3778 bStineant,
2578 3719 2752 3781 neque
2781 3721 3023 3766 sanctam
3073 3710 3346 3765 (ldctorem
3393 3715 3490 3764 ex-

1900 3814 2084 3857 cessus
2107 3803 2416 3857 insimulent
2436 3804 2487 3857 In
2511 3811 2572 3858 ea
2595 3802 2858 3858 sententis
2883 3803 3158 3869 tradenda,
3183 3815 3339 3872 quam
3363 3813 3490 3858 una-

1902 3896 2030 3950 nimi
2060 3906 2326 3951 consensu
2353 3897 2657 3965 pontifices,
2687 3897 2877 3966 synodi
2932 3911 2996 3950 ac
3027 3905 3208 3963 patres
3237 3895 3486 3961 docuere,

1901 3997 1961 4045 ut
1986 3993 2257 4061 hucusque
2277 3991 2578 4045 ludulenter
2604 3995 2965 4044 monstratum
2997 3997 3100 4046 est.

1903 4127 1931 4199 §
1973 4125 2064 4183 VI.
2103 4127 2184 4182 An
2235 4127 2563 4199 Augustinus
2600 4127 2848 4180 disserens
2879 4125 3087 4199 de_lege
3131 4124 3287 4179 veleri
3314 4132 3492 4179 contra

2388 4195 2694 4268 Pelagianos
2716 4195 3006 4252 excesserit.

1970 4330 2263 4401 Pelagiani,
2294 4347 2359 4386 ne
2385 4331 2611 4402 gratiam
2641 4331 2860 4388 omnino
2887 4332 3133 4402 negando
3159 4330 3490 4387 orthodoxa.

1900 4441 2017 4480 rum
2051 4425 2472 4494 indignationem
2504 4427 2747 4482 subirent
2775 4425 3052 4495 (videbant
3080 4425 3222 4480 enim
3248 4425 3492 4480 eamdem

1898 4518 2127 4586 gratiam
2178 4516 2230 4571 in
2276 4517 2444 4572 sacris
2496 4518 2710 4581 litteris,
2763 4534 2790 4570 a
2844 4517 3012 4572 Paulo
3041 4530 3171 4572 vero
3228 4519 3496 4586 praecipue

1902 4610 2312 4679 commendari),
2339 4611 2523 4667 dixere
2543 4613 2714 4680 legem
2736 4626 2840 4680 qua
2858 4611 3001 4666 Deus
3025 4611 3226 4665 homini
3246 4610 3486 4665 facienda

1907 4704 1989 4758 vel
2015 4702 2266 4774 fugienda
2287 4703 2550 4773 praecipit,
2570 4718 2690 4758 esse
2708 4704 2954 4772 gratiam,
2977 4709 3160 4772 utpote
3184 4717 3345 4770 quam
3369 4701 3497 4754 Δάαι

1907 4797 2133 4864 posteris
2150 4795 2410 4865 profunda
2430 4795 2759 4867 agendorum
2786 4794 3084 4863 ignorantia
3103 4791 3495 4855 laborantibus,

1903 4895 1954 4943 et
1985 4887 2145 4956 longo
2178 4888 2429 4942 vitiorum
2457 4902 2555 4942 usu
2579 4886 2810 4941 naturali
2838 4886 3040 4941 lumine
3069 4899 3204 4954 pene
3229 4885 3500 4938 exstincto

1905 4977 2324 5033 misericorditer
2356 4980 2651 5047 proposuit.
2682 4977 2792 5032 lmo
2824 4978 2992 5046 legem
3045 4983 3230 5028 contra
3271 4975 3497 5043 gratiam

1905 5067 2371 5138 impudentissime
2400 5083 2644 5125 erexere.
2687 5069 2897 5124 Etenim
2930 5065 3226 5136 arguebant
3272 5081 3337 5119 ex
3385 5064 3500 5134 lege

1906 5161 2106 5216 nullam
2135 5175 2255 5217 esse
2286 5161 2445 5215 aliam
2475 5162 2695 5230 insuper
2723 5160 2816 5215 Det
2846 5159 3070 5227 gratiam
3119 5155 3499 5212 necessariam.

1909 5255 2034 5310 Haec
2060 5265 2142 5312 est
2159 5256 2499 5311 ratiocinatio
2517 5264 2662 5311 sexta
2686 5252 2926 5309 leestii
2948 5254 3087 5322 apttd
3109 5261 3351 5307 sanctum
3375 5251 3503 5307 doc-

1909 5356 2080 5402 torem
2110 5363 2228 5417 cap.
2271 5347 2304 5400 5
2350 5347 2419 5401 de
2457 5347 2686 5402 Perl’ect.
2737 5346 2869 5416 just.
2907 5363 2918 5397 :
2959 5363 2977 5396 ι
3014 5343 3373 5411 Quaerendum
3424 5352 3506 5395 est

1913 5448 2088 5493 utruttt
2112 5447 2434 5508 praeceptum
2458 5438 2528 5493 sit
2557 5436 2760 5493 homini
2805 5436 2921 5490 sine
2953 5444 3173 5506 peccato
3200 5450 3340 5490 esse.
3398 5438 3507 5489 Aut

1913 5531 2055 5586 enim
2106 5547 2210 5584 non
2256 5538 2472 5600 potest,
2531 5537 2586 5585 et
2632 5539 2958 5599 praeceptum
3024 5543 3130 5584 non
3207 5537 3290 5583 est
3333 5545 3346 5592 ;
3418 5537 3506 5581 aut

1916 5622 2037 5692 quia
2097 5633 2420 5694 praeceptum
2488 5631 2570 5678 est
2604 5662 2622 5690 ,
2689 5632 2885 5693 potest.
2943 5642 2961 5674 ι
3027 5622 3091 5675 Et
3147 5621 3199 5677 in
3280 5619 3374 5674 lib.
3440 5619 3509 5674 de

1917 5713 2097 5769 Gratia
2119 5722 2172 5769 et
2223 5714 2317 5772 lib.
2373 5715 2514 5784 arb.,
2569 5729 2689 5785 cap.
2755 5714 2838 5781 l6,
2890 5715 3076 5770 scribit
3127 5714 3456 5784 Augustinus
3489 5753 3502 5766 .

1923 5823 1943 5857 s
1978 5805 2223 5876 Magnum
2247 5808 2446 5880 aliquid
2477 5807 2751 5880 Pelagiani
2775 5823 2835 5866 se
2879 5808 3019 5866 scire
3049 5817 3260 5879 putant,
3289 5805 3505 5878 quando

1916 5896 2135 5959 dicunt:
2199 5900 2321 5958 Non
2366 5903 2568 5976 ,ἰαῦσαι
2633 5902 2796 5974 Deus,
2841 5901 2979 5978 quod
3022 5900 3174 5957 sciret
3222 5914 3325 5957 non
3352 5913 3505 5973 pom
