3962 6346
531 400 631 458 671

1421 408 1979 487 SUPPLEMENTUM
2020 414 2112 469 AD
2148 400 2379 473 OPERA
2418 417 2474 475 s.
2520 420 2908 482 AUGUSTINI.

3700 439 3801 494 672

524 500 588 574 ab
642 521 843 578 homine
892 522 1025 593 ﬁeri.
1072 523 1204 591 Quis
1252 529 1353 580 hoc
1404 526 1645 583 nesciat?
1699 550 1717 583 ι
1768 530 1903 586 Hinc
1954 531 2187 593 lnere-A
2218 533 2306 587 do.
2339 533 2542 590 Scribit
2586 551 2704 607 cap.
2742 540 2860 596 ide
2889 506 3135 613 Corrept.
3158 553 3211 602 et
3236 555 3408 617 grat.:
3440 550 3731 605 Declinare
3773 568 3800 607 a

531 609 619 667 tici
668 611 720 665 in
752 612 933 667 laudes
957 613 1087 683 legis
1114 615 1291 683 effusi,
1319 617 1372 671 in
1399 618 1588 674 eadem
1612 621 1687 675 uti
1710 622 1761 675 in
1784 636 1907 677 arce
1930 637 2109 678 causae

525 700 593 752 ab
622 702 919 768 Augustino
944 718 1003 758 se
1033 714 1175 760 tutos
1222 705 1641 765 arbitrabantur.
1693 713 1954 769 Audiatur
1996 731 2109 769 ma-

2214 627 2357 682 malo
2383 639 2435 683 et
2466 629 2645 689 facere
2697 633 2894 690 bonum
2948 657 2967 689 ‹
3001 640 3180 697 nullus
3225 654 3400 712 potest
3438 648 3554 702 sine
3601 649 3798 718 Spiritu

2212 720 2428 788 gratiae;
2462 738 2579 791 quae
2609 725 2653 778 si
2684 726 2842 791 desit,
2873 730 2938 784 ad
2969 732 3069 788 hoc
3099 734 3182 790 lex
3207 738 3359 793 adest
3380 750 3438 793 ut
3476 756 3597 797 reos
3635 742 3797 796 faciat

522 805 656 859 gnus
683 790 943 849 Ecclesia
971 797 1247 866 magister,
1282 800 1371 855 lib.
1413 818 1485 870 tv,
1532 805 1600 859 ad
1640 806 1975 864 Bonifacium
2010 824 2106 879 pa-
2208 820 2262 865 et
2286 790 2513 869 occidat.
2544 833 2563 866 ι
2599 815 2775 875 Serm.
2921 822 2986 878 de
3036 824 3223 882 Verbis
3254 790 3437 898 Apost.

519 898 663 953 pam,
713 900 831 955 cap.
866 886 919 955 5,
952 891 1205 946 subdolos
1235 892 1468 949 hostium
1507 907 1731 954 conatus
1778 902 2054 969 publicans
2086 919 2101 957 :

2208 900 2347 954 enim
2382 902 2603 970 jubebat
2646 917 2698 960 et
2727 923 2832 963 non
2864 912 3140 982 implebat,
3176 919 3297 986 quia
3343 936 3499 988 caro,
3542 924 3637 979 ubi
3690 939 3794 980 non

522 994 541 1027 ι
571 976 845 1047 Nusquam
872 989 1073 1048 autem,
1109 984 1301 1055 inquit,
1332 987 1417 1041 isti
1441 989 1638 1045 inimici
1666 993 1854 1061 gratim
1874 994 1938 1048 ad
1957 1009 2114 1065 eam-I
2205 1002 2320 1045 erat
2348 992 2538 1062 gratia.
2568 1004 2670 1051 etc.
2701 999 2982 1065 Quomodo
3003 1019 3132 1076 ergo
3160 1007 3248 1063 lex
3278 1011 3409 1066 mihi
3431 1015 3795 1082 opitularetur

513 1067 635 1123 dem
667 1072 893 1139 gratiam
918 1073 1289 1134 vehementius
1318 1084 1731 1150 oppugnandam
1772 1088 2100 1145 occultiores

513 1159 806 1217 moliuntur
857 1164 1097 1232 insidias,
1129 1184 1288 1238 quam
1334 1172 1422 1228 ubi
1473 1174 1643 1245 legem
1698 1178 1934 1246 laudant,
1980 1195 2101 1252 qua:

512 1251 630 1305 sine
674 1252 1007 1312 dubitatione
1038 1259 1302 1317 laudanda
1328 1272 1429 1318 est.
1462 1264 1657 1336 Legem
1698 1270 1893 1339 quippe
1918 1251 2100 1328 diver-

508 1343 585 1398 sis
616 1345 949 1404 locutionum
980 1351 1155 1408 modis
1180 1362 1233 1409 et
1261 1356 1519 1411 varietate
1548 1360 1830 1416 verborum
1877 1364 1934 1419 in
1977 1381 2097 1423 om-

507 1434 667 1493 nibus
738 1439 1192 1509 disputationibus
1259 1448 1368 1501 suis
1428 1449 1617 1505 volunt
1673 1452 1893 1526 intelligi
1964 1477 2096 1530 gra-

504 1528 655 1595 tiam,
687 1539 792 1586 etc.
829 1552 849 1585 ι
884 1534 1231 1606 Augustinus,
1267 1553 1371 1606 quo
1399 1540 1737 1612 Pelagianam
1786 1528 2034 1606 hatresim
2064 1569 2095 1608 a

506 1617 867 1679 fundamentis
894 1637 1157 1683 everteret
1182 1644 1253 1683 ex
1283 1632 1454 1687 sacris
1491 1634 1687 1691 litteris
1716 1647 1767 1694 et
1809 1641 2096 1699 subtilissi-

505 1725 711 1766 marum
742 1715 1007 1771 rationum
1028 1722 1313 1775 momentis
1335 1725 1571 1780 ostendit
1595 1728 1771 1797 legem
1803 1746 1910 1786 non
1934 1734 2093 1790 modo

501 1816 606 1873 non
633 1816 755 1858 esse
781 1808 1006 1874 gratiam
1036 1808 1279 1866 homines
1305 1814 1372 1867 ad
1402 1814 1544 1871 bona
1573 1822 1902 1887 capessenda
1933 1824 2090 1893 adju-

2199 1080 2395 1148 jubens
2425 1099 2521 1154 per
2552 1086 2805 1156 litteram,
2841 1102 2896 1147 et
2922 1110 3027 1149 non
3058 1097 3191 1153 dans
3216 1080 3481 1169 gratiamf
3510 1124 3529 1156 ι
3561 1106 3795 1162 Sermo-

2204 1189 2270 1228 ne
2293 1174 2360 1227 i3
2381 1177 2593 1235 laudato
2612 1181 2775 1239 dixit:
2808 1204 2827 1236 ‹
2850 1184 2959 1242 Lex
2980 1190 3225 1247 timorem
3250 1194 3411 1249 dedit.
3436 1216 3453 1247 ι
3480 1197 3578 1254 Ubi
3601 1210 3797 1254 autem

2200 1270 2368 1337 gratia
2398 1288 2499 1328 non
2528 1274 2756 1331 infundit
2780 1294 3040 1347 amorem,
3072 1286 3376 1343 observatio
3402 1290 3529 1361 legis
3552 1308 3621 1346 ex
3653 1308 3792 1361 puro

2202 1361 2394 1417 timore
2421 1368 2599 1420 servili
2630 1369 2751 1423 facit
2774 1375 3236 1440 praevaricatorem
3265 1399 3279 1446 ;
3312 1397 3411 1451 qua
3442 1384 3506 1439 de
3536 1401 3591 1440 re
3636 1400 3796 1454 egre-

2200 1451 2284 1519 gie
2310 1454 2418 1521 agit
2443 1454 2494 1509 in
2527 1457 2754 1525 epistola
2782 1463 2904 1529 144,
2924 1466 2991 1519 ad
3018 1466 3380 1527 Anastasium.
3408 1475 3632 1532 Videtur
3659 1451 3796 1547 ergo

2198 1543 2525 1611 Augustinus
2566 1552 2801 1607 sensisse
2843 1554 3088 1613 homines
3138 1560 3254 1630 lege
3303 1567 3477 1636 urgeri
3520 1568 3585 1623 ad
3636 1580 3795 1625 recte

2196 1634 2564 1703 operandum,
2604 1654 2776 1709 neque
2825 1653 3000 1700 tamen
3051 1664 3266 1718 semper
3312 1634 3499 1712 adesse
3546 1660 3793 1727 gratiam

2193 1722 2569 1797 adjuvantem,
2604 1746 2667 1785 ex
2706 1750 2810 1804 quo
2860 1737 3044 1794 inferri
3086 1742 3297 1799 videtur
3341 1759 3462 1804 tunc
3512 1722 3795 1825 praecepta

2196 1814 2287 1869 Dei
2319 1830 2437 1871 esse
2462 1819 2745 1879 observatu
2775 1827 3144 1899 impossibilia,
3177 1851 3298 1891 nam
3325 1840 3439 1895 sine
3458 1846 3629 1912 gratia
3695 1848 3795 1901 im-

500 1901 735 1958 vantem,
760 1896 854 1951 sed
888 1913 1014 1954 reos
1043 1908 1247 1955 tantum
1286 1902 1464 1962 facere
1506 1907 1765 1981 jubendo,
1811 1916 2083 1983 terrendo,

2193 1906 2327 1976 pleri
2354 1923 2456 1963 non
2486 1926 2728 1985 possunt,
2758 1933 2861 1988 qua
2891 1931 3069 1979 tamen
3088 1925 3210 1981 illos
3227 1944 3411 1987 carere
3430 1896 3566 1988 idem
3586 1939 3792 1995 tradit.

498 1985 790 2054 puniendo,
843 2004 951 2044 non
1000 1992 1323 2061 adjuvando.
1375 1997 1527 2055 Pleni
1595 2012 1721 2058 sunt
1779 2004 2081 2075 hujusmodi

495 2075 780 2145 pbrasibus
814 2082 986 2137 sancti
1008 2083 1183 2139 Patris
1205 2086 1349 2153 libri,
1376 2094 1672 2158 praisertim
1698 2095 1832 2150 liber
1857 2098 1926 2156 de
1957 2099 2080 2169 Spi-

504 2170 610 2224 ritu
632 2181 687 2226 et
716 2172 915 2241 littera,
939 2177 1028 2246 qui
1060 2187 1203 2233 totus
1245 2180 1297 2234 in
1340 2183 1443 2238 hoc
1472 2196 1787 2255 argumento
1818 2203 2079 2248 versatur.

484 2264 654 2319 Plura
683 2264 802 2322 loca
846 2268 1044 2325 indicat
1066 2272 1284 2328 Cortina
1329 2274 1389 2328 P.
1416 2275 1660 2344 Macedo,
1685 2279 1749 2333 ad
1774 2280 1964 2337 thesim
1987 2284 2076 2339 48.

496 2356 671 2413 Unum
696 2360 1056 2418 testimonium
1085 2367 1301 2434 profero
1330 2382 1396 2422 ex
1419 2382 1540 2438 cap.
1571 2369 1605 2423 8
1631 2370 1755 2427 libri
1801 2373 1868 2429 de
1898 2375 2082 2433 Gratia

489 2450 688 2509 Christi
718 2471 732 2507 :
769 2473 787 2506 ι
810 2458 885 2510 Ac
899 2459 1126 2525 perhoc,
1151 2458 1341 2529 inquit,
1362 2476 1529 2532 usque
1546 2464 1681 2519 adeo
1696 2466 1838 2520 aliud
1856 2477 1939 2523 est
1962 2470 2077 2541 lex,

486 2545 634 2600 aliud
655 2555 738 2603 est
761 2549 952 2618 gratia,
984 2560 1042 2605 ut
1072 2552 1156 2606 lex
1184 2568 1290 2607 non
1310 2554 1481 2610 solum
1510 2556 1641 2611 nihil
1672 2558 1866 2626 prosit,
1892 2574 2077 2617 verum

486 2640 649 2691 etiam
660 2638 945 2708 plurimum
960 2641 1118 2711 obsit,
1135 2645 1235 2700 nisi
1253 2646 1466 2715 adjuvet
1483 2649 1653 2718 gratia
1673 2666 1687 2714 ;
1706 2658 1758 2705 et
1772 2651 1885 2706 haec
1896 2662 2078 2708 osten-

484 2729 642 2787 datur
658 2732 791 2802 legis
809 2734 1031 2802 utilitas,
1046 2739 1298 2806 quoniam
1317 2754 1450 2809 quos
1472 2740 1600 2795 facit
1616 2744 2075 2811 praevaricationis

484 2838 625 2891 reos,
648 2826 790 2895 cogit
810 2829 1095 2900 confugere
1114 2832 1177 2886 ad
1197 2832 1421 2902 gratiam
1439 2834 1768 2904 liberandos,
1792 2848 1848 2893 et
1865 2848 1923 2894 ut
1940 2854 2075 2896 con-

483 2915 837 2984 cupiscentias
860 2922 1030 2975 malas
1050 2933 1329 2990 superent,
1364 2925 1717 2994 adjuvandos.
1742 2928 1903 2985 lubet
1925 2934 2069 2989 enim

482 3006 652 3076 magis
677 3023 835 3078 quam
862 3011 1033 3081 juvat,
1059 3014 1215 3070 docet
1267 3015 1516 3071 morbum
1546 3032 1693 3087 esse,
1738 3037 1843 3077 non
1888 3034 2064 3095 sanat,

378 3132 385 3135 τ
481 3095 592 3152 imo
621 3099 691 3153 ab
716 3115 782 3155 eo
813 3104 1014 3173 potius,
1064 3107 1203 3175 quod
1255 3122 1361 3162 non
1412 3120 1657 3179 sanatur,
1701 3124 1958 3184 augetur,
2009 3118 2072 3174 ut

481 3192 735 3247 attentius
759 3201 815 3248 et
835 3196 1113 3252 sollicitius
1140 3200 1327 3268 gratiae
1375 3202 1638 3258 medicina
1681 3217 1980 3274 quaeratur.
2037 3230 2058 3264 ι

2191 1999 2323 2056 Hinc
2342 2000 2579 2058 Julianus
2605 2006 2718 2063 hmc
2745 2013 3036 2082 Augustino
3055 2021 3421 2088 exprobrabat
3445 2024 3536 2080 lib.
3560 2043 3624 2082 tu
3654 2029 3792 2099 Ope-

2186 2093 2261 2146 ris
2290 2090 2524 2186 imperf.,
2575 2112 2694 2169 cap.
2724 2101 2826 2159 119
2853 2121 2867 2159 :
2902 2125 2920 2157 ι
2960 2108 3135 2164 Taceo
3164 2112 3377 2169 interim
3408 2133 3507 2186 qua
3529 2090 3791 2178 rabie-in

2187 2189 2350 2236 totam
2381 2184 2548 2254 legem
2582 2189 2797 2261 fremas,
2831 2210 2991 2265 quam
3021 2200 3197 2255 credis
3219 2218 3281 2257 ea
3306 2205 3595 2276 imperasse
3630 2228 3791 2266 mor-

2186 2270 2401 2339 talibus,
2421 2289 2646 2344 quorum
2670 2282 2807 2350 apud
2826 2300 2928 2367 eos
2946 2288 3146 2347 nullam
3171 2270 3480 2353 facultatem
3501 2300 3783 2360 videret.»

2183 2358 2352 2426 Quam
2380 2367 2653 2436 stropham
2682 2364 2877 2441 saepius
2904 2389 3102 2436 cantat.

2253 2451 2369 2508 Duo
2398 2454 2481 2511 hic
2512 2471 2738 2528 possunt
2762 2465 3127 2527 difficultatem
3151 2474 3349 2545 facere,
3384 2497 3509 2537 num
3556 2485 3649 2541 lex
3678 2489 3782 2542 alio

2181 2548 2391 2613 quando
2421 2549 2666 2621 imperet,
2696 2565 2751 2611 et
2779 2559 2996 2630 obliget,
3026 2575 3080 2619 ut
3109 2568 3283 2635 aiunt,
3311 2575 3412 2628 sub
3445 2591 3700 2647 peccato,
3732 2584 3779 2636 si

2179 2634 2319 2692 desit
2341 2642 2509 2708 gratia
2543 2644 2800 2714 adjuvans
2828 2652 2894 2705 ad
2949 2634 3275 2724 implendam
3306 2634 3503 2733 legem,
3532 2679 3586 2723 ut
3608 2634 3777 2725 vide:

2180 2736 2265 2783 tur
2296 2732 2432 2788 velle
2462 2738 2810 2809 Augustinus,
2841 2754 2895 2801 et
2923 2763 2987 2801 an
3012 2748 3063 2803 in
3093 2752 3209 2825 lege
3236 2759 3408 2812 veteri
3452 2762 3609 2817 timor
3646 2774 3777 2819 tan-

2181 2834 2290 2879 tum
2322 2830 2537 2884 servilis
2554 2833 2674 2889 sine
2699 2837 2869 2905 gratia
2892 2854 3160 2910 regnaret,
3186 2850 3328 2916 quod
3346 2853 3594 2909 eumdem
3619 2872 3778 2926 quo-

2176 2931 2280 2984 que
2303 2920 2541 2977 sensisse
2568 2928 2804 2982 nonnulli
2836 2933 3140 3000 opinantur.
3175 2937 3299 2994 Haec
3333 2943 3477 2999 enim
3505 2946 3610 3001 duo
3640 2920 3773 3004 Dio-

2176 3012 2346 3065 rainio
2373 3012 2509 3070 forte
2528 3016 2739 3073 duriora
2771 3022 3038 3093 videntur,
3086 3027 3138 3082 in
3178 3030 3373 3098 quibus
3401 3025 3772 3106 Augustinum

2173 3114 2321 3158 extra
2347 3108 2587 3163 veritatis
2616 3110 2809 3167 lineam
2840 3118 3066 3172 saltasse
3092 3129 3277 3188 putat.
3302 3124 3407 3179 Pro
3429 3130 3776 3198 expediendo

2175 3197 2340 3265 priori
2365 3199 2529 3255 dubio
2556 3218 2643 3257 res
2672 3205 2802 3260 mihi
2828 3208 2987 3264 altius
3016 3215 3307 3281 repetenda
3339 3226 3439 3273 cst.
3468 3219 3526 3274 ln
3570 3225 3775 3292 primis

484 3285 555 3337 Αι
583 3284 870 3352 Μοτθίηθε,
903 3288 1186 3360 Augustini
1218 3292 1286 3346 de
1307 3292 1425 3363 lege
1450 3296 1619 3350 ναίει-ί
1646 3297 1789 3354 diem
1829 3304 2060 3359 θηηιίηί
2095 3287 2141 3350 C
2174 3293 2515 3349 statuendum
2546 3305 2630 3352 est
2654 3297 2945 3354 discrimen
2975 3301 3117 3358 inter
3157 3305 3582 3367 observationem
3622 3314 3775 3387 legis

478 3376 790 3445 subjiciens,
814 3383 950 3437 hanc
967 3382 1035 3437 de
1057 3382 1244 3439 iisdem
1265 3386 1586 3442 sententiam
1609 3390 1814 3458 profert
1833 3393 1976 3463 disp.
1995 3394 2067 3450 24

479 3471 900 3541 Anti-lansenii,
924 3492 1071 3531 num.
1102 3477 1209 3532 44:
1240 3498 1258 3531 ι
1288 3482 1644 3552 Augustinum
1667 3487 1909 3555 pluribus
1936 3493 2066 3550 locis

479 3562 665 3618 durius
695 3565 839 3637 loqui
889 3568 957 3623 de
990 3568 1107 3639 lege
1151 3571 1342 3636 veteri,
1393 3574 1486 3629 sed
1534 3577 1673 3631 sicut
1720 3579 1945 3648 ipsemet
1991 3584 2065 3639 ait

474 3655 567 3714 lib.
598 3673 658 3713 ill
678 3659 747 3715 de
775 3658 1029 3715 Doctrina
1056 3660 1283 3729 Christ.,
1314 3679 1434 3735 cap.
1468 3667 1555 3731 10,
1587 3667 1876 3739 Scriptum
1917 3675 2064 3731 verba

475 3762 685 3826 quando
712 3761 913 3831 aliquid
937 3764 1185 3817 absonum
1206 3765 1440 3821 videntur
1463 3783 1572 3838 pra:
1598 3786 1654 3823 se
1678 3772 1837 3842 ferre,
1862 3783 1978 3827 sunt
2006 3776 2061 3830 in

472 3852 740 3924 benignum
775 3862 823 3909 et
850 3857 1174 3915 commodum
1201 3874 1409 3913 sensum
1437 3860 1817 3929 interpretanda
1841 3881 1861 3931 ;
1905 3868 2060 3936 quid-

470 3944 524 3998 ni
548 3945 710 3999 etiam
741 3947 901 4001 verba
934 3948 1104 4017 ipsius
1153 3951 1457 4021 Augustini,
1501 3955 1928 4027 quotiescunque
1972 3962 2059 4017 vel

469 4036 645 4089 nativo
676 4036 877 4106 impetu
898 4040 1091 4106 animi,
1114 4040 1198 4096 vel
1215 4051 1349 4097 aestu
1370 4042 1749 4112 disputationis
1770 4049 2053 4127 abreptus,

469 4126 676 4181 videtur
704 4128 770 4182 ad
796 4140 1040 4186 extrema
1085 4132 1402 4190 declinare?
1433 4155 1452 4188 ι
1489 4136 1626 4204 Quid
1659 4148 1837 4196 autem
1867 4126 2052 4199 durius

469 4218 539 4273 de
570 4220 686 4287 lege
715 4223 881 4275 veteri
912 4224 1240 4293 Augustinus
1268 4226 1487 4293 dixerit,
1521 4243 1627 4283 non
1650 4231 1753 4283 erit
1804 4231 2055 4303 indagatu

468 4308 706 4376 difficile,
756 4325 877 4366 cum
928 4315 1096 4381 probe
1131 4316 1362 4372 sciamus
1400 4317 1453 4372 in
1493 4334 1599 4388 quo
1654 4323 1825 4378 sancti
1880 4323 2054 4381 Patris

471 4402 715 4458 doctrina
742 4419 773 4457 a
804 4404 1063 4460 Morainio
1088 4408 1335 4476 culpetur
1363 4410 1558 4467 furoris
1599 4421 1655 4468 et
1702 4430 1956 4471 excessus
1998 4418 2052 4475 in

466 4496 807 4567 disputando.
840 4498 983 4553 Dixit
1011 4500 1343 4569 Augustinus
1371 4518 1492 4557 cum
1538 4503 1798 4575 Apostolo
1832 4509 1897 4562 ad
1947 4509 2052 4567 Ga-

464 4595 600 4651 latas
622 4611 701 4663 ιιι,
734 4596 904 4665 legem
933 4596 1112 4653 datam
1141 4602 1576 4667 prevaricationis
1594 4606 1784 4674 gratia,
1831 4606 1898 4663 de
1944 4623 2050 4678 quo

2174 3382 2228 3437 in
2256 3394 2398 3439 statu
2423 3398 2628 3443 natura:
2654 3390 2958 3447 innocentis
2987 3403 3043 3449 et
3068 3406 3209 3452 statu
3229 3412 3511 3471 corruptae.
3539 3382 3773 3464 Etenim

2175 3474 2343 3528 Adam
2375 3477 2557 3531 habuit
2600 3480 2862 3537 auxilium
2895 3488 3140 3553 proxime
3170 3490 3441 3547 sufficiens
3468 3497 3532 3550 ad
3562 3497 3773 3555 obser—

2172 3566 2434 3623 vationem
2466 3571 2828 3645 cujuscunque
2858 3581 3113 3648 prtecepti
3139 3582 3191 3636 in
3220 3586 3467 3642 omnibus
3489 3599 3543 3644 et
3571 3595 3771 3662 singu-

2172 3656 2237 3711 lis
2262 3660 2629 3719 occasionibus
2661 3677 2715 3719 et
2743 3666 3087 3725 instantibus.
3130 3672 3242 3728 lloc
3276 3676 3597 3747 adjutorium
3627 3698 3770 3739 eru-

2166 3748 2277 3804 dite
2324 3755 2607 3822 exponitur
2655 3757 2723 3811 ab
2751 3758 3047 3830 Augustino
3076 3779 3196 3833 cap.
3232 3767 3293 3820 11
3328 3775 3384 3823 et
3431 3769 3492 3823 12
3521 3771 3592 3827 de
3618 3773 3767 3830 Cor-

2166 3855 2305 3915 rept.
2336 3858 2389 3903 et
2417 3862 2555 3919 grat.
2588 3851 2788 3908 Dicitur
2817 3856 2887 3911 ab
2915 3857 3102 3913 eodem
3145 3861 3467 3930 adjutorium
3491 3868 3604 3920 sine
3648 3888 3762 3938 quo

2164 3954 2287 4004 non,
2325 3956 2429 3996 non
2457 3960 2591 4013 quo;
2622 3961 2747 4000 nam
2775 3947 2944 4003 Adam
2985 3949 3075 4005 illo
3101 3951 3371 4022 adjutorio
3421 3958 3594 4025 posito
3641 3975 3763 4019 non

2163 4034 2341 4088 statim
2387 4040 2730 4107 operabatur,
2763 4044 2855 4099 sed
2886 4059 3006 4099 cum
3042 4046 3256 4102 volebat
3299 4050 3486 4105 eodem
3533 4066 3761 4122 semper

2161 4137 2426 4197 praesente
2452 4142 2657 4200 poterat
2683 4138 2914 4203 operari.
2944 4156 2963 4189 ε
2999 4138 3127 4193 Tale
3154 4142 3380 4210 quippe,
3430 4143 3605 4213 inquit
3631 4162 3755 4217 cap.

2160 4219 2250 4286 11,
2283 4228 2399 4274 erat
2426 4223 2770 4292 adjutorium,
2803 4229 2941 4297 quod
2973 4228 3248 4286 desereret
3292 4247 3414 4287 cum
3460 4234 3645 4301 vellet,
3696 4248 3753 4292 et

2158 4310 2213 4363 in
2246 4326 2352 4379 quo
2378 4327 2716 4381 permaneret
2739 4320 2781 4371 si
2814 4319 2995 4387 vellet,
3026 4336 3130 4376 non
3161 4339 3268 4391 quo
3297 4324 3454 4379 fleret
3482 4336 3538 4380 ut
3564 4328 3749 4383 vellet.

2158 4401 2287 4458 Haec
2316 4415 2395 4459 est
2425 4407 2591 4475 prima
2617 4412 2806 4478 gratia,
2839 4427 2958 4481 quae
2978 4413 3103 4468 data
3128 4424 3209 4469 est
3236 4415 3415 4485 primo
3433 4418 3627 4486 Adam,
3648 4420 3747 4475 sed

2157 4495 2273 4551 haec
2305 4499 2574 4566 potentior
2599 4510 2683 4556 est
2711 4504 2762 4557 in
2794 4506 3029 4560 secundo
3063 4510 3251 4563 Adam.
3280 4510 3461 4567 Prima
3492 4522 3575 4567 est
3601 4515 3746 4571 enim

2153 4604 2255 4658 qua
2289 4591 2350 4644 fit
2379 4600 2435 4644 ut
2465 4592 2657 4648 habeat
2686 4595 2848 4649 homo
2874 4598 3133 4663 justitiam
3165 4601 3209 4654 si
3243 4602 3391 4669 velit,
3424 4615 3529 4659 etc.
3570 4624 3590 4658 ι
3634 4608 3742 4661 Ad-

464 4688 614 4756 plma
636 4688 854 4745 disserit
875 4704 1037 4745 serm.
1065 4692 1125 4746 η
1152 4691 1220 4747 de
1244 4692 1433 4749 verbis
1457 4697 1672 4766 APO“,
1697 4712 1815 4767 cap.
1862 4698 1894 4751 8
1917 4710 1970 4755 ει
1993 4702 2046 4758 9.
2076 4686 2130 4745 D
2156 4682 2231 4736 dit
2250 4684 2389 4753 quod
2422 4687 2591 4752 primo
2622 4688 2714 4741 illo
2744 4689 3011 4757 adjutorio
3041 4701 3243 4747 ostensa
3270 4706 3342 4747 est
3399 4699 3624 4764 potentia
3671 4700 3742 4751 li-

463 4781 852 4839 Dixitlitteram
881 4786 1116 4841 occidere
1155 4802 1276 4842 cum
1306 4789 1497 4844 eodem
1546 4794 1803 4861 Apostolo
1841 4795 1883 4849 ll
1917 4795 2047 4853 Cor.

459 4892 544 4943 Ill,
574 4870 735 4947 atque
760 4878 968 4948 integro
990 4881 1262 4937 volumine
1293 4884 1451 4939 verba
1479 4884 1567 4940 illa
1604 4887 1853 4957 explicat.
1904 4890 2049 4946 Dixit

458 4986 578 5026 cum
612 4972 813 5027 eodem
864 4971 1029 5028 Paulo
1082 4973 1238 5029 Rom.
1289 4990 1387 5030 ill:
1448 4975 1559 5031 Lex
1604 4978 1929 5049 subintravit,
1976 4991 2047 5036 tut

456 5065 740 5119 abundaret
772 5063 1034 5119 delictum.
1068 5065 1239 5133 Quam
1269 5069 1589 5123 sententiam
1617 5074 1837 5141 exponit
1877 5087 2043 5129 serm.

460 5159 529 5213 13
559 5159 626 5212 de
656 5158 847 5214 Verbis
871 5158 1134 5229 Apostoli,
1160 5168 1216 5213 et
1240 5161 1399 5230 epist.
1433 5160 1523 5228 89,
1552 5177 1607 5231 q.
1637 5162 1691 5219 5.
1722 5162 1947 5219 Vocavit
1968 5166 2047 5221 Ie-

457 5266 577 5321 gem
608 5266 728 5306 cum
768 5250 956 5306 eodem
985 5250 1161 5307 Galat.
1218 5268 1296 5318 ιιι,
1340 5254 1675 5325 paedagogum
1723 5256 2046 5314 molestissi-

458 5358 630 5409 mum,
661 5357 723 5397 ac
751 5341 1156 5398 similitudinem
1184 5346 1429 5413 probavit
1459 5360 1711 5402 sermone
1739 5348 1950 5413 eodem,
1990 5358 2046 5404 et

457 5433 617 5502 epist.
652 5431 775 5499 144,
807 5433 896 5488 ubi
936 5433 1096 5488 etiam
1148 5446 1421 5505 nuncupat
1476 5436 1648 5507 legem
1681 5453 1784 5492 non
1828 5440 2041 5493 absolu-

458 5529 611 5582 tionis
632 5528 975 5601 adjutorium,
1004 5529 1094 5583 sed
1129 5529 1390 5584 vinculum
1436 5532 1686 5587 criminis.
1735 5532 1891 5598 Quod
1936 5532 2046 5588 Au-

456 5620 728 5693 gustinum
780 5618 837 5673 in
865 5634 1181 5676 excessuum
1227 5622 1586 5692 suspicionem
1618 5620 1796 5689 traxit,
1848 5637 1911 5677 ac
1938 5623 2037 5678 (ιιι-

458 5716 569 5769 rius
598 5721 861 5768 assertum
890 5712 1123 5781 videtur,
1152 5724 1236 5770 est
1261 5714 1353 5769 ubi
1383 5714 1527 5770 idem
1567 5714 1757 5771 doctor
1801 5728 2040 5786 pronun-

420 5800 425 5805 ’
456 5806 608 5862 tiavit
632 5813 835 5861 tantum
864 5804 1054 5862 abesse
1075 5814 1132 5861 ut
1174 5806 1259 5861 lex
1307 5806 1552 5864 homines
1595 5808 1877 5880 adjuvarit,
1909 5811 2039 5881 quin

455 5897 633 5966 potius
660 5913 783 5957 reos
812 5897 1001 5959 fecerit
1018 5896 1136 5958 sine
1155 5896 1323 5968 gratia
1349 5897 1613 5969 iubendo,
1643 5915 1747 5959 non
1777 5899 2038 5973 adjuvan-

2156 4778 2259 4830 beri
2282 4780 2529 4845 arbitrii;
2574 4798 2695 4835 nam
2727 4792 2785 4837 ut
2829 4793 2985 4839 antea
3035 4787 3384 4857 praemiserat,
3430 4790 3569 4845 Deus
3613 4792 3739 4847 illud

2155 4869 2476 4938 adjutorium
2508 4873 2713 4943 reliquit
2733 4875 2787 4927 in
2809 4877 2919 4945 ejus
2944 4874 3101 4930 libero
3121 4878 3355 4943 arbitrio,
3385 4890 3440 4934 et
3469 4891 3526 4934 ut
3548 4882 3620 4935 ait
3640 4882 3733 4936 lib.

2152 4974 2208 5013 ιιι
2242 4960 2431 5028 Uperis
2462 4960 2697 5031 imperf.,
2723 4977 2842 5031 cap.
2878 4963 3001 5030 “2,
3040 4964 3305 5019 Rectorem
3327 4967 3563 5033 habebat,
3592 4986 3735 5038 quem

2153 5055 2309 5110 libero
2338 5057 2540 5126 reliquit
2560 5059 2795 5118 arbitrio.
2823 5062 3001 5128 Quare
3022 5060 3151 5115 illud
3174 5062 3502 5131 adjutorium
3528 5079 3732 5131 semper

2152 5157 2349 5217 praesto
2378 5162 2497 5206 erat
2536 5152 2744 5208 Adamo
2770 5172 2784 5219 ;
2816 5153 2999 5208 scribit
3023 5152 3169 5208 enim
3199 5155 3546 5225 Augustinus,
3596 5158 3730 5226 quod

2150 5252 2399 5307 desereret
2428 5269 2533 5309 cun
2555 5253 2717 5310 vellet.
2743 5253 2907 5309 Paulo
2928 5269 3057 5309 vero
3088 5263 3207 5325 post
3229 5256 3280 5309 in
3304 5257 3498 5311 eodem
3520 5270 3629 5324 cap.
3653 5254 3723 5309 11

2150 5342 2266 5398 haec
2297 5344 2491 5399 tradit:
2526 5364 2546 5397 r
2582 5345 2641 5400 Si
2668 5357 2845 5401 autem
2890 5346 2993 5401 hoc
3036 5345 3359 5416 adjutorium
3410 5349 3495 5403 vel
3541 5346 3726 5415 angelo

2149 5437 2234 5491 vel
2266 5436 2490 5503 homini,
2518 5453 2638 5492 cum
2670 5439 2899 5508 primum
2928 5437 3053 5493 facti
3083 5448 3226 5505 sunt,
3269 5439 3549 5505 defuisset,
3587 5454 3719 5509 quo«

2148 5530 2288 5584 niam
2324 5546 2429 5585 non
2461 5531 2580 5586 talis
2606 5542 2790 5586 natura
2824 5532 2961 5588 facta
2999 5542 3117 5587 erat
3159 5541 3220 5587 ut
3249 5534 3368 5588 sine
3409 5532 3587 5588 divino
3627 5530 3722 5585 ad-

2139 5623 2344 5694 jutorio
2370 5634 2553 5694 posset
2581 5640 2800 5681 manere
2826 5626 2871 5681 si
2893 5625 3076 5691 vellet,
3106 5641 3211 5680 non
3242 5627 3427 5696 utique
3453 5640 3543 5682 sua
3567 5623 3719 5691 culpa

2143 5717 2482 5774 cecidissent.
2517 5718 2850 5789 Adjutorium
2909 5717 3104 5788 quippe
3140 5717 3419 5784 defuisset,
3467 5718 3577 5773 sine
3610 5727 3717 5783 quo

2143 5824 2361 5866 manere
2401 5826 2507 5865 non
2551 5821 2790 5881 possent.
2822 5810 2975 5867 Nunc
3004 5819 3184 5866 autem
3214 5811 3412 5881 quibus
3438 5811 3582 5866 deest
3607 5805 3713 5862 tale

2142 5901 2485 5973 adjutorium,
2505 5904 2613 5973 jam
2631 5900 2784 5972 poena
2803 5906 3003 5972 peccati
3019 5915 3120 5972 est,
3146 5904 3344 5976 quibus
3361 5915 3531 5961 autem
3544 5904 3704 5973 datur,
