3962 6346
161 364 266 419 675

1333 368 1656 428 νΙΝῡΙΟΙιΕ
1695 372 2259 430 AUGUSTINIANIE.

3325 372 3430 426 674

158 474 451 529 secundum
481 474 707 545 gratiam
734 476 911 532 datur.
953 497 971 531 ι
1022 479 1101 535 Ex
1146 480 1231 537 his
1262 483 1434 540 infero
1468 487 1642 556 primo
1688 490 1740 543 in
1769 498 1820 556 Α
1846 504 2071 559 quorum
2102 501 2286 547 contra
2314 506 2530 548 carnem
2556 493 2778 561 spiritus
2814 491 3145 561 concupiscit
3173 506 3241 545 an
3269 504 3437 545 ACTUS

159 575 299 622 statu
328 577 534 623 naturae
581 569 745 637 lapsa:
789 586 897 624 non
941 573 1191 629 omnibus
1239 575 1352 631 dari
1391 592 1491 632 nec
1534 592 1749 649 semper

157 670 355 740 praesto
380 675 501 714 esse
532 659 662 714 illud
686 662 1031 732 adjutorium,
1055 665 1186 721 alias
1208 662 1377 722 oratio
1399 678 1543 723 esset
1566 685 1752 739 super-

157 752 281 804 flua.
315 752 475 818 Nam,
505 763 561 808 ut
591 754 666 808 ait
695 757 1027 827 Augustinus
1054 757 1148 812 lib.
1180 759 1245 813 de
1268 760 1465 815 Natura
1497 770 1552 816 et
1581 774 1747 831 grat.,

158 858 279 912 cap.
305 845 393 913 18,
414 846 539 913 quid
558 847 763 902 stultius
789 865 942 919 quam
971 866 1118 905 orare
1144 864 1199 906 ut
1229 854 1389 924 facias
1417 860 1552 927 quod
1576 857 1631 911 in
1660 873 1751 926 po-

160 945 338 992 testate
368 938 553 994 habeas
581 942 606 995 ?
634 940 698 995 Et
729 941 781 995 in
813 943 1032 1011 epistola
1069 944 1139 1001 95
1165 963 1177 998 :
1212 943 1338 1015 Ipsa
1384 948 1542 1018 igitur
1585 951 1752 1003 oratio

160 1030 451 1084 clarissima
478 1042 553 1087 est
581 1033 763 1102 gratia:
792 1036 1104 1104 testiﬁcatio.
1136 1037 1253 1092 Non
1286 1054 1535 1111 rogamus
1571 1049 1749 1097 autem

160 1132 214 1176 ut
246 1124 390 1179 Deus
414 1124 507 1180 det
533 1126 677 1195 quod
704 1126 986 1193 habemus,
1019 1130 1113 1184 sed
1141 1130 1299 1200 cujus
1344 1135 1581 1189 maxime
1613 1134 1755 1189 indi-

159 1230 385 1286 gemus;
418 1220 615 1274 etenim
646 1234 713 1275 ex
742 1221 902 1291 epist.
932 1221 1055 1290 105,
1109 1225 1155 1278 si
1195 1226 1248 1280 in
1304 1236 1554 1295 potestate
1603 1230 1756 1283 tiabe-

160 1316 321 1377 retur,
345 1324 448 1362 non
474 1311 645 1381 utique
664 1324 975 1391 posceretur.
1007 1315 1202 1383 Quare,
1228 1333 1347 1372 cum
1372 1330 1596 1389 urgente
1620 1336 1757 1391 quo-

160 1395 291 1452 libet
319 1410 586 1470 praeccpto
615 1403 785 1470 possit
826 1404 987 1458 homo
1028 1420 1181 1461 orare
1226 1407 1393 1463 Deum
1428 1421 1484 1463 ut
1528 1416 1753 1480 gratiam

160 1489 224 1544 ad
256 1490 405 1546 illius
428 1495 678 1563 praecepti
710 1495 1074 1565 impletionem
1097 1501 1374 1570 largiatur,
1414 1504 1624 1575 signum
1673 1516 1777 1567 est.

159 1585 385 1653 gratiam
417 1586 561 1665 illam
590 1602 695 1643 non
726 1589 916 1645 adesse
939 1605 1151 1662 semper
1182 1594 1235 1649 in
1265 1597 1513 1653 omnibus
1557 1609 1611 1654 et
1642 1601 1758 1655 sin-

159 1675 722 1746 gulis‘oecasionibus.
770 1681 905 1736 Hinc
934 1682 1135 1739 factum
1165 1696 1249 1740 est
1278 1697 1334 1742 ut
1366 1705 1485 1743 cum
1514 1688 1756 1748 Adamus

160 1770 389 1836 gratiam
418 1770 565 1825 illam
596 1772 844 1828 habuerit
870 1790 967 1844 pro
1003 1778 1251 1833 omnibus
1278 1790 1333 1834 et
1377 1783 1599 1851 singulis
1639 1800 1755 1840 mo-

1852 597 2101 639 SINGULOS
2129 598 2375 640 INDIGENT
2416 586 2517 641 DE!
2543 602 2763 652 unum,
2798 601 2864 640 ne
2892 587 3195 651 vincantur,
3222 584 3435 654 qualem

1857 673 2162 730 libertatem
2193 676 2477 732 voluntatis
2499 677 2696 732 habere
2720 685 2965 747 possunt,
2991 677 3080 746 qui
3113 675 3348 731 nondum
3372 675 3441 729 de

1859 776 2125 835 potestate
2154 770 2289 823 eruti
2323 769 2682 834 tenebrarum,
2706 770 3014 825 dominante
3042 769 3320 837 iniquitate
3344 780 3442 821 nec

1854 871 2066 914 certare
2098 870 2396 929 cteperunt,
2429 869 2541 927 aut,
2570 862 2611 915 si
2640 871 2849 916 certare
2869 861 3172 925 voluerunt,
3205 858 3441 912 nondum

1854 951 2093 1007 liberatae
2120 953 2407 1007 voluntatis
2447 954 2706 1008 servitute
2746 953 3051 1008 vincuntur.
3093 970 3111 1004 ι
3148 952 3251 1007 Ubi
3298 948 3441 1003 aflir-

1854 1055 1965 1099 mat
1989 1045 2212 1114 gratiam
2240 1046 2306 1100 ad
2336 1046 2574 1114 singulos
2596 1055 2746 1100 actus
2772 1045 2980 1099 virtutis
3007 1042 3145 1109 dari,
3170 1056 3341 1112 neque
3365 1050 3443 1094 ta-

1855 1149 1977 1189 men
2020 1139 2267 1192 omnibus
2316 1135 2626 1192 ministrari.
2665 1138 2882 1191 Brevius
2909 1136 3048 1190 idem
3093 1133 3253 1189 tradit
3278 1133 3437 1200 epist.

1857 1228 1981 1296 107,
2029 1229 2096 1283 ad
2144 1230 2370 1284 Vitalem
2408 1248 2420 1283 :
2460 1248 2477 1280 ι
2512 1230 2727 1285 Scimus
2756 1227 3025 1298 (gratiam)
3057 1226 3347 1295 majoribus
3376 1223 3441 1278 ad

1856 1320 2096 1388 singulos
2138 1330 2289 1374 actus
2314 1320 2449 1374 dari.
2483 1320 2693 1375 Scimus
2720 1334 2827 1375 non
2866 1320 3108 1373 omnibus
3139 1315 3443 1371 hominibus

1855 1410 1991 1465 dari.
2032 1429 2050 1461 ι
2087 1410 2155 1464 Ει.
2194 1411 2286 1465 lib.
2322 1428 2369 1464 iv
2401 1411 2589 1479 Operis
2636 1409 2851 1478 impert”.
2901 1424 3018 1479 cap.
3054 1406 3176 1472 128,
3206 1406 3441 1462 scribit:

1862 1522 1880 1553 s
1902 1503 2130 1558 Proinde
2149 1503 2454 1558 hominibus
2481 1512 2667 1558 natura
2694 1503 2818 1557 filiis
2849 1503 2940 1556 ira;
2961 1502 3156 1555 dantur
3179 1506 3445 1569 praecepta

1857 1597 2092 1666 vivendi,
2120 1598 2245 1667 quia
2275 1597 2430 1652 datur
2460 1607 2517 1653 et
2552 1599 2742 1667 gratia,
2773 1606 2830 1651 ut
2858 1596 2947 1664 qui
2988 1595 3159 1663 jubet,
3182 1592 3348 1663 juvet,
3384 1603 3448 1644 ac

1858 1687 1936 1741 sic
1959 1688 2098 1741 mala
2121 1703 2225 1741 non
2250 1688 2422 1742 solum
2448 1703 2568 1757 quae
2583 1688 2857 1742 voluntate
2876 1685 3270 1751 addita,verutn
3284 1682 3447 1736 etiam

1859 1792 1980 1847 qua:
2025 1788 2150 1832 sunt
2183 1788 2539 1846 congenerata
2570 1778 2875 1831 vincantur.
2908 1774 3062 1843 Quod
3097 1772 3239 1828 enim
3273 1771 3447 1825 homi-

162 1862 359 1917 mentis
388 1863 486 1917 sibi
511 1864 883 1932 inhaerentem,
916 1883 1023 1923 non
1067 1870 1358 1941 indiguerit
1396 1877 1639 1931 oratione
1686 1877 1753 1931 ad
1785 1878 1833 1937 B
1860 1867 2018 1922 nibus
2049 1867 2383 1936 imDOSSibile
2426 1876 2527 1932 est.
2557 1866 2669 1922 D80
2706 1866 2860 1922 ‘30“8
2894 1873 2995 1919 θεία
3027 1862 3230 1930 Quibus
3267 1870 3448 1915 amem

162 1951 560 2008 observandum
583 1955 749 2010 ullum
774 1967 1119 2028 praeceptum.
1145 1962 1269 2017 Scio
1295 1967 1621 2021 recentiores
1649 1966 1752 2021 hoc

162 2044 409 2101 ultimum
442 2048 519 2102 uti
548 2064 811 2119 nuperum
840 2052 1166 2121 paradoxum
1186 2070 1292 2112 non
1316 2060 1636 2127 approbare,
1656 2062 1751 2115 sed

162 2137 327 2206 plane
377 2149 461 2193 est
515 2141 852 2210 apertissima
895 2147 1157 2201 sententia
1200 2148 1479 2218 Augustini
1536 2152 1629 2206 lib.
1699 2168 1751 2208 vt

162 2230 357 2300 Operis
386 2234 621 2304 imperf.,
655 2251 775 2306 cap.
808 2238 899 2293 15.
938 2258 957 2290 ι
1006 2241 1305 2307 Dominica,
1362 2243 1549 2313 inquit,
1596 2256 1752 2301 testa-

165 2332 250 2376 tur
281 2327 479 2391 oratio,
511 2326 601 2383 ubi
628 2343 734 2384 non
761 2331 937 2385 solum
969 2333 1221 2402 dicimus,
1256 2335 1469 2391 Dimitte
1489 2339 1635 2394 nobis
1666 2342 1757 2394 de-

165 2422 293 2487 bita,
319 2434 535 2493 propter
555 2425 693 2480 mala
724 2442 843 2496 quae
860 2428 1115 2496 fecimus,
1133 2448 1316 2487 verum
1339 2434 1521 2501 etiam;
1550 2435 1635 2489 Ne
1660 2454 1756 2491 nos

166 2513 365 2582 inferas
412 2517 464 2569 in
505 2518 851 2584 tentatianem,
882 2530 1100 2591 propter
1145 2522 1245 2577 hoc
1288 2526 1468 2595 utique
1497 2542 1566 2582 ne
1615 2529 1754 2582 mala

164 2606 457 2673 faciamus;
493 2610 633 2665 unde
661 2620 715 2666 et
762 2612 1051 2681 Apostolus
1090 2613 1260 2671 dicit:
1323 2616 1544 2671 Oramus
1590 2628 1759 2673 autem

167 2700 234 2752 ad
261 2700 568 2771 Dominum,
600 2719 662 2756 ne
690 2704 814 2774 quid
839 2705 1041 2774 faciatis
1071 2706 1215 2759 mali.
1250 2706 1402 2773 Quod
1439 2709 1486 2762 si
1520 2709 1591 2764 ita
1617 2718 1760 2765 esset

171 2794 222 2847 in
252 2802 547 2861 potestate,
578 2795 844 2864 quomodo
864 2796 1100 2851 fuitante
1123 2806 1423 2865 peccatum,
1449 2801 1758 2869 priusquam

176 2894 326 2940 esset
373 2895 561 2941 natura
589 2888 820 2942 humana
854 2887 1057 2952 vitiata,
1090 2903 1193 2942 non
1221 2889 1402 2958 utique
1422 2904 1760 2944 poscensron

174 2993 415 3045 onmno,
446 2979 539 3035 sed
571 2981 779 3050 agendo
808 2980 986 3049 potius
1017 2990 1306 3036 teneretur.
1341 3000 1359 3033 ι

244 3073 451 3141 Quare,
484 3089 603 3129 cum
647 3088 715 3129 ex
748 3074 1045 3130 inhaerente
1082 3075 1283 3141 divino,
1315 3088 1486 3145 eoque
1512 3076 1626 3147 jugi
1669 3077 1763 3131 ad-

167 3167 370 3238 iutorio
391 3168 562 3223 Adam
584 3167 640 3222 in
667 3167 908 3237 quolibet
927 3179 1201 3223 momento
1225 3170 1479 3238 temporis
1505 3171 1764 3244 potuisset

1854 1974 1958 2014 non
2016 1976 2188 2014 parun
2235 1960 2424 2031 gratia,
2455 1968 2676 2029 pr0pter
2717 1972 2876 2027 quam
2924 1956 3122 2009 dictum
3165 1961 3270 2020 est,
3325 1951 3449 2016 Quis

1855 2053 1990 2106 enim
2036 2061 2082 2105 te
2134 2051 2415 2104 discernit?
2448 2050 2586 2115 Quid
2616 2060 2785 2103 autent
2814 2046 2967 2101 habes
2996 2045 3133 2115 quod
3169 2059 3273 2096 non
3304 2058 3451 2095 acce-

1860 2142 1983 2211 pisti
2011 2141 2059 2212 (ι
2097 2140 2216 2195 Car.
2250 2141 2368 2210 iv)?
2396 2142 2834 2212 pravaricatores
2850 2138 2986 2192 fiunt
3010 2134 3296 2191 accedente
3313 2135 3451 2202 lege,

1857 2248 1966 2287 non
1993 2233 2143 2301 justi.
2189 2231 2295 2287 Sed
2345 2231 2392 2286 si
2421 2247 2578 2301 quam
2610 2232 2675 2285 ad
2703 2230 2982 2285 utilitatem
3012 2227 3197 2281 vivunt
3226 2225 3454 2279 liliorum

1858 2323 2276 2389 misericordiae,
2312 2334 2368 2377 ut
2409 2338 2503 2377 eos
2532 2322 2798 2389 videntes,
2832 2329 2885 2375 et
2911 2318 3039 2389 quid
3083 2315 3185 2373 sibi
3213 2331 3317 2370 non
3344 2329 3455 2370 me-

1859 2416 1985 2481 rito,
2030 2415 2124 2469 sed
2151 2416 2321 2484 gratia
2353 2415 2609 2480 donetur,
2642 2412 3011 2483 intelligentes
3040 2425 3149 2466 non
3192 2408 3458 2464 extollan-

1860 2517 1969 2572 tur,
2003 2507 2097 2562 sed
2147 2507 2237 2575 qui
2284 2507 2543 2577 gloriatur
2585 2507 2638 2559 in
2688 2505 2921 2559 Domino
2965 2502 3239 2573 glorietur.
3277 2520 3297 2553 ι
3328 2501 3458 2569 Quae

1859 2600 2144 2655 sententiae
2173 2600 2371 2668 passim
2396 2598 2451 2653 in
2476 2597 2777 2667 Augustino
2803 2602 3111 2651 occurrunt.

1934 2694 2088 2762 Quod
2129 2703 2307 2748 autem
2368 2693 2481 2760 lex,
2511 2694 2577 2747 ad
2609 2692 2809 2747 boeut
2852 2689 3074 2759 obliget,
3110 2703 3219 2743 non
3270 2686 3461 2743 debeat

1860 2799 2165 2855 supponere
2206 2785 2257 2837 in
2305 2792 2562 2853 operante
2594 2782 2889 2851 potentiam
2922 2780 3217 2848 proximam
3268 2778 3335 2833 ad
3384 2780 3459 2831 fa-

1862 2878 2111 2934 ciendum
2142 2892 2277 2947 Opus
2321 2875 2463 2946 quod
2491 2875 2810 2944 imperatur,
2831 2882 2913 2930 est
2937 2885 3191 2928 constans
3216 2870 3460 2941 ejusdem

1862 2972 2034 3027 sancti
2062 2970 2237 3024 Patris
2265 2968 2507 3023 doctrina
2534 2976 2719 3023 contra
2752 2965 3087 3035 Pelagianos,
3120 2966 3233 3035 qui,
3266 2963 3345 3018 uti
3374 2962 3460 3017 vi-

1863 3063 2062 3126 dimus,
2095 3078 2159 3116 ex
2196 3068 2587 3130 praeceptorum
2629 3057 2970 3126 impositione
3002 3056 3247 3111 humanae
3275 3056 3465 3109 volun-

1866 3152 1992 3207 tatis
2011 3151 2310 3221 potentiam
2337 3149 2405 3203 ad
2430 3148 2679 3203 mandata
2698 3147 2937 3203 facienda
2960 3161 3078 3204 cum
3102 3147 3465 3217 cujuscunque

169 3260 348 3330 legem
378 3261 623 3330 implere,
658 3260 851 3316 frustra
881 3269 1088 3316 orasset
1117 3261 1284 3315 Deum
1313 3268 1374 3315 ut
1398 3260 1542 3316 vires
1570 3240 1672 3316 sibi
1699 3261 1767 3317 ad

1873 3242 2038 3298 divini
2082 3242 2329 3311 adjutorii
2363 3241 2672 3296 exclusione
2704 3240 3091 3310 praedicabant.
3123 3240 3328 3307 Quibus
3358 3242 3467 3295 Au~

171 3350 429 3406 mandata
464 3352 705 3408 facienda
730 3353 1077 3408 ministraret.
1110 3354 1250 3408 Vidit
1271 3354 1374 3408 ista
1399 3352 1770 3424 theologorum

172 3440 337 3511 hujus
350 3446 522 3498 nostri
544 3444 722 3499 smeuli
744 3444 1085 3500 acutissimus
1102 3445 1327 3501 Basilius
1340 3445 1590 3511 Poncius,
1610 3446 1700 3515 qui
1723 3447 1774 3501 in

174 3532 581 3591 Relectionibus
612 3537 680 3591 de
706 3538 895 3607 gratia,
930 3548 1068 3607 part.
1101 3554 1139 3604 ι,
1174 3553 1295 3608 cap.
1327 3538 1449 3606 ult.,
1488 3555 1608 3610 pag.
1644 3540 1771 3610 215,

172 3627 366 3681 scribit
395 3644 411 3681 :
446 3646 465 3679 ι
502 3629 674 3698 Atque
706 3630 807 3684 hoc
836 3641 918 3685 est
948 3630 1295 3700 adiutorium,
1324 3636 1465 3702 quod
1495 3648 1639 3703 saepe
1669 3636 1777 3689 Au-

172 3719 429 3786 gustinus
473 3718 601 3775 dicit
641 3721 904 3779 Adamum
948 3722 1221 3793 habuisse,
1269 3726 1412 3794 quod
1444 3741 1542 3781 nos
1584 3727 1636 3780 in
1677 3726 1779 3781 hoc

172 3819 323 3865 statu
353 3826 460 3868 non
513 3813 793 3882 habemus,
823 3817 942 3885 quia
974 3832 1082 3873 non
1128 3819 1387 3875 habemus
1427 3834 1526 3890 pro
1553 3819 1778 3890 singulis

182 3905 568 3961 occasionibus
596 3920 1000 3976 perseverantes
1022 3912 1369 3981 cogitationes
1390 3922 1444 3968 et
1469 3912 1779 3968 affectiones

174 3996 335 4066 beni,
370 4006 429 4052 ut
456 4007 640 4054 notum
670 4009 774 4055 est.
813 4000 967 4058 Unde
1010 4003 1249 4058 Adamus
1299 4020 1403 4059 non
1435 4006 1626 4075 egebat
1653 4021 1777 4060 ora-

177 4089 332 4144 tione
375 4098 436 4145 ut
470 4092 794 4159 adjutorium
843 4094 977 4149 illud
1006 4103 1365 4165 compararet,
1399 4100 1521 4166 quia
1544 4098 1653 4166 jam
1688 4092 1779 4153 Dei

178 4198 413 4241 munere
442 4200 565 4242 cum
607 4188 720 4258 ipsa
752 4197 943 4243 natura
972 4190 1267 4259 ingenitum
1297 4201 1434 4259 erat,
1459 4192 1554 4247 sed
1583 4192 1781 4260 gratia-

180 4292 302 4332 rum
336 4278 547 4335 actione
570 4295 665 4349 pro
695 4289 847 4336 tanto
868 4282 1151 4352 beneficio,
1176 4284 1314 4353 quod
1340 4299 1369 4337 a
1398 4284 1509 4338 Deo
1534 4285 1586 4337 in
1611 4285 1781 4354 prima

191 4369 273 4424 sui
304 4370 518 4440 origine
543 4381 844 4442 acceperat.
885 4393 903 4424 ι
934 4373 1116 4444 Neque
1143 4384 1289 4430 recte
1316 4374 1585 4429 diceretur
1612 4375 1780 4429 Adam

196 4462 553 4519 intensiorem
584 4466 807 4535 gratiam
842 4467 1079 4536 potuisse
1120 4476 1325 4536 petere,
1354 4474 1413 4521 ut
1451 4466 1658 4522 facilius
1702 4466 1779 4522 le-

196 4568 327 4623 gem
378 4556 644 4624 impleret.
696 4558 907 4613 Etenim
956 4573 1149 4613 vanum
1196 4559 1404 4624 fuisset,
1434 4574 1599 4613 novas
1639 4560 1783 4614 vires

1879 3337 2122 3407 gustinus
2150 3350 2271 3389 cum
2300 3334 2520 3405 collegis
2558 3334 2826 3389 Africanis
2860 3334 3148 3403 respondet
3190 3332 3349 3403 epist.
3377 3332 3469 3399 93,

1880 3430 1949 3484 ad
2008 3430 2375 3485 Innocentium
2407 3444 2599 3498 papam
2636 3446 2649 3482 :
2687 3447 2705 3480 ι
2746 3426 3125 3497 Distinguenda
3169 3434 3253 3480 est
3290 3426 3373 3481 lex
3417 3433 3469 3480 et

1879 3524 2069 3594 gratia.
2094 3524 2201 3578 Lex
2225 3524 2417 3593 jubere
2445 3524 2613 3591 novit,
2636 3522 2805 3593 gratia
2828 3521 3035 3590 juvare.
3062 3520 3167 3576 Nec
3202 3520 3287 3575 lex
3311 3520 3470 3588 jube-

1879 3622 1984 3678 rct,
2012 3615 2112 3669 nisi
2141 3624 2284 3670 esset
2305 3613 2570 3680 voluntas,
2595 3629 2693 3685 nec
2720 3613 2891 3683 gratia
2914 3613 3145 3683 juvaret,
3165 3612 3209 3666 si
3230 3620 3313 3667 sat
3332 3619 3471 3667 esset

1881 3706 2145 3759 voluntas.
2192 3724 2210 3757 ι
2249 3705 2438 3760 Postea
2487 3705 2768 3760 inculcatis
2806 3705 2973 3759 sacris
3021 3703 3375 3767 testimoniis,
3420 3704 3471 3757 in

1881 3797 2072 3866 quibus
2090 3798 2173 3850 lex
2185 3805 2238 3851 et
2259 3796 2431 3850 oratio
2452 3805 2783 3859 asseruntur,
2803 3794 3110 3850 concludit:
3135 3794 3168 3865 r"
3182 3793 3327 3848 Sicut
3341 3809 3470 3863 ergo

1881 3891 2222 3959 agnoscimus
2252 3889 2604 3953 voluntatem,
2636 3902 2757 3942 cum
2807 3888 2923 3942 haec
2964 3885 3364 3956 praecipiuntur,
3397 3885 3473 3941 sic

1882 3992 1937 4035 et
1967 3983 2081 4051 ipse
2112 3982 2610 4051 agnoseatgratiam
2643 3996 2762 4035 cum
2792 3988 3063 4049 petuntur.
3104 3999 3122 4031 ι
3156 3979 3331 4046 Quare
3351 3994 3474 4034 cum

1884 4075 2114 4128 instante
2147 4073 2387 4143 quolibet
2413 4083 2680 4142 prmcepto
2707 4071 2853 4141 legis,
2889 4073 3053 4126 homo
3085 4085 3187 4127 non
3213 4070 3474 4137 irrisorie,

1881 4166 1974 4221 sed
2005 4165 2271 4220 veraciter
2295 4166 2461 4220 Deum
2491 4164 2684 4218 debeat
2711 4178 2890 4229 orare,
2913 4172 2972 4217 ut
2998 4162 3099 4217 sibi
3129 4163 3351 4232 gratiam
3381 4162 3467 4217 do-

1883 4266 1974 4311 net
2017 4256 2085 4311 ad
2133 4255 2437 4311 faciendum
2489 4255 2823 4320 mandatum,
2857 4255 3065 4323 signum
3118 4264 3198 4309 est
3244 4254 3476 4311 divinam

1882 4351 2107 4419 gratiam
2143 4348 2502 4405 necessariam
2531 4347 2599 4401 ad
2628 4347 3025 4416 exsequendum
3070 4362 3203 4416 opus
3243 4346 3477 4417 impera-

1884 4453 1996 4499 tum
2026 4460 2133 4499 non
2177 4444 2366 4499 adesse
2408 4444 2463 4498 in
2504 4441 2752 4497 omnibus
2800 4452 2855 4496 et
2883 4442 3107 4511 singulis
3149 4443 3475 4519 momentis;

1886 4555 2033 4607 nam,
2066 4548 2124 4593 ut
2161 4540 2354 4593 clamat
2411 4538 2607 4608 ubique
2662 4552 2887 4607 magnus
2923 4536 3126 4601 doctor,
3168 4555 3188 4588 ι
3225 4537 3269 4591 si
3324 4537 3477 4592 adest

190 4655 381 4713 petere
401 4646 457 4698 in
482 4656 623 4701 tanta
647 4664 749 4703 non
770 4650 1012 4720 peccandi
1034 4650 1301 4719 facilitate,
1328 4660 1387 4706 ut
1416 4650 1643 4720 loquitur
1662 4666 1768 4705 san«

1889 4632 2237 4702 possibilitas,
2267 4630 2450 4702 utquid
2481 4630 2674 4686 orant?
2703 4649 2722 4682 ›
2750 4630 2866 4685 Lib.
2893 4628 2960 4684 de
2986 4629 3184 4684 Natura
3209 4637 3262 4683 et
3286 4628 3475 4699 gratia,

185 4742 310 4790 ctus
332 4734 494 4791 Pater
512 4751 631 4807 cap.
654 4739 743 4793 12.
772 4740 988 4795 Poterat
1018 4750 1193 4796 tamen
1217 4741 1385 4797 Deum
1412 4756 1567 4798 orare
1587 4750 1645 4797 ut
1667 4753 1785 4811 tens-

187 4835 425 4883 tatorem
466 4831 653 4898 procul
694 4840 927 4900 arceret,
962 4847 1032 4888 ne
1060 4832 1126 4887 ad
1174 4834 1373 4889 malum
1421 4835 1780 4903 pelliceretur,

184 4923 273 4977 vel
319 4921 550 4979 cadendi
592 4924 832 4994 periculo
860 4925 1271 4981 vicinuslieret.
1303 4926 1373 4979 At
1400 4928 1571 4994 posita
1610 4934 1785 4979 tenta-

186 5012 339 5070 tione
379 5015 716 5084 neutiquam,
746 5016 845 5072 nisi
879 5016 1133 5085 inaniter,
1160 5031 1189 5071 a
1229 5016 1342 5072 Deo
1372 5016 1615 5085 petiisset
1643 5018 1786 5072 vires

186 5106 365 5162 eidem
396 5108 706 5164 resistendi.
741 5111 799 5164 ln
827 5118 972 5166 statu
1017 5119 1196 5165 autem
1225 5119 1427 5165 naturae
1459 5109 1624 5178 lapsae
1652 5108 1782 5165 illud

188 5197 519 5265 adjutorium
545 5215 645 5270 pro
672 5201 923 5256 omnibus
950 5210 1006 5256 et
1052 5200 1278 5273 singulis
1319 5203 1606 5256 momentis
1653 5215 1782 5269 pro-

190 5286 341 5342 xime
387 5290 661 5348 sufﬁciens
689 5307 798 5347 non
840 5305 1055 5361 semper
1091 5298 1288 5362 praesto
1326 5299 1411 5347 est
1454 5291 1781 5359 hominibus,

190 5378 343 5434 unde
365 5382 662 5439 necessitas
687 5384 949 5439 orationis
976 5384 1175 5450 elucet,
1196 5398 1305 5454 qua
1334 5399 1586 5454 rogamus
1614 5384 1783 5440 Deum

195 5479 255 5523 ut
279 5471 533 5526 mandata
561 5474 728 5542 ipsius
757 5475 983 5546 implere
1011 5475 1297 5544 possimus.
1328 5475 1463 5531 Hinc
1478 5475 1665 5531 scribit
1684 5474 1783 5532 ibi-

195 5559 324 5614 dem
374 5563 741 5632 Augustinus:
780 5584 800 5618 ι
849 5565 975 5621 ldeo
1015 5564 1071 5620 in
1121 5564 1225 5621 hoc
1271 5581 1444 5637 agone
1486 5566 1655 5637 magis
1686 5582 1784 5623 nos

195 5652 344 5708 Dens
387 5655 558 5711 voluit
606 5657 939 5714 orationibus
985 5667 1196 5715 certare
1221 5674 1382 5730 quam
1410 5660 1631 5729 viribus,
1661 5661 1784 5733 quia

193 5755 251 5800 et
278 5747 428 5816 ipsas
454 5753 620 5823 vires,
649 5760 877 5823 quantas
903 5752 992 5808 hic
1022 5752 1221 5809 habere
1244 5768 1344 5810 nos
1364 5755 1639 5825 competit,
1670 5754 1786 5823 ipse

196 5839 573 5899 subministrat
615 5846 965 5914 certantibus,
998 5859 1157 5916 quem
1183 5860 1453 5916 rogamus.
1485 5848 1544 5904 Si
1571 5861 1703 5917 ergo
1733 5846 1785 5904 bi

1887 4742 2008 4796 cap.
2038 4726 2130 4781 55.
2162 4726 2286 4780 Haec
2313 4725 2575 4787 doctrina,
2600 4738 2719 4793 quae
2752 4724 2907 4791 plane
2929 4723 3205 4778 veriSsima
3229 4732 3331 4789 est,
3357 4736 3479 4791 pro-

1886 4819 2045 4873 batur
2072 4832 2137 4872 ex
2165 4815 2371 4887 synodo
2393 4814 2729 4882 Tridentina,
2750 4830 2885 4868 sess.
2918 4815 2950 4868 6
2979 4814 3047 4869 de
3070 4813 3477 4879 Justiﬁcatione,

1886 4925 2005 4979 cap.
2040 4910 2125 4972 11.
2153 4908 2243 4963 ubi
2274 4908 2347 4961 ait
2380 4925 2394 4961 :
2432 4925 2449 4958 ι
2488 4906 2629 4960 Deus
2662 4905 3011 4974 impossibilia
3043 4919 3146 4959 non
3179 4903 3353 4973 jubet,
3382 4904 3479 4959 sed

1882 5002 2121 5072 jubendo
2146 5010 2326 5056 monet
2349 5008 2403 5056 et
2433 5001 2606 5055 facere
2632 4999 2775 5070 quod
2806 4997 3004 5068 possis,
3039 5006 3092 5053 et
3122 5006 3305 5066 petere
3336 4996 3479 5068 quod

1886 5116 1996 5157 non
2029 5100 2223 5171 possis,
2254 5108 2309 5154 et
2336 5099 2552 5169 adjuvat
2582 5107 2641 5153 ut
2673 5097 2864 5167 possis.
2909 5117 2926 5149 ι
2962 5097 3060 5153 Est
3088 5098 3353 5152 sententia
3384 5112 3479 5153 ex-

1884 5196 2084 5268 scripta
2113 5212 2178 5251 ex
2206 5196 2346 5250 libro
2370 5194 2547 5250 sancti
2579 5194 2860 5264 Augustini
2890 5193 2956 5249 de
2982 5192 3184 5248 Natura
3209 5200 3265 5248 et
3282 5193 3476 5263 gratia,

1883 5304 2002 5360 cap.
2030 5290 2120 5356 45,
2150 5296 2208 5344 et
2234 5287 2358 5343 licet
2381 5287 2470 5342 illa
2491 5294 2759 5357 postrema
2784 5284 2967 5351 verba,
2988 5294 3037 5341 et
3056 5284 3265 5349 adjuvat
3291 5294 3347 5338 ut
3368 5301 3480 5354 pos-

1883 5382 1977 5447 sis,
2011 5397 2116 5436 non
2138 5388 2451 5436 asserantur
2480 5378 2729 5447 explicite
2755 5378 2823 5432 ab
2865 5378 3190 5446 Augustino,
3222 5376 3480 5432 subintel-

1886 5474 2159 5546 liguntur;
2197 5488 2319 5528 nam
2348 5473 2392 5528 si
2422 5472 2491 5527 ab
2520 5471 2611 5526 illo
2641 5470 2776 5539 petis
2820 5479 2878 5525 ut
2908 5472 3102 5540 possis,
3142 5469 3351 5540 signum
3396 5477 3481 5526 est

1887 5569 2032 5639 quod
2058 5568 2149 5623 ille
2178 5576 2261 5622 est
2288 5566 2376 5636 qui
2403 5564 2620 5635 adjuvat
2644 5572 2701 5618 ut
2726 5563 2919 5633 possis.
2953 5562 3062 5619 Sed
3090 5562 3300 5632 plenam
3326 5577 3475 5617 eam-

1889 5662 2012 5717 dem
2059 5660 2382 5718 sententiam
2421 5674 2486 5714 ex
2521 5667 2677 5714 tract.
2708 5656 2776 5711 55
2807 5659 2861 5712 in
2899 5657 3157 5714 Joannem
3197 5655 3429 5711 exhibeo
3458 5669 3475 5708 :

1899 5774 1917 5807 r
1951 5753 2059 5809 Sed
2086 5752 2387 5820 audiamus,
2420 5749 2613 5820 inquit,
2657 5749 2941 5804 Dominum
2971 5758 3025 5804 et
3057 5746 3475 5817 praecipientem,

1891 5862 1945 5902 et
1990 5844 2363 5915 opitulantem,
2393 5851 2447 5900 et
2471 5842 2751 5914 jubentem
2794 5842 2915 5915 quid
2962 5841 3135 5899 facere
3160 5838 3473 5905 debeamus,
