3962 6346
546 332 651 392 675

1436 329 1992 392 SUPPLEMENTUM
2030 331 2123 390 AD
2161 334 2391 398 OPEltA
2431 335 2488 393 5.
2533 333 2925 394 AUGUSTINI.

3711 335 3815 388 ωε

533 455 586 505 et
614 446 980 517 adiuvantem,
1002 454 1057 502 ut
1087 445 1306 515 implere
1335 446 1619 516 possimus.
1654 447 1842 506 Prcmo
1878 447 1968 503 illa
1998 461 2119 504 san-
2146 453 2200 518 Α
2224 447 2562 519 Pelagianum
2578 450 2798 506 verbum
2811 450 3200 521 supponitis,et
3221 449 3630 519 quaerentibusa
3656 448 3818 506 vobis

531 548 633 595 (ita:
665 540 858 609 synodi
889 556 957 595 ex
983 540 1279 610 Augustino
1308 539 1491 608 verba,
1529 550 1579 595 et
1620 549 1789 611 petere
1836 542 1972 611 quod
2019 557 2118 596 non

534 633 700 702 possis
731 649 751 698 ;
780 647 907 701 ergo
950 631 1074 687 dum
1107 634 1266 702 petis,
1299 633 1384 688 vel
1421 633 1584 690 etiam
1629 643 1914 705 antequam
1946 644 2114 704 petas,

536 732 648 777 stas
675 724 773 778 sub
804 724 920 794 lege
967 723 1332 794 praecipiente,
1359 734 1417 781 et
1444 725 1677 782 nondum
1702 725 1867 784 habes
1894 727 2118 796 gratiam

531 811 890 882 adiuvantem,
923 823 1048 870 tunc
1077 816 1218 872 enim
1268 831 1372 870 non
1425 827 1575 886 potes
1621 819 1795 875 facere
1845 820 1987 887 quod
2032 820 2116 876 lex

526 902 699 972 iubet.
731 905 906 972 Quare
933 915 1181 962 errarunt
1205 906 1496 978 Pelagiani,
1530 908 1620 979 qui
1661 925 1726 965 ex
1774 911 1891 981 lege
1939 911 2025 967 hic
2066 921 2119 968 et

532 1011 676 1051 nunc
719 997 990 1068 obligante
1014 999 1386 1058 existimarunt
1410 1001 1682 1057 hominem
1712 1017 1869 1073 posse
1897 1002 2130 1063 suismet,

534 1087 740 1144 viribus
767 1091 984 1160 exsequi
1011 1091 1290 1162 imperata.
1328 1093 1454 1148 lnde
1479 1095 1640 1150 etiam
1669 1095 1978 1165 reiiciuntur
2006 1097 2120 1166 plu-

532 1197 622 1239 res
650 1185 912 1256 theologi,
935 1187 1026 1256 qui
1058 1193 1245 1256 putant
1269 1187 1439 1257 legem
1463 1203 1568 1244 non
1595 1203 1750 1258 posse
1778 1189 1866 1244 hic
1893 1198 1948 1248 et
1977 1203 2118 1246 nunc

531 1277 792 1348 obligare,
816 1279 922 1334 nisi
962 1279 1097 1336 adsit
1126 1282 1296 1351 gratia
1340 1281 1632 1351 adiuvans;
1666 1298 1788 1340 nam
1819 1283 1948 1339 dum
1991 1286 2118 1354 petis

532 1383 590 1427 ut
619 1375 807 1444 possis,
834 1376 1076 1445 profecto
1116 1378 1284 1432 sentis
1313 1386 1365 1432 te
1404 1378 1580 1448 urgeri
1625 1387 1915 1448 praecepto,
1941 1387 1996 1434 et
2041 1379 2117 1434 si-

525 1464 637 1520 mul
665 1466 945 1535 cognoscis
977 1475 1028 1522 te
1055 1467 1363 1522 destitutum
1391 1470 1560 1538 gratia
1592 1470 1841 1538 proxime
1867 1483 2118 1526 necessa-

526 1558 604 1614 ria
656 1559 722 1614 ad
765 1573 898 1629 opus
935 1559 1280 1630 implendum,
1317 1561 1457 1616 unde
1487 1576 1611 1617 oras
1640 1570 1696 1617 ut
1738 1561 1982 1619 eamdem
2023 1560 2119 1617 tibi

529 1650 671 1706 Deus
703 1652 975 1724 largiatur.
1001 1653 1098 1707 Hic
1124 1669 1249 1709 vero
1276 1653 1565 1723 reiicienda
1590 1663 1676 1710 est
1707 1655 1970 1711 sententia
1999 1653 2119 1710 illo-

532 1759 650 1800 rum
673 1746 765 1815 qui
797 1746 983 1800 dicunt
1008 1747 1236 1817 gratiam
1266 1747 1507 1816 proxime
1527 1745 1879 1802 sufﬁcientem
1903 1760 2119 1815 semper

2221 558 2388 614 quare
2425 554 2669 601 mortuus
2699 542 2770 599 sit
2797 543 3063 611 Christus,
3093 544 3139 598 si
3169 553 3356 599 natura
3383 546 3468 598 vel
3507 543 3595 600 lex
3640 541 3816 599 efﬁcit

2218 637 2412 707 iustos,
2437 637 2794 708 respondetis,
2819 646 2876 692 ut
2895 636 2998 693 hoc
3022 635 3197 707 ipsum
3219 637 3421 708 facilius
3453 636 3624 702 ﬁeret,
3656 633 3814 705 quasi

2227 737 2429 799 posset,
2453 729 2698 798 quamvis
2729 729 3019 798 difﬁcilius,
3049 729 3162 785 fieri
3195 736 3372 785 tamen
3398 729 3511 783 sive
3533 743 3628 798 per
3653 738 3812 784 natu-

2219 837 2355 891 ram,
2379 825 2490 880 sive
2511 837 2607 892 per
2631 823 2822 892 legem.
2841 822 3073 894 (Poteris
3100 821 3446 886 addere,sive
3468 836 3563 890 per
3587 821 3808 891 gratiam

2218 915 2573 972 sufﬁcientem
2589 930 2884 972 connexam
2902 917 3208 973 necessario
3222 929 3344 972 cum
3369 915 3484 986 lege
3494 911 3810 985 obligante.)

2222 1005 2454 1073 Christe,
2488 1008 2775 1077 responde,
2803 1007 2959 1064 vince
2981 1015 3146 1079 atque
3167 1008 3445 1074 convince,
3467 1008 3642 1063 clama
3675 1022 3690 1060 :
3722 1003 3812 1060 Si-

2220 1118 2284 1157 ne
2311 1119 2389 1157 me
2410 1103 2540 1160 nihil
2569 1103 2776 1176 potestis
2807 1106 2972 1174 facere
3002 1101 3183 1176 (Joan.
3215 1119 3306 1171 xv,
3327 1101 3404 1172 5),
3431 1112 3488 1158 ut
3516 1109 3732 1156 taceant
3753 1101 3804 1153 hi

2220 1197 2308 1264 qui
2337 1196 2568 1252 clamant
2601 1214 2614 1251 :
2643 1197 2758 1254 Etsi
2786 1195 3078 1263 difﬁcilius,
3102 1204 3280 1252 tamen
3310 1209 3596 1265 possumus
3617 1202 3673 1249 et
3694 1192 3808 1248 sine

2221 1296 2274 1345 te
2325 1288 2541 1357 facere;
2581 1300 2674 1345 aut
2721 1290 2765 1345 si
2819 1301 2996 1346 tacere
3051 1305 3160 1345 non
3206 1299 3446 1360 possunt,
3475 1286 3708 1355 scipsos
3754 1285 3807 1340 in

2219 1382 2452 1440 latebras
2501 1384 2706 1454 aliquas
2752 1384 2978 1450 ducant,
3029 1393 3088 1438 ut
3133 1383 3264 1437 alios
3318 1397 3424 1438 non
3463 1381 3743 1436 seducant.
3781 1395 3800 1430 s

2220 1475 2368 1532 Hanc
2413 1487 2649 1532 nostram
2696 1478 3014 1534 sententiam
3043 1475 3255 1532 erudite
3303 1474 3529 1531 Basilius
3577 1472 3806 1529 Peneius

2219 1567 2456 1624 defendit
2488 1579 2624 1638 part.
2666 1585 2682 1623 ι
2711 1568 2918 1626 Relect.
2965 1570 3034 1626 de
3057 1578 3221 1641 grat.,
3255 1585 3376 1639 cap.
3406 1570 3494 1647 is,
3523 1567 3618 1622 ubi
3647 1580 3802 1634 argu-

2220 1669 2399 1718 menta
2429 1663 2590 1719 solvit
2613 1664 2830 1731 Suarez,
2861 1673 2917 1719 et
2942 1664 3206 1734 Vasqucz,
3237 1665 3326 1734 qui
3350 1664 3582 1734 ingenue
3611 1663 3806 1719 fatetur

2223 1755 2334 1820 1-2,
2359 1757 2498 1826 disp.
2529 1755 2650 1822 159,
2671 1773 2793 1828 cap.
2812 1759 2868 1825 4,
2886 1773 3036 1814 num.
3060 1757 3152 1825 36,
3172 1760 3527 1830 Augustinum

525 1841 735 1908 adesse,
762 1855 862 1896 nec
889 1855 1120 1911 unquam
1171 1842 1340 1912 legem
1377 1842 1619 1912 obligare
1648 1841 1752 1896 nisi
1780 1840 1918 1898 adsit
1942 1839 2110 1911 gratia
2142 1852 2190 1914 Β
2219 1847 2317 1904 hac
2345 1848 2458 1918 ipsa
2487 1849 2750 1905 sententia
2773 1865 2932 1919 quam
2961 1851 3209 1920 exposui.

525 1935 809 2004 adiuvans,
843 1935 979 1990 alias
1034 1935 1195 1991 homo
1240 1937 1311 1992 ob
1361 1936 1728 2007 impotentiam
1765 1943 2115 1993 excusaretur

531 2028 598 2082 ab
628 2029 1008 2084 observatione
1046 2030 1196 2101 legis.

597 2140 730 2197 Nam
761 2143 808 2198 si
834 2144 940 2212 lex,
977 2153 1034 2198 ut
1069 2143 1289 2214 obliget,
1320 2157 1532 2215 semper
1563 2144 1726 2200 infert
1753 2141 2118 2200 assistentiam

529 2235 715 2303 gratiae
756 2234 1094 2303 sufﬁcientis,
1131 2245 1451 2304 sequeretur
1493 2236 1716 2306 gratiam
1763 2234 2118 2291 sufﬁcientem

523 2327 589 2382 ad
621 2327 1053 2384 observationem
1082 2329 1214 2400 legis
1235 2330 1595 2385 necessariam
1626 2344 1731 2384 non
1764 2328 1928 2384 fuisse
1956 2329 2121 2383 amis-

529 2434 644 2474 sam
674 2436 739 2476 ex
765 2433 986 2492 peccato
1013 2421 1165 2489 Adae,
1193 2422 1334 2493 quod
1363 2424 1487 2478 licet
1524 2437 1552 2476 a
1588 2421 1826 2492 pluribus
1856 2420 2120 2478 conceda-

528 2519 636 2581 tur,
671 2523 796 2582 puto
840 2528 959 2570 esse
1004 2514 1370 2570 falsissimum.
1410 2514 1672 2570 Probatur
1705 2514 1963 2585 sequela:
1997 2529 2119 2568 nam

520 2603 687 2658 Adam
715 2620 812 2675 per
839 2615 1112 2676 peccatum
1138 2623 1242 2661 non
1264 2607 1463 2663 exemit
1495 2607 1740 2664 homines
1769 2622 1800 2663 a
1828 2607 1944 2678 lege
1966 2605 2118 2661 natu;

522 2694 642 2762 rali,
675 2695 788 2750 haec
815 2697 958 2751 enim
1008 2698 1093 2753 lex
1125 2698 1346 2767 perinde
1379 2699 1596 2769 obligat,
1631 2698 1837 2754 Adamo
1863 2705 2119 2768 peccante

525 2787 608 2841 vel
650 2803 754 2844 non
788 2798 1075 2859 peccante;
1108 2805 1238 2860 ergo
1266 2791 1313 2846 si
1342 2801 1396 2846 ut
1431 2791 1519 2847 lex
1550 2791 1751 2862 obliget
1794 2789 1954 2846 habet
1991 2804 2120 2844 con-

525 2893 721 2934 nexam
769 2881 1130 2937 assistentiam
1180 2883 1367 2953 gratiae
1403 2883 1741 2952 sufﬁcientis,
1792 2885 1909 2939 haec
1947 2884 2119 2954 gratia

520 2970 818 3039 sufﬁciens,
845 2973 959 3030 sive
1000 2981 1177 3030 stante
1199 2976 1416 3046 ,Adamo
1453 2976 1567 3031 sive
1597 2975 1842 3041 cadente,
1875 2989 2118 3030 connexa

521 3072 638 3119 erat
664 3079 788 3122 cum
817 3065 935 3137 lege
977 3078 1135 3140 prout
1164 3068 1470 3139 obligante;
1501 3083 1631 3140 ergo
1658 3083 1761 3124 non
1795 3068 1891 3122 fuit
1919 3069 2118 3124 amissa

522 3169 588 3211 ex
617 3167 837 3226 peccato
863 3159 1023 3227 primi
1053 3159 1505 3232 parentis.Probo
1532 3159 1691 3215 modo
1721 3159 1866 3214 illam
1894 3160 2116 3229 gratiam

2293 1941 2403 1997 Lex
2429 1942 2589 2011 igitur
2615 1958 2681 1998 ex
2724 1946 3020 2014 Augustino
3045 1945 3245 2001 homini
3273 1945 3395 2001 data
3421 1956 3506 2002 est
3525 1985 3542 2012 ,
3579 1959 3688 2001 non
3729 1957 3788 2001 ut

2221 2050 2342 2091 cum
2369 2037 2541 2106 gratia
2565 2036 2853 2093 sufﬁcienti
2880 2053 3063 2095 secum
3092 2042 3403 2096 necessario
3430 2054 3676 2097 connexa
3700 2040 3802 2096 ho-

2220 2131 2392 2186 mines
2418 2132 2745 2202 agendorum
2766 2134 3073 2204 cognitione
3093 2135 3384 2190 instructos
3400 2134 3466 2189 ad
3489 2148 3654 2204 opera
3678 2149 3791 2204 pm

2219 2231 2372 2289 cepta
2402 2222 2669 2293 implenda
2688 2225 2922 2295 iuvaret,
2951 2226 3047 2282 sed
3076 2226 3146 2283 ob
3167 2226 3271 2282 hoc
3294 2225 3416 2282 data
3444 2236 3529 2282 est
3557 2235 3618 2281 ut
3644 2226 3802 2282 homo

2219 2325 2446 2370 conatus
2484 2316 2662 2373 facere
2704 2333 2827 2388 quae
2864 2328 3128 2389 praecepta
3169 2329 3344 2385 erant,
3375 2327 3428 2374 et
3453 2333 3684 2375 cernens
3710 2333 3802 2388 per

2231 2418 2406 2464 semet
2436 2409 2525 2465 illa
2555 2412 2774 2481 exsequi
2823 2427 2930 2466 non
2979 2425 3158 2480 posse,
3188 2411 3379 2482 gratias
3404 2411 3662 2466 auxilium
3707 2412 3802 2465 im-

2222 2501 2476 2570 ploraret.
2510 2503 2635 2558 Haec
2678 2502 2865 2559 scribit
2907 2502 2974 2558 ad
3014 2503 3361 2558 Anastasium
3392 2501 3628 2571 epistola
3661 2500 3798 2554 LM:

2228 2612 2246 2645 t
2283 2593 2394 2648 Lex
2421 2594 2599 2665 itaque
2641 2595 2886 2651 docendo
2935 2605 2989 2651 et
3029 2595 3268 2665 iubendo
3295 2596 3436 2666 quod
3479 2594 3599 2650 sine
3636 2592 3800 2664 gratia

2221 2684 2432 2753 impleri
2474 2701 2576 2741 non
2609 2694 2802 2756 potest,
2839 2686 3045 2742 homini
3095 2687 3428 2744 demonstrat
3467 2701 3623 2742 suam
3656 2684 3801 2742 inﬁr-

2221 2782 2487 2848 mitatem,
2519 2792 2579 2837 ut
2607 2791 2812 2853 quaerat
2843 2783 3208 2839 demonstrata
3241 2782 3523 2838 inﬁrmitas
3561 2779 3800 2838 Salvato-

2222 2887 2366 2943 rem,
2391 2890 2421 2929 a
2444 2891 2549 2945 quo
2578 2883 2764 2932 sanata
2788 2877 3035 2932 voluntas
3063 2876 3252 2947 possit,
3284 2875 3426 2946 quod
3454 2874 3667 2930 inﬁrma
3694 2888 3797 2929 non

2225 2976 2423 3036 posset.
2467 2988 2485 3021 ι
2520 2968 2664 3024 ldem
2693 2969 2909 3024 tradunt
2948 2970 3232 3040 Augustini
3259 2969 3532 3040 discipuli,
3575 2967 3798 3038 Fulgen-

2222 3058 2349 3125 tius,
2381 3059 2473 3115 lib.
2508 3075 2543 3114 ll
2575 3060 2644 3116 de
2670 3061 2839 3117 Verit.
2876 3062 3150 3131 prmdest.,
3174 3076 3296 3132 cap.
3327 3061 3359 3113 li
3386 3080 3398 3114 :
3435 3079 3454 3112 ‹
3493 3062 3629 3116 Dum
3650 3075 3793 3130 ergo,

2222 3155 2317 3221 ait,
2350 3155 2656 3224 praecipitur
2680 3155 2836 3212 nobis
2860 3165 2917 3210 ut
2948 3156 3194 3221 velimus,
3227 3155 3531 3212 ostenditur
3550 3154 3678 3224 quid
3709 3153 3798 3208 ha-

529 3248 889 3306 sufﬁcientem
937 3229 1070 3308 esse
1105 3254 1359 3309 amissam
1403 3261 1720 3325 argumento
1766 3253 1978 3322 eodem,
2011 3269 2116 3323 quo
2145 3229 2192 3296 ο
2225 3245 2353 3300 bere
2382 3246 2699 3303 debeamus.
2751 3247 2861 3303 Sed
2912 3248 3032 3317 quia
3066 3248 3120 3304 id
3151 3264 3216 3304 ex
3262 3247 3419 3304 nobis
3451 3247 3652 3303 habere
3697 3236 3796 3300 no.1!

530 3339 729 3398 Paulus
771 3342 838 3397 ad
869 3343 1042 3399 Galat.
1085 3359 1121 3400 ll
1153 3360 1278 3402 usus
1311 3354 1394 3402 est
1441 3346 1508 3401 ad
1552 3346 1982 3402 contundendam
2029 3361 2118 3401 su-

533 3433 772 3502 perbiam
805 3449 990 3490 eorum
1019 3437 1108 3507 qui
1140 3438 1388 3494 dicebant
1414 3439 1583 3510 legem
1611 3453 1769 3509 posse
1795 3438 2112 3509 iustiﬁcarc;

530 3526 708 3598 arguit
744 3527 999 3594 breviter,
1030 3530 1122 3585 sed
1175 3529 1496 3588 solidissima
1526 3552 1536 3585 :
1569 3531 1629 3589 Si
1659 3533 1793 3586 enim
1841 3548 1929 3601 per
1959 3532 2117 3603 legem

521 3616 745 3686 iustitia,
770 3632 888 3688 ergo
925 3618 1085 3690 gratis
1108 3618 1339 3675 Christus
1380 3628 1611 3676 mortuus
1638 3632 1731 3677 est.
1756 3620 1920 3692 Cujus
1961 3637 2117 3693 argu-

528 3708 696 3764 menti
731 3709 813 3765 vis
844 3718 953 3766 tota
995 3709 1046 3766 in
1080 3712 1180 3767 hoc
1209 3712 1453 3768 consistit
1480 3714 1622 3784 quod
1670 3716 1714 3770 si
1750 3715 1835 3771 lex
1866 3715 1977 3771 sola
2008 3716 2117 3771 suf-

527 3800 745 3857 ﬁciebat.
769 3801 835 3857 ad
867 3803 967 3859 hoc
999 3811 1057 3858 ut
1083 3802 1328 3859 homines
1368 3805 1705 3861 observando
1751 3816 2014 3878 praecepta
2058 3822 2117 3862 se

526 3891 841 3952 innocentes
869 3906 1271 3962 conservarent,
1295 3895 1538 3954 Christus
1566 3898 1729 3970 gratis
1759 3915 1944 3969 passus
1968 3899 2108 3955 dice-

523 3996 698 4044 retur.
725 3987 833 4044 Cur
878 3988 1019 4044 enim
1047 3990 1191 4046 venit
1221 3990 1272 4044 in
1319 3990 1598 4057 mundum,
1624 4007 1685 4048 ac
1733 4002 1810 4047 tot
1849 4001 2117 4049 tormenta

519 4079 703 4149 subiit,
729 4081 772 4135 si
804 4080 1017 4136 aliunde
1050 4097 1115 4137 ex
1146 4081 1282 4152 legis
1316 4081 1560 4138 doctrina
1592 4083 1838 4139 homines
1870 4092 2117 4154 poterant

521 4183 579 4226 se
601 4169 777 4242 iustos
806 4172 1060 4229 servare?
1087 4172 1204 4229 Jam
1230 4189 1359 4230 vero
1380 4175 1624 4230 eamdem
1655 4177 1765 4230 vim
1799 4175 1958 4232 habet
1985 4191 2116 4245 apo-

525 4261 652 4317 stoli
682 4264 1021 4319 ratiocinatio
1057 4272 1242 4320 contra
1267 4266 1487 4336 gratiam
1515 4265 1868 4322 sufficientem
1905 4286 1915 4320 :
1942 4266 1996 4322 Si
2027 4282 2120 4335 per

528 4353 700 4424 legem
728 4364 783 4411 et
810 4357 1036 4426 gratiam
1080 4358 1434 4415 sufﬁcientem
1466 4369 1676 4430 poterat
1706 4358 1867 4414 homo
1897 4360 2120 4429 implere

525 4453 694 4504 totam
725 4448 920 4518 legem,
953 4463 1080 4520 ergo
1112 4449 1358 4506 Christus
1388 4451 1554 4522 gratis
1582 4459 1821 4506 mortuus
1859 4458 1962 4506 est.
1989 4449 2119 4506 Res-

524 4543 838 4614 pondebunt
866 4544 1137 4600 Christum
1187 4545 1401 4600 venisse
1431 4553 1491 4599 ut
1521 4545 1901 4601 abundantiori
1947 4546 2118 4616 gratia

2222 3353 2530 3409 possumus,
2567 3341 2922 3398 admonemur
2964 3351 3077 3397 uta
3133 3356 3236 3412 quo
3265 3341 3424 3397 nobis
3466 3339 3629 3396 datur
3657 3353 3796 3410 pra-

2217 3441 2450 3502 ceptum,
2483 3433 2550 3489 ab
2581 3434 2697 3504 ipso
2727 3443 2969 3504 petamus
3017 3433 3295 3489 auxilium.
3334 3452 3353 3486 ι
3391 3433 3456 3488 Et
3485 3431 3720 3503 Prosper
3747 3431 3796 3485 in

2217 3527 2445 3596 epistola
2494 3529 2560 3582 ad
2614 3529 3046 3585 Demetriadem:
3078 3548 3097 3580 ‹
3131 3528 3239 3584 Nec
3275 3528 3347 3584 ob
3377 3527 3524 3582 aliud
3569 3537 3797 3594 unquam

2217 3619 2378 3675 datur
2407 3629 2757 3691 praeceptum,
2790 3621 2893 3676 nisi
2925 3630 2985 3676 ut
3007 3629 3279 3692 quaeratur
3308 3619 3677 3692 praecipientis
3707 3632 3795 3673 au-

2222 3712 2434 3768 xilium.
2478 3732 2496 3766 ι
2532 3713 2696 3784 lgitur
2719 3713 2805 3769 lex
2845 3728 2950 3768 non
2978 3712 3142 3769 infert
3175 3712 3468 3782 potentiam
3501 3710 3791 3782 proximam

2221 3802 2512 3857 voluntatis
2534 3801 2761 3856 faciendi
2790 3802 2933 3872 quod
2976 3801 3211 3872 iubetur,
3245 3811 3303 3858 et
3329 3815 3397 3858 ex
3444 3797 3790 3871 consequenti

2219 3909 2324 3949 non
2354 3893 2510 3950 habet
2545 3907 2806 3950 annexam
2825 3894 3060 3964 gratiam
3085 3895 3330 3964 proxime
3355 3892 3711 3949 sufﬁcientem
3728 3889 3789 3945 ad

2219 3986 2519 4043 faciendum
2541 4001 2675 4057 opus
2697 3987 3040 4057 imperatum.
3069 3987 3399 4057 Augustinus
3423 4001 3491 4042 ex
3515 3984 3786 4056 Apostolo,

2219 4080 2391 4136 Galat.
2426 4097 2504 4146 ut,
2537 4089 2692 4136 vocat
2721 4081 2893 4151 legem
2925 4081 3281 4152 paedagogum,
3307 4080 3432 4150 quia
3459 4080 3546 4135 lex
3568 4079 3710 4136 ducit
3729 4077 3788 4132 ad

2218 4173 2462 4243 gratiam.
2495 4172 2725 4243 Legatur
2751 4187 2933 4229 sermo
2955 4172 3018 4224 l5
3045 4172 3113 4228 de
3132 4172 3318 4226 Verbis
3343 4172 3615 4242 Apostoli.
3633 4170 3783 4240 Egre-

2219 4269 2304 4337 gie
2335 4269 2386 4321 in
2421 4267 2512 4324 lih.
2543 4267 2613 4323 de
2635 4267 2840 4337 Spiritu
2870 4276 2923 4322 et
2949 4269 3148 4332 littera,
3175 4279 3291 4336 cap.
3331 4265 3397 4320 l9
3428 4282 3443 4319 :
3475 4283 3495 4317 ι
3535 4265 3644 4320 Lex
3671 4276 3784 4332 ergo

2219 4359 2343 4414 data
2371 4369 2470 4427 est,
2505 4368 2565 4415 ut
2609 4359 2779 4431 gratia
2828 4369 3191 4429 quaereretur;
3222 4359 3391 4430 gratia
3428 4358 3552 4414 data
3591 4367 3671 4414 est
3694 4398 3708 4421 ,
3737 4364 3786 4409 ut

2223 4451 2308 4506 lex
2337 4453 2667 4522 impleretur.
2692 4452 2873 4523 Neque
2897 4453 3039 4509 enim
3063 4467 3162 4508 suo
3182 4453 3312 4508 vitio
3344 4466 3452 4506 non
3485 4451 3785 4522 implebatur

2221 4545 2326 4611 lex,
2355 4546 2447 4602 sed
2483 4546 2614 4601 vitio
2645 4545 2943 4615 prudentia;
2972 4545 3172 4602 carnis.
3205 4545 3356 4613 Quod
3385 4545 3576 4600 vitium
3601 4557 3690 4610 per
3717 4542 3782 4595 le-

519 4634 753 4692 humana
793 4645 983 4692 natura
1014 4637 1315 4693 fulciretur.
1345 4639 1608 4692 instamus
1634 4653 1648 4693 :
1683 4637 1843 4706 igitur
1871 4636 2116 4692 Christus
2146 4633 2200 4693 D
2224 4652 2342 4708 gem
2375 4639 2877 4706 demonstrandum,
2910 4653 3009 4708 per
3043 4639 3267 4708 gratiam
3301 4638 3601 4692 sanandum
3632 4635 3734 4689 fuit.
3762 4650 3777 4681 ι

520 4738 762 4785 mortuus
789 4737 871 4785 est
898 4738 956 4785 ut
985 4729 1191 4786 facilius
1233 4745 1509 4800 possemus
1553 4731 1775 4801 implere
1827 4731 1996 4801 legem
2048 4747 2112 4785 cx

521 4821 678 4876 donis
711 4822 877 4892 ipsius
904 4824 1111 4893 gratiae,
1140 4837 1299 4894 quam
1327 4832 1524 4890 tamen,
1558 4823 1682 4877 licet
1707 4820 1992 4889 difﬁcilius,
2015 4821 2117 4874 im-

524 4897 675 4986 plere
731 4924 1038 4986 poteramus
1101 4932 1194 4984 per
1244 4916 1471 4986 gratiam
1532 4916 1882 4971 sufﬁcientem
1951 4913 2112 4971 etiam

523 5008 725 5078 absque
755 5009 922 5079 ipsius
948 5008 1323 5078 Redemptoris
1351 5017 1543 5064 morte.
1562 5007 1642 5064 Ad
1664 5008 1766 5064 hoc
1787 5006 2002 5062 verbum
2036 5006 2117 5076 fa-

524 5100 669 5153 cilius
699 5099 864 5155 veluti
895 5100 963 5155 ad
994 5115 1201 5156 sacram
1233 5099 1523 5155 anchoram
1550 5100 1604 5154 in
1645 5108 1964 5170 tempestate
1987 5113 2116 5154 con-

523 5187 799 5260 fugiebant
829 5178 1125 5262 Pelagiani,
1150 5205 1285 5262 quos
1325 5192 1408 5246 his
1451 5191 1778 5263 Augustinus
1808 5200 2118 5248 exsecratus

524 5283 710 5338 estlib.
734 5284 970 5353 nOperis
998 5285 1366 5356 imperf.,cap.
1385 5283 1507 5354 198,
1527 5285 1640 5351 ubi,
1663 5285 1900 5341 recitatis
1923 5284 2118 5340 iisdem

527 5375 710 5431 verbis
753 5377 925 5445 Pauli,
953 5379 1062 5433 ait:
1092 5395 1110 5429 σ
1136 5380 1377 5449 Apostoli
1419 5386 1502 5436 est
1539 5393 1641 5435 vox
1687 5379 1809 5446 ista,
1837 5392 1944 5433 non
1966 5393 2119 5444 mea;

525 5469 638 5542 iam
661 5473 922 5542 erumpite
949 5474 1000 5528 in
1027 5483 1294 5544 apertum,
1321 5473 1523 5530 inimici
1552 5475 1724 5530 crucis
1743 5473 1964 5540 Christi,
1990 5473 2116 5544 quid

451 5546 463 5636 ξ
527 5561 727 5619 timetis
752 5577 1001 5634 magnum
1033 5566 1284 5636 populum
1307 5565 1530 5634 Christi,
1557 5573 1611 5621 et
1635 5563 1835 5620 Christi
1866 5579 2116 5636 magnum

527 5657 784 5729 iudicium
813 5673 918 5716 non
950 5660 1182 5717 timetis?
1207 5664 1405 5734 Aperte
1432 5661 1592 5718 dicite
1619 5661 1938 5718 :Justiﬁcari
1969 5667 2114 5716 natu-

526 5767 602 5819 ra,
633 5751 913 5824 iustiﬁcari
939 5753 1056 5823 lege
1077 5769 1389 5824 possumus,
1403 5756 1572 5827 gratis
1602 5763 1844 5811 mortuus
1865 5760 1945 5809 est
1965 5751 2114 5808 Chri-

524 5854 659 5903 stus.
693 5845 823 5915 Sed,
873 5844 1221 5906 formidantes
1282 5845 1673 5907 multitudinem
1730 5848 2106 5916 Christianam,

2225 4732 2396 4802 Pergit
2422 4733 2645 4787 ulterius
2671 4741 2887 4788 sanctus
2908 4733 3119 4800 doctor,
3144 4731 3386 4787 scribens
3411 4732 3586 4802 legem
3613 4728 3778 4798 iubere

2224 4825 2484 4891 facienda,
2521 4825 2680 4879 ﬁdem
2711 4839 2842 4880 vero
2873 4825 3156 4894 impetrare
3186 4825 3513 4894 adjutorium
3539 4823 3606 4878 ad
3637 4823 3776 4889 impe~

2222 4927 2338 4974 rata
2387 4918 2720 4988 exequenda.
2755 4917 2890 4971 Hinc
2937 4917 3152 4972 celebre
3179 4917 3354 4972 evasit
3399 4915 3532 4970 illud
3563 4910 3775 4983 ejusdem

2223 5010 2420 5066 dictum
2449 5028 2461 5064 :
2488 5008 2645 5064 Fides
2672 5011 2912 5077 impetrat
2937 5009 3077 5077 quod
3103 5009 3186 5062 (ea:
3214 5009 3451 5078 imperat.
3494 5007 3664 5076 Epist.
3706 5001 3774 5059 89,

2223 5118 2274 5173 q.
2310 5103 2363 5169 9.,
2395 5103 2486 5158 lib.
2520 5102 2586 5157 de
2619 5101 2823 5172 Spiritu
2853 5110 2906 5156 et
2938 5101 3135 5166 littera,
3162 5114 3281 5168 cap.
3309 5099 3400 5164 9.9,
3434 5107 3487 5153 et
3515 5095 3661 5150 alibi.
3690 5093 3772 5144 Au-

2223 5193 2448 5248 diendus
2479 5202 2562 5248 est
2590 5207 2709 5262 cap.
2747 5193 2809 5245 l3
2832 5191 2952 5247 libri
2985 5191 3228 5260 proxime
3259 5188 3459 5243 laudati
3487 5206 3499 5239 :
3535 5205 3552 5237 α
3592 5186 3666 5240 Ac
3693 5192 3770 5251 per

2222 5286 2344 5356 hoc,
2378 5287 2565 5357 inquit,
2606 5286 2721 5358 lege
2765 5300 2984 5355 operum
3027 5284 3157 5340 dicit
3188 5283 3327 5339 Deus
3361 5298 3374 5336 :
3405 5281 3514 5336 Fac
3545 5279 3677 5350 quod
3700 5277 3792 5347 ju-,

2221 5380 2354 5436 beo:
2406 5381 2521 5450 lege
2570 5379 2690 5434 ﬁdei
2729 5379 2922 5434 dicitur
2970 5378 3082 5434 Deo
3111 5396 3122 5430 :
3154 5377 3229 5432 Da
3275 5375 3417 5446 quod
3450 5375 3624 5445 iubes.
3671 5369 3768 5424 Ideo

2221 5475 2365 5531 enim
2395 5473 2550 5544 jubet
2576 5473 2659 5528 lex
2693 5479 2751 5526 ut
2778 5471 3064 5527 admoneat
3093 5469 3219 5540 quid
3243 5469 3402 5524 faciat
3430 5466 3583 5534 fides,
3613 5463 3661 5519 id
3687 5467 3765 5524 est,

2223 5575 2281 5622 ut
2308 5567 2394 5623 cui
2422 5566 2659 5636 iubetur,
2692 5565 2738 5619 si
2769 5564 3004 5620 nondum
3047 5570 3244 5634 potest,
3283 5562 3418 5618 sciat
3459 5557 3581 5630 quid
3609 5560 3763 5626 petat;

2223 5658 2268 5713 si
2296 5666 2469 5713 autem
2504 5656 2760 5712 continuo
2793 5662 2987 5726 potest,
3022 5663 3076 5709 et
3106 5653 3423 5711 obedienter
3450 5649 3603 5710 facit,
3631 5643 3763 5699 debet

2222 5753 2380 5808 etiam
2430 5752 2570 5807 scire
2602 5764 2706 5821 quo
2749 5748 3158 5806 donante'facit.
3209 5765 3228 5800 ι
3282 5746 3362 5801 Ex
3411 5744 3594 5816 quibus
3637 5738 3760 5807 pati?!

2220 5844 2537 5915 quandoque
2565 5842 2818 5900 auxilium
2840 5840 3086 5911 proxime
3115 5838 3390 5896 sufﬁciens
3422 5840 3602 5907 praesto
3627 5836 3756 5885 esse;
