3962 6346
168 406 276 463 677

1345 394 1667 458 VINDICIE
1707 389 2261 455 AUGUSTINIANE.

3330 390 3434 455 678

167 526 348 599 inquit
375 527 543 597 enim,
572 525 618 582 si
645 532 815 581 autem
854 535 1119 581 courntuo
1151 528 1334 593 potest.
1368 518 1505 576 illud
1534 532 1665 573 vero
1688 529 1757 572 ex
1782 511 1840 575 Δ
1860 519 2185 597 cumtamen
2231 512 2319 568 lex
2364 508 2606 568 subditos
2635 523 2667 565 a
2707 508 3019 568 criminibus
3060 518 3264 568 arceat.
3291 511 3437 568 Dixit

171 619 476 690 Augustino
525 627 733 675 certum
775 626 893 685 est,
939 631 1113 689 neque
1157 616 1319 673 ﬁdem
1351 629 1510 686 posse
1538 627 1760 671 movere

170 711 452 768 hominem
482 713 548 769 ad
571 713 860 785 petendum
899 712 1136 769 divinum
1170 711 1446 777 auxilium,
1475 710 1541 766 ad
1570 710 1672 765 hoc
1702 716 1760 765 ut

169 808 348 877 possit
377 808 601 878 implere
626 814 917 878 praecepta,
946 806 1051 862 nisi
1089 805 1229 863 Deus
1257 801 1503 861 infundat
1529 800 1759 876 gratiam

167 902 462 971 actualem,
492 917 596 974 qua
629 903 791 959 homo
830 908 1111 958 moveatur
1137 901 1204 957 ad
1251 899 1536 957 orandum.
1585 895 1761 955 Semi-

170 996 582 1069 Pelagianorum
634 1013 788 1055 error
820 996 917 1053 fuit
964 1011 1125 1069 posse
1170 996 1441 1052 hominem
1490 1000 1674 1064 petere
1704 1000 1760 1050 et

163 1087 487 1147 desiderare
528 1091 638 1145 suis
674 1090 877 1146 viribus
916 1090 1173 1161 gratiam,
1206 1102 1364 1160 quem
1395 1085 1665 1142 damnavit
1693 1099 1761 1141 ex

178 1181 487 1252 Augustino
516 1183 752 1254 synodus
793 1180 1155 1253 Arausicana,
1200 1195 1406 1237 canone
1448 1179 1511 1245 6;
1561 1179 1759 1237 etenim

167 1271 299 1328 licet
330 1275 450 1341 quis
482 1274 553 1330 sit
582 1274 776 1345 fidelis,
810 1290 915 1330 non
945 1274 1108 1331 habet
1135 1274 1187 1329 in
1218 1273 1442 1344 singulis
1472 1270 1759 1329 momentis

166 1381 411 1438 pmsens
468 1367 704 1424 divinum
759 1367 1018 1424 auxilium
1069 1368 1309 1436 proxime
1364 1364 1641 1423 sufficiens
1693 1363 1761 1421 ad

168 1458 457 1514 orandum.
493 1461 605 1515 Hoc
636 1461 835 1530 passim
862 1461 915 1516 in
946 1461 1246 1532 Augustino
1268 1458 1518 1515 habetur.
1541 1457 1658 1515 Lib.
1693 1457 1761 1515 de

168 1547 331 1606 Dono
352 1565 588 1620 persev.,
613 1566 729 1622 cap.
756 1551 847 1617 25,
871 1550 940 1608 de
965 1550 1440 1623 Semi-Pelagianis
1467 1550 1572 1607 ait:
1596 1568 1617 1603 ‹
1653 1549 1762 1607 Nec

168 1642 366 1697 volunt
395 1642 720 1713 intelligere,
753 1644 913 1700 etiam
944 1642 1048 1700 hoc
1072 1641 1239 1698 divini
1267 1641 1505 1698 muneris
1531 1656 1673 1710 esse,
1705 1648 1764 1697 ut

167 1747 411 1804 oremus,
446 1734 547 1790 hoc
593 1744 697 1798 est,
729 1744 972 1807 petamus
995 1776 1012 1807 ,
1042 1750 1346 1807 quaeramus
1383 1744 1543 1808 atque
1574 1735 1758 1806 pulse-

166 1840 292 1882 mus
324 1846 336 1879 :
363 1828 653 1899 Accipimus
679 1830 817 1901 enim
841 1828 1084 1899 spiritum
1114 1827 1407 1900 adaptionis
1434 1827 1488 1882 in
1517 1843 1618 1900 quo
1647 1825 1758 1882 cla-

1860 594 2036 662 l‘Cor.
2068 620 2175 660 xv:
2206 604 2381 660 Virtus
2427 621 2543 661 vero
2574 605 2766 675 peccati
2796 606 2910 674 (ex,
2944 618 3065 663 cum
3096 606 3180 662 lex
3220 616 3438 678 peccata

1859 698 2166 771 prohibeat.
2196 699 2305 756 Has
2330 708 2507 757 tamen
2542 699 2791 771 loquendi
2832 700 3087 757 formulas
3114 700 3440 773 Augustinus

1858 791 1991 850 locis
2016 794 2266 867 superius
2286 794 2517 850 laudatis
2540 794 2816 865 explicuit,
2842 794 3045 851 ulhilve
3070 794 3291 851 absurdi
3313 811 3442 853 con-

1858 883 2035 942 tinere
2073 885 2415 942 monstravit.
2460 885 2519 942 in
2554 901 2619 971 eo
2658 895 2835 944 autem
2874 896 3093 944 sanctus
3136 888 3324 946 doctor
3356 904 3442 946 re-

1858 977 2236 1049 prehenditur,
2268 977 2409 1050 quod
2438 979 2583 1035 visus
2613 979 2685 1035 sit
2710 995 2954 1038 asserere
2998 980 3173 1051 legem
3201 991 3439 1038 veterem

1858 1084 1985 1127 reos
2012 1071 2207 1129 fecisse
2233 1071 2480 1128 homines
2500 1068 2758 1140 jubendo,
2782 1087 2889 1128 non
2910 1070 3246 1144 adiuvando;
3274 1073 3445 1144 quod-

1859 1173 1929 1218 ve
1956 1174 2116 1233 opera
2150 1160 2291 1219 facta
2315 1161 2370 1219 in
2400 1163 2515 1235 lege
2546 1162 2721 1218 veteri
2747 1168 2962 1236 psecata
2989 1163 3156 1230 dixit,
3184 1179 3307 1221 cum
3351 1163 3445 1221 Ju-

1861 1251 1963 1309 daei
1994 1252 2085 1310 illa
2117 1254 2341 1312 fecerint
2370 1257 2566 1314 timore
2606 1271 2775 1328 pennae
2796 1299 2809 1323 ,
2841 1271 2950 1312 non
2985 1272 3169 1314 amore
3200 1257 3442 1329 iustitiae.

1862 1341 2034 1400 Judmi
2076 1344 2259 1401 habita
2292 1345 2411 1417 lege
2455 1362 2521 1403 eo
2547 1345 2811 1417 superbiae
2842 1346 3044 1417 delapsi
3072 1357 3225 1418 sunt,
3260 1356 3319 1403 ut
3348 1364 3447 1418 pu-

1830 1477 1835 1483 .
1862 1434 2028 1490 tarint
2060 1435 2229 1491 solam
2264 1435 2436 1507 legem
2467 1436 2535 1493 ad
2575 1436 2845 1493 hominem
2872 1436 3269 1508 justillcandum
3300 1437 3449 1494 sufﬁ-

1861 1541 2009 1594 cere,
2044 1543 2219 1599 neque
2248 1530 2603 1586 necessariam
2628 1544 2750 1587 esse
2794 1528 2891 1587 Dei
2918 1530 3144 1602 gratiam
3167 1569 3184 1598 ,
3214 1530 3307 1585 sed
3337 1538 3451 1584 tan-

1863 1626 1976 1676 tum
2009 1620 2236 1677 liberum
2286 1620 2587 1678 arbitrium.
2634 1621 2731 1677 Hic
2774 1629 2951 1676 autem
2987 1635 3142 1677 error
3190 1630 3296 1675 tam
3343 1620 3451 1676 alte

1865 1724 2051 1777 eorum
2077 1710 2350 1767 mentibus
2371 1710 2656 1779 insidebat,
2682 1718 2739 1766 ut
2761 1710 3004 1781 plerique
3023 1710 3185 1765 etiam
3206 1710 3271 1764 ad
3292 1709 3450 1766 fidem

1865 1817 1933 1859 cx
1963 1803 2242 1860 Judaismo
2276 1804 2527 1860 conversi
2573 1804 2627 1859 in
2675 1801 2848 1859 veteri
2896 1817 3081 1859 errore
3133 1801 3450 1857 obstinatius

168 1934 372 1975 mantus
388 1889 529 1975 Abba
545 1921 702 1976 Pater
720 1889 900 1997 (Rom.
930 1922 1077 1996 νιιι),
1103 1889 1253 1979 etc.'s
1286 1922 1432 1980 idem
1462 1889 1621 1981 habet
1647 1923 1761 1997 cpi-
1787 1889 1838 1956 ³
1863 1901 2230 1997 νῗτξδῖθηίυτν
2260 1894 2403 1997 υθδῗ
2423 1895 2549 1952 mos
2579 1894 2876 1965 ΑΡ⁰⁸ί⁰¹¹¹³
2899 1893 3075 1997 arguit
3121 1892 3183 1997 in.
3207 1891 3449 1997 ΕΡίδίοέξ

169 2014 310 2070 stola
338 2014 462 2086 105,
494 2016 590 2074 lib.
622 2017 691 2073 de
736 2015 984 2087 Corrept.
1023 2025 1076 2075 et
1121 2024 1291 2091 grat.,
1321 2032 1442 2088 cap.
1480 2018 1547 2084 1;
1594 2017 1756 2090 epist.

171 2109 303 2178 m,
336 2124 455 2182 cap.
491 2111 578 2166 l5.
615 2111 670 2167 lu
721 2111 858 2167 libro
897 2128 914 2165 ι
957 2119 1148 2181 quaest.
1194 2111 1261 2166 ad
1311 2110 1716 2180 Simplicianum
1742 2151 1757 2177 ,

170 2217 227 2273 q.
258 2200 319 2272 2,
352 2201 479 2259 inde
510 2204 701 2274 probat
729 2203 1031 2260 orationem
1056 2200 1342 2270 fervidam,
1371 2216 1477 2273 qua
1506 2205 1761 2273 impetra-

174 2312 319 2365 mus,
350 2310 473 2354 esse
508 2312 540 2353 a
571 2296 718 2354 Deo:
750 2317 769 2351 ι
809 2296 1002 2353 Nonne
1052 2296 1342 2367 aliquando
1369 2337 1384 2362 ,
1415 2296 1618 2368 inquit,
1648 2295 1762 2366 ipsa

173 2399 361 2446 nostra
383 2392 553 2447 oratio
576 2391 652 2447 sic
677 2389 853 2463 tepida
876 2399 979 2456 est.
1006 2389 1091 2446 vel
1115 2390 1293 2461 potius
1316 2388 1527 2462 frigida,
1550 2398 1604 2445 et
1631 2402 1766 2461 pene

178 2483 347 2548 nulla,
382 2484 494 2540 imo
522 2485 743 2541 omnino
764 2481 1033 2540 interdum
1064 2481 1139 2539 ita
1176 2483 1344 2555 nulla,
1379 2494 1438 2540 ut
1462 2497 1639 2554 neque
1663 2482 1766 2541 hoc

177 2578 231 2634 in
273 2578 433 2634 nobis
469 2594 591 2635 cum
641 2578 827 2635 dolore
869 2577 1211 2633 advertamus
1236 2620 1252 2647 ,
1293 2576 1414 2646 quia
1465 2576 1512 2630 si
1542 2574 1627 2631 vel
1668 2574 1769 2629 hoc

178 2668 447 2738 dolemus,
474 2668 586 2741 jam
616 2668 867 2725 oramus?
904 2687 923 2721 ι
960 2668 1039 2725 Ex
1069 2667 1157 2724 his
1203 2666 1470 2738 colligitur
1500 2663 1769 2737 quomodo

180 2762 432 2819 inﬁdeles
473 2772 701 2833 peccent
746 2778 855 2820 non
887 2762 1224 2820 observando
1266 2761 1472 2832 legem,
1526 2759 1768 2832 quando-

180 2857 396 2928 quidem
437 2859 553 2915 sine
598 2857 704 2915 ﬁde
754 2866 975 2914 manent
1024 2867 1226 2914 tantum
1272 2858 1372 2914 sub
1420 2857 1538 2929 lege
1584 2856 1772 2928 pracci-

182 2952 392 3021 pieute,
446 2967 554 3007 non
607 2952 707 3007 sub
754 2951 925 3023 gratia
973 2951 1218 3021 proxime
1261 2949 1584 3022 adjuvante;
1632 2948 1774 3006 unde

181 3056 348 3115 opera
376 3058 496 3114 quas
526 3044 625 3115 ipsi
658 3043 861 3100 faciunt
888 3059 1104 3114 semper
1127 3052 1253 3100 sunt
1282 3052 1520 3115 peccata,
1550 3042 1653 3099 nisi
1684 3041 1776 3101 ubi

184 3134 475 3206 aliquando
502 3134 646 3192 Deus
670 3135 930 3208 quosdam
970 3136 1141 3191 bonos
1188 3140 1341 3191 actus
1371 3135 1502 3206 ipsis
1532 3135 1778 3192 nescien-

185 3229 329 3285 tibus
382 3230 433 3285 in
471 3200 785 3286 earumdem
835 3228 1206 3285 voluntatibus
1258 3200 1529 3300 operatur.
1578 3224 1777 3284 Scribit
1810 3275 1856 3300 Α
1883 3200 2190 3300 feminea?
2228 3200 2469 3300 ?9’3"f
2498 3200 3275 3300 ,Y‘irgﬁeis‘e‘u‘ff‘:
3299 3200 3434 3300 legs:

1804 3275 1858 3343 C
1887 3286 2129 3360 justitiae,
2158 3286 2210 3341 in
2238 3285 2410 3356 legem
2431 3282 2657 3355 iustitiae
2680 3297 2786 3337 non
2813 3278 3068 3352 pervenit.
3100 3276 3279 3345 Quare
3299 3276 3321 3331 ἲ
3345 3275 3469 3347 quia

187 3324 517 3397 Augustinus
546 3324 599 3379 in
629 3324 785 3395 epist.
821 3322 922 3376 144
950 3340 963 3377 :
994 3340 1013 3375 ‹
1046 3321 1159 3378 Lex
1185 3321 1349 3393 igitur
1377 3320 1594 3377 adducit
1619 3320 1686 3375 ad

187 3416 341 3484 dem,
379 3416 514 3473 ﬁdes
562 3416 813 3487 impetrat
853 3414 1101 3487 spiritum
1140 3413 1429 3485 largiorem
1454 3457 1470 3483 ,
1520 3411 1777 3469 diffundit

188 3510 428 3582 Spiritus
457 3509 801 3580 charitatem,
834 3508 1024 3580 implet
1050 3507 1286 3564 charitas
1315 3507 1507 3578 legem.
1535 3504 1662 3563 Ideo
1693 3505 1779 3563 lex

188 3603 513 3678 paedagogus
543 3610 783 3669 vocatur,
830 3599 930 3657 sub
976 3599 1130 3671 cujus
1180 3598 1539 3655 minacissima
1572 3595 1783 3655 severi-

190 3707 323 3764 tate,
351 3696 437 3767 qui
464 3694 771 3750 invocaverit
813 3710 994 3749 nomen
1039 3691 1247 3747 Domini
1283 3691 1458 3747 salvus
1494 3691 1607 3751 erit.
1639 3689 1782 3759 Quo-

190 3790 349 3845 modo
401 3796 573 3843 autem
613 3785 961 3853 invacabunt,
1010 3785 1065 3839 in
1112 3800 1259 3855 quem
1308 3800 1411 3839 non
1452 3783 1783 3839 crediderunt

192 3883 378 3957 (Rom.
412 3880 742 3952 x)lltaque,
793 3892 915 3932 cum
965 3875 1213 3932 inﬁdeles
1251 3874 1303 3930 in
1350 3874 1623 3931 Christum
1676 3889 1783 3930 non

192 3975 448 4045 credant,
482 3973 576 4029 Dei
605 3972 834 4047 gratiam
868 3969 935 4025 ad
987 3968 1311 4041 implendam
1365 3968 1537 4040 legem
1569 3977 1785 4026 natura-

193 4070 302 4127 lem
334 4085 443 4125 non
470 4077 688 4140 petunt;
721 4068 865 4126 unde
896 4082 996 4124 nec
1022 4065 1270 4125 eamdem
1310 4066 1621 4132 observant,
1655 4074 1709 4121 et
1736 4063 1786 4120 si

194 4179 324 4237 quae
356 4164 497 4220 bona
522 4164 709 4221 facere.
726 4163 996 4231 videntur,
1048 4161 1137 4218 illa
1170 4176 1276 4217 non
1301 4157 1505 4215 faciunt
1534 4157 1699 4228 bene,
1732 4166 1789 4213 ut

196 4256 229 4330 §
259 4257 604 4335 approbatum
635 4265 739 4315 est.
789 4256 897 4313 Cur
926 4268 1056 4314 vero
1102 4268 1210 4311 non
1255 4258 1598 4319 excusentur,
1631 4249 1790 4307 tradit

197 4351 533 4423 Augustinus
559 4348 613 4406 in
640 4349 736 4406 lib.
770 4349 839 4407 de
878 4347 1081 4418 Spiritu
1117 4356 1173 4405 et
1208 4347 1386 4404 littera
1407 4387 1424 4416 ,
1459 4359 1580 4418 cap.
1614 4343 1704 4411 55,
1737 4352 1792 4400 et

201 4448 366 4518 epist.
401 4446 529 4513 105,
558 4443 625 4501 ad
652 4444 887 4500 Sixtum.
921 4442 1183 4511 Quamvis
1218 4440 1362 4498 enim
1392 4448 1612 4497 careant
1635 4438 1792 4493 auxi-

201 4542 277 4598 lio
304 4539 551 4612 proxime
593 4536 884 4594 sufﬁcienti
906 4581 921 4605 ,
952 4534 1159 4597 habent
1199 4542 1378 4591 tamen
1423 4531 1622 4588 auxilia
1650 4545 1796 4602 qum-

204 4636 333 4691 dam
363 4640 595 4698 remota,
624 4629 767 4688 unde
795 4644 903 4686 non
941 4627 1216 4699 patiuntur
1246 4624 1655 4685 antecedentem
1703 4638 1798 4680 ne-

207 4725 521 4782 cessitatem
550 4720 846 4794 peccandi,
878 4734 1034 4792 quam
1067 4719 1190 4775 licet
1221 4717 1511 4773 humanum
1536 4730 1705 4787 genus
1730 4730 1794 4771 et

209 4827 435 4891 peccato
462 4816 617 4889 primi
648 4817 886 4888 parentis
911 4812 1224 4881 incurrerit,
1257 4811 1459 4868 Christi
1488 4820 1665 4865 tamen
1694 4807 1801 4866 Re-

211 4910 516 4982 demptoris
547 4907 808 4967 beneﬁcio
838 4907 1047 4963 sublata
1077 4914 1182 4973 est,
1214 4913 1271 4961 ut
1299 4913 1453 4960 acute
1483 4900 1675 4972 probat
1704 4913 1802 4956 uo.

213 5014 327 5062 ater
360 5003 589 5059 Poncius
620 5010 758 5072 part.
789 5016 806 5057 ι
838 4999 1041 5056 Relect.
1078 4998 1146 5055 de
1174 5004 1341 5069 grat.,
1371 5009 1489 5065 cap.
1524 4992 1612 5071 15.
1658 4991 1803 5048 Nihil

217 5098 381 5169 igitur
412 5097 738 5168 Augustinus
769 5095 944 5151 durius
972 5093 1064 5163 (de
1111 5090 1251 5162 lege)
1283 5090 1476 5162 impetu
1518 5087 1678 5142 animi
1726 5086 1805 5143 vel

217 5200 354 5247 testu
383 5190 745 5262 disputationis
767 5188 1018 5255 asseruit,
1045 5192 1103 5241 ut
1129 5182 1489 5242 contendebat
1516 5179 1803 5237 Moraines.

216 5283 330 5343 Sed
360 5284 502 5355 quod
546 5298 647 5341 nec
675 5282 744 5339 de
778 5282 898 5355 lege
936 5282 1104 5341 veteri
1146 5278 1337 5338 durius
1366 5276 1643 5349 quidpiam
1673 5289 1804 5348 pro-

222 5375 489 5434 nuntiarit
515 5374 761 5431 ostendo.

202 5454 209 5473 ἶ
296 5467 358 5527 In
379 5466 586 5541 primis,
612 5468 656 5523 si
681 5464 926 5522 verbaut
948 5462 1079 5527 foris
1110 5468 1306 5521 sonant
1331 5468 1537 5519 tantum
1563 5457 1812 5517 conside-

224 5572 454 5630 rentur,
485 5561 727 5633 prolecto
761 5574 867 5617 non
910 5555 1240 5630 Augustinus
1267 5596 1285 5625 ,
1335 5553 1430 5610 sed
1460 5552 1659 5611 Paulus
1684 5566 1814 5610 cen-

228 5657 435 5718 sendus
478 5655 616 5712 foret
662 5653 863 5710 durius.
888 5650 1098 5710 locutus
1144 5648 1402 5706 deveteri
1431 5647 1548 5719 lege
1593 5643 1813 5717 Moysis.

232 5751 386 5807 Dixit
413 5750 572 5805 Rom.
603 5763 635 5803 v
663 5766 675 5801 :
718 5747 824 5801 Lex
858 5752 1029 5799 autem
1070 5739 1370 5797 subintravit
1392 5784 1406 5809 ,
1438 5711 1492 5792 ut
1535 5706 1819 5793 abundaret
1922 5706 2161 5766 monium

1860 1990 1929 2047 ad
1950 1990 2187 2057 Galatas,
2227 2004 2345 2061 cap.
2372 1991 2427 2059 2,
2460 1997 2774 2063 argumento
2803 1987 3047 2059 superius
3080 1985 3301 2042 recitato
3330 2001 3344 2039 :
3391 1983 3450 2040 Si

1863 2097 1928 2137 ea:
1956 2080 2065 2154 lege
2100 2081 2329 2153 iustitia,
2365 2097 2485 2153 ergo
2523 2078 2756 2136 Christus
2788 2078 2950 2151 gratis
2978 2086 3208 2131 mortuus
3233 2083 3324 2129 est.
3349 2071 3453 2129 Tc-

1867 2181 2041 2228 statur
2067 2173 2396 2244 Augustinus
2426 2172 2541 2229 haec
2567 2175 2681 2243 ipsa
2709 2172 2906 2242 saepius
2935 2168 3253 2240 Apostolum
3280 2164 3454 2222 incul-

1866 2280 2021 2323 casse
2062 2275 2120 2323 ut
2164 2266 2482 2324 eorumdem
2531 2266 2840 2338 superbiam
2881 2264 3259 2323 contunderet.
3316 2280 3336 2315 ‹
3368 2259 3450 2317 Ad

1870 2359 1975 2416 hoc
2001 2361 2186 2427 ducit,
2233 2361 2404 2432 inquit
2454 2374 2618 2416 serm.
2669 2359 2735 2413 l5
2763 2358 2831 2415 de
2871 2357 3060 2415 Verbis
3091 2353 3369 2428 Apostoli,
3400 2359 3459 2409 et

1873 2452 2221 2509 commendat
2253 2453 2355 2507 ista
2396 2451 2686 2523 Apostolus
2718 2458 2935 2521 prapter
2964 2448 3178 2506 Judaeos
3203 2490 3217 2513 ,
3256 2446 3347 2519 qui
3392 2444 3459 2502 de

1870 2545 1991 2615 lege
2016 2544 2405 2616 gloriabantur,
2433 2553 2487 2598 et
2515 2544 2686 2599 libero
2724 2557 2822 2599 suo
2851 2540 3077 2598 arbitrio
3112 2541 3283 2611 legem
3313 2537 3463 2593 suffl-

1871 2651 1998 2694 cere
2027 2635 2461 2703 arbitrabantur;
2491 2650 2554 2691 ac
2583 2650 2678 2705 per
2706 2634 2809 2691 hoc
2837 2634 2961 2706 quia
3000 2633 3172 2689 libero
3194 2643 3292 2688 suo
3316 2628 3460 2687 arbi-

1873 2728 1978 2784 trio
2024 2730 2194 2800 legem
2242 2728 2489 2785 sufﬁcere
2535 2728 2952 2795 arbitrabantur,
3004 2726 3310 2796 ignorantes
3367 2720 3462 2779 Dei

1874 2824 2155 2895 justitiam,
2185 2824 2240 2879 id
2268 2831 2370 2893 est,
2402 2838 2467 2877 ex
2501 2821 2604 2877 ﬁde
2627 2822 2890 2893 justitiam
2921 2820 3097 2875 datam
3140 2833 3169 2873 a
3198 2815 3458 2879 Domino,

1890 2926 1947 2972 et
1973 2931 2125 2972 suam
2158 2916 2398 2972 volentes
2428 2921 2682 2981 statuere,
2713 2913 2866 2983 quasi
2910 2913 3021 2968 suis
3051 2909 3253 2965 viribus
3279 2906 3467 2976 imple-

1880 3017 2010 3075 tam,
2042 3023 2150 3065 non
2180 3007 2343 3064 dante
2373 3007 2476 3062 llde
2502 3006 2844 3078 impetratam
2872 3046 2887 3072 ,
2924 3004 3149 3077 justitiw
3175 3000 3303 3071 Dei,
3329 2992 3467 3056 sicut

1882 3101 2037 3171 dicit,
2071 3118 2176 3157 non
2205 3109 2319 3156 sunt
2343 3100 2578 3170 subjecti.
2618 3117 2639 3152 ι
2670 3099 2736 3154 Et
2765 3100 2818 3155 in
2847 3096 2941 3153 lib.
2971 3096 3039 3152 de
3066 3095 3268 3166 Spiritu
3289 3102 3345 3150 et
3371 3092 3462 3147 lit-

2071 3208 2190 3264 cap.
2228 3192 2320 3261 29,
2351 3193 2427 3247 ait
2457 3209 2469 3245 :
2503 3210 2522 3243 ι
2560 3190 2723 3246 Israel
2762 3204 2895 3246 vero
2926 3200 3254 3259 persequens
3300 3185 3469 3255 legem

1882 3396 1988 3436 non
2018 3396 2081 3435 ea:
2107 3380 2233 3450 ﬁde,
2258 3378 2347 3433 sed
2372 3387 2615 3446 tanquam
2638 3393 2704 3432 ea:
2728 3373 2987 3446 operibus,
3014 3371 3066 3427 id
3089 3379 3193 3437 est,
3220 3379 3467 3440 tanquam

1881 3487 2003 3531 eam
2035 3488 2130 3545 per
2159 3472 2480 3541 semetipsos
2504 3478 2787 3540 operantes
2809 3508 2825 3532 ,
2863 3481 2971 3521 non
3016 3464 3069 3520 in
3101 3479 3160 3520 se
3188 3461 3470 3518 credentes

1883 3565 2097 3636 operari
2128 3564 2319 3620 Deum.
2360 3580 2380 3614 ι
2414 3562 2584 3616 Porro
2613 3574 2734 3616 cum
2784 3558 2926 3612 hunc
2972 3568 3207 3611 errorem
3247 3550 3471 3607 sorbue-

1881 3657 1993 3713 rint
2013 3666 2197 3727 postea
2224 3651 2538 3724 Pelagiani,
2564 3657 2870 3706 asserentes
2900 3646 3128 3716 gratiam
3160 3643 3251 3698 Dei
3284 3644 3337 3697 in
3366 3640 3468 3697 Ve-

1884 3751 1987 3810 teri
2011 3752 2356 3807 Testamento
2385 3762 2493 3803 non
2521 3760 2641 3803 esse
2671 3746 2772 3800 nisi
2798 3744 2970 3814 legem
2996 3740 3161 3812 Moysi
3196 3736 3465 3803 traditam,

1888 3844 2112 3917 gratiam
2144 3850 2272 3898 Vero
2318 3840 2454 3895 Novi
2488 3836 2823 3893 Testamenti
2867 3847 2989 3889 esse
3019 3828 3367 3900 Evangeiium
3418 3836 3473 3885 et

1888 3935 2196 4008 exemplum
2226 3933 2461 3999 Christi,
2495 3928 2840 4001 Augustinus,
2874 3934 2932 3981 ut
2961 3924 3176 3978 illorum
3229 3934 3472 3976 errorem

1888 4028 2208 4096 confutaret,
2240 4034 2393 4082 acute
2420 4022 2663 4094 probavit
2705 4020 2880 4090 legem
2910 4031 2939 4071 a
2965 4015 3134 4087 gratia
3170 4019 3471 4083 separatam

1890 4137 2014 4181 reos
2045 4123 2220 4177 facere
2252 4116 2498 4175 homines
2533 4112 2795 4186 jubendo,
2826 4125 2932 4166 non
2962 4106 3283 4179 adjuvando,
3318 4112 3377 4159 ut
3406 4119 3475 4159 ex

1893 4213 2217 4274 testimoniis
2240 4210 2749 4268 adductisconstat.
2772 4204 2956 4275 Neque
2977 4199 3203 4272 iniurius
3230 4196 3329 4252 fuit
3356 4196 3479 4269 legi;

1895 4324 2002 4367 non
2035 4310 2176 4365 enim
2210 4308 2324 4361 haec
2347 4302 2599 4376 imposita
2631 4299 2730 4355 fuit
2764 4306 2822 4354 ut
2852 4295 3099 4351 homines
3146 4306 3204 4348 se
3235 4289 3348 4347 sola
3390 4288 3481 4360 ju«

1898 4410 2016 4459 stos
2045 4400 2267 4465 faceret,
2301 4396 2399 4453 sed
2432 4404 2487 4452 ut
2507 4391 2817 4451 ostenderet
2837 4387 2967 4460 quid
2995 4383 3295 4442 faciendum
3317 4389 3481 4446 esset,

1897 4506 2104 4553 etcum
2134 4495 2298 4550 homo
2342 4506 2401 4547 se
2446 4490 2730 4561 praeceptis
2763 4481 3022 4540 faciendis
3064 4479 3321 4550 imparem
3367 4489 3486 4532 esse

1902 4596 2271 4663 cognosceret,
2302 4585 2368 4642 ad
2395 4584 2654 4641 auxilium
2682 4580 2866 4653 gratia:
2893 4577 3221 4647 confugeret,
3253 4571 3395 4643 quod
3419 4584 3485 4625 ex

1824 4662 1883 4724 θ
1905 4662 2091 4740 sancto
2123 4681 2348 4737 doctore
2368 4677 2592 4748 ejusque
2611 4671 2887 4741 discipulis
2917 4665 3275 4739 probavimus,
3308 4669 3491 4716 osten—

1906 4780 2097 4836 dentes
2140 4791 2245 4831 non
2291 4772 2469 4829 durius
2515 4768 2687 4838 loqui,
2736 4763 2823 4835 qui
2868 4766 3073 4818 asserat
3115 4758 3167 4812 in
3208 4749 3493 4826 hypothesi

1908 4869 2049 4944 quod
2078 4867 2191 4925 sola
2231 4866 2317 4921 lex
2360 4862 2565 4934 jubeat,
2613 4872 2711 4914 nec
2739 4854 2906 4928 gratia
2943 4852 3189 4922 proxime
3217 4843 3493 4902 sufﬁciens

1911 4962 2072 5038 ads‘y,
2124 4960 2292 5030 legem
2340 4952 2587 5010 eamdem
2630 4947 2890 5019 obligare,
2942 4950 2995 4997 et
3042 4947 3492 5009 transgressorem

1910 5034 2060 5112 reum
2089 5066 2210 5107 esse
2238 5047 2467 5119 peccati.
2494 5043 2662 5098 Porro
2687 5037 2845 5095 sicuti
2864 5034 3071 5092 Hebraei
3101 5046 3205 5086 non
3227 5044 3291 5086 ex
3315 5039 3498 5119 amore

1912 5143 2132 5218 justitite
2162 5114 2300 5196 bona
2337 5152 2499 5210 opera
2550 5131 2843 5195 faciebant,
2875 5126 2949 5181 ita
2992 5124 3132 5179 mala
3158 5119 3399 5176 vitabant
3425 5114 3499 5171 ti-

1918 5212 2072 5294 more
2116 5241 2324 5290 tantum
2372 5243 2567 5301 poenae.
2611 5224 2747 5280 Hinc
2787 5217 3117 5291 Augustinus
3158 5212 3292 5269 dixit
3336 5223 3500 5281 opera

1921 5329 2233 5389 Iudaeorum
2269 5326 2322 5380 in
2352 5320 2521 5378 veteri
2548 5318 2667 5389 lege
2691 5314 2852 5369 fuisse
2876 5314 3115 5381 peccata,
3145 5315 3201 5362 et
3232 5305 3405 5375 legem
3435 5301 3500 5356 il-

1918 5422 2027 5477 lam
2056 5417 2219 5477 fuiSse
2238 5415 2412 5486 legem
2442 5409 2715 5474 servilem,
2747 5402 2887 5477 quod
2915 5400 2994 5458 illi
3017 5401 3104 5472 qui
3132 5395 3376 5455 eamdem
3403 5394 3504 5449 im-

1923 5512 2164 5589 plebant,
2196 5506 2376 5563 timori
2421 5499 2764 5560 inservirent.
2794 5492 2990 5552 Scribit
3037 5497 3256 5589 sanctus
3290 5486 3500 5589 doctor,

1919 5577 2021 5663 lib.
2052 5619 2106 5660 ιν
2135 5601 2200 5657 ad
2229 5597 2580 5661 Bonifacium,
2608 5606 2727 5662 cap.
2757 5589 2791 5646 5
2823 5607 2835 5643 :
2868 5606 2887 5640 ι
2920 5583 3074 5656 Quod
3099 5600 3163 5640 ex
3212 5582 3330 5652 lege
3355 5577 3506 5635 testi-

2189 5704 2668 5760 commemoratum
2701 5693 2768 5751 ab
2802 5688 3069 5763 Apostolo
3094 5694 3312 5759 prepter
3338 5682 3504 5735 vitam

236 5782 386 5807 mi...
415 5782 572 5805 μνη..
610 5782 629 5803 ν
663 5788 675 5801 .
718 5782 824 5801 μων
858 5782 1029 5799 ωηο...
1070 5782 1369 5797 ...............
1392 5784 1406 5809 ,
1441 5782 1490 5792 π.
1535 5782 1776 5792 ηψπ..

232 5841 501 5907 delictum,
528 5854 648 5897 eum
673 5847 850 5894 tamen
875 5837 961 5893 lex
986 5833 1106 5890 ideo
1128 5829 1511 5904 promulgetur,
1539 5834 1597 5886 ut
1622 5826 1776 5885 delicl

1925 5807 2275 5884 temporalem
2302 5799 2638 5873 intelligitur,
2664 5804 2886 5869 propter
2909 5792 3064 5864 cujus
3095 5784 3406 5847 amittendae
3437 5782 3504 5836 ti-

2504 5906 2507 5907 ν
2627 5903 2639 5907 _
2771 5900 2785 5907 ,
2860 5902 2871 5907 _
3358 5884 3459 5907 ΜΔ

235 5884 520 5995 tollantui.
549 5943 600 5990 et
627 5940 858 5990 cessent.
879 5927 1021 5985 Dixit
1047 5926 1087 5983 ll
1112 5884 1236 5983 (Sor.
1262 5940 1317 5980 tu
1336 5884 1582 5981 :Littera
1612 5921 1818 5989 occidit,
1838 6002 1848 6005 Α
1934 5930 2162 5983 morem,
2195 5908 2456 5969 faciebant
2499 5903 2743 5965 homines
2771 5900 2903 5971 legis
2938 5910 3099 5970 opera
3129 5907 3230 5949 nou
3264 5903 3328 5945 ex
3358 5884 3461 5942 ﬁde
3491 5924 3508 5954 9
