3962 6346
565 306 668 364 679

1449 300 2013 361 SUPPLEMENTUM
2055 302 2145 360 an
2181 300 2411 357 OPERA
2448 302 2507 357 s.
2547 300 2939 359 AUGUSTINI.
3684 308 3753 368 διο
3854 258 3855 265 Ν

567 441 690 499 quae
716 436 1135 497 transgressores
1164 420 1300 492 legis
1326 420 1513 477 eadem
1557 421 1674 491 lege
1702 435 1733 476 a
1763 420 1957 490 populo
1979 419 2139 491 jube-
2166 418 2529 480 Averissime
2573 417 2827 483 afﬁrmat,
2878 428 3011 486 quos
3058 413 3245 469 modos
3294 415 3462 469 satius
3507 427 3580 472 est
3622 419 3757 482 humili

568 521 655 577 bat
696 519 883 575 occidi.
920 535 939 568 ι
975 515 1117 571 Idem
1146 514 1200 569 in
1233 515 1324 568 lib.
1356 514 1425 570 de
1461 510 1665 585 Spiritu
1695 523 1749 568 et
1777 513 1979 578 littera,
2021 527 2141 581 cap.

565 612 655 679 32,
682 628 747 669 ex
779 612 859 666 bis
886 609 1124 679 Apostoli
1150 609 1307 662 Rom.
1336 623 1451 671 vtu,
1482 607 1570 675 15,
1613 621 1765 661 suam
1814 607 2140 661 sententiam

566 706 753 775 probat
775 721 789 756 :
815 703 935 757 Non
964 702 1096 757 enim
1115 701 1381 771 accepistis
1404 700 1661 767 Spiritum
1678 699 1934 752 servitutis
1959 698 2148 750 iterum

566 798 621 851 in
650 798 897 862 timorem,
922 797 1011 851 sed
1039 796 1304 866 accepistis
1325 794 1559 864 spiritum
1584 794 1873 863 adaptionis
1896 792 2143 857 ﬁliorum,

566 890 620 942 in
648 906 746 959 quo
794 892 1098 953 clamamus,
1134 889 1276 944 Abba
1324 887 1500 940 Pater.
1544 886 1676 940 Erat
1705 899 1835 957 ergo
1884 885 1969 939 lex
1997 894 2148 938 vetus

571 982 657 1035 lex
683 982 913 1046 timoris,
936 980 1076 1050 quod
1102 979 1336 1034 carnalis
1362 977 1453 1032 ille
1478 977 1706 1048 populus
1732 990 1792 1030 se
1820 990 1882 1029 ac
1909 989 2004 1029 sua
2034 984 2143 1028 tan~

570 1086 681 1130 tum
713 1086 917 1137 amans,
950 1071 1208 1141 quidquid
1256 1069 1381 1124 boni
1421 1070 1579 1138 juxta
1622 1069 1753 1139 legis
1781 1068 2031 1122 mandata
2058 1067 2145 1121 fa-

567 1168 766 1233 ciebat,
789 1181 972 1220 amore
998 1166 1080 1219 sui
1104 1163 1354 1228 faciebat,
1376 1162 1567 1217 volens
1583 1161 1681 1215 sibi
1705 1161 1841 1215 bona
1858 1175 1933 1213 ‘ac
1958 1159 2149 1214 timens

567 1260 731 1314 mala.
758 1258 865 1311 Lex
892 1270 1019 1325 ergo
1047 1265 1296 1324 tanquam
1324 1253 1493 1308 servis
1515 1253 1705 1306 incutit
1729 1252 1997 1316 timorem,
2028 1265 2149 1320 gra-

567 1348 659 1412 tia,
687 1362 805 1417 quae
835 1360 930 1414 per
956 1344 1114 1398 [idem
1144 1342 1338 1397 Christi
1368 1342 1705 1409 impetratur,
1736 1341 1963 1409 inSpirat
1993 1355 2147 1393 amo-

568 1454 700 1493 rem.
731 1438 909 1505 Quare
943 1444 1160 1489 sanctus
1189 1433 1351 1488 Pater
1392 1433 1485 1488 lib.
1515 1431 1706 1487 eodem
1743 1432 1810 1487 de
1846 1431 2049 1502 Spiritu
2096 1439 2151 1485 et

570 1529 767 1593 littera,
815 1541 931 1595 cap.
982 1525 1072 1587 ~29,
1120 1523 1194 1577 ait
1236 1538 1253 1577 :
1301 1539 1320 1572 ‹
1381 1521 1461 1575 Ex
1508 1520 1624 1591 lege
1667 1529 1846 1575 autem
1899 1519 2150 1573 timemus

572 1621 763 1686 Deum,
813 1634 879 1673 ex
920 1617 1023 1673 ﬁde
1052 1629 1333 1686 speramus
1379 1615 1432 1669 in
1473 1614 1661 1679 Deum,
1700 1613 1795 1668 sed
1839 1612 2149 1666 timentibus

574 1730 785 1784 poenam
828 1713 1175 1768 absconditur
1216 1712 1407 1782 gratia.
1442 1730 1461 1762 ι
1496 1712 1604 1766 Cur
1646 1721 1824 1766 autem
1873 1710 1939 1764 iis
1962 1710 2053 1779 qui
2082 1724 2149 1765 ex

2252 510 2474 566 silentio
2527 513 2809 577 venerari,
2843 525 3000 578 quant
3050 509 3263 563 curiosa
3311 508 3644 576 diSputatione
3676 531 3757 584 pa.

2251 602 2486 671 quirere.
2531 602 2608 657 De
2650 602 2735 655 his
2781 602 2993 657 auxiliis
3046 600 3273 654 remotis
3322 599 3549 654 locutum
3587 605 3755 663 arbitror

2251 695 2497 751 eumdem
2524 704 2767 749 sanctum
2794 695 3071 749 doctorem
3104 696 3156 747 in
3188 693 3287 747 lib.
3323 691 3394 748 de
3421 692 3564 748 Dono
3586 711 3757 767 ρει-εει,

2252 803 2369 857 cap.
2400 789 2453 854 9,
2488 788 2575 841 ubi
2620 788 2735 842 ait:
2771 805 2790 837 r
2831 787 2910 840 Ex
2947 785 3161 840 duobus
3206 793 3371 839 aetate
3408 784 3516 853 jam
3542 789 3759 855 grandibus

2252 879 2431 947 impiis
2461 895 2557 934 cur
2597 880 2698 935 iste
2748 879 2819 933 ita
2863 888 3103 944 vocetur,
3134 887 3190 931 ut
3215 885 3500 932 vocantem
3538 892 3758 950 sequatur;

2255 972 2349 1027 ille
2378 980 2556 1027 autem
2588 980 2677 1026 aut
2722 988 2828 1025 non
2879 982 3123 1038 vocetur,
3156 979 3215 1025 ut
3239 981 3522 1026 vocantem
3561 987 3760 1044 sequatur,

2250 1072 2340 1118 aut
2368 1079 2469 1117 non
2502 1080 2587 1118 tu
2630 1074 2873 1130 vocetur,
2910 1073 2968 1117 ut
3008 1074 3290 1120 vocantem
3329 1073 3590 1133 sequatur,
3616 1067 3760 1123 immt-

2251 1156 2427 1209 tabilia
2452 1166 2568 1210 sunt
2592 1158 2795 1228 judicia
2830 1156 2945 1211 Dei.
2980 1176 3001 1210 υ
3035 1156 3259 1211 Vocatio
3304 1156 3451 1210 illius
3480 1158 3564 1226 qui
3597 1173 3679 1213 non
3698 1174 3755 1214 se-

2250 1248 2432 1317 quitur
2458 1260 2543 1304 est
2573 1264 2668 1318 per
2695 1249 2955 1304 auxilium
2980 1249 3160 1303 debile
3185 1258 3239 1303 et
3268 1257 3565 1314 remotum,
3588 1264 3671 1318 quo
3702 1252 3757 1304 in-

2252 1341 2489 1395 tellectus
2515 1348 2855 1395 transeunter
2884 1350 3086 1395 tantum
3116 1339 3383 1409 quasdam
3416 1339 3574 1394 bonas
3613 1342 3759 1409 cogita-

2252 1431 2425 1485 tiones
2469 1432 2641 1497 elicit,
2689 1432 2787 1487 sed
2831 1432 2968 1486 adeo
3011 1430 3220 1486 debiles
3267 1439 3328 1484 ut
3377 1443 3477 1485 nec
3515 1430 3761 1485 voluntatem

2256 1522 2473 1577 trahant
2501 1524 2566 1577 ad
2608 1522 2833 1590 bonum,
2886 1521 2981 1576 sed
3013 1522 3204 1576 leviter
3233 1529 3447 1574 tantum
3483 1521 3762 1577 excitent.et

2251 1613 2361 1668 cito
2386 1612 2546 1667 citius
2578 1613 2883 1668 intellectus
2909 1612 3014 1668 alio
3040 1613 3239 1677 evolet,
3262 1620 3320 1667 et
3348 1611 3405 1665 in
3432 1611 3612 1665 malum
3636 1612 3767 1665 volun-

2251 1709 2334 1757 tas
2361 1703 2521 1773 longo
2546 1705 2811 1758 scelerum
2841 1718 2940 1757 usu
2964 1703 3067 1757 obd
3079 1713 3231 1757 urata
3268 1704 3494 1757 feratur.

575 1823 706 1876 puro
734 1808 923 1862 timore
942 1806 1122 1861 servili
1147 1805 1318 1875 legem
1345 1803 2145 1875 implentgratiaabscondatur,

2264 1819 2411 1893 §Vll.
2439 1822 2518 1874 An
2538 1821 2786 1893 sententia
2806 1820 2972 1872 sancti
2998 1818 3274 1893 Augustini
3302 1818 3368 1871 de
3397 1816 3766 1893 praedestinatum

577 1899 743 1954 tradit
768 1898 965 1953 ibidem
992 1912 1109 1966 cap.
1156 1898 1254 1961 lt),
1296 1908 1351 1951 et
1390 1910 1551 1950 serm.
1588 1894 1654 1946 15
1680 1894 1749 1949 de
1781 1893 1971 1948 Verbis
2009 1894 2150 1961 Apo-

571 1990 695 2046 stoli
719 2033 733 2056 ,
764 1992 925 2059 epist.
956 1989 1082 2055 LM,
1114 1989 1205 2043 ubi
1233 1989 1348 2043 haec
1377 1988 1539 2043 habet
1564 2004 1577 2042 :
1608 2005 1627 2038 ι
1667 1987 1797 2055 Quis
1826 2000 2008 2040 coram
2040 1986 2152 2041 Deo

573 2082 832 2137 innocens
873 2080 1178 2145 invenitur,
1212 2081 1300 2149 qui
1341 2079 1452 2134 vult
1496 2078 1613 2134 ﬁeri
1661 2079 1804 2148 quod
1846 2088 2077 2141 vetatur,
2106 2080 2154 2133 si

574 2174 848 2229 subtrahat
873 2173 1014 2243 quod
1048 2172 1302 2227 timetur?
1330 2173 1408 2226 Ac
1454 2186 1549 2240 per
1578 2172 1680 2226 hoc
1724 2171 1779 2225 in
1820 2172 1932 2239 ipsa
1960 2171 2154 2225 volun-

576 2274 685 2321 tate
710 2278 836 2319 reus
863 2274 968 2331 est,
1002 2264 1093 2333 qui
1132 2263 1247 2317 vult
1293 2262 1473 2318 facere
1518 2262 1662 2332 quod
1695 2276 1801 2317 non
1849 2262 1977 2316 licet
2008 2263 2150 2327 ﬁeri,

576 2356 674 2414 sed
720 2357 840 2412 ideo
888 2372 995 2411 non
1038 2356 1166 2411 facit
1202 2356 1323 2425 quia
1376 2357 1593 2425 impune
1638 2369 1743 2411 non
1793 2364 1967 2424 potest
2019 2356 2153 2409 ﬁeri.

584 2447 740 2512 Nam,
771 2456 1027 2517 quantum
1050 2447 1102 2501 in
1136 2448 1255 2516 ipso
1279 2456 1383 2511 est,
1409 2447 1593 2502 mallet
1614 2461 1719 2501 non
1762 2462 1882 2503 esse
1898 2448 2157 2515 justitiam

578 2547 791 2601 peccata
831 2538 1202 2607 prohibentem
1246 2546 1408 2609 atque
1440 2540 1771 2609 punientem.
1811 2540 1876 2593 Et
1907 2539 2088 2607 utique
2112 2541 2159 2595 si

577 2632 756 2686 mallet
770 2646 873 2685 non
888 2644 1008 2686 esse
1017 2630 1301 2701 juStitiam,
1320 2632 1441 2701 quis
1453 2631 1779 2686 dubitaverit
1797 2632 1939 2702 quod
1957 2646 2100 2698 eam,
2113 2633 2157 2686 si

578 2734 801 2793 posset,
834 2724 1105 2779 auferret?
1134 2724 1212 2779 Ac
1261 2739 1353 2793 per
1404 2724 1505 2779 hoc
1551 2725 1819 2794 quomodo
1859 2725 2033 2792 justus
2079 2734 2162 2779 est

580 2815 801 2884 iustitia:
852 2814 972 2870 talis
1002 2815 1273 2883 inimicus,
1323 2825 1381 2869 ut
1412 2831 1554 2881 eam,
1606 2817 1651 2870 si
1702 2826 1939 2885 potestas
1983 2816 2159 2883 detur,

582 2908 986 2978 praecipientem
1018 2906 1246 2973 auferat,
1272 2923 1339 2963 ne
1360 2909 1779 2964 comminantem
1811 2910 1896 2964 vel
1918 2909 2165 2978 judican-

582 3006 693 3053 tcm
718 2996 891 3053 ferat?
929 3018 950 3050 ι
986 2999 1126 3067 Lege
1166 2997 1239 3053 ibi
1288 2999 1462 3068 plura.
1492 2999 1680 3054 Timor
1708 3000 1923 3070 quidem
1950 3000 1993 3054 si
2024 2999 2167 3055 desi-

581 3097 674 3143 nat
700 3104 819 3145 esse
849 3105 980 3159 pure
1024 3090 1238 3144 servilis
1274 3130 1288 3154 ,
1319 3099 1373 3145 et
1404 3104 1498 3159 per
1541 3089 1773 3161 aliquem
1804 3091 1898 3147 Dei
1929 3106 2164 3147 amorem

2326 1893 2393 1944 ad
2422 1892 2641 1961 gloriam
2680 1900 2800 1944 ante
2845 1906 3045 1961 omnem
3075 1888 3375 1943 meritorum
3399 1888 3698 1957 praeisionem
3724 1888 3766 1938 sit

2328 1960 2711 2031 perimessum
2744 1960 2973 2029 prolata.

2266 2086 2270 2091 ’
2328 2087 2567 2141 Joannes
2606 2084 2845 2140 Adamus
2870 2092 2925 2139 et
2976 2084 3279 2138 Antoninus
3311 2083 3568 2137 Moraines
3592 2081 3635 2135 iu
3667 2097 3765 2150 quae

2258 2178 2433 2231 stione
2464 2176 2625 2231 etiam
2656 2176 2724 2229 de
2753 2174 3225 2244 przedestinatione
3249 2214 3266 2238 ,
3294 2186 3349 2228 et
3378 2186 3437 2227 ea
3469 2170 3655 2240 quidem
3677 2186 3768 2239 pra-

2261 2271 2419 2338 cipua
2453 2282 2669 2337 gravem
2686 2266 2982 2336 Augustino
2998 2278 3281 2319 excessum
3308 2260 3766 2331 objiciunt.Adautus,

2260 2359 2355 2414 lib.
2381 2374 2441 2413 tu
2465 2358 2546 2413 sui
2568 2356 2775 2411 Calviui
2797 2356 3079 2423 destructi,
3100 2353 3297 2409 liaecde
3322 2352 3506 2407 eodem
3526 2351 3679 2405 scribit
3692 2366 3766 2418 cap.

2268 2452 2324 2515 8,
2370 2466 2493 2520 pag.
2535 2448 2638 2504 639
2675 2467 2688 2502 :
2728 2467 2746 2500 ‹
2776 2448 3024 2504 Profecto
3066 2446 3287 2518 quando
3333 2453 3533 2500 constat
3570 2444 3704 2512 ipsum
3737 2442 3767 2495 in

2261 2542 2486 2597 materia
2531 2542 2599 2595 de
2642 2542 2817 2611 gratia
2848 2548 2904 2594 et
2948 2537 3426 2609 praedestinatione
3471 2550 3579 2588 cum
3614 2544 3767 2587 excessu

2264 2634 2504 2689 locutum
2538 2647 2682 2696 esse,
2714 2646 2779 2687 ac
2810 2631 2971 2687 verba
3003 2632 3172 2699 ipsius
3196 2643 3321 2684 esse
3351 2625 3634 2697 mitiganda,
3666 2623 3767 2677 neab

2238 2725 2479 2780 .illorum
2511 2724 2804 2779 acrimonia
2834 2723 3162 2778 in’errorem
3194 2719 3521 2775 contrarium
3547 2713 3767 2785 prOpellar,

2265 2819 2471 2875 licitum
2503 2819 2633 2873 mihi
2664 2833 2785 2873 esse
2808 2817 2969 2872 debet
2996 2814 3210 2883 aliquod
3235 2812 3549 2868 catholicum
3577 2816 3769 2875 tempera-

2266 2920 2507 2966 mentum
2552 2909 2843 2979 inquirere.
2880 2926 2897 2958 ι
2935 2908 3089 2964 Subit
3116 2913 3354 2961 mentem
3404 2902 3526 2957 illud
3564 2895 3769 2967 Augustini

2266 3004 2469 3061 dictum
2503 3004 2600 3059 lib.
2639 3019 2700 3058 ιιι
2730 3002 2919 3073 Operis
2958 3000 3197 3070 impert,
3228 3013 3351 3068 cap.
3383 2996 3447 3051 57
3478 3012 3491 3048 :
3534 3012 3551 3044 ι
3584 2986 3770 3059 Dicquod

2270 3097 2508 3153 dicturus
2537 3112 2618 3163 es,
2650 3098 2867 3166 egregie
2910 3104 3204 3150 corrector.
3241 3112 3261 3144 ι
3313 3089 3584 3153 Moraines,
3608 3101 3700 3141 cum
3721 3083 3769 3136 di-

583 3178 804 3247 ίηεῖβίθι
830 3193 951 3234 θεεθ
986 3189 1166 3235 “Slus
1184 3219 1201 3245 ν
1234 3188 1317 3236 εει
1364 3180 1538 3236 bonus
1559 3219 1579 3247 ν
1604 3196 1703 3236 nec
1732 3182 1882 3237 Vilial
1911 3197 2073 3252 Opera
2100 3197 2167 3238 ex
2192 3178 2241 3245 C
2275 3192 2445 3245 xisset
2480 3190 2737 3245 Didacum
2767 3188 3013 3243 Ruizium
3042 3204 3108 3242 ex
3129 3194 3321 3242 sancto
3342 3180 3617 3254 Augustino
3636 3172 3771 3247 gratui-

584 3271 775 3326 eodem
806 3270 1045 3325 derivata
1070 3290 1085 3337 ;
1115 3287 1218 3341 qua
1247 3273 1314 3327 de
1343 3288 1402 3329 re
1430 3282 1485 3328 et
1512 3273 1785 3330 fusissime
1814 3284 1871 3330 et
1910 3276 2165 3331 eruditis-

585 3365 720 3418 sime
741 3363 1079 3434 disputarunt
1103 3364 1209 3419 duo
1238 3366 1472 3435 insignes
1496 3366 1850 3424 Lovaniensis
1876 3369 2169 3425 academize

593 3456 845 3510 doctores
878 3456 1211 3511 Christianus
1259 3457 1440 3527 Lupus
1474 3467 1529 3513 et
1575 3459 1896 3515 Franciscus
1941 3460 2172 3517 Fervac-

589 3561 743 3616 ques,
773 3546 1149 3617 Augustiniani
1174 3588 1189 3613 ,
1237 3548 1395 3604 editis
1433 3564 1463 3602 a
1496 3550 1758 3605 sexennio
1782 3552 2067 3621 quotannis
2102 3553 2171 3607 de

589 3639 779 3695 eodem
805 3649 1122 3710 argumento
1153 3641 1305 3696 libris
1337 3650 1393 3696 et
1420 3642 1705 3712 apologiis.
1739 3644 1962 3699 Plurimi
1991 3653 2169 3701 tamen

590 3730 798 3786 Veteris
854 3730 1188 3788 Testamenti
1242 3733 1432 3789 Patres
1482 3750 1587 3790 non
1636 3737 1739 3791 sub
1792 3737 1910 3807 lege
1962 3747 2169 3794 tantum

588 3820 753 3888 fuere,
787 3821 881 3877 sed
912 3822 1013 3878 sub
1043 3824 1213 3894 gratia
1245 3825 1555 3895 adiuvante,
1587 3829 1711 3898 quia
1741 3831 1973 3899 propriae
2020 3832 2172 3886 infir-

590 3912 792 3967 mitatis
821 3914 1025 3970 conscii
1076 3915 1144 3970 ad
1192 3916 1448 3972 sectanda
1498 3919 1757 3973 virtutum
1797 3934 1959 3991 opera
2003 3922 2174 3978 divini

590 4007 771 4061 auxilii
799 4022 955 4078 opem
987 4009 1361 4079 implorarunt.
1392 4010 1657 4067 Caeterum
1696 4013 1948 4070 omnibus
1999 4014 2174 4071 homi-

591 4098 750 4154 nibus
778 4101 966 4156 adesse
994 4102 1247 4158 auxilium
1280 4104 1468 4160 saltem
1512 4114 1779 4167 remotum
1833 4108 1965 4161 mibi
1988 4108 2176 4164 videor

593 4191 847 4260 colligere
871 4209 938 4247 ex
967 4195 1269 4262 Augustino
1292 4195 1385 4251 lib.
1418 4196 1487 4251 de
1526 4196 1728 4252 Natura
1758 4207 1813 4253 et
1854 4208 2020 4268 grat.,
2050 4214 2172 4269 cap.

590 4276 679 4343 67,
711 4279 801 4334 ubi
831 4296 897 4335 ex
928 4282 1022 4337 lib.
1055 4298 1114 4337 tu
1141 4284 1209 4338 de
1238 4284 1431 4340 Libero
1473 4286 1719 4354 arbitrio,
1764 4303 1888 4358 cap.
1919 4288 2004 4353 i0,
2037 4290 2177 4347 hanc

591 4373 915 4427 sententiam
963 4376 1155 4430 recitat
1212 4378 1583 4448 approbatque
1631 4379 1891 4435 adversus
1944 4396 2040 4437 eos
2084 4384 2177 4449 qui

590 4465 777 4521 Adami
826 4476 1050 4535 peccato
1094 4470 1273 4524 omnia
1326 4471 1550 4526 crimina
1596 4473 1967 4543 imputabant,
2020 4485 2073 4531 et
2116 4493 2175 4533 se

2271 3293 2380 3340 tam
2402 3282 2932 3353 prmdestinationem
2972 3280 3170 3335 docere
3192 3319 3209 3345 ,
3260 3278 3380 3333 haec
3420 3274 3613 3343 inquit:
3648 3265 3769 3321 «Ruit

2272 3376 2469 3431 falsum
2514 3375 2787 3445 supponit,
2821 3383 2877 3429 et
2905 3375 2951 3428 si
3001 3373 3337 3444 Augustinus
3382 3370 3437 3425 id
3480 3368 3667 3431 faceret,
3704 3374 3770 3421 non

2272 3466 2533 3523 doctrinae
2560 3467 2817 3534 afﬁnitas,
2850 3475 2945 3521 aut
2972 3466 3263 3530 connexio,
3298 3479 3417 3534 quae
3444 3460 3575 3516 nulla
3614 3463 3692 3520 est,
3712 3451 3770 3506 sed

2273 3567 2440 3614 astus
2462 3558 2843 3630 disputationis
2868 3557 2936 3612 ad
2966 3557 3069 3613 hoc
3114 3558 3265 3612 illum
3296 3554 3595 3625 impelleret,
3622 3569 3637 3600 ι
3678 3546 3770 3611 disP-

2275 3649 2332 3714 9,
2367 3665 2517 3705 num.
2570 3649 2660 3704 50.
2694 3649 2912 3713 ,Verum
2961 3648 3284 3704 sententiam
3330 3648 3472 3702 illam
3513 3643 3572 3698 de
3615 3635 3769 3708 gratuita

2276 3745 2746 3815 pra‘destinatione
2774 3744 2844 3799 ad
2871 3744 3095 3814 gloriam
3126 3754 3253 3800 ante
3284 3743 3502 3814 praevisa
3540 3736 3691 3793 merita
3713 3733 3769 3786 do-

2274 3852 2439 3893 cuere
2464 3845 2681 3893 sanctus
2716 3835 2951 3906 Prosper
2974 3876 2991 3903 ,
3028 3844 3247 3893 sanctus
3296 3835 3587 3906 Fulgentius
3609 3869 3623 3897 ,
3647 3827 3770 3881 Patres

2276 3931 2512 3986 Africani
2553 3933 2606 3985 in
2638 3931 2866 4000 epistola
2914 3932 3171 4002 synodica
3199 3972 3216 3998 ,
3243 3932 3445 4003 aliique
3474 3936 3598 3985 tanta
3619 3921 3770 3979 certitu‘

2276 4022 2427 4088 dine,
2474 4031 2531 4077 ut
2564 4023 2682 4077 haec
2727 4022 2932 4079 dixerit
2960 4033 3177 4079 sanctus
3223 4023 3525 4093 Fulgentius
3548 4060 3561 4085 ,
3590 4018 3672 4071 imo
3693 4024 3769 4065 cum

2282 4114 2568 4185 Fulgentio
2595 4115 2785 4171 Patres
2812 4114 3003 4185 synodi
3032 4114 3399 4172 Sardiniensis
3424 4114 3475 4168 in
3506 4111 3598 4164 line
3620 4103 3711 4159 libri
3730 4098 3769 4151 de

2281 4205 2657 4264 lncarnatione
2683 4216 2737 4262 et
2764 4208 2933 4277 gratia
2980 4221 2997 4259 :
3053 4225 3073 4257 ‹
3104 4206 3248 4261 Deus
3274 4207 3440 4273 enim,
3470 4201 3552 4272 qui
3575 4194 3766 4253 hominem

2282 4300 2543 4369 condidit,
2572 4302 2687 4372 ipse
2712 4300 3188 4371 predestinatione
3210 4314 3332 4366 sua,
3362 4306 3415 4355 et
3441 4297 3613 4352 donum
3634 4282 3768 4344 illumi-

2276 4394 2511 4448 nationis
2542 4393 2608 4449 ad
2634 4392 2984 4459 credendum,
3016 4402 3072 4447 et
3111 4391 3313 4447 donum
3355 4373 3766 4460 perseverantiaad

2285 4487 2671 4555 PfOﬁCiendum
2704 4497 2864 4555 atque
2888 4484 3335 4554 permanendum,
3356 4491 3412 4537 et
3433 4480 3607 4534 donum
3631 4464 3767 4542 gloriﬁ-

589 4556 736 4625 ipsos
766 4558 1081 4616 innocentes
1110 4562 1423 4618 asserebant
1449 4582 1461 4617 :
1499 4583 1519 4615 ι
1559 4564 1725 4620 Recte
1753 4567 1897 4621 enim
1946 4566 2178 4624 fortasse
2204 4562 2260 4623 D
2282 4577 2513 4632 cationis
2538 4578 2605 4632 ad
2652 4575 3008 4647 regnandum,
3042 4574 3236 4645 quibus
3258 4575 3389 4630 dare
3410 4570 3559 4626 voluit
3583 4569 3766 4635 praepara-

601 4661 995 4719 quaererentur,
1027 4652 1074 4707 si
1104 4654 1307 4710 erroris
1332 4664 1386 4709 et
1414 4655 1650 4711 libidinis
1678 4658 1855 4715 nullus
1897 4658 2171 4716 hominum

588 4743 760 4800 victor
802 4746 1078 4802 existeret.
1110 4746 1244 4802 Cum
1284 4764 1415 4804 vero
1442 4750 1641 4821 ubique
1674 4752 1744 4806 sit
1775 4768 2036 4822 praesens,
2079 4755 2171 4824 qui

588 4851 776 4891 IULTIS
807 4852 962 4893 ιιοιιε
991 4854 1095 4893 Pan
1144 4855 1464 4896 cnuruuu
1513 4841 1617 4897 sibi
1661 4843 1889 4899 Domino
1935 4846 2173 4900 servien-

589 4934 716 4994 tem,
745 4942 991 4984 aversum
1030 4940 1220 4998 vocet,
1252 4931 1445 4988 doceat
1483 4933 1794 4989 credentem
1820 4976 1835 4998 ,
1865 4936 2175 4991 consoletur

586 5030 919 5087 sperantem,
946 5020 1258 5092 diligentem
1309 5023 1649 5088 adhortetur,
1683 5036 1968 5081 conantem
2018 5027 2173 5096 adju-

588 5117 701 5175 vet,
734 5111 985 5167 exaudiat
1014 5112 1415 5183 deprecantem,
1467 5131 1572 5170 non
1616 5116 1711 5171 tibi
1762 5118 2053 5188 deputatur
2100 5119 2169 5173 ad

588 5199 796 5268 culpam
822 5202 966 5271 quod
994 5203 1196 5260 invitus
1228 5204 1465 5275 ignoras,
1498 5205 1593 5261 sed
1625 5207 1767 5275 quod
1800 5208 2026 5287 negligis
2054 5221 2173 5263 cre-

591 5290 719 5347 dere
746 5296 885 5363 qnod
911 5297 1144 5367 ignoras.
1168 5298 1353 5369 Neque
1372 5299 1530 5367 illud,
1553 5300 1693 5371 quod
1718 5302 1989 5356 vulnerata
2012 5316 2176 5357 mem-

590 5383 687 5437 bra
714 5400 822 5441 non
853 5388 1081 5459 colligis,
1115 5390 1211 5445 sed
1241 5392 1385 5459 quod
1417 5392 1686 5448 volentem
1715 5407 1906 5447 sanare
1932 5401 2175 5447 contem-

590 5474 698 5529 nis.
732 5495 752 5528 ι
780 5476 837 5530 1η
861 5491 967 5546 quo
988 5489 1167 5535 autem
1193 5483 1490 5537 consistant
1519 5482 1824 5553 bujusntodi
1854 5485 2053 5540 auxilia
2083 5500 2171 5541 re-

590 5576 759 5636 mota,
785 5584 891 5625 non
920 5571 992 5626 ita
1020 5571 1182 5629 facile
1219 5577 1561 5645 explicatur;
1590 5578 1786 5633 etenim
1824 5580 1966 5634 miris
2005 5580 2170 5634 modis

590 5658 757 5716 Deum
787 5660 1050 5718 humanas
1076 5667 1383 5724 Voluntates
1412 5669 1478 5722 ad
1505 5670 1698 5725 bonum
1726 5671 2027 5727 faciendum
2054 5686 2171 5727 mo-

590 5768 715 5812 vere
746 5757 885 5813 idem
913 5760 1245 5831 Augustinus
1272 5761 1368 5815 lib.
1408 5778 1423 5817 ι
1451 5764 1517 5819 ad
1543 5764 1894 5833 Bonifacium,
1925 5782 2043 5838 cap.
2082 5768 2166 5831 l9,

2280 4670 2376 4734 vit,
2406 4670 2605 4739 quique
2632 4685 2741 4724 non
2763 4669 2923 4724 aliter
2949 4668 3163 4739 perﬁcit
3187 4668 3241 4722 in
3286 4680 3447 4737 opere
3479 4671 3615 4733 quam
3639 4655 3678 4708 in

2280 4737 2604 4830 sempiterna
2632 4772 2793 4832 atque
2822 4737 3246 4815 incoinmutabili
3269 4759 3427 4814 habet
3454 4753 3679 4809 voluntate
3698 4737 3765 4793 dir

2276 4852 2536 4921 positum.
2563 4850 2729 4921 Cujus
2760 4850 3250 4921 praedestinationis
3280 4849 3567 4907 veritatem,
3606 4849 3685 4907 qua
3704 4839 3765 4885 005

2276 4951 2402 4996 ante
2430 4942 2616 4996 mundi
2641 4944 3085 4999 constitutionem
3115 4941 3513 5013 pmdestinatos
3553 4933 3598 4988 in
3619 4921 3764 5020 Chii“?
3854 5012 3855 5017 η

2280 5042 2504 5089 testatur
2533 5038 2844 5105 Apostolus,
2875 5037 2921 5093 si
2966 5037 3085 5105 quis
3114 5012 3382 5092 detrectat
3408 5029 3568 5087 cordis
3602 5012 3762 5077 creduli-

2279 5134 2389 5180 tate
2410 5125 2683 5194 recipere,
2712 5126 2799 5182 vel
2830 5126 2940 5182 oris
2976 5124 3316 5182 confessione
3358 5121 3591 5195 proferre,
3625 5112 3661 5166 si
3680 5112 3762 5160 ante

2275 5215 2520 5271 ultimum
2542 5216 2687 5272 diem
2714 5218 2839 5274 vita:
2884 5220 3165 5288 praesentis
3216 5216 3493 5289 impietatis
3519 5223 3613 5267 sua:
3634 5208 3760 5258 εοηιυ·

2278 5309 2531 5375 maciam,
2563 5323 2667 5379 qua
2689 5310 2807 5365 Deo
2837 5310 2957 5366 vivo
2982 5320 3037 5367 et
3063 5325 3194 5366 vero
3223 5310 3437 5366 rebellis
3478 5297 3667 5359 obsistit,
3690 5299 3757 5379 ηοίξ

2278 5372 2595 5469 abiecerit,-
2636 5400 2982 5456 manifestum
3028 5411 3111 5457 est
3152 5418 3274 5457 eum
3320 5413 3421 5456 non
3466 5391 3683 5467 pertinere
3716 5372 3757 5475 Ili.

2278 5466 2465 5548 eorum
2496 5466 2782 5548 numerum
2811 5509 2947 5561 quos
2977 5494 3119 5550 Deus
3166 5495 3222 5550 in
3269 5493 3473 5549 Christo
3513 5493 3614 5540 ante
3634 5466 3757 5531 mundi

2273 5587 2715 5643 constitutionem
2747 5587 2915 5657 gratis
2960 5588 3122 5658 elegit
3150 5597 3207 5645 et
3235 5578 3596 5659 prardestinavit
3626 5568 3675 5625 ad
3702 5576 3754 5617 τε·

2274 5694 2456 5749 gnum.
2502 5696 2523 5731 ι

2346 5768 2489 5826 Sane
2515 5769 2963 5842 Semi-Pelagiani
3002 5770 3113 5841 jam
3138 5771 3267 5828 olim
3298 5769 3523 5828 dixerant
3543 5757 3693 5820 absque
3712 5752 3751 5795 ea
