3962 6346
200 364 297 417 681

1380 365 1699 424 VINDIC'I/E
1739 362 2296 424 AUGUSTINIANIE.

3362 360 3468 415 682

192 472 437 528 doctrina
482 473 547 527 de
594 472 1070 543 prrcdesﬁnatione
1118 475 1377 533 Ecclesiae
1424 493 1641 535 causam
1692 480 1786 534 ad-
1814 482 1862 543 Α
1889 476 2283 548 Theologorum
2312 476 2549 532 nomina.
2575 473 2641 532 Et
2666 472 2949 545 Mquidem
2982 482 3149 529 sancti
3183 473 3468 546 Augustini
3538 509 3545 523 ρ

194 580 384 620 versus
412 566 729 636 Pelagianos
759 582 856 635 per
873 568 1055 638 plures
1083 584 1251 625 annos
1283 568 1449 626 fuisse
1480 570 1779 639 defensam,

190 669 249 713 ut
278 658 449 713 refert
478 659 709 716 Hilarius
739 662 790 716 in
825 663 1055 733 epistola
1086 664 1152 718 ad
1182 665 1562 735 Augustinum,
1592 665 1784 737 quibus

188 762 411 808 sanctus
434 753 625 810 doctor
646 757 980 827 respondens
1005 757 1101 813 lib.
1139 759 1206 814 de
1237 757 1392 814 Dono
1435 773 1784 829 perseveran-

190 847 304 911 tiae,
353 861 471 917 cap.
505 848 597 914 20,
648 850 768 903 ait:
832 868 851 901 ι
885 850 1010 906 llaec
1060 860 1142 906 est
1186 851 1585 922 praedestinatio
1615 851 1783 907 mani-

187 936 331 994 festa
362 947 417 994 et
445 950 594 996 certa
617 951 948 1010 sanctorum,
975 958 1133 1015 quam
1180 953 1365 1014 postea
1396 945 1703 1017 diligentius
1730 954 1785 1003 et

188 1035 506 1105 operosius,
524 1050 647 1092 cum
673 1038 784 1108 jam
806 1050 993 1095 contra
1018 1040 1336 1113 Pelagianos
1363 1042 1781 1114 disputaremus,

186 1142 510 1184 persuasae
563 1146 884 1188 necessnas
952 1149 1237 1190 COMPULIT.
1292 1136 1589 1193 Didicimus
1641 1138 1782 1194 enim

185 1220 431 1290 singulas
459 1238 698 1295 quasque
730 1227 965 1283 haereses
990 1229 1236 1284 intulisse
1258 1228 1515 1285 Ecclesiae
1542 1232 1785 1302 proprias

184 1315 550 1383 quaestiones,
604 1326 795 1372 contra
851 1334 984 1389 quas
1030 1320 1341 1390 diligentius
1404 1320 1785 1377 defenderetur

185 1406 470 1477 Scriptura
496 1409 695 1477 divina,
718 1428 875 1482 quam
904 1412 950 1467 si
982 1412 1125 1468 nulla
1157 1413 1278 1469 talis
1309 1415 1600 1471 necessitas
1628 1428 1785 1485 coge-

188 1508 300 1554 ret.
341 1518 359 1551 ›
418 1500 587 1556 Porro
628 1503 840 1557 cuinam
885 1503 1056 1573 major
1086 1503 1215 1558 ﬁdes
1248 1504 1490 1560 habenda
1521 1514 1605 1561 est
1633 1546 1650 1572 ,
1681 1507 1788 1560 Au-

183 1588 500 1656 gustinone,
547 1593 635 1662 qui
687 1593 754 1647 ad
805 1593 934 1647 illud
966 1594 1033 1649 de
1078 1595 1551 1665 praedestinatione
1589 1596 1782 1666 dogma

182 1684 543 1739 asserendum
574 1699 633 1741 se
677 1689 975 1742 necessitate
1021 1688 1341 1759 compulsum
1395 1698 1662 1759 testatur,
1718 1690 1781 1745 ad

185 1772 510 1845 Pelagianos
540 1777 837 1850 diligentius
880 1794 946 1834 ex
981 1779 1274 1850 Scripturis
1300 1780 1654 1836 confutandos
1677 1799 1690 1849 ;
1714 1797 1783 1837 an

1886 569 2207 625 sententiam
2256 567 2323 623 de
2363 568 2596 639 gratiosa
2638 565 3110 638 praedestinatione
3137 563 3203 620 ad
3240 565 3471 635 gloriam

1886 676 2010 720 ante
2030 664 2345 721 meritorum
2369 664 2744 733 prmvisionem
2773 660 3151 725 defendebant,
3181 668 3466 730 antequam

1888 756 2263 829 Augustiniani
2291 771 2547 813 excessus
2578 757 2921 827 ﬁngerentur.
2957 755 3069 810 Hoc
3102 753 3241 808 idem
3291 768 3469 809 asser-

1887 858 2000 904 tum
2029 856 2247 905 sanctus
2278 847 2532 913 Thomas,
2556 846 2780 916 ejusque
2816 845 3144 901 nobilissima
3169 844 3377 908 schola,
3406 858 3469 897 ac

1885 941 2078 997 melior
2097 940 2451 997 Scotistarum
2481 952 2626 1008 pars,
2655 938 2889 1008 itemque
2919 954 2949 993 e
2969 938 3225 993 societate
3255 936 3469 1007 plurimi

1885 1033 2184 1103 gravissimi
2243 1047 2306 1088 ac
2371 1030 2667 1086 doctissimi
2728 1032 3021 1101 scriptores
3086 1037 3466 1100 propugnant,

1886 1140 2115 1197 quorum
2156 1124 2358 1196 judicia
2404 1132 2592 1181 contra
2649 1123 3007 1179 recentiorum
3068 1135 3323 1179 censuras
3372 1135 3468 1188 ap-

1888 1222 2047 1293 rello.

1887 1337 1914 1409 §
1947 1337 2079 1393 VIII.
2113 1338 2193 1392 An
2220 1345 2423 1409 sanctus
2450 1333 2761 1409 Augustinus
2784 1332 3088 1409 excesserit,_
3101 1331 3287 1385 docens
3310 1346 3469 1400 capu-

1960 1412 2064 1463 lam
2107 1407 2435 1535 conjiltgalem
2464 1406 2624 1461 solius
2655 1407 2927 1476 uoluptatis
2956 1404 3123 1476 gratia
3151 1418 3258 1457 esse
3282 1419 3467 1472 pecca-

1959 1488 2064 1535 tum
2091 1483 2233 1536 venia
2259 1498 2303 1535 θ.

1957 1598 2147 1655 Docuit
2192 1601 2519 1670 Augustinus
2571 1597 2816 1669 copulam
2866 1609 2984 1651 cum
3049 1607 3216 1649 uxore
3261 1589 3466 1659 absque

1888 1691 2053 1762 prolis
2083 1697 2402 1763 generandae
2419 1694 2693 1750 voluntate
2718 1699 2934 1761 propter
2962 1689 3131 1743 solam
3156 1684 3469 1740 delectatio-

1887 1797 2006 1839 nem
2038 1798 2158 1840 esse
2181 1795 2460 1856 peccatum
2508 1784 2742 1841 veniale.
2771 1782 2886 1838 Non
2918 1782 3094 1852 placet
3134 1780 3235 1833 hoc
3264 1778 3465 1833 dictum

185 1865 491 1934 Morainio,
535 1870 624 1939 qui
673 1869 725 1925 id
773 1870 916 1925 nulla
965 1872 1047 1925 vel
1088 1871 1351 1927 doctrina:
1396 1871 1657 1928 afﬁnitate
1686 1887 1782 1928 seu
1811 1875 2165 1956 B‘Augustini
2198 1878 2492 1946 Morainio,
2524 1880 2616 1934 sed
2650 1878 2723 1932 ait
2763 1876 2902 1945 disp.
2940 1874 3029 1943 i7,
3063 1888 3213 1929 num.
3254 1872 3347 1937 32,
3378 1888 3468 1925 ea:-

180 1963 534 2019 connexione
564 1963 632 2017 ab
662 1964 961 2033 Augustino
989 1966 1286 2021 factitatum
1316 1966 1781 2022 comminiscitur?

181 2053 346 2121 Quod
375 2069 507 2110 vero
539 2055 679 2111 hanc
707 2056 1095 2114 connexionem
1138 2058 1301 2114 etiam
1330 2059 1574 2114 Annatus
1600 2068 1779 2130 negat,

180 2142 339 2199 illam
367 2161 486 2216 cap.
534 2147 566 2203 8
596 2159 782 2203 contra
805 2149 1021 2205 eosdem
1046 2149 1410 2219 probabimus.
1454 2151 1674 2221 Magnus
1693 2151 1782 2207 ille

181 2238 686 2297 ecclesiasticorum
732 2244 1017 2299 Annalium
1067 2245 1298 2314 scriptor
1328 2244 1589 2300 Baronius
1636 2246 1782 2316 ipsos

180 2333 525 2391 recentiores
552 2350 803 2393 excessus
834 2339 1026 2395 merito
1054 2348 1293 2408 accusat,
1316 2340 1405 2411 qui
1434 2339 1644 2395 Calvini
1674 2339 1783 2395 hae-

178 2426 355 2480 resim
387 2426 652 2498 fugientes
695 2430 748 2485 in
788 2431 1015 2487 alterum
1061 2440 1367 2488 extremum
1397 2447 1426 2487 a
1457 2431 1629 2488 sancti
1672 2434 1783 2487 Au-

181 2519 394 2588 gustini
426 2520 669 2577 doctrina
696 2521 1039 2580 discedentes
1068 2525 1361 2591 declinant,
1390 2533 1445 2580 et
1483 2524 1698 2594 quidem
1729 2524 1783 2580 in

181 2608 293 2665 hac
334 2614 556 2668 materia
580 2614 647 2669 dc
687 2615 1195 2684 praedesﬁnatione:
1240 2635 1259 2669 ι
1290 2616 1424 2673 Cum
1476 2618 1653 2687 igitur,
1700 2618 1785 2671 in-

181 2703 330 2771 quit,
355 2704 539 2761 Fausti
569 2708 850 2764 sententiae
879 2709 1074 2775 ubique
1100 2710 1167 2764 ab
1195 2709 1435 2765 Ecclesia
1465 2709 1623 2765 fuerit
1656 2724 1786 2765 con-

183 2794 482 2851 tradictum
508 2838 523 2863 ,
556 2798 772 2853 videant
811 2808 1010 2870 quanto
1062 2801 1302 2871 periculo
1331 2801 1547 2870 quidam
1605 2816 1672 2857 ex
1711 2816 1787 2857 re-

180 2888 547 2957 centioribus,
577 2892 702 2947 dum
729 2894 781 2946 in
799 2901 1089 2949 novatores
1113 2903 1427 2963 exsurgunt,
1460 2902 1518 2947 ut
1544 2908 1639 2949 eos
1660 2909 1787 2948 con-

181 2979 405 3049 futent,
450 2998 481 3038 a
510 2984 685 3040 sancti
715 2986 999 3056 Augustini
1042 2986 1111 3041 de
1140 2985 1617 3056 praedestinatione
1665 3001 1791 3041 sen-

183 3075 366 3132 tentia
394 3077 671 3147 rccedunt,
704 3094 828 3134 cum
860 3080 1063 3150 alioqui
1087 3094 1236 3135 arma
1264 3095 1370 3135 non
1400 3080 1576 3137 desint
1597 3082 1788 3151 quibus

184 3167 494 3224 adversarii
520 3170 894 3241 proﬂigentur.
934 3191 952 3224 ι
985 3174 1141 3227 Anno
1168 3171 1295 3239 λίθω,
1330 3187 1448 3243 pag.
1484 3171 1609 3228 449.

1888 1974 2096 2027 cessisse
2123 1971 2381 2028 interdum
2408 1983 2537 2029 testu
2578 1971 2941 2042 disputationis
2989 1969 3288 2040 abreptum,
3319 1976 3367 2021 et
3414 1969 3469 2020 in

1886 2063 2060 2118 odium
2081 2065 2289 2119 haeresis
2309 2082 2461 2135 quam
2491 2063 2843 2135 impugnabat,
2872 2062 2938 2115 ad
2960 2061 3274 2116 contrarium
3304 2067 3468 2113 extre-

1884 2172 2027 2210 mum
2073 2158 2374 2213 declinasse.
2406 2157 2483 2212 Ne
2512 2156 2563 2211 id
2595 2156 2706 2210 vitii
2738 2156 3034 2225 Augustino
3064 2152 3323 2222 objiciens
3364 2150 3471 2205 lec-

1888 2262 2059 2308 torum
2131 2253 2316 2308 oculos
2372 2251 2647 2315 offendat,
2703 2248 3057 2304 accusationis
3119 2244 3467 2301 acerbitatem

1886 2345 2143 2401 adverbio
2185 2345 2443 2399 interdum
2467 2344 2694 2413 mitigat,
2720 2357 2840 2396 cum
2868 2350 3068 2405 tamen,
3099 2338 3175 2393 uti
3204 2336 3469 2402 dicebam,

1884 2437 2084 2507 passim
2108 2445 2163 2491 et
2192 2435 2390 2505 ubique
2414 2435 2465 2489 in
2505 2433 2667 2489 hosce
2715 2444 2969 2487 excessus
2998 2428 3326 2499 praecipitem
3360 2428 3471 2481 Au-

1887 2528 2155 2599 gustinum
2188 2527 2370 2582 faciat.
2417 2526 2682 2581 Caeterum
2728 2522 2898 2579 sancti
2925 2520 3162 2576 doctoris
3209 2517 3470 2573 sententia

1887 2620 2157 2676 communi
2188 2628 2493 2675 sanctorum
2526 2619 2743 2673 Patrum
2768 2624 2823 2671 et
2849 2623 3092 2670 veterum
3122 2609 3471 2667 scholastico—

1886 2730 2005 2768 rum
2032 2713 2234 2785 judicio
2251 2711 2646 2784 verissimafest.
2666 2710 2841 2781 lnquit
2865 2706 3193 2779 Augustinus
3211 2714 3355 2760 tomo
3374 2702 3465 2769 VI,

1890 2807 1983 2863 lib.
2019 2808 2086 2862 de
2131 2808 2283 2863 Bono
2312 2806 2598 2877 conjugali,
2635 2820 2752 2876 cap.
2786 2803 2819 2859 6
2852 2822 2864 2857 :
2920 2821 2939 2854 ι
2968 2800 3280 2872 Conjugalis
3325 2799 3469 2855 enim

1887 2899 2205 2955 concubitus
2234 2899 2520 2971 generandi
2546 2898 2715 2969 gratia
2741 2911 2847 2951 non
2888 2895 3051 2949 habet
3077 2894 3309 2963 culpam,
3341 2905 3471 2946 con-

1890 2992 2237 3060 cupiscentiae
2264 3006 2393 3047 vero
2415 2990 2699 3057 satiandac,
2729 2987 2824 3045 sed
2851 2997 3028 3043 tamen
3058 3000 3179 3042 cum
3208 2983 3433 3055 conjuge
3452 3023 3470 3049 ,

1888 3094 2110 3155 pr0pter
2154 3084 2310 3141 ﬁdem
2362 3085 2465 3139 tori
2513 3081 2778 3139 venialem
2831 3080 2993 3135 habet
3031 3080 3264 3148 culpam.
3304 3094 3323 3128 ι
3361 3074 3471 3130 Hoc

1891 3184 2154 3230 assertum
2185 3175 2447 3231 docuerat
2486 3172 2732 3228 Clemens
2770 3170 3076 3232 Romanus,
3127 3167 3221 3221 lib.
3253 3180 3307 3219 vt
3332 3163 3474 3220 Con—

271 3263 382 3320 Sed
414 3264 577 3320 audio
616 3265 890 3321 Petavium
933 3266 1310 3321 inclamantem
1346 3285 1357 3319 :
1413 3285 1431 3317 ε
1460 3265 1784 3337 Iampridem
1814 3297 1862 3362 ο
1893 3271 2062 3325 stitut.
2090 3278 2290 3340 apost.,
2322 3277 2381 3324 ut
2410 3268 2592 3324 dicunt
2625 3281 2746 3336 cap.
2776 3264 2808 3319 7
2851 3280 2866 3318 :
2902 3282 2920 3316 ‹
2950 3262 3074 3319 Sola
3103 3262 3247 3316 enim
3286 3259 3473 3328 volup-

184 3356 459 3429 disputari
487 3358 542 3413 in
583 3368 862 3430 utramque
892 3368 1100 3430 partem
1126 3359 1292 3429 cmpit
1332 3360 1383 3413 in
1414 3359 1614 3415 scholis
1643 3374 1787 3430 quat-

185 3450 303 3505 stio
339 3451 409 3505 de
440 3450 918 3519 praedestinatione
941 3490 957 3518 ,
993 3464 1169 3521 neque
1196 3463 1296 3521 pro
1330 3449 1509 3520 aliquo
1541 3449 1789 3519 praeiudi-

187 3541 284 3597 cio
312 3541 499 3598 valere
525 3542 592 3596 ad
616 3542 753 3596 hanc
782 3534 1213 3599 controversiam
1262 3542 1464 3597 credita
1493 3551 1576 3598 est
1605 3550 1788 3598 aucto-

193 3634 335 3689 ritas
359 3633 658 3705 Augustini.
698 3653 717 3687 ι
755 3634 957 3690 Tom.l
1002 3635 1189 3705 Dogm.
1223 3632 1418 3701 theol.,
1449 3632 1543 3688 lib.
1576 3648 1632 3700 x,
1662 3648 1781 3703 cap.

188 3731 250 3786 1.
284 3732 398 3788 Sed
453 3731 611 3802 hujus
664 3731 980 3787 recentioris
1021 3744 1181 3785 voces
1229 3727 1584 3799 gravissimo,
1615 3742 1786 3797 eoque

183 3822 495 3880 domestico
546 3824 856 3880 testimonio
914 3824 1296 3895 comprimam.
1358 3823 1723 3889 Ann01584,
1754 3837 1786 3878 a

182 3916 419 3973 Claudio
447 3918 743 3988 Aquaviva,
775 3933 969 3988 magno
1000 3918 1094 3973 illo
1138 3926 1194 3973 et
1221 3917 1632 3987 incomparabili
1678 3916 1784 3972 uni-

182 4025 369 4066 versae
422 4013 692 4069 societatis
744 4015 1102 4080 moderatorc,
1152 4013 1353 4083 przevio
1381 4027 1480 4069 sex
1526 4012 1781 4069 doctissi-

191 4121 409 4162 morum
442 4106 812 4177 theologorum
855 4107 1098 4179 ejusdem
1128 4107 1359 4162 sodalitii
1389 4108 1667 4174 examine,
1700 4123 1784 4164 se-

184 4199 353 4254 lectae
390 4208 514 4256 sunt
557 4202 801 4272 quaedam
851 4201 1130 4258 sententiae
1157 4201 1408 4257 omnibus
1456 4202 1569 4257 suis
1598 4201 1784 4257 defen-

185 4292 405 4361 dendae,
434 4310 500 4350 ne
541 4295 783 4365 quolibet
808 4303 968 4350 vento
998 4294 1258 4349 doctrina:
1286 4292 1779 4349 circumferrentur.

183 4386 365 4441 Porro
396 4401 518 4458 pag.
546 4389 633 4454 57,
663 4389 753 4443 ubi
782 4388 850 4443 de
872 4388 1181 4457 Opinionum
1204 4386 1411 4442 delectu
1440 4387 1632 4457 agitur,
1666 4386 1783 4443 haec

184 4478 446 4549 leguntur
480 4497 492 4533 :
528 4498 547 4531 ι
584 4480 713 4535 Item
740 4480 1020 4535 deﬁnitum
1052 4488 1134 4536 est
1165 4479 1659 4549 praedestinationis
1682 4493 1781 4535 nec

183 4572 459 4627 rationem
484 4588 583 4629 nec
614 4573 984 4630 conditionem
1013 4587 1135 4628 esse
1159 4587 1224 4628 ex
1273 4582 1426 4643 parte
1468 4581 1671 4628 nostra.
1721 4572 1778 4627 Id

182 4668 256 4719 ad
288 4666 545 4735 pietatem
574 4682 761 4738 parum
803 4669 1078 4738 pertinere
1121 4666 1265 4722 dicet
1295 4665 1515 4736 aliquis;
1560 4674 1615 4720 at
1642 4665 1779 4721 hanc
1804 4696 1859 4758 Ι)

186 4759 477 4829 Augustini
526 4759 824 4815 doctrinam
875 4775 983 4816 non
1022 4759 1182 4815 modo
1209 4761 1568 4815 communiter
1598 4759 1773 4815 Theo-

185 4847 437 4918 logorum
469 4849 651 4904 schola
679 4852 791 4919 jam
840 4849 1065 4919 recepit,
1094 4849 1189 4905 sed
1219 4860 1272 4904 et
1302 4849 1559 4906 Ecclesiae
1588 4849 1773 4906 Patres

183 4954 285 5009 per
318 4940 465 4998 mille
494 4950 549 4998 et
576 4942 837 4999 ducentos
863 4942 1079 4997 circiter
1107 4955 1300 5010 annos,
1330 4942 1419 5011 qui
1464 4940 1517 4995 id
1548 4949 1771 4995 conten-

184 5036 325 5092 dunt
371 5036 604 5107 probare
633 5052 699 5093 ex
732 5036 1026 5107 Scripturis
1056 5046 1111 5092 et
1141 5035 1416 5105 responsis
1466 5033 1771 5103 pontiﬁcum

183 5126 581 5194 Romanorum,
614 5143 806 5199 nempe
861 5128 1081 5194 Zosimi,
1114 5126 1269 5192 Sixti,
1299 5123 1599 5191 Caelestini,
1634 5126 1772 5180 Leo-

182 5220 295 5288 nis,
353 5219 596 5289 Gelasii,
646 5221 786 5291 apud
830 5236 963 5291 quos
1014 5221 1413 5286 Massilienses,
1462 5220 1773 5289 Cassianus,

182 5309 444 5376 Faustus,
475 5310 673 5382 aliique
728 5312 886 5381 hujus
915 5311 1404 5382 prmdestinationis
1435 5320 1773 5382 oppugnato-

183 5416 276 5458 res
306 5402 450 5458 male
476 5418 691 5474 semper
718 5406 1019 5461 audierunt.
1054 5424 1073 5457 ι
1125 5403 1442 5459 Examinata
1495 5404 1609 5461 haec
1652 5420 1774 5460 cum

186 5488 312 5544 aliis
352 5496 615 5553 sententia
646 5497 743 5554 fuit
789 5513 819 5553 a
850 5498 1056 5554 Joanne
1104 5498 1303 5553 Azorio
1330 5498 1588 5569 Hispano,
1637 5497 1773 5554 Gas-

186 5597 321 5653 Ilare
350 5582 614 5646 GOMalez
662 5592 943 5659 Lusitano,
978 5590 1178 5648 Jacobo
1202 5591 1352 5647 Tirio
1385 5591 1562 5658 Gallo,
1614 5589 1774 5645 Petro

186 5674 376 5731 BMIBO
432 5675 714 5730 Αυειΐὶπο
746 5715 762 5742 ν
810 5687 1044 5741 Αηιοηίο
1092 5685 1330 5741 Guisano
1385 5698 1454 5739 ex
1507 5682 1774 5752 superiori

187 5764 501 5835 Germania,
530 5774 583 5821 et
605 5765 879 5837 Stephano
921 5776 1140 5842 Tuccio,
1173 5775 1265 5845 qui
1304 5775 1490 5829 Roma:
1520 5773 1773 5829 moraba-

185 5865 296 5924 tur,
328 5863 391 5913 ut
438 5856 492 5912 in
541 5857 851 5925 praefatione
879 5856 1023 5913 illius
1054 5858 1176 5913 libri
1206 5866 1481 5918 aSScritur.
1534 5868 1774 5935 Augusta

436 5973 705 6033 PATROL.
756 5974 1007 6035 XLVII.

1894 3369 1994 3425 tas,
2033 3360 2079 3416 si
2118 3363 2237 3432 quis
2279 3376 2341 3416 ca
2385 3362 2545 3416 etiam
2580 3367 2757 3414 utatur
2784 3358 2840 3412 in
2866 3354 3137 3425 conjugio,
3163 3362 3248 3409 est
3276 3362 3474 3422 praeter

1893 3452 2059 3523 leges,
2092 3460 2145 3507 et
2197 3452 2392 3523 injusta
2417 3492 2433 3518 ,
2482 3460 2539 3507 et
2580 3465 2610 3505 a
2638 3450 2846 3504 ratione
2891 3447 3087 3502 aliena.
3122 3463 3141 3497 ι
3187 3444 3247 3500 In
3286 3444 3471 3499 eadem

1889 3545 2158 3601 sententia
2183 3553 2267 3601 est
2294 3554 2512 3600 sanctus
2540 3542 2830 3598 Anselmns
2860 3540 2912 3595 in
2944 3540 2964 3594 l
2990 3538 3116 3594 Cor.
3149 3552 3243 3607 vn,
3274 3536 3339 3591 ad
3382 3535 3471 3589 illa

1889 3635 2051 3692 verba
2084 3651 2099 3689 :
2147 3634 2261 3691 Hoc
2285 3644 2454 3690 autem
2493 3634 2767 3689 secundum
2805 3630 3201 3703 indulgentiam,
3235 3626 3327 3681 ubi
3352 3627 3427 3680 ait
3456 3643 3469 3679 ε

1896 3747 1915 3780 ι
1953 3728 2102 3783 Tunc
2134 3728 2277 3784 enim
2309 3728 2480 3784 solum
2510 3728 2769 3797 conjuges
2811 3725 2927 3779 sine
2956 3722 3112 3792 culpa
3141 3727 3267 3775 sunt
3293 3718 3347 3773 in
3377 3718 3472 3771 ad—

1891 3820 2170 3886 mixtione,
2205 3835 2325 3875 cum
2374 3834 2480 3874 non
2511 3833 2613 3889 pro
2651 3816 2919 3887 explenda
2949 3812 3197 3877 libidine,
3248 3809 3343 3865 sed
3373 3822 3471 3879 pro

1888 3913 2229 3984 suscipienda
2262 3914 2410 3983 prole
2433 3912 2746 3968 miscentur.
2781 3908 2887 3966 Sed
2917 3917 3092 3962 tamen
3117 3914 3172 3961 et
3200 3904 3301 3958 alia
3324 3916 3472 3958 com-

1888 4006 2074 4062 mixtio
2103 4022 2225 4077 quae
2266 4008 2321 4061 lit
2369 4021 2467 4077 pro
2497 4006 2609 4062 sola
2657 4004 2929 4075 voluptate
2953 4044 2969 4068 ,
3002 4000 3210 4057 veniam
3262 3999 3472 4068 accepit

1888 4108 2106 4169 propter
2158 4100 2394 4170 nuptias.
2433 4118 2452 4153 ι
2485 4099 2714 4154 Sanctus
2744 4095 3055 4167 Fulgentius
3079 4135 3093 4160 ,
3127 4093 3179 4148 in
3212 4092 3372 4162 epist.
3404 4091 3471 4145 de

1887 4192 2079 4247 Debito
2112 4192 2401 4264 conjugali,
2438 4207 2558 4262 cap.
2579 4193 2633 4257 5,
2664 4188 2855 4246 scribit
2886 4208 2897 4240 :
2939 4206 2958 4241 ι
2985 4184 3315 4255 Conjugatus
3338 4198 3469 4253 ergo

1885 4288 1930 4342 si
1958 4286 2269 4354 fornicetur,
2298 4284 2677 4341 damnabiliter
2709 4290 2927 4353 peccat;
2950 4281 2997 4336 si
3021 4294 3149 4336 vero
3176 4280 3279 4334 tori
3308 4276 3469 4335 ﬁdem

1883 4394 1993 4437 non
2017 4380 2274 4446 deserat,
2306 4379 2402 4435 sed
2434 4380 2486 4434 in
2515 4392 2683 4434 uxore
2706 4391 2802 4433 sua
2834 4373 3064 4430 naturali
3095 4372 3353 4427 duntaxat
3372 4384 3471 4427 usu

1884 4476 2271 4546 aliquantulum
2304 4475 2692 4543 intemperatus
2736 4471 2982 4538 excedat,
3016 4483 3120 4525 non
3162 4466 3334 4522 solum
3365 4465 3474 4521 sci-

1884 4569 2013 4626 licet
2038 4570 2438 4641 generationem
2468 4582 2718 4639 quaerens
2740 4607 2756 4634 ,
2790 4566 2884 4623 sed
2932 4562 3216 4633 aliquando
3262 4559 3470 4615 libidini

1883 4662 2063 4718 carnis
2097 4661 2516 4730 obedieus,,hoc
2539 4658 2784 4731 equidem
2806 4660 2926 4715 sine
2956 4656 3110 4726 culpa
3138 4668 3253 4719 non
3268 4652 3411 4706 facit.
3443 4667 3464 4701 ι

1888 4756 1953 4811 Et
1978 4770 2095 4825 cap.
2129 4754 2162 4807 4
2193 4773 2205 4810 :
2244 4774 2261 4806 ς
2294 4754 2518 4810 Ileteuta
2547 4767 2677 4821 ergo
2700 4751 2806 4806 tori
2833 4750 2967 4805 ﬁdes
2997 4746 3259 4803 maculam
3288 4742 3466 4807 diluit,
3524 4804 3529 4823 ρ

1882 4863 2042 4918 quam
2090 4847 2360 4903 contrahit
2411 4844 2697 4900 inﬁrmitas
2748 4841 2950 4906 carnis,
3001 4840 3049 4895 si
3099 4835 3309 4894 mulieri
3359 4850 3467 4890 non

1881 4941 2171 4995 misceatur
2202 4940 2379 5007 alteri,
2403 4937 2645 5009 quisquis
2676 4950 2781 4991 non
2813 4948 2911 5005 pro
2955 4932 3067 4988 sola
3096 4929 3464 5002 generatione,

1881 5030 1985 5087 sed
2015 5030 2177 5086 etiam
2216 5039 2436 5099 propter
2474 5026 2818 5098 fragilitatem
2845 5023 3023 5080 carnis
3051 5036 3163 5078 suae
3206 5021 3467 5076 miscetur

1881 5124 2054 5181 uxori.
2094 5144 2112 5177 ι
2152 5124 2255 5180 Sed
2306 5138 2375 5178 ex
2408 5132 2594 5179 sancto
2640 5118 2898 5191 Gregorio
2925 5133 3062 5189 papa
3102 5116 3465 5188 pulcherrime

1880 5218 1983 5273 hoc
2014 5218 2286 5293 probatur.
2344 5215 2478 5272 Cum
2526 5223 2742 5271 sanctus
2777 5212 3105 5283 Augustinus
3135 5209 3463 5278 monachus,

1881 5326 2038 5381 quem
2066 5310 2133 5365 ad
2181 5309 2383 5381 Anglos
2413 5307 2478 5363 ad
2518 5307 2678 5363 ﬁdem
2728 5304 3124 5361 convertendos
3169 5304 3222 5359 in
3255 5303 3469 5359 Britan-

1880 5404 2023 5459 niam
2072 5406 2313 5469 miserat,
2346 5399 2588 5472 quaedam
2635 5397 2797 5453 dubia
2842 5394 3016 5452 eidem
3073 5381 3465 5466 proposuisset,

1878 5501 2023 5556 inter
2048 5513 2168 5569 quae
2197 5514 2329 5553 num
2357 5499 2439 5551 vir
2476 5509 2588 5550 sure
2613 5491 2830 5563 conjugi
2855 5489 3153 5562 permixtus
3180 5498 3464 5558 antequam

1880 5605 2017 5660 aqua
2048 5590 2337 5653 lavaretur,
2370 5586 2653 5643 ecclesiam
2692 5583 2900 5654 ingredi
2930 5590 3133 5652 posset,
3165 5581 3251 5636 vel
3276 5579 3343 5635 ad
3379 5595 3467 5634 sa-

1882 5696 2027 5737 cram
2084 5681 2519 5736 communionem
2575 5677 2872 5742 accedere,
2906 5674 3199 5744 respondet
3246 5683 3465 5727 sanctus

1884 5776 2119 5844 pontifex
2153 5775 2244 5829 lib.
2275 5788 2353 5827 xn
2399 5772 2599 5842 Epist.,
2628 5786 2745 5841 cap.
2782 5770 2871 5835 10,
2904 5770 2969 5823 ad
3010 5770 3321 5835 interrogat.
3356 5767 3466 5819 Au-

1884 5876 2021 5938 guSI.
2060 5888 2069 5919 :
2112 5886 2127 5919 ‹
2163 5867 2523 5924 Romanorum
2551 5874 2727 5921 tamen
2757 5876 2966 5932 semper
2986 5860 3053 5915 ab
3074 5854 3465 5926 antiquioribus

2962 5976 3040 6033 22
