3962 6346
510 426 612 484 635

1397 412 1957 475 SUPPLEMENTUM
1997 417 2089 473 AD
2125 416 2354 476 OPERA
2398 417 2456 474 S.
2499 414 2899 473 AUGUSTlNl.

3696 414 3799 470 68S

506 559 639 604 usus
668 543 768 603 fuit
790 583 809 613 ,
841 548 963 614 post
987 538 1372 597 admixtionem
1403 539 1634 609 propriae
1657 536 1898 610 conjugis
1923 545 1979 593 et
2005 536 2087 593 la-
2115 537 2171 599 Α
2192 534 2239 591 si
2261 549 2393 591 uxor
2425 549 2529 589 non
2554 542 2719 599 esset,
2750 541 2876 589 tunc
2901 547 3007 588 non
3049 540 3131 590 est
3157 532 3463 591 omnimoda
3519 531 3798 588 inordina-

505 642 653 700 vacri
693 634 1122 711 puriﬁcationem
1150 646 1396 705 quaerere
1420 673 1436 699 ,
1463 639 1521 689 et
1547 631 1615 688 ab
1644 631 1892 704 ingressu
1920 631 2093 689 eccle-

504 735 601 791 sise
627 731 904 804 paululum
932 735 1246 787 reverenter
1264 726 1557 783 abstinere.
1577 724 1687 783 Nec
1716 723 1833 780 haec
1852 722 2092 779 dicentes

504 828 828 899 deputamus
859 823 1071 896 culpam
1118 836 1240 880 esse
1284 819 1634 892 coniugium,
1684 817 1778 875 sed
1824 815 1949 888 quia
1978 816 2093 889 ipsa

502 918 650 978 licita
677 918 939 976 admixtio
968 916 1261 988 coniugum
1291 912 1410 971 sine
1455 912 1730 983 voluptate
1767 907 1947 965 carnis
1978 907 2094 963 ﬁeri

504 1027 615 1072 non
649 1022 848 1085 potest,
883 1028 917 1069 a
947 1010 1089 1069 sacri
1131 1010 1236 1067 loci
1280 1010 1526 1081 ingressu
1568 1004 1942 1063 abstinendum
1979 1011 2114 1071 est,

501 1108 629 1181 quia
656 1107 901 1179 voluptas
929 1106 1045 1177 ipsa
1064 1117 1188 1162 esse
1216 1101 1335 1159 sine
1354 1100 1511 1172 culpa
1528 1101 1832 1157 nullatenus
1860 1104 2085 1169 potestn

503 1200 574 1258 Et
599 1208 786 1273 postea
835 1219 848 1255 :
884 1219 905 1254 ι
940 1198 998 1259 Si
1028 1198 1151 1271 quis
1180 1211 1311 1269 ergo
1337 1212 1489 1253 suam
1519 1195 1826 1266 coniugem,
1860 1207 1964 1249 non
1994 1206 2090 1249 cu-

499 1295 688 1369 pidine
718 1294 1014 1366 voluptatis
1054 1300 1272 1363 captus,
1305 1288 1398 1347 sed
1428 1286 1767 1345 solummodo
1798 1284 2091 1340 liberorum

499 1385 858 1444 creandorum
886 1384 1058 1455 gratia
1091 1381 1273 1447 utitur,
1308 1379 1411 1437 iste
1458 1376 1699 1450 proiecto
1752 1377 1819 1432 de
1846 1375 2093 1444 ingressu

501 1480 767 1550 ecclesiae,
797 1493 892 1536 seu
920 1478 990 1535 de
1017 1476 1283 1533 sumendo
1309 1473 1555 1545 corporis
1583 1470 1843 1527 Dominici
1871 1469 2091 1541 sangui-

501 1576 701 1648 nisque
726 1575 983 1647 mysterio
1013 1587 1112 1629 suo
1134 1580 1220 1628 est
1254 1568 1639 1640 relinquendus
1663 1565 1889 1637 iudicio,
1914 1564 2037 1636 quia
2060 1578 2091 1619 a

502 1666 661 1725 nobis
683 1664 959 1739 prohiberi
989 1678 1095 1719 non
1125 1662 1287 1719 debet
1314 1660 1587 1730 accipere,
1632 1658 1725 1729 qui
1756 1656 1812 1712 in
1846 1657 1970 1729 igne
1997 1669 2093 1726 po-

505 1761 647 1816 situs
669 1758 840 1815 nescit
869 1756 1081 1814 ardere.
1115 1755 1244 1811 Cum
1274 1767 1401 1809 vero
1430 1766 1538 1807 non
1568 1764 1719 1806 amor
1750 1746 2092 1820 procreanda;

500 1855 722 1923 sobolis,
773 1852 868 1910 sed
907 1851 1156 1921 voluptas
1179 1845 1491 1903 dominatur
1520 1845 1574 1900 in
1623 1856 1791 1913 opere
1831 1839 2091 1897 commix-

2199 630 2296 697 tio,
2329 638 2381 685 et
2407 640 2532 685 tunc
2567 636 2652 684 est
2682 636 2958 697 peccatum
3003 628 3230 697 veniale,
3273 636 3329 685 et
3366 636 3653 684 excusatur
3704 640 3795 695 per

2197 721 2395 777 bonum
2428 720 2778 789 matrimonii,
2809 728 2865 776 ut
2894 734 2999 776 non
3024 719 3091 775 sit
3122 720 3367 776 mortale.
3409 738 3427 769 ι
3456 719 3680 776 Possem
3710 718 3791 770 in-

2197 831 2450 873 numeros
2481 815 2732 872 doctores
2758 813 2977 882 addere,
3009 813 3101 886 qui
3146 814 3319 884 plenis
3363 812 3626 885 suffragiis
3679 812 3790 866 Au-

2197 907 2395 982 gustini
2439 908 2764 966 sententiam
2816 906 3189 978 comprobant.
3245 906 3469 977 Appello
3507 904 3792 965 Sanchez.

2197 1002 2335 1059 inter
2364 1002 2698 1059 recentiores
2724 1000 3116 1066 doctissimum,
3141 1003 3227 1073 qui
3254 1011 3398 1056 tomo
3423 999 3484 1055 lll
3511 1000 3577 1055 de
3607 998 3796 1054 Matri-

2197 1096 2380 1151 monio
2407 1094 2502 1151 lib.
2529 1110 2606 1162 ix,
2633 1094 2775 1165 disp.
2808 1092 2898 1162 11,
2930 1108 3081 1149 num.
3113 1092 3171 1161 4,
3215 1093 3352 1148 hanc
3379 1090 3567 1147 thesim
3590 1104 3793 1162 prope.

2197 1190 2320 1246 nit:
2372 1208 2390 1242 ι
2425 1186 2673 1245 Secunda
2704 1185 2979 1243 conclusio
3011 1203 3023 1240 :
3068 1185 3231 1240 Actus
3280 1179 3575 1254 coniugalis
3617 1182 3795 1237 solius

2196 1282 2486 1353 voluptatis
2542 1279 2713 1352 gratia
2768 1279 3072 1345 exercitus,
3131 1291 3226 1332 nec
3279 1276 3411 1332 lines
3462 1274 3797 1330 matrimonii

2195 1376 2622 1448 transgrediens,
2648 1383 2734 1431 est
2754 1374 2904 1444 culpa
2940 1370 3181 1427 venialis.
3221 1389 3241 1424 ι
3271 1368 3423 1438 Quod
3452 1384 3581 1425 sane
3610 1382 3796 1423 asser-

2196 1479 2310 1528 tum
2337 1469 2718 1542 quinquaginta
2749 1466 3031 1523 doctorum
3055 1474 3167 1520 tum
3195 1472 3437 1519 veterum
3468 1474 3578 1519 tum
3598 1476 3797 1519 recen-

2195 1562 2395 1619 tiorum
2426 1560 2750 1618 testimoniis
2779 1558 3098 1616 communit.
3132 1556 3283 1613 lianc
3303 1556 3471 1611 sancti
3502 1555 3795 1627 Augustini

2197 1658 2521 1715 sententiam
2552 1671 2722 1729 nuper
2743 1654 2982 1711 defendit
3011 1662 3194 1711 noster
3226 1653 3286 1707 P.
3313 1651 3517 1723 Alipius
3556 1649 3765 1724 Reyiol’
3778 1691 3792 1717 ,

2197 1749 2384 1820 Belga,
2409 1749 2501 1805 lib.
2530 1764 2580 1804 tv
2605 1748 2673 1804 de
2705 1747 2917 1815 Anima,
2939 1761 2988 1802 c.
3013 1744 3071 1812 2,
3107 1744 3135 1816 §
3164 1744 3219 1800 4.
3250 1743 3272 1799 i
3306 1759 3470 1811 nunc,
3496 1744 3794 1809 Moraines,

2197 1850 2254 1899 et
2272 1839 2570 1913 Augustino
2606 1840 2843 1897 furorem
2877 1838 3210 1903 nimiumque
3248 1840 3303 1893 in
3342 1836 3664 1908 disputando
3696 1837 3795 1891 im-

500 1947 667 2007 tionis
690 1988 707 2015 ,
740 1945 939 2002 habent
979 1942 1237 2013 coniuges
1262 1937 1428 1997 etiam
1458 1936 1526 1992 de
1554 1949 1650 1992 sua
1679 1933 2083 1998 commixtione,
2119 1949 2168 2010 Β
2193 1946 2376 2011 petum
2399 1952 2628 2010 oppone.
2656 1934 2731 1990 Ita
2754 1943 2857 2001 est,
2890 1947 2921 1989 a
2948 1932 3095 2004 regia
3120 1931 3201 1987 via
3226 1933 3280 1986 in
3306 1939 3549 1988 extrema
3573 1931 3667 1986 ille
3698 1930 3795 1985 de-

501 2040 645 2113 quod
673 2039 929 2096 deﬂeant.
961 2056 982 2092 ι
1032 2034 1188 2101 Item,
1225 2031 1470 2087 adductis
1509 2028 1616 2086 illis
1661 2028 1847 2085 verbis
1885 2026 2033 2083 Pauli
2069 2024 2091 2080 Ι

500 2135 629 2194 Cor.
646 2150 722 2191 vn
737 2149 752 2188 :
770 2132 888 2189 Hoc
914 2138 1086 2187 autem
1106 2129 1222 2184 dico
1243 2124 1523 2183 secundum
1548 2122 1947 2193 indulgentiam,
1976 2121 2050 2175 ait
2073 2135 2089 2175 :

506 2245 529 2283 ι
564 2227 684 2285 Νοιι
731 2227 873 2283 enim
914 2224 1225 2295 indulgetur
1272 2219 1418 2290 quod
1469 2218 1592 2273 licet
1647 2224 1701 2272 et
1725 2215 1928 2286 iustum
1986 2223 2088 2269 est.

500 2324 656 2395 Quod
685 2322 831 2381 enim
859 2320 1125 2393 indulgeri
1152 2318 1311 2387 dixit,
1335 2316 1547 2386 culpam
1568 2327 1688 2371 esse
1716 2312 2052 2369 monstravit.
2068 2331 2085 2363 ι

504 2417 585 2475 En
606 2432 714 2475 non
736 2416 907 2473 solum
946 2412 1230 2485 Augustini
1258 2409 1578 2468 sententiam
1609 2416 1869 2465 assertam
1898 2421 1927 2460 a
1960 2404 2094 2461 Gre-

501 2508 656 2583 gorio
683 2509 874 2580 Magno
902 2521 970 2562 ex
998 2503 1302 2576 apostolica
1331 2502 1461 2558 sede
1500 2500 1565 2555 ad
1598 2498 1838 2555 ﬁdelium
1892 2499 2092 2553 instru-

498 2602 736 2660 ctionem
764 2600 1018 2671 loquente
1042 2639 1059 2666 ,
1113 2609 1306 2653 verum
1335 2594 1495 2651 etiam
1539 2607 1605 2647 ex
1638 2590 1896 2661 Apostolo
1921 2598 1977 2646 et
2020 2604 2089 2644 ex

500 2692 723 2765 antiquo
746 2693 1006 2750 Romanas
1024 2688 1282 2745 Ecclesiae
1304 2688 1406 2743 ritu
1428 2685 1676 2742 eamdem
1699 2683 2089 2738 conﬁrmatam.

498 2786 638 2856 Quid
669 2786 736 2842 ad
790 2785 908 2842 haec
936 2796 1170 2855 repones
1198 2822 1216 2848 ,
1248 2779 1512 2837 Moraini?
1544 2778 1614 2833 Et
1650 2776 1989 2848 Gregorium,
2040 2783 2095 2830 et

500 2878 865 2951 Fulgentium,
893 2884 951 2935 et
979 2875 1318 2940 Anselmum,
1348 2882 1404 2929 et
1430 2871 1762 2929 Clementem
1806 2869 1871 2927 ad
1905 2868 2094 2939 praeci-

495 2971 627 3041 pitia
654 2970 941 3028 deﬂexisse
966 2968 1163 3026 dices?
1191 2968 1263 3025 At
1286 2966 1374 3024 isti
1396 2965 1547 3023 nullo
1570 2974 1703 3021 aestu
1718 2962 2094 3033 disputationis

498 3062 713 3135 abrepti
738 3063 831 3118 illa
857 3061 1067 3131 dixere,
1093 3060 1239 3118 unde
1264 3059 1479 3131 gravius
1496 3072 1707 3119 errasse
1735 3071 1866 3113 sane
1882 3054 2095 3111 dicendi

496 3164 626 3214 sunt
650 3197 668 3225 ,
705 3171 826 3211 cum
856 3154 1215 3227 Augustinum
1241 3152 1395 3210 solus
1424 3151 1657 3207 hostium
1706 3148 2094 3220 expugnando-

494 3264 617 3307 rum
643 3256 888 3306 excuset.

2196 2032 2434 2099 clinavit,
2470 2030 2563 2088 sed
2607 2043 2789 2085 secum
2821 2036 2873 2082 et
2906 2026 3095 2083 Patres
3142 2034 3193 2080 et
3240 2030 3465 2081 cunctos
3506 2022 3796 2094 theologia:

2196 2139 2450 2198 proceres
2472 2124 2659 2189 traxit,
2676 2131 2734 2177 ut
2749 2123 2857 2192 iam
2873 2127 2952 2175 tot
2973 2118 3386 2191 sapientissimis
3405 2116 3536 2174 viris
3552 2131 3796 2188 praeeun-

2196 2219 2337 2276 tibus
2364 2216 2533 2289 possit
2557 2214 2782 2288 quilibet
2809 2212 3075 2270 inolienso
3107 2211 3243 2284 pede
3269 2211 3395 2268 illac
3414 2210 3514 2268 iter
3541 2198 3795 2282 carpere,

2197 2312 2323 2369 licet
2351 2310 2616 2366 Moraines
2642 2308 2748 2363 alia
2778 2308 2867 2362 via
2889 2304 3285 2377 progrediatur,
3319 2303 3407 2375 qui
3436 2301 3484 2358 si
3503 2302 3641 2358 forte
3672 2309 3800 2356 tan-

2198 2414 2374 2463 lorum
2407 2405 2646 2460 virorum
2678 2401 2900 2471 vestigia
2932 2406 3189 2465 notasset,
3219 2397 3439 2453 eosdem
3466 2405 3519 2454 et
3562 2397 3687 2467 ipse
3715 2410 3801 2452 se-

2196 2508 2373 2567 cutus,
2398 2498 2522 2554 licet
2551 2497 2711 2568 longo
2735 2494 2943 2567 positus
2971 2492 3277 2560 intervallo,
3305 2491 3407 2548 sibi
3434 2490 3630 2549 melius
3662 2504 3801 2547 con-

2195 2590 2468 2649 suluisset.

2269 2706 2393 2763 Haec
2423 2704 2637 2778 quidem
2664 2703 2736 2761 de
2764 2702 2990 2775 objectis
3010 2701 3081 2759 ab
3106 2714 3216 2758 uno
3241 2699 3505 2758 Morainio
3534 2698 3802 2769 Augusti-

2197 2796 2371 2853 nianae
2397 2795 2659 2852 doctrinas
2696 2793 3009 2852 excessibus
3038 2791 3182 2850 dicta
3231 2790 3521 2859 sufﬁciant,
3573 2805 3704 2861 qua
3761 2792 3805 2846 si

2196 2891 2413 2962 ipsimet
2436 2889 2764 2947 recentiores
2790 2888 3047 2944 attentius
3066 2885 3432 2951 considerent,
3464 2883 3628 2939 dubio
3676 2898 3808 2952 pro-

2196 2985 2282 3041 cul
2306 2984 2615 3041 fatebuntur
2644 2998 2751 3040 non
2775 2981 3130 3054 Augustinum
3155 3021 3171 3047 ,
3203 2979 3297 3036 sed
3316 2986 3491 3036 semet
3512 2979 3567 3034 in
3596 2979 3809 3049 perticar-

2196 3078 2337 3135 losos
2366 3094 2610 3134 excessus
2634 3077 2974 3143 declinasse;
3001 3089 3125 3131 cum
3153 3073 3299 3129 enim
3327 3072 3574 3131 audirent
3602 3086 3631 3129 a
3667 3069 3811 3128 Jan-

2198 3175 2351 3230 senio
2400 3173 2606 3243 lprensi
2665 3171 2919 3243 episcopo
2962 3186 3129 3226 unum
3194 3169 3392 3240 ubique
3436 3168 3809 3239 Augustinum

2184 3264 2422 3332 .laudari,
2454 3265 2614 3321 unius
2632 3265 2916 3335 Augustini
2946 3262 3265 3327 sententias,
3288 3261 3455 3318 veluti
3482 3276 3549 3317 ex
3570 3261 3811 3317 oraculo

566 3342 674 3399 Sed
700 3342 827 3398 volo
861 3339 1150 3397 ostendere
1182 3338 1473 3410 theologiae
1521 3336 1853 3394 scholasticae
1905 3350 2095 3405 proce—
2126 3356 2174 3421 ρ
2202 3373 2460 3430 responsa
2490 3357 2742 3430 proferri,
2766 3356 3125 3428 eamdemque
3148 3357 3200 3412 in
3228 3355 3531 3427 theologica
3559 3355 3811 3425 palam

494 3437 660 3496 resin
682 3435 871 3494 eadem
893 3436 1158 3492 sententia
1180 3449 1303 3491 cum
1323 3433 1624 3505 Augustino
1644 3432 1951 3488 concinere.
1972 3432 2092 3487 Pri-

493 3547 617 3589 mus
643 3531 736 3599 sit,
764 3544 927 3602 quem
956 3542 1147 3585 omnes
1190 3528 1361 3585 secuti
1391 3536 1539 3594 sunt,
1572 3526 1821 3597 Magister
1862 3526 2089 3583 Senten-

492 3625 709 3691 tiarum,
750 3624 844 3694 qui
870 3621 926 3678 in
955 3621 1012 3691 4,
1042 3621 1170 3678 dist.
1207 3622 1299 3691 5i,
1326 3621 1400 3677 ita
1426 3620 1614 3676 scribit
1644 3636 1658 3673 ε
1694 3638 1714 3671 ι
1755 3620 1867 3674 Hoc
1908 3631 2088 3676 autem

494 3733 565 3774 ne
594 3715 866 3788 praedictis
881 3715 1086 3783 obviet,
1108 3713 1518 3785 intelligendum
1548 3712 1712 3770 estin
1744 3712 1847 3769 illis
1870 3713 1958 3781 qui
1981 3728 2086 3769 non

492 3812 661 3885 gratia
692 3811 861 3885 prolis
900 3810 1244 3877 conveniunt,
1281 3823 1510 3881 quorum
1554 3808 1803 3880 voluptas
1852 3824 1958 3864 non
2004 3818 2089 3865 est

488 3907 611 3965 sine
641 3914 873 3978 peccato.
912 3924 933 3960 ι
968 3905 1039 3963 Et
1079 3906 1316 3977 loquitur
1364 3904 1435 3962 de
1475 3904 1795 3976 coniugatis.
1851 3903 2089 3961 Accedat

488 4000 742 4060 Albertus
770 3999 1015 4072 Magnus,
1056 4008 1205 4055 tomo
1245 3997 1387 4066 XVI,
1430 3999 1463 4053 4
1504 3996 1930 4065 Sententiarum,
1956 3998 2083 4054 dist.

485 4095 580 4167 51,
624 4105 730 4153 art.
760 4095 851 4163 2i,
884 4095 912 4168 ᾗ
946 4095 1252 4167 Responsio,
1290 4094 1381 4150 ubi
1431 4094 1507 4149 ait
1538 4112 1551 4148 :
1590 4112 1610 4145 ‹
1647 4093 1754 4151 Sed
1798 4109 1921 4149 cum
1972 4094 2085 4149 sola

484 4189 658 4247 libido
684 4199 883 4255 movet,
931 4200 1060 4258 etc.,
1092 4199 1181 4245 aut
1208 4189 1382 4245 fervet
1408 4190 1549 4245 intra
1575 4195 1748 4245 metas
1792 4188 2087 4244 honestatis

485 4288 544 4339 et
567 4280 939 4338 concessionis
961 4281 1313 4351 matrimonii,
1336 4288 1393 4338 et
1415 4291 1541 4337 tunc
1560 4280 1771 4337 veniale
1799 4279 2083 4337 dicendum

484 4382 591 4445 est,
625 4381 683 4430 ut
703 4382 850 4446 patet
879 4387 946 4429 ex
984 4374 1169 4431 verbis
1197 4374 1480 4447 Augustini
1511 4375 1565 4430 in
1593 4375 1768 4430 littera
1809 4374 2019 4445 positis.
2060 4392 2079 4426 ι

481 4467 637 4526 Dabo
660 4468 785 4526 huic
828 4482 1115 4540 supparem
1164 4468 1529 4525 Alexandrum
1569 4468 1842 4533 Alensem,
1876 4477 2015 4537 part.
2048 4482 2085 4522 ιι

480 4560 747 4631 Summas,
777 4570 970 4634 quaest.
1006 4560 1130 4629 147,
1174 4561 1373 4617 memb.
1408 4561 1442 4615 2
1470 4579 1485 4616 :
1524 4580 1544 4615 ι
1576 4562 1635 4618 Si
1670 4561 1836 4627 enim,
1891 4560 2081 4631 inquit,

481 4655 574 4713 illa
600 4655 890 4714 delectatio
915 4655 986 4713 sit
1018 4656 1117 4713 sub
1142 4654 1275 4723 Deo,
1307 4656 1516 4712 veniale
1542 4665 1824 4728 peccatum
1854 4662 1959 4723 est,
1989 4670 2084 4710 ex-

2195 3465 2357 3521 supra
2387 3459 2618 3509 caeteros
2648 3450 2903 3507 Ecclesiae
2932 3449 3121 3506 Patres
3148 3449 3343 3516 attolli,
3388 3448 3490 3519 ipsi
3529 3464 3639 3520 quo
3672 3464 3814 3519 pro-

2191 3541 2282 3599 cul
2310 3557 2338 3596 a
2370 3543 2633 3600 Jansenio
2662 3542 3018 3609 declinarent,
3046 3532 3113 3599 eo
3149 3556 3321 3614 usque
3347 3542 3655 3612 praecipites
3689 3541 3815 3596 dia—

2192 3637 2477 3708 putationis
2504 3644 2636 3692 wstu
2668 3635 2869 3706 abrepti
2898 3643 3046 3704 sunt,
3073 3644 3133 3691 ut
3163 3634 3465 3706 Augustino
3504 3633 3618 3689 fere
3662 3649 3817 3689 nunc

2196 3730 2330 3785 tium
2359 3730 2688 3799 remiserint,
2723 3731 3018 3785 clamantes
3049 3744 3169 3784 cum
3201 3727 3463 3784 Ilorainio
3486 3728 3562 3782 sin
3608 3724 3815 3797 prmia-

2193 3824 2339 3881 tione
2365 3824 2763 3880 Anti-Jansenii
2788 3843 2800 3878 :
2848 3842 2868 3876 ‹
2899 3823 3001 3891 Qui
3026 3825 3177 3895 prius
3200 3822 3569 3895 Augustinum
3600 3822 3657 3877 in
3684 3835 3813 3876 om-

2191 3917 2348 3973 nibus
2378 3917 2742 3988 deposcebant
2765 3916 3000 3988 iudicem
3025 3959 3043 3989 ,η
3074 3931 3221 3974 nunc
3247 3916 3322 3972 ibi
3348 3915 3579 3972 liberum
3611 3920 3816 3984 putant

2201 4024 2269 4066 ne
2297 4010 2513 4081 quidem
2536 4010 2801 4067 arbitrum
2837 4010 3188 4066 honorarium
3219 4011 3272 4065 in
3328 4009 3447 4065 aliis
3498 4007 3649 4064 illum
3712 4007 3816 4063 ad-

2191 4103 2431 4160 mittere.
2468 4123 2492 4157 a
2527 4104 2663 4171 imo,
2709 4118 2820 4175 quo
2851 4103 3061 4161 facilius
3117 4110 3347 4160 cancros
3400 4102 3466 4158 ad
3510 4100 3817 4173 Augustini

2188 4197 2330 4255 dicta
2359 4198 2712 4256 examinanda
2740 4199 3077 4266 animarent,
3122 4197 3367 4254 divinum
3402 4197 3513 4253 illis
3562 4196 3633 4252 ad
3694 4207 3813 4251 tam

2189 4299 2433 4347 sanctum
2463 4305 2601 4363 opus
2627 4292 2885 4348 auxilium
2915 4292 3222 4348 adfuturum
3256 4291 3485 4363 polliciti
3515 4299 3648 4347 sunt
3696 4289 3815 4345 illis

2188 4384 2385 4442 Annati
2413 4384 2639 4442 vocibus
2666 4384 2761 4440 lib.
2792 4399 2884 4439 vm
2914 4384 2998 4441 sui
3031 4384 3315 4457 Augustini
3363 4382 3648 4448 vindicati,
3674 4395 3813 4451 cap.

2189 4479 2243 4547 5,
2278 4493 2398 4550 pag.
2427 4476 2531 4535 897
2564 4495 2576 4532 :
2605 4495 2629 4532 ι
2658 4477 2845 4549 Neque
2885 4477 3023 4534 adeo
3054 4491 3371 4549 perversum
3399 4485 3485 4531 est
3514 4475 3621 4530 hoc
3670 4488 3815 4530 con-

2187 4570 2386 4637 silium,
2410 4581 2467 4625 ut
2498 4570 2702 4628 habere
2728 4585 2834 4628 non
2858 4572 3030 4641 possit
3049 4570 3353 4640 adiutorem
3387 4568 3583 4626 Deum.
3632 4586 3651 4620 ι
3691 4571 3810 4622 Au-

2186 4664 2432 4734 gustinus
2461 4663 2528 4719 ad
2551 4664 2935 4721 Adrumetinos
2981 4662 3297 4731 monachos,
3347 4661 3505 4718 initio
3554 4660 3682 4717 libri
3734 4658 3809 4715 de

482 4759 711 4808 ευεδῑυΐ
753 4750 899 4809 enim
927 4760 1151 4825 ΡτοΡῑετ
1179 4759 1577 4809 sacramentum
1626 4751 1894 4823 coniugii;
1942 4749 2085 4808 unde
2113 4773 2169 4835 ι)
2194 4756 2377 4813 Gratia
2432 4765 2486 4814 et
2533 4757 2711 4814 libero
2764 4757 3009 4825 arbitrio,
3059 4757 3296 4828 scripsit,
3355 4758 3423 4812 ad
3469 4770 3567 4813 sua
3636 4753 3811 4825 ipsius

482 4844 836 4918 Augustinus,
868 4845 938 4902 de
963 4845 1115 4903 Bono
1142 4845 1447 4917 coniugali,
1479 4854 1584 4902 etc.
1621 4864 1641 4899 ι
1677 4846 1753 4903 ita
1776 4847 1830 4902 hi
1871 4845 1978 4902 duo
2003 4845 2086 4905 lu»

478 4939 629 4996 mina
682 4939 1004 5012 theologicae
1049 4939 1250 4997 schola:
1294 4953 1414 4997 eam
1464 4940 1786 4996 sententiam
1841 4940 2084 5009 tradunt,

479 5034 766 5106 Augustini
789 5034 1171 5091 auctoritatem
1202 5032 1396 5090 secuti.
1428 5032 1547 5089 Non
1576 5032 1831 5090 dissentit
1868 5032 2085 5104 Angeli-

480 5141 578 5183 cus
607 5130 863 5199 magister
891 5139 1113 5184 sanctus
1144 5127 1403 5196 Thomas,
1430 5126 1559 5184 dist.
1604 5128 1695 5196 5i,
1745 5128 1840 5184 cit.
1889 5135 2083 5197 quaest.

478 5220 537 5289 2,
568 5232 672 5279 art.
698 5222 755 5296 5,
804 5224 897 5281 ubi
937 5226 1130 5297 quzerit
1175 5234 1355 5281 utrum
1402 5235 1591 5297 peccet
1639 5226 1940 5283 mortaliter
1980 5239 2078 5282 co-

479 5329 749 5385 gnoscens
778 5332 1003 5374 uxorem
1045 5319 1377 5375 intendendo
1422 5318 1591 5375 solam
1641 5318 2077 5387 delectationem,

479 5407 569 5465 cui
593 5412 879 5481 quaestioni
906 5412 960 5468 in
987 5412 1094 5470 ﬁne
1120 5414 1366 5486 corporis
1394 5414 1687 5486 respondet
1716 5430 1730 5468 :
1764 5434 1782 5468 σ
1807 5413 1872 5471 Si
1898 5422 2076 5471 autem

480 5514 757 5577 quaeratur
790 5507 1078 5565 delectatio
1099 5510 1237 5566 infra
1265 5510 1465 5568 limites
1493 5510 1847 5581 matrimonii,
1890 5520 1948 5568 ut
1976 5512 2081 5569 sci-

480 5596 612 5655 licet
633 5597 759 5655 taiis
783 5600 1070 5658 delectatio
1104 5602 1157 5661 in
1180 5603 1284 5659 alia
1310 5591 1417 5660 non
1449 5612 1787 5676 quaereretur
1825 5619 1986 5676 quam
2023 5605 2077 5661 in

478 5691 730 5764 coniuge,
764 5692 840 5749 sic
867 5704 949 5750 est
978 5695 1190 5751 veniale
1217 5706 1522 5768 peccatum.
1556 5715 1575 5749 ι
1608 5695 1870 5768 Jungatur
1895 5698 2075 5771 Auge-

477 5780 585 5843 lico
615 5785 942 5858 Seraphicus
970 5787 1157 5843 doctor
1184 5789 1579 5859 Bonaventura,
1614 5790 1705 5861 qui
1728 5790 1854 5849 dist.
1886 5792 2076 5849 eadem

479 5888 673 5949 quaest.
705 5880 761 5947 3,
794 5881 846 5938 in
874 5881 1001 5948 line,
1044 5883 1113 5938 ita
1142 5883 1343 5954 iudicat
1371 5903 1383 5940 :
1414 5903 1433 5937 ι
1474 5884 1529 5942 Si
1562 5895 1739 5941 autem
1786 5890 1839 5943 in
1871 5903 1937 5944 ea
1963 5889 2077 5944 vult

480 5969 760 6045 delectari,
788 5978 916 6048 'quia
943 5993 1098 6044 uxor,
1121 5987 1175 6035 et
1197 5978 1343 6034 nullo
1372 5979 1531 6033 modo
1558 5992 1676 6033 eam
1698 5991 2071 6051 cognosceret,

2192 4853 2397 4923 scripta
2428 4852 2795 4925 intelligenda,
2826 4853 3060 4909 divinam
3086 4866 3245 4923 opem
3270 4850 3680 4922 implorandam
3715 4865 3730 4902 :
3763 4846 3809 4901 Δ

2190 4950 2418 5009 Domino
2446 4964 2503 5008 ut
2528 4955 2829 5027 intelligetis
2854 4963 3013 5010 orate.
3048 4954 3294 5011 Annatus
3321 4967 3475 5021 vero,
3503 4953 3571 5009 ad
3603 4951 3801 5008 eadem

2188 5047 2364 5104 sancti
2441 5046 2678 5105 doctoris
2765 5049 2962 5121 scripta
3029 5047 3278 5107 censuris
3349 5043 3801 5119 perstringenda,

2189 5148 2535 5206 etiamsinon
2580 5158 2822 5220 rogetur,
2854 5150 3020 5206 Deum
3063 5150 3282 5205 obvium
3323 5148 3635 5220 adiutorem
3677 5158 3804 5216 spo-

2187 5240 2401 5312 pondit,
2427 5256 2549 5299 cum
2566 5242 2889 5299 temeritatis
2908 5243 3136 5299 ultorem
3158 5242 3335 5313 potius
3357 5241 3555 5299 timere
3577 5237 3804 5296 debuis-

2184 5353 2290 5401 sct.
2338 5344 2595 5413 Adamus,
2648 5360 2770 5418 pag.
2825 5344 2949 5415 6'52,
2985 5346 3039 5401 in
3088 5345 3222 5417 line,
3247 5361 3369 5418 cap.
3399 5346 3453 5413 7,
3509 5339 3801 5416 Augustini

2183 5460 2439 5507 excessus
2469 5502 2478 5520 ,
2506 5448 2829 5505 innocentem
2886 5446 3180 5519 passionem
3233 5456 3413 5515 contra
3480 5444 3797 5515 Pelagiana!

2182 5551 2534 5623 nuncupavit,
2563 5552 2658 5609 sed
2690 5552 2872 5624 lepido
2894 5552 3161 5610 vocabulo
3190 5550 3546 5610 accusationis
3573 5538 3794 5599 acerbi-

2181 5660 2349 5710 tatem
2377 5669 2485 5709 non
2514 5653 2797 5728 mitigavit.
2825 5656 2911 5711 An
2941 5669 3069 5712 vero
3092 5654 3455 5711 recentiorum
3472 5645 3532 5701 in
3559 5644 3788 5712 Αιιειιε-

2185 5756 2305 5815 tino
2328 5757 2777 5829 reprehendendo
2804 5772 3057 5815 excessus
3086 5753 3333 5806 innocens
3376 5748 3547 5821 passio
3586 5750 3783 5802 contra

2185 5860 2545 5931 Augustinum
2589 5860 2696 5912 dici
2740 5853 2933 5926 possit,
2976 5854 3217 5925 ipsorum
3266 5854 3642 5913 conscientiam
3669 5860 3782 5913 ap-

2186 5960 2369 6033 pello;
2398 5966 2545 6018 certe
2570 5958 2687 6028 ipse
2712 5956 2786 6015 ita
2804 5954 2990 6025 judico
