3962 6346
104 431 110 435 ,
180 378 290 435 683

106 473 110 477 ⁴
810 490 1036 551 CAPUT
1075 493 1164 551 tv.

181 608 513 665 Recentiores
561 623 736 664 sancto
794 610 1089 685 Augustino
1134 612 1306 682 plures
1352 628 1549 670 errores
1600 628 1776 685 perpe-

766 698 879 737 ram
905 682 1176 755 objiciunt.

256 795 460 850 lnvitus
515 793 730 867 quidem
776 795 830 851 in
883 794 1024 853 hanc
1061 813 1281 854 arenam
1331 812 1360 851 a
1390 795 1779 852 recentioribus

182 892 397 961 trahor,
422 891 621 977 quippe
638 892 729 967 qui
753 894 919 951 invito
940 894 1241 968 Augustino
1266 893 1544 967 Augustini
1561 908 1779 949 causam

98 980 105 987 “
183 984 581 1049 delendendam
609 986 864 1060 suscipio,
896 1003 1192 1062 vereorque
1215 1004 1283 1053 ne
1312 988 1444 1051 mihi
1472 988 1603 1045 vitio
1620 988 1782 1044 detur

182 1074 435 1139 Parentis
465 1079 689 1150 imperio
716 1080 993 1153 refragari.
1032 1081 1240 1139 Etenim
1273 1096 1395 1138 cum
1418 1081 1502 1138 vir
1544 1080 1783 1138 clarissi-

183 1185 312 1227 mus
337 1181 554 1235 sanctus
583 1172 945 1239 Marcellinus,
980 1190 1190 1232 summa
1243 1189 1365 1241 cum
1408 1181 1675 1247 potestate
1713 1173 1782 1231 ab

190 1262 428 1321 llonorio
457 1263 509 1321 in
536 1264 768 1323 Africam
797 1274 983 1323 contra
1017 1267 1317 1324 Donatistas
1367 1267 1668 1338 delegatus,
1695 1280 1781 1320 ac-

185 1360 427 1431 cepisset
453 1360 639 1417 nescio
681 1376 842 1431 quem
885 1362 1184 1434 Augustino
1217 1377 1452 1419 errorem
1500 1360 1678 1431 obiici,
1731 1360 1784 1415 id

185 1453 516 1513 amicissimo
550 1454 774 1513 antistiti
806 1472 900 1526 per
928 1456 1132 1517 litteras
1153 1457 1496 1530 significavit,
1546 1469 1651 1526 quo
1688 1451 1778 1511 ob-

188 1547 533 1605 trectantium
584 1548 865 1611 calumniis
888 1549 1106 1606 obviam
1150 1549 1270 1607 iret.
1307 1548 1500 1605 Verum
1535 1544 1785 1617 Augusti-

186 1655 295 1694 nus
320 1639 436 1696 haee
465 1640 777 1717 rescripsit:
815 1659 833 1699 ί
869 1640 979 1696 Vos
1029 1650 1231 1709 autem,
1283 1642 1373 1719 qui
1421 1656 1508 1697 me
1561 1640 1784 1696 multum

185 1732 437 1804 diligitis,
467 1733 512 1790 si
539 1733 699 1790 talem
730 1749 818 1790 me
843 1734 1082 1792 asseritis
1112 1735 1377 1792 adversus
1417 1748 1511 1791 eos
1557 1748 1786 1805 quorum

150 1834 155 1839 ‘
187 1823 418 1893 malitia,
445 1825 529 1883 vel
559 1825 850 1897 imperitia,
897 1828 981 1884 vel
1006 1826 1360 1903 intelligentia
1391 1826 1785 1899 reprehendor,

1365 376 1687 435 VlNDlClAE
1730 368 2287 436 AUGUSTINIANAS.

1806 502 1856 559 Α
1954 496 2099 551 inter
2148 504 2342 552 caetera
2381 495 2689 565 volumina,
2748 511 2867 567 quae
2916 496 3193 555 innumera
3250 502 3464 570 quidem

3366 386 3469 442 686

1883 596 2219 657 posterorum
2248 589 2521 645 memoria:
2553 590 2883 659 Augustinus
2913 592 3265 663 consignavit,
3295 597 3471 667 primo

1882 677 2001 734 loco
2024 679 2306 735 laudantur
2338 680 2458 736 libri
2488 681 2727 752 ejusdem
2758 681 3215 743 Retractationum
3242 696 3296 745 et
3321 688 3469 747 Con-

1882 769 2206 840 fessionum;
2232 773 2287 827 in
2325 773 2443 829 istis
2469 774 2779 843 voluntatis,
2814 777 2867 832 in
2900 778 3004 835 illis
3032 779 3336 839 intellectus
3386 799 3475 842 er-

1882 876 2059 931 rores,
2088 879 2222 935 quos
2247 865 2429 922 caeteri
2459 873 2602 924 tanta
2626 878 2741 925 arte
2769 884 2831 927 ac
2853 880 3046 929 conatu
3070 874 3245 933 celare
3270 878 3472 951 solent,

1884 959 2001 1016 orbi
2058 960 2311 1018 universo
2364 960 2617 1031 patefecit
2648 981 2662 1019 :
2692 963 2745 1019 in
2790 973 2911 1023 utro
2965 970 3134 1040 magis
3175 971 3475 1033 laudandus

1885 1054 2168 1111 incertum.
2202 1055 2271 1111 Et
2303 1055 2520 1127 quidem
2549 1070 2659 1128 quo
2687 1057 2828 1114 edita
2857 1061 2952 1117 abs
2979 1076 3039 1119 se
3088 1064 3361 1124 volumina
3390 1078 3476 1125 at-

1885 1149 2103 1205 tentiori
2132 1162 2259 1205 cura
2288 1150 2644 1221 examinaret,
2672 1151 2923 1210 Eradium
2953 1156 3004 1211 in
3036 1157 3345 1231 episcopatu
3371 1162 3478 1221 sibi

1884 1242 2059 1299 adhuc
2086 1243 2285 1299 viventi
2317 1258 2688 1302 successorem
2716 1248 3041 1319 impetravit.
3072 1252 3151 1308 Ita
3174 1254 3243 1311 ab
3271 1254 3477 1328 ingenti

1886 1334 2219 1405 negotiorum
2254 1337 2483 1393 tumultu
2515 1348 2906 1410 sequestratus,
2935 1344 3026 1400 diu
3056 1355 3325 1421 noctuque
3352 1350 3477 1408 des-

1885 1423 2056 1480 tinato
2085 1426 2234 1495 Operi
2264 1428 2603 1499 incumbens,
2632 1431 2884 1500 quaelibet
2910 1450 2942 1490 a
2970 1450 3029 1493 se
3054 1437 3195 1495 dicta
3232 1444 3479 1501 censoria

1887 1517 2205 1575 auctoritate
2226 1518 2497 1589 discussit,
2522 1530 2583 1578 ut
2605 1523 2782 1581 nullus
2802 1526 2857 1581 in
2884 1528 3165 1600 Augustini
3184 1530 3335 1589 libris
3360 1547 3483 1593 exa-

1886 1608 2156 1666 minandis
2182 1611 2419 1670 severior
2445 1615 2743 1685 Augustino
2763 1616 2928 1687 iudex
2968 1634 3091 1678 esse
3120 1622 3375 1693 potuerit.
3402 1624 3482 1683 Ea

1886 1718 2020 1761 vero
2044 1706 2319 1775 diligentia
2344 1721 2410 1764 ac
2432 1716 2540 1764 tam
2567 1710 2809 1782 rigorosa
2834 1727 3062 1771 censura
3091 1719 3483 1779 recentioribus

1889 1811 1997 1853 non
2026 1796 2254 1865 suﬂecit,
2288 1800 2384 1855 sed
2419 1816 2583 1858 novas
2617 1804 2670 1859 in
2721 1804 3052 1879 Hipponensi
3084 1811 3199 1868 sole
3246 1814 3482 1873 maculas

188 1926 249 1974 ut
281 1934 368 1975 me
397 1894 663 1991 nusquam
689 1894 1012 1992 scriptorum
1048 1894 1289 1978 nieorum
1331 1894 1543 1979 errasse
1570 1921 1783 1988 dicatis,
1821 1918 1865 1993 Β
1890 1901 2144 1962 “Nam”,
2174 1894 2457 1993 A‘ﬂgusuni
2490 1896 2684 1955 “erum
2728 1900 2893 1957 libros
2925 1906 2979 1959 in
3010 1907 3360 1976 (ιυθθείίθηθω
3386 1925 3481 1967 VO‘

186 2008 389 2065 frustra
423 2010 698 2081 laboratis,
732 2027 839 2068 non
878 2013 1072 2069 bonam
1107 2027 1323 2079 causam
1370 2012 1663 2084 suscipitis,
1714 2012 1789 2069 fa-

187 2104 298 2160 cile
328 2104 380 2160 in
409 2110 468 2160 ea
493 2119 577 2161 me
606 2105 721 2175 ipso
747 2105 931 2179 judice
956 2106 1304 2179 superamini.
1345 2125 1365 2161 ι
1405 2105 1576 2182 Epist.
1600 2106 1653 2161 7.
1681 2106 1788 2163 Sed

188 2197 336 2255 haud
368 2199 658 2257 difﬁculter
687 2216 718 2255 a
740 2210 933 2273 magno
976 2200 1136 2263 Patre
1167 2218 1251 2261 me
1282 2203 1491 2263 veniam
1537 2202 1791 2271 impetra-

188 2300 373 2348 turum
402 2307 582 2371 spero,
610 2295 655 2351 si
686 2294 932 2365 ejusdem
965 2296 1165 2357 laetum
1190 2295 1389 2363 imiter,
1420 2295 1508 2369 qui
1548 2309 1669 2350 cum
1698 2309 1787 2349 er-

187 2399 398 2454 rorem,
425 2386 574 2459 Cuius
602 2388 750 2461 argui
779 2404 838 2445 se
864 2403 930 2445 ex
976 2389 1272 2447 Marcellini
1300 2390 1530 2461 epistola
1582 2388 1791 2445 intelle-

188 2482 366 2553 xera’t,
393 2480 623 2552 procula
646 2483 755 2539 suis
779 2483 993 2557 scriptis
1015 2497 1136 2540 esse
1165 2491 1537 2557 cognosceret,
1568 2497 1786 2553 pravam

190 2569 261 2631 de
302 2586 403 2631 sua
432 2576 700 2633 sententia
748 2585 1064 2647 conceptam
1120 2576 1425 2647 opinionem
1469 2575 1786 2643 confutavit,

187 2663 484 2725 ostendens
514 2679 632 2727 eam
664 2668 1061 2727 accusationem
1092 2683 1201 2726 non
1232 2676 1603 2725 correctorum
1630 2665 1790 2723 intel-

190 2756 465 2830 ligentia,
504 2763 599 2821 sed
648 2750 868 2823 malitia:
906 2771 1068 2834 atque
1098 2760 1380 2835 imperitiae
1426 2762 1785 2818 tribuendam.

188 2849 372 2923 Quare
393 2868 514 2910 cum
531 2840 895 2917 recentiorum
946 2855 1108 2917 etiam
1140 2871 1248 2912 non
1292 2854 1511 2927 quidem
1560 2854 1785 2923 malitia,

187 2945 311 3015 sed,
364 2957 420 3004 ut
448 2948 629 3006 mitius
676 2950 898 3023 loquar,
933 2950 1221 3021 imperitia,
1269 2949 1497 3023 plurium
1540 2964 1786 3007 errorum

188 3036 338 3103 idem
367 3055 492 3099 reus
531 3051 832 3111 accusetur,
868 3052 1113 3105 nostrum
1143 3051 1224 3098 est
1253 3042 1533 3101 innoxium
1570 3040 1785 3097 Patrem

187 3133 258 3189 ab
288 3134 722 3197 adversariorum
751 3136 972 3210 objectis
1017 3137 1320 3196 vindicare.
1352 3138 1523 3209 Hujus
1568 3152 1785 3209 quoque

188 3226 523 3287 delensionis
556 3232 931 3297 necessitatem
964 3233 1178 3289 subiere
1206 3233 1376 3291 sancti
1408 3233 1485 3288 illi
1537 3232 1789 3290 doctores

1890 1999 2099 2052 carunt,
2129 1989 2489 2047 vociferantes
2518 2006 2689 2048 novos
2718 2008 2777 2051 se
2804 1996 2862 2051 in
2892 1997 3294 2070 Augustinianls
3324 2002 3481 2063 libris

1892 2096 2074 2138 naevos
2122 2097 2185 2138 ac
2240 2084 2478 2142 maculas
2526 2086 2969 2167 deprehendisse,
3027 2108 3132 2164 quo
3181 2097 3485 2169 Augustino

1889 2176 2220 2234 oculatiores
2246 2178 2597 2237 haberentur.
2624 2182 2726 2240 Sed
2755 2199 2872 2255 age,
2919 2202 3085 2244 novos
3111 2187 3274 2249 hosce
3292 2206 3485 2252 censo-

1890 2284 1980 2326 res
2004 2270 2304 2327 audiamus.

1964 2370 1992 2444 §
2017 2370 2058 2426 1.
2089 2371 2169 2431 An
2191 2384 2399 2456 sanctus
2422 2376 2741 2456 Augustinus
2781 2383 3042 2451 erraverit,
3068 2393 3253 2456 putans
3277 2391 3479 2450 animas

2168 2446 2453 2503 rationales
2479 2446 2526 2502 et
2548 2451 2760 2522 angelos
2787 2468 2897 2509 esse
2916 2446 3207 2525 corporeus.

1963 2558 2162 2630 Objicit
2192 2561 2366 2637 primo
2396 2564 2516 2619 loco
2548 2563 2786 2622 Adamus
2807 2568 3057 2627 docuisse
3087 2574 3481 2646 Augustinum:

1892 2653 2104 2708 Animas
2128 2664 2174 2709 et
2201 2655 2412 2728 angelos
2434 2673 2538 2713 esse
2566 2674 2857 2732 corporeus,
2891 2679 2952 2719 ac
2991 2665 3154 2721 solum
3179 2668 3341 2747 Deum
3379 2688 3487 2729 esse

1890 2745 2303 2817 immaterialem,
2335 2766 2460 2824 pag.
2491 2752 2616 2809 585.
2649 2755 2718 2810 At
2756 2755 3020 2815 Moraines
3055 2745 3286 2821 scribit:
3318 2764 3486 2823 Sentit

1890 2839 2046 2894 etiam
2071 2842 2282 2915 angelos
2302 2853 2348 2899 et
2368 2845 2627 2902 dwmones
2643 2864 2749 2904 esse
2770 2866 3056 2924 corporeus.
3077 2856 3312 2922 Adamus
3334 2860 3486 2932 prius

1892 2933 2224 2993 refellendus
2255 2947 2359 3006 est,
2392 2939 2483 3011 qui
2514 2939 3098 3016 Semi-Pelagianorum
3128 2966 3366 3015 errorem
3398 2955 3483 3025 ip-

1892 3040 2075 3083 sorum
2106 3026 2244 3089 hosti
2268 3029 2567 3103 Augustino
2604 3031 2853 3105 imponit.
2882 3036 3146 3096 Docuerat
3174 3042 3485 3115 Cassianus,

1892 3120 2074 3178 collat.
2110 3121 2161 3189 7,
2196 3137 2316 3196 cap.
2371 3125 2458 3193 15,
2509 3126 2686 3185 solum
2736 3128 2903 3188 Deum
2951 3147 3071 3190 esse
3125 3136 3481 3210 spiritualem,

1893 3215 2100 3271 animas
2128 3232 2259 3277 vero
2288 3220 2565 3285 hominum
2594 3238 2718 3280 esse
2746 3239 3077 3298 corporeas;
3106 3232 3381 3303 eumdem,
3407 3236 3484 3292 uti

184 3320 282 3390 qui
312 3320 572 3381 adversus
601 3322 1009 3394 Pelagianorum
1039 3324 1298 3395 reliquias
1331 3338 1426 3393 pro
1458 3323 1713 3381 Ecclesiae
1733 3331 1787 3380 et
1813 3312 1861 3389 Ω
1892 3311 1945 3367 in
1972 3313 2197 3371 ωειθτίθ
2237 3312 2304 3369 de
2346 3314 2540 3386 gratia.
2582 3319 2655 3374 ila
2682 3332 2745 3375 ea
2776 3319 2831 3376 in
2857 3322 3115 3392 ορίηίοηθ
3144 3328 3316 3384 δεουιί
3361 3336 3488 3385 sunt

79 3463 90 3474 ,
186 3412 475 3483 Augustini
504 3413 747 3475 doctrina
770 3426 1065 3477 certarunt.
1098 3417 1228 3473 Nam
1260 3432 1325 3475 eo
1354 3433 1521 3489 usque
1548 3418 1786 3477 audaciae

186 3504 411 3574 quidam
434 3506 720 3577 devenere,
750 3518 804 3567 ut
847 3525 955 3567 non
983 3511 1099 3571 illos
1142 3510 1387 3581 puduerit
1432 3513 1663 3571 indicem
1703 3530 1786 3573 er-

184 3611 375 3652 romm
405 3600 576 3656 sancti
622 3601 906 3672 Augustini
950 3612 1240 3665 contexere
1287 3604 1482 3675 (sancti
1535 3604 1785 3675 Prosperi

186 3688 377 3745 verbis
408 3692 573 3762 utor),
612 3710 630 3743 t
671 3702 725 3748 ut
752 3710 869 3765 qua!
901 3696 954 3751 in
988 3695 1139 3751 libris
1168 3696 1411 3765 praedicti
1440 3698 1539 3752 viri
1567 3698 1786 3753 damna-

184 3780 320 3836 liil’ta
345 3784 609 3853 reperisse
632 3784 928 3859 iactabant,
957 3787 1202 3843 brevium
1249 3790 1602 3861 capitulorum
1650 3792 1787 3846 indi-

183 3873 331 3929 cniis
354 3874 707 3945 publicarent,
736 3878 936 3950 talique
961 3890 1272 3937 commento
1294 3891 1348 3938 et
1373 3882 1784 3941 detestationem

183 3967 306 4037 eius
338 3984 496 4040 quem
528 3971 852 4042 impeterent
894 3973 1229 4042 obtinerent,
1266 3984 1317 4032 et
1344 3976 1413 4030 ab
1445 3976 1525 4032 his
1549 3993 1667 4048 quae
1708 3978 1787 4035 in-

183 4060 484 4118 famassent
527 4077 710 4119 curam
760 4066 1007 4121 exterriti
1056 4067 1271 4123 lectoris
1319 4078 1643 4127 averterent.
1680 4090 1696 4122 ›
1730 4071 1784 4127 in

186 4155 409 4227 prmfat.
440 4156 504 4211 ad
535 4158 697 4228 capit.
726 4157 1020 4216 Gallorum.
1046 4159 1245 4216 Horum
1285 4162 1523 4234 vestigiis
1547 4164 1784 4219 nonnulli

183 4256 440 4303 recentes
476 4251 764 4319 scriptores
811 4250 1155 4321 inhaerentes,
1213 4252 1442 4319 plurium
1501 4256 1784 4326 Augustini

184 4356 437 4397 errorum
467 4342 696 4399 indicem
750 4344 1117 4415 publicarunt,
1177 4362 1285 4417 quo
1333 4349 1506 4404 sancti
1551 4349 1785 4406 doctoris

182 4432 335 4490 fama
358 4444 518 4508 atque
540 4438 834 4493 auctoritas
863 4438 915 4493 in
946 4438 1188 4495 ordinem
1220 4440 1575 4511 redigeretur.
1611 4443 1788 4499 ilosce

184 4528 471 4600 catalogos
500 4544 606 4585 non
638 4545 776 4586 unus
806 4529 991 4587 edidit.
1032 4530 1266 4588 Adamus
1295 4542 1495 4603 tamen,
1533 4543 1671 4605 part.
1702 4551 1781 4604 Ill,

181 4636 309 4697 cap.
338 4624 389 4691 5,
425 4638 544 4696 pag.
572 4623 701 4695 584,
723 4640 786 4682 ac
804 4625 1068 4683 Moraines
1094 4627 1232 4697 disp.
1268 4628 1337 4683 12
1372 4629 1782 4703 Anti-Jansenii,

1893 3406 2123 3465 Faustus
2151 3407 2204 3467 in
2232 3408 2391 3481 epist.
2422 3411 2490 3469 ad
2522 3411 2831 3484 Paulinum,
2872 3424 2926 3473 et
2967 3417 3277 3481 Gennadius
3306 3422 3359 3477 iu
3390 3421 3484 3480 lib.

1891 3499 2100 3556 Eccies.
2136 3500 2350 3573 Dogm.,
2382 3512 2504 3574 cap.
2542 3505 2628 3561 li.
2662 3508 2727 3563 At
2758 3517 2975 3567 sanctus
3004 3512 3335 3584 Augustinus
3370 3514 3486 3577 ani-

1892 3609 2035 3649 mam
2069 3596 2386 3651 rationalem
2426 3611 2535 3655 non
2563 3598 2739 3655 solum
2782 3602 3112 3673 spiritualem
3145 3604 3347 3678 absque
3374 3606 3486 3663 ulla

1890 3702 2166 3760 oorporeae
2216 3692 2362 3747 lacis
2407 3693 2767 3764 permixtione
2811 3699 3062 3767 asseruit,
3094 3715 3277 3765 verum
3319 3702 3481 3759 etiam

1891 3781 1943 3837 id
1990 3782 2161 3838 solide
2206 3784 2612 3843 demonstravit.
2665 3787 2722 3844 In
2768 3790 2998 3861 epistola
3052 3792 3121 3846 28
3173 3793 3239 3850 ad
3293 3794 3483 3853 Hiero-

1892 3890 2108 3946 nymum
2142 3876 2217 3930 ait
2247 3896 2257 3929 :
2296 3896 2313 3928 ς
2343 3878 2715 3951 incorpoream
2746 3897 2957 3955 quoque
2976 3899 3096 3942 esse
3122 3887 3379 3956 animam,
3402 3899 3480 3946 et-

1890 3966 1936 4021 si
1960 3965 2179 4023 difficile
2204 3969 2533 4027 tardioribus
2577 3974 2889 4044 persuaderi
2921 3986 3116 4047 potest,
3144 3979 3276 4035 mihi
3305 3990 3486 4040 tamen

1890 4061 2064 4116 fateor
2088 4076 2209 4119 esse
2236 4079 2573 4135 persuasum.
2601 4087 2620 4120 ι
2656 4068 2750 4125 Illo
2773 4084 2902 4127 sane
2923 4071 3126 4143 optimo
3147 4086 3482 4146 argumento,

1892 4156 2031 4227 quod
2073 4159 2126 4213 in
2179 4160 2427 4216 omnibus
2459 4169 2513 4217 et
2564 4162 2615 4216 in
2664 4162 2889 4235 singulis
2923 4167 3201 4236 particulis
3242 4172 3487 4242 corporis

1894 4254 2002 4301 tota
2024 4246 2184 4303 simul
2215 4265 2333 4306 esse
2365 4265 2469 4305 non
2503 4261 2710 4323 posset,
2742 4254 2786 4311 si
2816 4269 2911 4325 per
2954 4255 3074 4315 illas
3100 4258 3171 4315 ita
3215 4260 3484 4319 diffunde-

1892 4350 2062 4408 retur,
2099 4350 2153 4396 ut
2184 4343 2430 4399 videmus
2468 4362 2486 4396 ‹
2516 4359 2745 4417 corpora
2775 4347 2966 4405 diffusa
3008 4366 3104 4423 per
3142 4354 3313 4429 spatia
3336 4353 3488 4413 loco-

1894 4448 2009 4486 rum
2061 4434 2359 4491 minoribus
2410 4436 2521 4493 suis
2568 4438 2807 4509 pnrtibus
2851 4439 3063 4500 minora
3112 4461 3400 4518 occupare,
3434 4462 3488 4507 et

1896 4524 2245 4596 amplioribus
2310 4531 2604 4601 ampliora;
2634 4550 2654 4585 ι
2701 4548 2860 4605 quam
2909 4540 3232 4597 sententiam
3289 4544 3483 4611 ﬁrmis-

1893 4617 2020 4672 sime
2060 4621 2122 4674 de
2164 4622 2338 4677 anima
2361 4632 2530 4680 tenere
2560 4640 2619 4682 se
2648 4626 2791 4683 dicit.
2831 4629 2897 4686 Et
2929 4631 3020 4688 lib.
3040 4649 3128 4689 .xn
3160 4635 3226 4690 de
3256 4636 3391 4693 Gen.
3418 4640 3487 4694 ad

182 4732 217 4770 a
246 4732 398 4773 num.
443 4716 536 4786 52,
560 4719 769 4775 caeteris
812 4720 989 4775 hacin
1023 4736 1082 4776 re
1125 4720 1517 4795 diligentiorem
1562 4738 1781 4795 operam

1892 4712 2015 4781 litt.,
2050 4731 2098 4769 c.
2132 4714 2219 4781 53,
2254 4718 2366 4773 ait:
2406 4737 2423 4771 ι
2456 4720 2703 4777 Animam
2730 4738 2860 4779 vero
2892 4741 2999 4782 non
3027 4744 3148 4785 esse
3169 4745 3483 4801 corpoream

182 4826 443 4881 posuere.
487 4812 685 4869 Contra
716 4813 878 4869 hosce
909 4814 1316 4884 Augusﬁnianae
1345 4815 1606 4871 doctrinae
1650 4832 1781 4873 cen-

180 4918 346 4961 sores
372 4906 589 4977 egregie
617 4906 813 4978 stylum
861 4908 1006 4963 acuit
1036 4906 1462 4978 sapientissimus
1486 4907 1651 4965 Pater
1677 4906 1783 4964 Ca-

182 4998 346 5054 rolus
390 4998 606 5057 Aloreau
659 5000 1076 5071 Augustinianus
1126 5001 1336 5069 integro
1388 5002 1660 5058 volumine
1702 5002 1783 5059 in-

181 5091 393 5162 scripto
420 5090 669 5146 Vindicio:
689 5093 938 5164 paciﬁcate,
958 5094 1098 5163 quod
1116 5092 1285 5164 primo
1303 5102 1447 5150 tomo
1466 5095 1547 5150 sui
1568 5094 1781 5152 Tertul-

180 5183 315 5240 liani
348 5186 661 5257 appendicis
717 5185 837 5242 loco
865 5187 1132 5258 apposuit,
1162 5186 1252 5243 ubi
1295 5186 1643 5246 diﬂ’usissime
1684 5192 1777 5248 ob-

174 5276 359 5345 iectos
390 5277 692 5347 Augustino
736 5290 948 5334 errores
975 5278 1161 5351 procul
1190 5291 1311 5334 esse
1340 5293 1371 5334 a
1428 5282 1563 5335 tanti
1607 5281 1781 5338 Patris

184 5367 432 5424 doetrina
474 5366 830 5427 demonstrat.
862 5370 967 5426 Nos
1008 5384 1103 5426 eos
1147 5378 1351 5427 tantum
1398 5372 1781 5444 refutabimus,

180 5469 324 5525 quos
348 5458 588 5515 Adamus
611 5473 674 5516 ac
701 5458 992 5515 Morainius
1016 5460 1426 5529 concinnarunt,
1457 5474 1511 5519 et
1538 5480 1673 5535 quos
1697 5483 1785 5524 ve-

183 5546 283 5604 luti
312 5551 571 5617 capitales
594 5552 661 5609 ad
692 5551 976 5624 Augustini
1008 5552 1199 5608 famam
1224 5555 1312 5611 vel
1333 5556 1523 5613 saltem
1546 5560 1785 5616 auctori-

183 5647 356 5696 tatem
386 5638 698 5699 elevandam
730 5644 1022 5717 obiectant,
1074 5647 1124 5701 in
1173 5662 1274 5717 qua
1324 5649 1540 5719 quidem
1597 5668 1657 5709 re
1706 5653 1781 5710 ita

188 5732 454 5803 procede,
501 5739 559 5787 ut
581 5746 701 5802 quae
738 5736 791 5785 in
834 5738 1053 5794 Moreau
1097 5738 1390 5795 desiderari
1439 5743 1508 5798 ab
1555 5744 1782 5801 eruditis

191 5834 463 5897 poterant,
489 5824 575 5882 hic
616 5834 822 5883 tantum
870 5823 1122 5896 efferens,
1156 5831 1289 5887 nihil
1336 5833 1545 5889 interim
1579 5853 1645 5892 ex
1690 5839 1784 5896 illo

186 5924 458 5995 scriptore
488 5932 729 5983 mutuare
751 5921 935 5981 velim.

1891 4820 1997 4861 non
2026 4821 2113 4863 me
2142 4818 2350 4879 putare,
2379 4810 2476 4868 sed
2521 4812 2681 4884 plane
2727 4816 2867 4874 scire
2889 4818 3061 4877 audeo
3089 4822 3348 4893 proﬁteri.
3370 4843 3389 4878 ι
3421 4825 3485 4882 in

1893 4898 2029 4956 libro
2058 4902 2125 4956 de
2153 4902 2464 4969 Quantitate
2498 4906 2718 4978 animae,
2746 4927 2763 4961 ‹
2793 4908 3221 4982 Diligentissime
3263 4932 3324 4973 ac
3351 4919 3479 4975 sub-

1893 4994 2141 5051 tilissime
2171 4997 2494 5069 disputatum
2527 5012 2630 5071 est,
2661 5002 2855 5077 inquit,
2876 5014 2935 5063 ut
2962 5023 3080 5065 eam
3106 5010 3151 5066 si
3180 5027 3479 5082 possemus,

1891 5092 2300 5151 ostenderemus
2330 5099 2625 5168 corporalis
2644 5102 2959 5173 quantitatis
2981 5120 3085 5161 non
3110 5122 3250 5164 esse.
3278 5129 3297 5162 s
3326 5109 3484 5167 Lib.t

1891 5184 2154 5254 Retract.,
2185 5203 2307 5261 cap.
2341 5189 2394 5244 8.
2427 5190 2695 5250 Praeterea
2721 5194 2814 5251 lib.
2850 5211 2903 5252 ιν
2927 5196 2995 5253 de
3020 5198 3235 5269 Origine
3264 5204 3479 5273 animm,

1889 5296 1917 5334 a
1948 5281 2122 5353 capite
2158 5282 2221 5338 12
2250 5297 2416 5356 usque
2446 5285 2512 5342 ad
2554 5302 2673 5358 cap.
2699 5286 2786 5356 22,
2831 5290 3170 5351 evidentibus
3197 5314 3479 5367 argumen-

1892 5374 1960 5430 tis
2004 5376 2195 5445 probat
2242 5378 2475 5435 animam
2520 5394 2641 5436 esse
2670 5381 3063 5456 incorporeatn.
3098 5387 3234 5457 Quid
3286 5391 3484 5449 clarius

1892 5468 1960 5523 ab
2014 5470 2310 5541 Augustino
2362 5472 2464 5528 dici
2515 5490 2746 5544 unquam
2802 5479 3010 5549 potuit?
3038 5491 3091 5537 et
3141 5492 3320 5543 tamen
3362 5501 3481 5543 eam

1894 5572 2080 5619 sancto
2102 5563 2311 5621 doctori
2356 5566 2742 5626 absurditatem
2764 5571 3001 5630 Adamus
3030 5577 3257 5639 aifricat.
3283 5582 3484 5640 Scribit

1892 5656 1982 5712 lib.
2016 5673 2049 5710 x
2074 5656 2140 5713 de
2172 5657 2309 5715 Gen.
2346 5660 2411 5715 ad
2440 5660 2571 5729 litt.,
2603 5676 2725 5735 cap.
2748 5663 2820 5723 24
2847 5684 2861 5723 :
2899 5684 2919 5720 ε
2952 5667 3096 5726 Nihil
3126 5672 3372 5740 vicinius,
3393 5685 3483 5729 aut

1892 5749 2115 5806 fortasse
2145 5751 2276 5807 nihil
2313 5762 2417 5813 tam
2450 5769 2809 5831 consequens,
2838 5777 2997 5833 quam
3033 5774 3090 5822 ut
3110 5767 3316 5824 credito
3336 5769 3481 5837 quod

1891 5843 2067 5897 anima
2090 5860 2286 5916 corpus
2311 5846 2399 5914 sit,
2424 5849 2584 5929 etiam
2611 5849 2753 5909 Deus
2781 5869 2977 5927 corpus
3002 5871 3123 5915 esse
3150 5858 3432 5926 credatur;
3454 5879 3472 5911 ι

1891 5936 2035 6007 quod
2064 5938 2396 5999 Tertulliano
2438 5943 2704 6003 accidisse
2735 5946 2882 6006 addit
2910 5964 3032 6020 cap.
3065 5948 3135 6004 25
3160 5949 3317 6021 epist.
3354 5950 3475 6022 157,
