3962 6346
592 430 693 483 1187

1472 422 2031 479 SUPPLEMENTUM
2072 417 2163 478 AD
2201 420 2428 479 Ol’ERA
2469 423 2526 479 S.
2572 422 2950 480 AUGUSTINI.
3692 433 3766 491 033

588 541 653 595 ad
695 542 942 610 Optatum
974 554 985 590 :
1024 556 1041 587 ι
1063 536 1137 590 1111
1167 536 1255 606 qui
1287 534 1493 589 animas
1533 550 1598 590 ex
1631 551 1731 589 una
1766 535 2046 605 propagari
2077 548 2161 586 as-
2190 540 2239 597 Α
2265 544 2441 588 autem
2471 537 2751 605 quisquam
2791 536 2933 590 nulla
2968 534 3165 589 habere
3204 548 3425 606 corpora
3451 536 3688 598 daemones
3708 562 3768 601 as-

589 645 796 699 serunt,
828 649 983 703 quam
1038 632 1180 685 Deus
1227 630 1400 699 primo
1452 629 1651 684 homini
1710 630 1881 697 dedit,
1907 640 2063 697 atque
2090 629 2158 681 ita

591 741 682 782 eas
708 742 771 780 ex
806 722 1113 793 parentibus
1146 721 1280 775 trahi
1315 721 1515 785 dicunt,
1548 722 1591 773 si
1620 720 1927 774 Tertulliani
1960 718 2162 788 opinio-

593 834 715 873 nem
758 824 1075 887 sequuntur.
1108 814 1347 884 profecto
1376 828 1468 868 eas
1510 828 1615 867 non
1663 812 1900 879 spiritus,
1925 812 2016 865 sed
2046 826 2163 864 cor-

590 925 717 980 pora
744 924 863 964 esse
891 907 1241 973 contendunt,
1276 916 1331 961 et
1358 906 1689 975 corpulentis
1720 904 2016 959 seminibus
2043 918 2163 959 exo-

584 1002 699 1057 riri.
733 1002 849 1068 Quo
895 1000 1203 1070 perversius
1250 999 1373 1067 quid
1423 998 1525 1052 dici
1580 998 1787 1066 potest?
1832 997 2015 1066 Neque
2060 996 2178 1053 hoc.

586 1092 971 1149 Tertullianum
1023 1092 1320 1145 somniasse
1372 1090 1671 1143 mirandum
1726 1096 1827 1152 est,
1865 1088 1953 1156 qui
2003 1085 2162 1141 etiam

584 1186 758 1257 ipsum
788 1185 1093 1239 Creatorem
1125 1184 1290 1239 Deum
1332 1197 1436 1236 non
1468 1196 1587 1237 esse
1617 1180 1717 1234 nisi
1745 1194 1940 1248 corpus
1971 1179 2159 1247 cpina~

585 1288 688 1333 tur.
722 1278 835 1344 Qua
884 1276 1150 1331 dementia
1200 1276 1431 1343 repulsa,
1461 1283 1563 1328 etc.
1590 1293 1609 1324 ›
1646 1273 1789 1327 ltane
1837 1272 2163 1343 Augustinus

582 1370 766 1425 docuit
813 1370 1045 1423 animam
1092 1382 1403 1436 corpoream
1451 1380 1590 1428 esse,
1636 1379 1757 1418 cum
1807 1364 1908 1417 hoc
1947 1362 2161 1417 effatum

582 1465 851 1519 somnium
904 1462 1336 1530 clementiamque
1402 1458 1864 1529 pronuntiaverit,
1924 1458 2163 1528 nihilque

579 1555 865 1623 perversius
913 1552 1017 1608 dici
1070 1566 1226 1621 posse
1272 1550 1597 1605 asseruerit?
1629 1551 1866 1604 Adamus
1915 1548 2160 1604 hteresim

580 1648 726 1703 illam
758 1647 1054 1717 Augustino
1099 1646 1337 1715 apponit,
1364 1660 1459 1699 nec
1506 1644 1717 1700 unicum
1750 1644 1939 1699 saltem
1987 1645 2161 1699 locum

578 1740 857 1810 Augustini
889 1739 1195 1808 designans,
1230 1739 1314 1792 ubi
1347 1740 1579 1793 animam
1610 1754 1923 1808 corpoream
1950 1737 2038 1792 ille
2071 1755 2163 1808 pu-

578 1833 725 1899 tarit,
754 1833 903 1901 quasi
928 1842 1033 1885 tam
1075 1831 1303 1886 celebris
1331 1830 1491 1887 fuerit
1526 1849 1585 1887 ea
1617 1833 1897 1902 Augustini
1949 1842 2163 1888 senten-

2264 636 2496 693 sevcrat,
2534 642 2637 681 non
2666 636 2748 682 est
2767 628 2835 681 de
2861 627 2958 681 hac
2982 641 3041 680 re
3067 640 3291 696 operosa
3315 629 3636 697 inquisitione
3659 635 3767 691 labs.

2264 722 2510 788 randum,
2568 730 2657 775 aut
2706 723 3037 777 contentiosa
3095 721 3451 791 disputatione
3500 728 3764 785 certandum.

2264 813 2368 867 Cur
2397 814 2536 868 enim
2568 828 2673 869 non
2715 812 2974 879 dicamus,
3008 815 3250 883 quamvis
3288 813 3461 880 miris,
3496 825 3648 872 tamen
3667 824 3766 876 veris

2265 906 2439 961 modis
2467 907 2627 961 etiam
2662 906 2883 977 spiritus
2907 907 3254 976 incorporeos
3281 920 3438 976 posse
3466 920 3608 977 ptena
3632 924 3767 981 corpo-

2264 996 2389 1052 ralis
2438 999 2574 1068 ignis
2618 998 2801 1069 afﬁigi,
2842 1000 2886 1054 si
2936 999 3153 1069 spiritus
3201 998 3471 1054 hominum
3519 1002 3659 1057 etiam
3700 1006 3768 1075 ipsi

2266 1092 2502 1161 profecto
2541 1093 2863 1161 incorporei,
2894 1102 2948 1147 et
2978 1107 3118 1147 nunc
3161 1100 3446 1159 potuerunt
3490 1093 3661 1148 includi
3685 1110 3767 1151 cor-

2268 1183 2534 1249 poralibus
2579 1184 2857 1252 membris,
2902 1184 3047 1239 etc.?
3092 1184 3458 1239 Adbaarebunt
3492 1198 3625 1257 ergo,
3652 1189 3687 1242 si
3716 1191 3767 1246 eis

2270 1276 2409 1329 nulla
2442 1284 2564 1331 sunt
2612 1290 2858 1346 corpora,
2885 1277 3101 1346 spiritus
3136 1277 3462 1340 daemonum,
3490 1278 3588 1330 imo
3612 1280 3768 1347 spiritus

2265 1367 2557 1434 dremones,
2590 1368 2715 1423 licet
2771 1368 3097 1439 incorporei,
3139 1371 3415 1440 corporeis
3468 1369 3653 1438 ignibus
3687 1390 3767 1430 cru-

2266 1461 2465 1515 ciandi.
2495 1480 2514 1513 ι
2542 1460 2621 1515 Ex
2666 1462 2859 1530 quibus
2904 1462 3121 1516 dubium
3154 1477 3214 1517 se
3262 1463 3331 1518 dc
3380 1464 3661 1533 angelorum
3684 1483 3766 1523 cor-

2266 1566 2395 1622 pore
2433 1552 2599 1607 t‘uisse
2654 1552 2940 1622 signiﬁcat,
2979 1562 3032 1608 at
3072 1569 3178 1608 non
3218 1554 3285 1609 de
3330 1554 3505 1609 anima
3542 1556 3765 1621 dubitasse.

2266 1660 2419 1714 quam
2444 1646 2670 1716 profecto
2695 1646 3052 1718 incorporeum
3088 1647 3245 1702 dixit.
3284 1647 3436 1702 Unde
3474 1648 3677 1704 Adamus
3701 1652 3768 1707 hoc

2265 1736 2383 1805 ipso
2414 1739 2720 1793 testimonio
2747 1754 2935 1794 rursus
2960 1740 3221 1810 arguitur,
3240 1756 3304 1795 ac
3332 1740 3565 1795 Morainii
3589 1742 3769 1797 allucina

2269 1831 2361 1896 tio,
2396 1833 2485 1902 qui
2533 1847 2650 1887 eam
2698 1834 3019 1887 sententiam
3063 1833 3139 1887 uti
3187 1840 3391 1888 certam
3444 1833 3508 1885 ab
3546 1834 3770 1903 Augustino

578 1924 673 1989 tia,
702 1934 762 1979 ut
792 1939 965 1991 neque
988 1924 1149 1977 ullius
1181 1934 1357 1979 textus
1383 1926 1640 1980 citatione
1667 1925 1948 1996 indigeret.
1968 1926 2165 1981 Audiat
2190 1926 2239 1990 B
2264 1934 2525 1980 assertam
2568 1924 2718 1993 dicit,
2768 1939 2888 1992 qua:
2930 1924 3089 1979 dubia
3140 1940 3356 1993 semper
3410 1926 3540 1993 apud
3585 1927 3767 1980 eumdem

573 2016 790 2071 interim
838 2016 1190 2070 Claudianum
1220 2016 1568 2081 Mamercum,
1593 2017 1678 2085 qui
1732 2017 1921 2072 eodem
1962 2018 2159 2073 saeculo

574 2109 734 2177 paulo
765 2116 888 2177 post
922 2108 1275 2178 Augustinum
1308 2108 1461 2172 vixit,
1494 2108 1567 2163 ita
1613 2110 1679 2163 de
1725 2118 1910 2163 sancto
1938 2109 2159 2165 doctore

574 2204 882 2270 loquentem
917 2220 929 2254 :
967 2220 983 2252 ι
1009 2202 1256 2257 Aurelius
1290 2203 1616 2273 Augustinus
1643 2212 1695 2258 et
1728 2204 1975 2258 acumine
2006 2204 2158 2273 inge-

576 2294 675 2358 nii,
710 2302 764 2349 et
791 2308 968 2349 rerum
1014 2293 1369 2357 multitudine,
1396 2302 1447 2348 ct
1475 2293 1655 2361 operis
1686 2293 1828 2349 mole
1856 2293 2020 2347 veluti
2050 2294 2159 2362 qui-

575 2386 696 2440 dam
726 2386 1053 2457 Chrysippus
1076 2385 1481 2455 argumentandi
1505 2386 1725 2449 virtute,
1758 2394 1849 2439 aut
1870 2385 2014 2440 Zeno
2037 2399 2158 2440 sen-

577 2494 732 2533 suum
766 2478 1183 2544 subtilitate,aut
1206 2478 1370 2533 Varro
1394 2489 1577 2534 noster
1598 2478 1921 2533 voluminum
1950 2480 2156 2548 magni-

575 2570 779 2634 tudine,
804 2579 861 2626 et
881 2572 969 2638 qui
995 2570 1232 2637 profecto
1266 2570 1384 2625 talis
1417 2580 1627 2634 natura,
1656 2572 1967 2636 attentione,
2000 2572 2158 2626 disci-

569 2664 733 2735 plinis
765 2664 1057 2729 exstiterit,
1091 2672 1147 2717 ut
1176 2678 1281 2717 non
1310 2664 1580 2719 immerito
1610 2666 1676 2718 ab
1706 2664 1822 2719 istis
1860 2666 2155 2735 corporali-

574 2755 676 2810 bus
703 2754 872 2809 nostri
902 2754 1084 2809 sreculi
1119 2753 1398 2823 Epicureis
1421 2763 1511 2808 aut
1538 2755 1752 2826 Cynicis
1782 2755 2034 2825 spiritalis
2065 2771 2156 2811 so-

572 2847 751 2917 phista
778 2847 1112 2909 dissenserit,
1144 2844 1283 2902 libro
1308 2848 1373 2901 ad
1422 2847 1801 2917 Hieronymum
1848 2847 1916 2901 de
1944 2846 2159 2917 Origine

576 2938 767 2993 anlmte
813 2938 893 2992 sic
947 2938 1299 3007 pronuntiat:
1346 2940 1718 3004 Incorpoream
1758 2954 1866 2991 esse
1910 2939 2156 3005 animant,

572 3032 667 3087 etsi
695 3032 911 3102 difﬁcile
940 3031 1244 3084 tardioribus
1275 3030 1571 3100 persuaderi
1602 3039 1788 3101 potest,
1820 3028 1948 3082 mihi
1992 3039 2157 3084 tamen

584 3127 748 3195 fateor
780 3141 889 3179 esse
918 3138 1233 3193 persuasum.
1259 3122 1499 3193 Cumque
1526 3123 1577 3177 id
1606 3121 1678 3176 ita
1718 3124 1831 3177 fore
1862 3122 2157 3179 rationibus

576 3218 786 3286 magnis
837 3226 996 3286 atque
1068 3217 1337 3272 insolubili
1407 3219 1867 3287 argumentatione
1930 3218 2155 3273 convin-

2262 2018 2379 2083 fuit,
2420 2019 2541 2073 licet
2573 2019 2892 2088 quandoque
2922 2032 3211 2087 corporeos
3240 2032 3365 2071 esse
3392 2017 3596 2087 angelos
3627 2032 3767 2081 suppu-

2261 2122 2370 2178 nat,
2396 2127 2463 2167 ne
2487 2127 2622 2165 nova
2651 2111 2792 2165 illata
2823 2112 3117 2180 quaestione
3141 2111 3208 2165 ab
3233 2122 3543 2179 argumento
3570 2110 3767 2165 distrahi-

2259 2215 2367 2261 tur.
2399 2206 2511 2260 Non
2545 2206 2762 2260 defuere
2791 2214 2969 2260 tamen
3002 2206 3087 2273 qui
3124 2204 3480 2275 Augustinum
3510 2204 3766 2258 dubitantem

2259 2307 2640 2371 sequerentur;
2672 2314 2809 2353 unus
2855 2312 2953 2367 pro
2994 2298 3137 2351 mille
3178 2299 3249 2349 sit
3272 2302 3490 2351 sanctus
3514 2295 3765 2357 Bernartius,

2258 2393 2342 2461 qui
2369 2391 2461 2445 lib.
2495 2407 2526 2443 v
2556 2390 2623 2445 de
2647 2388 3006 2453 Considerat.,
3044 2403 3163 2455 cap.
3201 2386 3253 2453 4,
3300 2388 3378 2441 ait
3412 2404 3423 2438 :
3478 2404 3497 2438 ι
3526 2387 3767 2455 Quanquam

2263 2485 2332 2539 de
2361 2482 2680 2552 corporibus
2710 2481 2897 2536 horum
2934 2482 3161 2552 (nempe
3189 2478 3545 2549 angelorum),
3575 2493 3663 2534 non
3693 2494 3769 2531 mo-

2258 2575 2328 2631 do
2357 2579 2497 2631 unde
2526 2576 2650 2640 sint,
2682 2575 2778 2630 sed
2804 2590 2871 2628 an
2896 2574 3233 2643 aliquatenus
3262 2573 3396 2638 sint,
3430 2573 3587 2628 haeret
3610 2584 3769 2627 senten-

2259 2668 2331 2722 tia
2365 2668 2684 2738 aliquorum.
2722 2666 2871 2721 Unde
2899 2666 2945 2720 si
2976 2666 3094 2735 quis
3122 2666 3259 2720 inter
3289 2664 3569 2735 opinabilis
3591 2666 3720 2735 magis
3735 2664 3767 2717 id

2262 2760 2563 2829 ponendum
2602 2759 2888 2823 censuerit,
2924 2772 3028 2811 non
3073 2756 3369 2813 contendo.
3392 2776 3412 2811 ι
3443 2756 3508 2813 Et
3528 2739 3716 2813 sermfii
3734 2758 3768 2808 in

2260 2850 2414 2907 Cant.
2445 2870 2457 2904 :
2496 2870 2514 2904 ι
2544 2854 2833 2920 Caeterum,
2883 2851 3074 2921 inquit,
3105 2851 3352 2921 angelica
3380 2864 3586 2919 corpora
3622 2860 3769 2901 utrum-

2260 2962 2385 3001 nam
2426 2946 2561 3016 ipsis
2607 2945 2887 3016 spiritibus
2916 2943 3179 2998 naturalia
3207 2944 3337 3009 sint,
3364 2944 3498 2997 sicut
3540 2938 3768 3019 hominibus

2260 3049 2455 3107 sua,et
2483 3042 2589 3095 sint
2634 3038 2885 3093 animalia
2932 3037 3070 3093 sicut
3115 3037 3387 3104 homines,
3432 3042 3555 3098 etc.,
3590 3034 3770 3088 videntur

2260 3132 2445 3188 Patres
2476 3133 2543 3187 de
2575 3130 2878 3201 hujusmodi
2910 3129 3125 3184 diversa
3155 3128 3417 3192 sensisse,
3444 3140 3537 3181 nec.
3563 3125 3670 3178 mihi
3690 3138 3769 3191 per-

2262 3223 2501 3295 Spicuum
2533 3233 2616 3279 est
2637 3223 2777 3278 unde
2812 3223 3128 3277 alterutrum
3165 3219 3419 3286 doceam,
3444 3228 3497 3273 et
3520 3215 3693 3270 nescire
3714 3227 3770 3267 me

572 3318 679 3375 cal.
712 3315 819 3364 θῐοο
848 3328 866 3359 ³
904 3308 1019 3363 Ιιὶιιο
1052 3325 1089 3363 ιι
1129 3308 1197 3364 de
1226 3309 1376 3364 Statu
1425 3310 1638 3376 animm.
1671 3324 1787 3379 cap-
1816 3310 1871 3365 9ο
1905 3309 2157 3379 Putasne,
2188 3307 2234 3373 C
2268 3316 2470 3383 fateor;
2498 3315 2591 3370 sed
2621 3324 2674 3369 et
2698 3313 2891 3367 vestris
2935 3309 3265 3381 profectibus
3293 3323 3405 3364 non
3450 3307 3647 3363 mulsum
3682 3317 3769 3356 con-

574 3401 768 3467 iector,
798 3400 1058 3455 Adamum
1089 3400 1276 3455 harum
1300 3416 1459 3456 unam
1487 3402 1747 3457 rationem
1770 3402 1858 3457 vel
1884 3417 2160 3474 argumen-

575 3493 830 3549 tationem
864 3493 1096 3562 legisse?

649 3607 755 3663 Sed
781 3607 891 3678 jam
924 3608 1015 3663 illo
1043 3608 1303 3678 scriptore
1334 3607 1718 3679 patentissima:
1761 3607 2007 3665 falsitatis
2032 3624 2161 3667 con-

574 3705 745 3773 victo,
775 3704 903 3775 quid
933 3705 999 3761 de
1020 3707 1332 3776 angelorum
1350 3707 1667 3776 corporibus
1689 3708 2013 3776 Augustinus
2039 3723 2157 3765 sen-

574 3799 709 3854 serit
733 3797 1027 3853 videamus.
1052 3798 1293 3853 Celebris
1322 3799 1586 3855 sententia
1616 3799 2007 3856 Platonicorum
2040 3802 2157 3870 fuit,

572 3893 793 3963 angelos
820 3890 1079 3947 conﬂatos
1104 3906 1225 3947 esse
1256 3907 1321 3947 ex
1356 3894 1539 3963 spiritu
1579 3904 1632 3949 et
1671 3909 1898 3965 corpore
1928 3896 2157 3965 quodam

572 3984 925 4041 subtilissimo
954 3985 1271 4041 clementari
1320 3986 1559 4056 quolibet
1602 3987 1755 4056 longe
1799 3988 2070 4054 nobiliori,
2101 3997 2161 4042 ut

571 4093 639 4133 ex
666 4078 888 4146 Apuleio
925 4076 1163 4146 pluribus
1192 4078 1350 4132 tradit
1374 4079 1704 4148 Augustinus
1735 4078 1826 4133 lib.
1857 4095 1951 4132 vin
1974 4080 2041 4134 de
2069 4080 2157 4135 Ci-

574 4171 665 4224 vit.
692 4169 811 4235 Dei,
842 4184 963 4238 cap.
995 4169 1025 4221 8
1051 4179 1105 4224 et
1136 4170 1223 4223 16.
1259 4170 1404 4224 llanc
1446 4172 1764 4224 sententiam
1809 4185 1875 4225 ex
1911 4171 2159 4227 Patribus

572 4262 740 4332 secuti
774 4270 898 4315 sunt
924 4261 1203 4331 Origenes,
1226 4262 1605 4329 Tertullianus,
1633 4261 1885 4317 Clemens
1920 4264 2156 4319 Alexan-

571 4351 778 4417 drinus,
809 4350 1049 4406 Justinus
1100 4352 1321 4421 Martyr,
1358 4352 1685 4418 Lactantius,
1733 4364 1787 4408 et
1832 4369 1927 4423 pro
1970 4356 2156 4412 eadem

571 4444 800 4498 citantur
830 4441 1175 4509 Athanasius,
1238 4443 1463 4497 Basilius
1495 4453 1549 4500 et
1578 4445 1873 4501 Methodius
1902 4461 1929 4498 a
1952 4448 2157 4505 Joanne

569 4535 825 4605 episcopo
875 4534 1248 4600 Antiochenu,
1307 4535 1457 4603 cujus
1506 4539 1670 4593 verba
1716 4540 1876 4594 etiam
1928 4551 2055 4597 sunt
2104 4544 2155 4597 in

569 4629 777 4700 synodo
800 4628 1016 4685 Nictetia
1039 4643 1101 4693 ιι,
1131 4637 1239 4682 act.
1269 4628 1301 4682 5
1334 4647 1345 4681 :
1391 4646 1409 4680 ι
1433 4630 1781 4687 Solummodo
1810 4641 1989 4691 autem
2018 4635 2156 4691 Deus

566 4723 920 4791 incorporeus
974 4730 1029 4775 et
1085 4719 1459 4777 informabilis.
1536 4722 1901 4795 lntelligihiles
1973 4736 2150 4783 autem

567 4807 835 4870 creaturae
885 4828 1217 4883 nequaquam
1258 4828 1323 4869 ex
1373 4823 1485 4871 toto
1535 4826 1658 4871 sunt
1711 4818 2060 4887 incorporeae,
2097 4829 2152 4875 et

567 4910 855 4965 imitabiles
896 4908 1105 4978 pictura
1140 4910 1395 4964 existunt.
1421 4929 1438 4961 ι
1472 4911 1656 4966 Eidem
1688 4913 1922 4983 opinioni
1967 4913 2149 4968 adhae-

567 5019 687 5059 sere
715 5002 1025 5067 Cassianus,
1054 5000 1304 5068 Faustus,
1351 5003 1658 5059 Gennadius
1705 5006 1919 5072 aliique.
1952 5005 2150 5062 Verum

570 5098 748 5165 plures
790 5094 1173 5164 sapientissimi
1217 5095 1405 5151 Patres
1435 5098 1735 5165 oppositum
1768 5099 2149 5167 opinabantur,

566 5204 780 5243 omnem
812 5188 880 5242 ab
902 5187 1108 5258 angelis
1136 5187 1523 5257 corpulentiam
1555 5199 1915 5244 removentes.
1941 5194 2154 5259 Augus-

533 5278 731 5348 ftinus,
763 5279 903 5349 quod
944 5295 1062 5334 cam
1113 5278 1466 5349 quastionem
1518 5289 1751 5336 tractare
1796 5297 1861 5335 ex
1909 5282 2154 5351 professo

567 5373 754 5437 nollet,
812 5372 1125 5443 videretque
1180 5382 1461 5443 utramque
1522 5382 1728 5443 partem
1796 5374 2149 5442 plurimorum

565 5466 883 5520 auctoritate
925 5465 1211 5529 ﬁrmatam,
1245 5465 1297 5518 in
1324 5482 1383 5520 re
1411 5465 1616 5521 difﬁcili
1644 5481 1705 5519 ac
1741 5465 1898 5521 dubia
1929 5477 2151 5522 senten-

567 5556 695 5609 tiam
743 5556 1039 5624 suspendit.
1078 5557 1137 5611 ld
1166 5558 1461 5628 ambiguum
1508 5574 1617 5612 esse
1645 5558 1832 5613 scribit
1862 5556 1955 5613 lib.
1987 5574 2057 5613 xv
2085 5558 2154 5615 de

565 5648 723 5703 Civit.
750 5647 869 5713 Dei,
902 5663 1020 5718 cap.
1056 5648 1148 5703 23.
1178 5652 1249 5703 At
1278 5650 1373 5704 lib.
1407 5666 1524 5717 χχι,
1557 5665 1674 5719 cap.
1712 5653 1799 5717 1t),
1832 5651 1920 5705 ubi
1962 5650 2157 5720 quierit

566 5756 634 5795 an
675 5740 812 5811 ignis
838 5755 1131 5810 corporeus
1173 5743 1339 5809 possit
1389 5744 1663 5797 daemones
1713 5753 1988 5812 torquere,
2038 5743 2152 5797 ait:

576 5851 593 5883 ι
620 5835 754 5887 Sunt
782 5834 1022 5904 quaedam
1056 5848 1148 5888 sua
1176 5835 1340 5888 etiam
1373 5834 1711 5889 tlzrmonihus
1738 5850 1985 5903 corpora,
2018 5836 2158 5887 sicut

573 5934 743 5989 ductis
788 5935 1091 5991 hominibus
1137 5935 1307 5990 visum
1356 5945 1501 6002 c5t,i
1534 5943 1637 5990 etc.
1671 5936 1737 5989 Et
1786 5946 2011 6003 postea:
2054 5932 2159 5989 t-Si

2182 4687 2235 4747 Ι)

2263 3406 2403 3463 ferre
2428 3406 2663 3460 arbitror
2694 3404 2881 3459 barum
2910 3416 3089 3457 rerttm
3118 3399 3391 3456 notitiam.
3422 3418 3439 3451 ιι
3470 3398 3585 3454 Hinc
3603 3395 3768 3453 sanctis-

2261 3503 2431 3557 simus
2460 3498 2707 3569 idemque
2735 3497 3080 3553 doctissimus
3102 3494 3281 3551 Pater.

2362 3615 2389 3685 §
2426 3614 2489 3669 ll.
2524 3614 2604 3668 An
2634 3620 2839 3668 sanctus
2868 3611 3047 3665 doctor
3069 3608 3347 3693 asseruerit
3372 3607 3525 3662 solem
3544 3611 3585 3660 et
3604 3613 3712 3658 astra

2859 3697 2966 3737 8888
2994 3690 3240 3735 animata.

2332 3797 2536 3853 Rursus
2564 3794 2787 3866 opponit
2808 3802 3000 3849 sancto
3032 3792 3172 3847 Patri
3203 3791 3493 3846 Morainius
3520 3807 3531 3841 :
3568 3786 3675 3841 Item
3704 3783 3767 3834 duo

2262 3890 2435 3943 bitavit
2483 3903 2606 3941 num
2650 3887 2729 3940 sol
2770 3894 2819 3940 et
2872 3886 3013 3951 luna,
3054 3883 3263 3953 aliaque
3304 3884 3495 3949 sidera,
3540 3894 3637 3950 qua:
3660 3876 3769 3930 ouili:

2261 3980 2623 4050 conspicimus,
2673 3978 2773 4031 sint
2816 3978 3066 4029 animata.
3102 3974 3328 4029 Ibidem.
3361 3973 3465 4029 Sed
3509 3971 3583 4024 hic
3619 3976 3769 4036 quoque

2262 4074 2553 4129 adversarii
2603 4070 2832 4126 eruditio
2878 4069 2962 4124 vel
3010 4067 3349 4123 desideratur
3381 4066 3459 4120 vel
3498 4060 3766 4132 appellatur:

2262 4168 2461 4223 etenim
2512 4164 2651 4234 apud
2680 4172 2893 4218 veteres
2937 4175 3041 4217 non
3073 4160 3232 4215 modo
3262 4158 3610 4230 philosophos,
3640 4162 3767 4207 rerum

2260 4262 2419 4316 etiam
2461 4258 2647 4313 Patres
2680 4264 3084 4310 controversum
3114 4260 3230 4307 erat
3280 4258 3528 4307 essentne
3572 4240 3768 4302 caeliani-

2263 4354 2411 4408 niati.
2446 4350 2706 4406 Platonici
2742 4363 2804 4403 ac
2850 4348 3017 4403 Stoici
3051 4347 3319 4402 animatos
3362 4345 3522 4401 caelos
3565 4341 3767 4399 dicebant,

2261 4446 2313 4501 in
2341 4457 2568 4513 quorum
2613 4438 2920 4509 opinionem
2951 4438 3097 4493 ivere
3125 4437 3314 4493 Cicero
3356 4436 3448 4491 lib.
3482 4451 3516 4489 ιι
3552 4433 3609 4488 de
3630 4430 3769 4485 Natura

2265 4540 2517 4603 Deorum,
2541 4545 2597 4591 et
2625 4537 2826 4591 Plinius
2850 4535 2945 4590 lib.
2978 4550 3037 4589 ιι.
3072 4534 3323 4591 Historias
3362 4541 3496 4601 nat.,
3522 4545 3627 4600 cap.
3646 4526 3686 4579 9.
3705 4523 3768 4576 Pe-

2261 4634 2525 4703 ripatetici
2550 4635 2712 4689 etiam
2740 4634 2979 4703 plerique
3010 4632 3151 4686 idem
3200 4630 3583 4693 existimarunt,
3604 4631 3650 4677 ut
3670 4621 3767 4691 pale!

2261 4740 2323 4779 ex
2352 4726 2760 4795 ltaguseo,tom.
2790 4725 2811 4778 1
2840 4722 3221 4792 Philosophiae,
3248 4722 3389 4792 disp.
3426 4720 3511 4787 H,
3532 4723 3581 4773 et
3605 4713 3767 4769 Alexan-

2262 4820 2359 4874 dro
2399 4816 2689 4883 Achillino,
2723 4818 2820 4872 lib.
2855 4832 2910 4871 ιιι
2940 4816 3008 4871 de
3055 4816 3309 4883 Orbibus,
3340 4828 3459 4884 cap.
3493 4807 3634 4879 i,qui
3656 4803 3765 4858 etiam

2260 4926 2326 4966 ex
2357 4908 2645 4965 Aristotele
2690 4908 2933 4963 eamdem
2964 4907 3289 4964 sententiam
3321 4904 3507 4961 deduci
3537 4901 3644 4955 satis
3682 4906 3765 4962 pro-

2262 5006 2368 5059 lixc
2415 5003 2714 5059 contendit.
2746 5002 3096 5057 Communior
3140 5012 3317 5058 tamen
3372 4992 3765 5067 Peripateticorum

2259 5096 2441 5167 opinio
2469 5111 2531 5151 ex
2559 5095 2886 5165 Phil050pho
2918 5094 3299 5165 intelligentias
3330 5092 3625 5148 assistentes
3642 5078 3763 5137 oculis.

2256 5206 2366 5246 non
2409 5206 2540 5246 vero
2589 5192 2807 5247 eosdem
2859 5190 3214 5246 informantes
3260 5186 3520 5244 concedit.
3564 5181 3660 5237 Non
3696 5183 3764 5227 una

2257 5284 2418 5338 etiam
2469 5284 2565 5337 fuit
2596 5284 2813 5337 Patrum
2853 5281 2921 5337 de
2950 5281 3213 5337 caalorum
3243 5281 3418 5335 anima
3459 5260 3764 5346 opiniozundc

2258 5390 2380 5429 cum
2412 5382 2629 5429 sanctus
2664 5374 2853 5429 doctor
2885 5372 3044 5426 tantis
3074 5371 3257 5441 litigiis
3278 5386 3397 5426 sese
3421 5366 3681 5421 immiscere
3701 5366 3765 5408 n0‘

2260 5468 2442 5534 luerit,
2472 5466 2730 5536 judicium
2762 5465 3063 5536 suspendit,
3096 5480 3290 5535 nempe
3318 5478 3386 5518 an
3412 5459 3572 5531 angeli
3592 5464 3688 5508 vere
3704 5457 3762 5498 οῖ·

2260 5557 2355 5613 bes
2386 5556 2756 5622 informarent,
2784 5558 2869 5611 vel
2904 5571 3000 5611 eos
3038 5554 3375 5609 solummodo
3414 5554 3467 5607 in
3490 5556 3649 5618 gyrum
3674 5547 3761 5635 μέθ’

2257 5649 2536 5718 pellerent.
2569 5647 2722 5703 Unde
2770 5648 2823 5702 in
2868 5648 2976 5702 ﬁne
3005 5646 3100 5702 lib.
3138 5663 3171 5699 ιι
3216 5648 3281 5701 de
3310 5645 3441 5699 Gen.
3471 5636 3531 5690 ad
3560 5634 3760 5696 litt.,ait:

2266 5761 2285 5793 ι
2312 5744 2461 5797 Solet
2490 5743 2651 5797 etiam
2681 5742 2847 5811 qumri
2877 5748 3055 5795 utrum
3101 5738 3221 5787 coeli
3259 5728 3529 5786 luminaria
3559 5726 3642 5779 ista
3671 5730 3760 5769 con-

2264 5838 2446 5904 Spicua
2487 5848 2714 5902 corpora
2758 5833 2869 5885 sola
2902 5832 3027 5893 sint,
3059 5840 3123 5879 an
3166 5825 3395 5880 habeant
3419 5828 3630 5876 rectores
3646 5818 3759 5904 qllOS'

2265 5903 2386 5985 dam
2416 5930 2632 5999 spiritus
2670 5940 2818 5993 suos,
2842 5932 2919 5993 et,
2943 5924 2987 5978 si
3014 5921 3235 5989 habent,
3265 5927 3437 5974 utrum
3478 5914 3539 5969 ab
3560 5909 3624 5967 eis
3642 5903 3755 5959 etiam
