3962 6346
216 488 325 547 689

1394 479 1716 539 VINDICUE
1755 474 2323 537 AUGUSTINIANAE.

3384 455 3488 513 690

216 607 454 664 vitaliter
483 604 830 676 inspirentur,
853 603 992 659 sicut
1014 603 1317 658 animamur
1338 615 1529 657 carnes
1560 615 1654 671 per
1677 599 1794 654 ani-
1824 602 1881 661 Α
1904 598 2163 652 animatas
2199 605 2253 651 et
2285 592 2590 649 materiales
2620 605 2741 646 esse
2780 586 3038 659 quasdam
3070 585 3323 648 virtutes,
3358 594 3483 633 anac

217 716 334 757 mas
364 699 701 766 animalium;
735 714 802 753 an
820 697 943 754 -sola
984 698 1100 753 sine
1131 696 1235 751 ulla
1266 694 1623 765 permixtione
1669 709 1802 764 prat-

214 794 408 850 sentia.
433 813 451 845 r
488 793 629 860 Quas
670 791 1000 863 quaestiones
1050 790 1312 846 insolutas
1355 788 1665 858 relinquens
1706 787 1800 853 ait,

212 888 417 945 easdem
458 904 560 942 non
591 886 744 957 facile
774 903 921 958 posse
958 884 1338 953 comprehendi.
1368 883 1544 950 Quare
1587 879 1803 938 sanctus

211 978 451 1035 Thomas
493 988 631 1049 part.
666 994 705 1045 ι,
729 994 784 1049 q.
820 978 907 1042 70,
941 985 1044 1033 art.
1073 976 1130 1047 ὅ,
1162 977 1249 1032 ubi
1291 976 1482 1046 quaerit
1511 986 1690 1030 utrum
1717 973 1801 1027 Ιιιο

211 1072 444 1130 minaria
491 1073 615 1128 cteli
659 1081 783 1126 sunt
829 1071 1085 1136 animata,
1141 1070 1249 1123 ait:
1283 1085 1302 1119 ι
1332 1067 1591 1123 Similiter
1639 1065 1800 1121 etiam

213 1165 355 1235 apud
386 1164 633 1219 doctores
685 1161 805 1218 ﬁdei
853 1160 951 1217 luit
1003 1161 1145 1217 circa
1191 1159 1294 1215 hoc
1341 1159 1548 1215 diversa
1598 1158 1799 1228 Opinio.

214 1260 480 1330 Origenes
519 1259 660 1313 enim
717 1254 896 1327 posuit
947 1269 1172 1324 corpora
1224 1251 1463 1309 coelestia
1530 1251 1800 1314 animata;

215 1357 576 1428 Hieronymus
605 1354 765 1410 etiam
807 1352 947 1408 idem
977 1352 1176 1407 sentire
1208 1349 1437 1415 videtur,
1473 1354 1616 1408 etc.;
1651 1343 1801 1398 Basi-

212 1451 319 1507 lius
350 1466 501 1521 vero,
532 1458 588 1505 et
617 1449 980 1502 Damascenus
1022 1454 1272 1499 asserunt
1308 1454 1534 1510 corpora
1562 1434 1803 1494 C(elestia

212 1563 324 1601 non
357 1559 477 1601 esse
505 1543 766 1608 animata;
795 1539 1121 1611 Augustinus
1150 1552 1279 1592 vero
1317 1535 1416 1591 sub
1461 1532 1622 1589 dubio
1649 1532 1803 1587 dere-

211 1638 397 1709 liquit,
425 1639 477 1692 in
512 1644 756 1692 neutram
791 1640 996 1703 partem
1027 1629 1325 1687 declinans.
1354 1647 1372 1679 ›
1409 1625 1554 1681 Idem
1583 1623 1801 1692 Angeli-

210 1748 307 1789 cus
329 1734 540 1799 doctor,
569 1730 768 1786 Contra
799 1727 1021 1791 Gentes,
1050 1741 1086 1779 ιι
1110 1738 1227 1793 cap.
1263 1723 1353 1789 70,
1378 1721 1604 1791 ingenue
1637 1724 1801 1771 testa-

209 1837 299 1883 tur
322 1826 458 1881 nihil
492 1826 560 1881 ab
599 1824 840 1879 Ecclesia
868 1821 935 1877 de
964 1819 1138 1875 anima
1168 1818 1291 1875 coeli
1337 1815 1611 1872 deﬁnitum
1642 1827 1759 1869 esse
1785 1830 1799 1868 :

214 1938 234 1971 ι
265 1919 379 1974 lloc
406 1925 607 1983 autem,
632 1914 823 1986 inquit,
850 1913 990 1984 quod
1020 1912 1223 1967 dictum
1254 1917 1338 1966 est
1366 1908 1433 1964 de
1472 1907 1802 1962 animatione

1907 693 2082 748 thema
2131 694 2218 747 sit.
2253 710 2270 742 ι
2302 690 2387 746 Uti
2422 688 2721 757 praecipuus
2763 683 3010 753 Origenis
3039 693 3194 736 error
3234 674 3327 731 ille
3361 688 3488 744 pro-

1914 788 2143 857 scriptus
2180 784 2301 839 fuit.
2349 784 2515 838 Porro
2543 777 2831 835 Justiniani
2863 777 3067 830 litteras
3099 770 3325 841 Vigilius
3358 781 3491 837 papa

1906 894 2026 936 cum
2056 879 2303 935 universa
2346 875 2584 930 Ecclesia
2627 871 2893 927 catholica
2921 866 3255 939 approbavit,
3300 861 3377 916 uti
3409 869 3489 914 te-

1907 985 2076 1043 statur
2110 971 2332 1043 insignis
2382 979 2491 1024 tum
2542 966 2797 1036 temporis
2826 958 3263 1032 Carthaginiensis
3306 955 3494 1010 diaco-

1906 1081 2010 1120 nus
2032 1065 2333 1130 Liberatus,
2368 1076 2487 1131 cap.
2520 1058 2590 1114 25
2614 1056 2903 1122 Breviarii;
2934 1069 3036 1124 qua
3066 1053 3133 1107 de
3165 1065 3223 1106 re
3250 1046 3495 1121 pluribus

1906 1160 2113 1231 egimus
2153 1159 2205 1213 in
2236 1158 2508 1212 dissertat.
2541 1154 2609 1210 de
2640 1151 2863 1224 Synodo
2898 1166 2950 1202 v.
3004 1147 3158 1202 Hunc
3194 1152 3372 1199 autem
3403 1154 3494 1195 ca-

1908 1267 2100 1309 nonem
2126 1253 2176 1307 in
2209 1250 2397 1308 eadem
2424 1248 2632 1323 synodo
2658 1262 2689 1301 v
2719 1241 3072 1306 meumenica,
3096 1254 3237 1295 anno
3265 1235 3375 1291 555
3403 1248 3493 1289 ce-

1906 1343 2152 1410 lebrata,
2229 1341 2579 1412 approbatum
2660 1337 2826 1393 fuisse
2900 1334 3087 1390 scribit
3162 1327 3494 1398 Nicephorus

1906 1440 1999 1496 lib.
2034 1455 2162 1507 xvn,
2198 1453 2318 1509 cap.
2362 1437 2453 1491 27.
2504 1434 2657 1490 Unde
2700 1433 2762 1487 P.
2806 1431 2989 1500 Lupus
3039 1425 3287 1482 eumdem
3320 1422 3396 1476 uti
3426 1420 3495 1474 ab

1907 1536 2091 1589 eadem
2119 1532 2327 1605 synodo
2349 1538 2607 1585 statutum
2639 1541 2791 1582 more
2821 1523 3000 1591 solito,
3036 1532 3227 1588 nempe
3258 1514 3492 1605 erudite,

1907 1627 2047 1681 notis
2086 1602 2405 1681 ac‘scholiis
2458 1622 2706 1676 illustrat.
2762 1621 2842 1673 An
2876 1629 3009 1671 vero
3064 1611 3228 1668 modo
3276 1602 3495 1663 delendi

1908 1717 2078 1788 possit
2106 1718 2285 1771 anima
2329 1715 2587 1771 ctelorum
2621 1721 2742 1783 post
2772 1711 3080 1766 damnatam
3128 1704 3275 1759 illam
3304 1698 3493 1767 Orige-

1906 1814 1989 1866 nis
2037 1811 2367 1882 opinionem,
2425 1810 2549 1864 nolo
2602 1807 2910 1875 disputare;
2944 1808 3128 1873 posset
3181 1795 3325 1852 enim
3374 1789 3496 1862 quis

1907 1922 2169 1977 reponere
2213 1907 2521 1961 damnatam
2570 1900 2909 1957 solummodo
2968 1897 3112 1953 illam
3171 1890 3494 1949 sententiam

206 2012 355 2080 cmli,
384 2025 489 2065 non
527 2008 760 2063 diximus
805 2006 956 2077 quasi
997 2003 1292 2060 asserendo
1333 2000 1626 2058 secundum
1674 1998 1797 2055 ﬁdei
1829 2000 1878 2062 B
1901 2001 2052 2073 juxta
2083 2011 2315 2057 mentem
2338 1998 2585 2069 Origenis
2614 1995 2964 2058 intellectam,
2994 1990 3062 2047 de
3085 2003 3189 2060 quo
3217 1988 3335 2041 haec
3361 1982 3496 2038 scri-

206 2104 532 2169 doctrinam,
560 2100 625 2156 ad
656 2115 814 2171 quam
860 2099 993 2155 nihil
1025 2100 1259 2169 pertinet
1302 2098 1413 2152 sive
1452 2097 1529 2151 sic
1558 2095 1675 2151 sive
1703 2094 1799 2149 ali-

206 2204 291 2251 ter
327 2196 557 2250 dicatur.
585 2213 603 2246 D
642 2193 835 2249 Scotus
860 2207 1014 2259 vero,
1048 2191 1101 2258 2,
1140 2190 1267 2246 dist.
1304 2190 1391 2254 14,
1422 2204 1475 2258 q.
1504 2188 1555 2255 l,
1583 2187 1637 2242 in
1670 2187 1797 2251 line,

204 2288 435 2344 scribit:
468 2305 487 2339 ι
514 2287 569 2343 Si
612 2287 733 2342 coeli
769 2300 875 2341 non
927 2293 1053 2341 sunt
1080 2282 1324 2347 animati,
1354 2281 1455 2336 hoc
1499 2288 1583 2335 est
1631 2280 1799 2351 magis

205 2381 474 2437 creditum
501 2396 660 2451 quam
711 2380 920 2435 ratione
960 2379 1306 2449 probatum.»
1340 2375 1491 2444 Quod
1538 2375 1585 2429 si
1626 2389 1800 2443 neque

204 2473 526 2528 auctoritate
570 2472 845 2536 Ecclesiae,
869 2479 928 2525 ut
953 2472 1029 2526 ait
1058 2470 1369 2540 Angelicus,
1395 2483 1569 2537 neque
1590 2466 1799 2523 efﬁcaci

203 2565 453 2630 ratione,
486 2573 541 2618 ut
588 2563 770 2619 subdit
818 2562 1068 2629 Subtilis,
1118 2560 1409 2632 quidquam
1439 2560 1507 2615 de
1535 2559 1797 2615 caelorum

206 2656 387 2711 anima
413 2656 548 2711 certi
576 2655 868 2710 stabilitum
898 2663 1001 2720 est,
1030 2668 1206 2708 nonne
1238 2651 1363 2721 jure
1408 2665 1631 2721 magnus
1675 2665 1799 2706 nos-

207 2758 289 2804 ter
337 2749 527 2803 doctor
556 2763 617 2803 ea
646 2747 714 2804 de
753 2764 812 2802 re
854 2754 1066 2816 poterat
1095 2745 1378 2801 dubitare?
1407 2743 1542 2800 Cum
1582 2744 1675 2800 lib.
1704 2758 1801 2799 xm

205 2840 275 2896 de
305 2840 534 2895 Civitate
562 2840 676 2905 Dei,
697 2840 827 2909 'cap.
857 2839 946 2905 16,
972 2838 1243 2894 retulisset
1267 2838 1592 2893 sententiam
1622 2836 1801 2893 Plato-

209 2934 315 2998 nis,
348 2935 425 2987 ait
457 2950 472 2988 :
508 2952 526 2987 ι
547 2931 611 2988 Et
640 2934 742 2988 hoc
769 2931 983 3002 quidem
1012 2940 1194 2987 utrum
1225 2930 1380 2987 Plato
1420 2946 1606 2987 verum
1628 2932 1697 2986 de
1726 2932 1802 2987 si-

206 3029 425 3085 deribus
455 3028 615 3095 dicat,
648 3029 751 3083 alia
775 3027 1000 3097 quaestio
1024 3037 1129 3083 est.
1163 3027 1346 3096 Neque
1367 3026 1510 3081 enim
1542 3024 1802 3082 continuo

207 3118 618 3176 concedendum
650 3127 732 3173 est
754 3118 941 3187 globos
971 3118 1102 3172 istos
1138 3117 1420 3182 luminum,
1448 3117 1562 3172 sive
1586 3116 1803 3173 orbicu—

207 3210 290 3265 los
338 3211 455 3265 luce
501 3224 754 3279 corporea
801 3224 963 3278 super
1005 3220 1175 3264 terras
1221 3224 1314 3264 seu
1358 3208 1465 3273 die,
1517 3224 1611 3264 seu
1645 3219 1803 3267 nocte

208 3301 496 3373 fulgentes,
547 3303 659 3357 suis
712 3302 1031 3373 quibusdam
1081 3303 1311 3373 pr0priis
1362 3303 1556 3357 animis
1595 3304 1794 3370 vivere,

1906 2096 1983 2151 bit
2024 2104 2243 2150 sanctus
2284 2093 2642 2163 Hieronymus
2692 2088 2851 2158 epist.
2903 2084 2966 2139 61
3015 2093 3201 2138 contra
3227 2079 3493 2136 Joannem

1904 2188 2448 2260 Hierosolymitanum
2480 2207 2493 2241 :
2534 2204 2553 2237 ‹
2588 2184 2848 2253 Origenes
2879 2180 3038 2235 docet
3076 2176 3243 2232 solem
3292 2172 3490 2242 ipsum,

1904 2291 1960 2338 et
1988 2282 2197 2348 lunam,
2233 2289 2287 2337 et
2313 2280 2553 2336 omnium
2582 2285 2850 2331 astrorum
2879 2272 3103 2329 chorum
3130 2281 3251 2325 esse
3288 2264 3494 2351 animas

1901 2375 2247 2431 rationalium
2305 2374 2578 2445 quondam
2638 2380 2692 2426 et
2746 2365 3165 2437 incorporalium
3223 2367 3497 2416 creatura-

1902 2484 2044 2537 rum,
2091 2484 2211 2537 quze
2258 2482 2401 2523 nunc
2441 2466 2663 2522 vanitati
2708 2461 2983 2532 subjectae,
3020 2457 3201 2528 ignitis
3241 2452 3493 2508 videlicet

1905 2562 2245 2632 corporibus,
2301 2576 2422 2631 qua:
2478 2574 2576 2615 nos
2621 2556 2849 2627 imperiti
2906 2563 2958 2608 et
3002 2549 3162 2606 rudes
3214 2543 3495 2601 luminaria

1901 2658 2088 2714 mundi
2118 2656 2476 2727 appellamus,
2512 2651 2885 2708 liberabuntur
2927 2664 2957 2701 a
2998 2643 3259 2701 servitute
3307 2652 3493 2694 corru-

1904 2751 2105 2820 ptionis
2148 2750 2200 2804 in
2232 2748 2536 2803 libertatem
2569 2743 2799 2799 ﬁliorum
2829 2740 2944 2797 Dei.
2979 2759 2997 2791 ›
3036 2738 3109 2792 De
3165 2740 3267 2804 qua
3317 2729 3496 2799 Orige-

1902 2844 1987 2898 nis
2019 2842 2271 2912 opinione
2297 2839 2413 2895 haec
2444 2837 2606 2893 tradit
2636 2846 2855 2892 sanctus
2883 2830 3210 2902 Augustinus
3242 2836 3386 2880 tomo
3412 2836 3490 2886 vr,

1902 2936 1957 2991 in
2003 2935 2096 2990 lib.
2146 2942 2331 2988 contra
2386 2945 2598 2989 errores
2650 2925 3199 2988 Priscillianistarum,
3249 2933 3368 2987 cap.
3415 2915 3492 2970 8:

1910 3047 1929 3080 ι
1970 3028 2045 3082 De
2088 3027 2207 3082 sole
2237 3036 2292 3081 et
2320 3027 2471 3093 luna,
2515 3023 2831 3093 caeterisque
2862 3018 3157 3083 sideribus,
3198 3012 3339 3083 quod
3386 3024 3496 3064 coeo

1904 3120 2054 3176 lestia
2081 3119 2189 3173 sint
2214 3132 2446 3188 corpora
2474 3116 2743 3179 videmus,
2785 3112 2924 3183 quod
2955 3111 3189 3165 animata
3220 3106 3349 3173 sint,
3384 3117 3492 3156 non

1904 3210 2169 3265 videmus.
2198 3210 2272 3265 De
2300 3208 2496 3263 divinis
2527 3207 2628 3261 hoc
2657 3205 2804 3260 libris
2827 3204 3057 3274 legatur,
3080 3210 3134 3255 et
3163 3196 3489 3254 credimus.»

1907 3303 2033 3359 Haec
2063 3304 2159 3359 ibi.
2194 3302 2261 3357 Et
2305 3302 2521 3372 quidem
2570 3297 2942 3361 Fromondus,
2996 3295 3087 3350 lib.
3124 3311 3136 3347 ι
3168 3292 3235 3347 de
3275 3290 3492 3352 Anima,

208 3397 396 3466 eisque
452 3396 899 3451 intellectualibus
947 3403 1002 3451 et
1050 3395 1251 3461 beatis,
1304 3402 1442 3451 etc.»
1481 3396 1560 3451 Ex
1608 3397 1800 3467 quibus

1908 3412 2025 3467 cap.
2057 3398 2110 3461 1,
2143 3404 2243 3451 art.
2275 3395 2332 3461 8,
2367 3395 2564 3450 fatetur
2594 3408 2715 3448 eum
2745 3392 2834 3463 qui
2866 3390 3101 3445 animam
3136 3385 3494 3456 vegetativam

210 3499 355 3559 patet
378 3489 678 3558 Augustino
704 3488 851 3543 illam
883 3488 950 3544 de
975 3487 1235 3543 caelorum
1272 3488 1550 3544 animabus
1579 3498 1799 3544 senten-

210 3581 340 3634 tiam
371 3595 480 3635 non
526 3581 749 3636 multum
791 3580 1072 3650 placuisse,
1104 3596 1221 3636 eam
1256 3589 1434 3636 tamen
1465 3582 1534 3636 ob
1564 3581 1801 3637 Platoni-

206 3688 396 3729 corum
426 3690 489 3729 ac
517 3675 737 3731 Patrum
785 3674 1084 3745 praesertim
1126 3678 1496 3731 auctoritatem
1540 3676 1594 3730 in
1622 3676 1802 3733 medio

209 3769 513 3839 reliquisse.
1618 3782 1619 3785 η

282 3863 547 3917 Caeterum
593 3862 757 3918 caelos
795 3861 912 3917 sine
939 3844 1121 3916 anima
1163 3862 1356 3916 melius
1380 3861 1696 3917 statuendos
1728 3876 1798 3917 ex

210 3956 431 4028 propria
472 3956 736 4011 sententia
770 3971 873 4009 non
907 3953 1073 4009 semel
1123 3951 1325 4008 docuit.
1361 3953 1414 4007 In
1450 3953 1588 4007 libro
1622 3963 1801 4023 poste-

209 4050 337 4104 riori
383 4047 620 4103 Retract.
648 4088 664 4113 ,
724 4062 845 4117 cap.
901 4047 956 4112 7,
1002 4046 1091 4101 ubi
1139 4046 1364 4117 corrigit
1403 4046 1569 4101 libros
1614 4055 1802 4109 contra

211 4149 499 4214 Faustum,
530 4147 646 4202 ait:
687 4165 705 4199 ι
742 4146 797 4201 ln
846 4144 1055 4202 decimo
1104 4154 1293 4213 quarto
1338 4144 1405 4200 de
1443 4146 1557 4200 sole
1587 4157 1642 4200 et
1677 4144 1803 4200 luna

211 4243 337 4297 talia
372 4242 517 4296 dicta
556 4250 700 4307 sunt,
753 4250 1006 4309 tanquam
1042 4239 1296 4304 sentiant,
1342 4247 1395 4293 et
1424 4238 1545 4293 ideo
1574 4238 1804 4293 tolerent

211 4350 382 4390 vanos
440 4334 754 4389 adoratores
802 4346 950 4386 suos.
997 4330 1252 4398 Quamvis
1290 4330 1451 4385 verba
1508 4329 1581 4385 ibi
1630 4329 1801 4401 accipi

213 4428 424 4498 possint
452 4426 519 4482 ab
548 4425 766 4481 animali
797 4425 862 4479 ad
887 4424 1178 4479 inanimale
1205 4423 1483 4492 translata,
1527 4423 1687 4478 modo
1726 4423 1808 4479 lo-

212 4522 447 4577 cutionis
476 4522 568 4590 qui
596 4527 820 4576 vocatur
850 4516 1037 4573 Graece
1060 4517 1396 4586 metaphora.
1437 4535 1455 4567 ι
1496 4514 1657 4570 Vides
1682 4530 1807 4572 san-

213 4626 358 4671 ctum
396 4613 612 4669 Patrem
640 4619 937 4668 retractare
962 4610 1286 4665 sententiam
1327 4623 1431 4678 qua
1462 4607 1606 4661 visus
1633 4606 1806 4663 fuerat

213 4713 377 4767 astris
408 4710 613 4763 animas
637 4708 789 4774 dare,
822 4706 985 4776 idque
1014 4702 1382 4773 metaphorice
1410 4710 1616 4757 tantum
1649 4692 1808 4757 intel-

1905 3498 1998 3545 aut
2041 3491 2203 3544 etiam
2255 3486 2572 3543 sensitivam
2627 3485 2787 3539 astris
2843 3481 3184 3545 concederet,
3244 3479 3299 3532 in
3342 3490 3497 3547 syno-

1905 3581 2031 3635 dum
2064 3597 2096 3634 ν
2128 3596 2235 3635 non
2266 3594 2519 3649 peccare,
2576 3593 2695 3648 quae
2729 3576 2938 3631 animas
2969 3583 3175 3630 tantum
3225 3569 3499 3626 intellecti-

1904 3690 2000 3729 vas
2026 3689 2057 3729 a
2080 3672 2390 3729 caelestibus
2433 3670 2750 3740 corporibus
2780 3668 3024 3724 exclusit.
3073 3666 3264 3720 Petrus
3300 3664 3501 3717 Aureo-

1908 3769 2009 3830 lus,
2072 3766 2395 3821 Parisiensis
2439 3764 2639 3820 schola:
2692 3762 3166 3832 praeclarissimum
3210 3760 3392 3823 decus,
3441 3769 3500 3811 et

1908 3858 2113 3913 ordinis
2136 3857 2397 3911 Minorum
2430 3855 2704 3925 singulare
2734 3860 3130 3918 ornamentum,
3165 3866 3324 3922 quem
3355 3864 3498 3903 nun-

1908 3966 2067 4020 quam
2110 3950 2227 4003 sine
2267 3946 2627 4002 admiratione
2658 3961 2717 4000 se
2754 3946 2950 4015 legisse
3002 3953 3228 3998 testatur
3270 3941 3498 3997 Basilius

1911 4041 2143 4097 Poncius
2172 4040 2226 4094 in
2259 4039 2586 4110 quodlibetis
2615 4046 2806 4109 quaest.
2839 4038 2892 4104 8,
2951 4053 3000 4091 c.
3036 4037 3067 4089 3
3097 4038 3116 4109 (
3145 4044 3227 4092 est
3256 4036 3397 4092 enim
3427 4036 3499 4090 ob

1910 4135 2109 4205 ingenii
2135 4147 2381 4199 acumen,
2435 4142 2488 4187 et
2517 4140 2953 4201 argumentorum
2984 4131 3098 4184 sive
3143 4128 3353 4198 copiam
3384 4128 3499 4183 sive

1910 4227 2019 4281 vim
2051 4234 2283 4295 spectes,
2338 4222 2490 4293 queis
2522 4237 2659 4278 nova
2707 4223 3020 4291 plerumque
3048 4222 3143 4275 abs
3183 4236 3244 4277 se
3282 4221 3501 4274 inventa

1912 4326 2119 4373 asserta
2168 4314 2496 4379 communit,
2553 4314 2754 4369 nemini
2807 4312 3252 4368 scholasticorum
3302 4326 3499 4366 secun-

1912 4411 2067 4479 dus),
2101 4408 2207 4475 hic,
2241 4408 2481 4477 inquam,
2513 4422 2635 4461 cum
2667 4407 2719 4461 in
2749 4405 2783 4458 2
2808 4406 3228 4474 Sententiarum,
3254 4406 3382 4461 dist.
3412 4406 3497 4471 l4,

1912 4520 1969 4574 q.
1999 4502 2055 4572 2,
2088 4511 2189 4557 art.
2220 4503 2275 4568 ἓ,
2309 4500 2550 4570 pluribus
2578 4500 2959 4571 investigasset
2986 4518 3113 4555 num
3150 4500 3498 4572 intelligentia

1914 4610 2138 4653 movens
2166 4595 2367 4652 caelum
2395 4595 2640 4649 uniretur
2670 4603 2920 4664 tanquam
2953 4604 3149 4658 motor,
3194 4610 3263 4648 an
3286 4608 3415 4648 vero
3446 4604 3506 4647 ut

1917 4692 2109 4759 forma,
2153 4699 2209 4745 et
2239 4689 2541 4760 probabiles
2588 4688 2825 4743 rationes
2853 4688 2921 4742 ad
2961 4688 3191 4741 animam
3238 4689 3501 4743 caelorum

214 4802 487 4874 ligendum
526 4816 647 4855 esse
689 4797 1227 4879 aperteprotestari?
1282 4796 1338 4850 ln
1374 4795 1457 4850 bis
1488 4811 1617 4850 vero
1648 4795 1803 4851 libris
1831 4785 1889 4845 D
1915 4781 2340 4855 persuadendam
2371 4780 2708 4846 adduxisset,
2754 4779 2945 4834 solutis
2975 4780 3138 4834 etiam
3168 4780 3501 4849 argumentis

213 4896 551 4950 deﬁnitivam
585 4892 750 4947 veluti
803 4890 1129 4946 sententiam
1162 4888 1303 4956 tulit,
1336 4903 1439 4958 qua
1470 4887 1597 4958 quid
1627 4888 1694 4943 de
1721 4902 1807 4943 as-

215 4998 426 5043 trorum
469 4986 750 5041 animabus
806 4986 921 5054 ipse
972 4987 1198 5039 sentiret
1252 4983 1543 5048 intimavit,
1610 4983 1679 5036 ita
1726 4990 1804 5047 ut,

214 5081 433 5137 etiamsi
466 5081 588 5136 alibi
635 5079 943 5150 oppositum
992 5078 1236 5145 dixisset,
1286 5092 1351 5132 ex
1385 5076 1669 5147 posteriori
1714 5091 1805 5131 as-

214 5184 365 5230 serto
393 5174 777 5243 corrigeretur.
811 5170 957 5226 Idem
992 5168 1153 5224 habet
1185 5177 1342 5223 tract.
1376 5168 1400 5220 l
1435 5168 1487 5222 in
1510 5167 1802 5234 Joannem,

213 5270 279 5325 ad
313 5269 407 5324 illa
438 5266 635 5323 verba:
672 5265 821 5331 Quod
842 5265 1035 5334 factum
1062 5273 1134 5317 est
1162 5266 1212 5316 in
1231 5263 1322 5316 illo
1343 5262 1446 5316 vita
1472 5272 1602 5317 erat.
1637 5261 1806 5333 Lega-

215 5371 306 5418 tur
335 5360 583 5417 eruditus
604 5358 679 5427 ;P.
715 5358 921 5428 Alipius
950 5354 1160 5427 Reylof,
1196 5354 1635 5425 Augustinianus,
1670 5353 1808 5408 lib.t

218 5456 286 5509 de
313 5453 530 5518 Anima,
557 5467 675 5521 cap.
703 5449 757 5515 4,
790 5450 879 5505 ubi
902 5449 970 5505 de
1010 5450 1184 5505 sancti
1212 5449 1496 5520 Augustini
1540 5449 1806 5505 sententia

217 5548 539 5604 doctissime
583 5545 842 5616 disputat.
896 5543 1090 5614 Opinio
1131 5558 1260 5599 vero
1309 5543 1397 5598 illa
1443 5543 1511 5599 de
1550 5544 1805 5599 caelorum

219 5642 399 5698 anima
448 5639 698 5694 damnata
739 5638 955 5693 demum
1008 5636 1206 5709 legitur
1248 5638 1301 5691 in
1348 5637 1541 5691 litteris
1571 5651 1600 5690 a
1644 5635 1811 5691 Justi-

220 5734 393 5789 niano
434 5727 760 5798 imperatore
797 5726 1014 5797 scriptis
1061 5728 1127 5782 ad
1158 5726 1407 5782 Mennam
1449 5714 1810 5796 patriarcham

220 5820 875 5889 Constantinopolitanum
895 5860 911 5885 ,
942 5819 1033 5875 ubi
1061 5819 1203 5874 inter
1233 5820 1469 5889 reliquos
1497 5821 1809 5875 anathema-

223 5921 414 5978 tismos
446 5916 533 5970 hic
553 5912 782 5969 habetur
808 5926 822 5965 :
852 5927 871 5962 ι
900 5908 957 5967 Si
980 5912 1099 5981 quis
1124 5910 1252 5967 dicit
1278 5910 1473 5968 caelum
1492 5954 1505 5981 ,
1538 5920 1593 5967 et
1616 5911 1808 5978 solem,

223 6016 273 6067 et
302 6007 515 6076 lunam,
546 6009 603 6064 et
624 6001 832 6071 stellas,
864 6009 918 6059 et
944 6014 1109 6073 aquas
1132 6015 1252 6074 qua
1274 6013 1436 6074 super
1456 6000 1625 6064 calas
1655 6009 1804 6073 sunt,

1911 4891 2032 4946 quae
2082 4889 2112 4929 a
2161 4873 2429 4942 theologis
2475 4879 2663 4926 contra
2722 4868 2967 4924 eamdem
3026 4869 3335 4938 opinionem
3386 4868 3504 4923 ﬁeri

1913 4968 2271 5025 communiter
2323 4966 2533 5033 solent,
2574 4965 2646 5019 ita
2694 4962 2966 5019 concludit
3000 4980 3014 5017 :
3050 4981 3069 5014 ι
3108 4962 3237 5029 Sed,
3270 4962 3507 5017 dimissis

1915 5064 2253 5138 philosophis
2293 5073 2348 5118 et
2373 5063 2517 5127 aliis,
2570 5060 2977 5133 intelligendum
3009 5067 3089 5115 est
3122 5059 3177 5113 in
3207 5059 3303 5113 hac
3338 5068 3507 5115 mate-

1912 5160 1991 5215 ria
2030 5173 2149 5229 quae
2176 5156 2263 5213 via
2311 5155 2691 5227 prmdictarum
2737 5153 2965 5208 duarum
3016 5160 3100 5207 est
3148 5150 3502 5221 probabilior,

1912 5267 2035 5307 cum
2069 5259 2294 5321 utraque
2340 5248 2473 5304 satis
2502 5245 2799 5315 probabilis
2826 5245 3090 5300 videatur.
3138 5245 3457 5316 Respondeo
3488 5262 3503 5300 :
3586 5318 3589 5319 ν

1914 5346 2247 5418 Augustinus
2291 5343 2422 5399 dicit
2463 5341 2729 5413 (recitato
2786 5355 2895 5395 uno
2943 5350 2997 5396 et
3049 5340 3221 5395 altero
3261 5342 3508 5397 testimo-

1915 5444 2005 5498 nio
2036 5442 2055 5512 )
2088 5459 2102 5496 :
2138 5441 2243 5497 Sed
2263 5455 2352 5495 nec
2381 5437 2517 5493 illud
2548 5445 2743 5491 certum
2772 5434 2955 5504 habeo,
2988 5445 3157 5489 utrum
3183 5436 3250 5489 ad
3273 5438 3505 5490 eamdem

1914 5538 2203 5594 societatem
2255 5535 2534 5604 pertineant
2590 5530 2691 5597 sol,
2728 5540 2778 5584 et
2808 5530 2950 5593 luna,
2998 5540 3046 5584 ct
3084 5539 3267 5583 cuncta
3309 5530 3502 5593 sidera,

1914 5631 2145 5702 quamvis
2176 5624 2439 5682 nonnullis
2464 5624 2639 5679 lucida
2669 5638 2776 5677 esse
2806 5638 3043 5693 corpora,
3068 5640 3171 5677 non
3190 5640 3309 5676 enm
3328 5639 3502 5690 sensu,

1915 5731 2003 5776 aut
2030 5719 2367 5789 intelligentia
2396 5718 2687 5772 videantur.
2732 5715 2856 5769 llaec
2888 5714 3239 5784 Augustinus.
3288 5713 3343 5769 Si
3373 5728 3503 5782 ergo

1916 5828 2121 5868 unus
2170 5826 2380 5867 nomon
2408 5809 2463 5865 in
2494 5808 2595 5864 hac
2625 5806 2847 5863 materia
2899 5806 3182 5876 dubitavit,
3235 5821 3334 5875 ego
3364 5804 3500 5861 nihil

1915 5904 2115 5962 deﬁnio
2166 5904 2221 5959 in
2262 5901 2363 5959 hac
2395 5908 2565 5971 parte.
2604 5917 2624 5951 ι
2653 5897 2934 5954 Ridendus
2984 5898 3144 5968 igitur
3187 5896 3497 5963 Morainius,

1914 5998 2007 6071 qui
2058 5992 2339 6068 Augustini
2380 5992 2767 6056 dubitationem
2825 5991 2965 6047 inter
3023 6002 3237 6047 errores
3291 5988 3498 6059 reiecit;
