3962 6346
480 445 580 505 891

1375 437 1933 497 SUPPLEMENTUM
1972 435 2065 494 AD
2104 433 2339 495 OPERA
2374 436 2430 495 8-
2474 432 2867 494 AUGUSTINI.

3666 438 3769 495 69%

477 579 638 637 quam
669 562 1055 620 subtilissimus
1075 556 1557 623 scholasticorum,
1594 556 1705 613 sola
1732 553 1903 611 sancti
1933 553 2063 609 doc-
2096 549 2150 614 Δ
2175 551 2465 608 traditione
2519 551 2885 609 ecclesiastica
2937 552 3171 623 antiquis
3224 554 3559 625 temporibus
3607 553 3767 616 fuisse

480 657 614 712 toris
643 653 961 710 auctoritate
989 658 1151 722 atque
1188 648 1441 719 exemplo
1470 656 1672 716 motus,
1704 656 1923 704 secutus
1961 655 2067 714 est,

479 748 595 814 ille,
637 747 873 817 inquam,
927 744 1214 811 Aureolus,
1261 761 1280 795 ε
1314 743 1469 814 cujus
1493 742 1739 811 vestigiis
1787 755 1893 796 non
1938 754 2068 797 eru-

482 843 656 900 bescit
696 840 856 898 modo
879 849 987 896 tota
1019 840 1352 897 Neutralium
1384 840 1569 895 schola
1604 837 1887 905 inhaerere,
1925 836 2069 906 prin-

476 937 617 1005 cipia
666 935 730 990 D.
780 935 1001 991 Thomas
1029 944 1084 991 et
1132 933 1277 989 Scoti
1328 933 1651 999 deserendo,
1690 952 1709 986 ι
1744 948 1864 1004 qua:
1908 932 2070 989 verba

474 1040 603 1085 sum
656 1029 1040 1101 sapientissimi
1104 1028 1278 1084 Patris
1338 1028 1541 1083 Mastrii
1614 1026 1960 1084 Meldulensis
2016 1026 2102 1083 in-

482 1124 690 1193 prael‘at.
722 1126 791 1181 ad
814 1134 947 1182 tom.
980 1141 995 1179 t
1026 1122 1438 1196 Metapbysices.

478 1240 507 1311 ᾗ
536 1239 624 1296 HI.
649 1240 963 1315 Augustinus
993 1242 1281 1315 derrigt'rte
1317 1242 1501 1294 anima;
1533 1240 1774 1315 dubitans
1806 1254 2073 1315 perperam

552 1310 749 1369 erroris
763 1314 1018 1385 arguitur.
1047 1310 1346 1385 Ostenditur
1371 1310 1782 1385 sanctosPatres
1811 1329 1870 1367 ea
1897 1312 1951 1366 in
1977 1312 2074 1366 du-

558 1385 804 1441 bitatione
826 1382 1115 1456 Augustino
1139 1402 1229 1457 per
1256 1384 1412 1449 plura
1439 1382 1626 1439 saecula
1653 1385 1946 1439 adha’sisse.

502 1536 508 1542 ι
556 1497 770 1555 Tertius
795 1500 966 1555 sancti
1001 1498 1278 1569 Augustini
1305 1512 1458 1553 error
1486 1498 1739 1567 palmaris
1771 1512 1833 1553 ac
1873 1499 2074 1569 capita-

480 1592 549 1649 lis
592 1592 948 1649 excutiendus
997 1600 1099 1648 est.
1155 1592 1361 1646 Clamat
1413 1590 1708 1647 Morainins
1751 1610 1761 1643 :
1812 1592 2073 1647 Dubitavit

483 1686 641 1741 etiam
669 1687 734 1740 de
776 1686 976 1759 origine
999 1687 1312 1753 animarum,
1364 1694 1537 1741 utrum
1569 1695 1802 1741 creentur
1831 1686 1895 1741 de
1923 1704 2072 1755 novo,

480 1783 619 1852 quod
662 1784 1007 1837 certissimum
1035 1793 1128 1847 cst,
1161 1798 1228 1836 an
1258 1796 1321 1835 ex
1352 1781 1520 1835 Adam
1554 1791 1925 1854 propagentur.
1969 1782 2072 1838 Sed

482 1874 571 1930 hic
598 1876 885 1955 recentior
932 1890 1051 1931 eam
1111 1874 1503 1931 dubitationem
1555 1875 1729 1931 errori
1775 1875 2073 1946 Augustino

2176 654 2469 715 receptam.

2248 740 2315 796 Et
2338 740 2553 812 quidem
2577 748 2703 797 ante
2724 742 3080 813 Augustinum
3110 742 3179 799 de
3206 741 3414 812 origine
3444 746 3647 801 anima:
3675 746 3766 805 du-

2176 834 2363 889 bitavit
2394 833 2616 889 Ruﬁnus
2658 835 2711 889 in
2753 833 2977 906 epistola
3007 836 3073 892 ad
3101 846 3345 893 sanctum
3396 839 3765 909 Anastasium,

2174 927 2285 993 ubi,
2335 927 2505 982 tribus
2550 928 2789 982 recitatis
2830 928 2899 983 de
2953 929 3159 997 origine
3206 929 3398 985 animae
3438 934 3763 988 sententiis:

2181 1041 2200 1074 ι
2237 1022 2348 1093 Ego
2380 1037 2530 1089 vero,
2579 1022 2770 1094 inquit,
2813 1038 2935 1078 cum
2984 1024 3100 1079 hanc
3130 1025 3333 1095 singula
3368 1026 3620 1097 legerim,
3668 1026 3767 1084 Deo

2179 1122 2312 1175 teste
2341 1116 2463 1173 dico
2494 1117 2618 1187 quia
2654 1132 2821 1189 usque
2857 1117 2925 1174 ad
2970 1133 3213 1189 praesens
3256 1121 3389 1175 certi
3434 1120 3525 1176 vel
3565 1120 3765 1177 deﬁniti

2173 1210 2374 1281 aliquid
2403 1210 2469 1267 de
2498 1212 2597 1266 hac
2624 1211 2920 1281 qumstionc
2957 1227 3065 1267 non
3106 1221 3266 1270 teneo
3285 1258 3299 1279 ,
3337 1213 3433 1269 sed
3467 1214 3584 1271 Deo
3610 1215 3767 1271 relin~

2176 1318 2281 1375 quo
2312 1305 2451 1361 scire
2471 1304 2597 1374 quid
2623 1306 2693 1359 sit
2716 1306 2767 1359 in
2809 1320 2961 1370 vero,
2993 1318 3039 1361 e'
3076 1307 3119 1360 si
3147 1307 3233 1362 cui
3266 1307 3379 1375 ipse
3412 1308 3661 1364 revelare
3690 1308 3766 1363 di-

2172 1397 2445 1468 gnabitur.
2487 1417 2504 1450 »
2541 1398 2674 1466 Quia
2723 1413 2853 1454 vero
2894 1398 3120 1455 Ruﬁnus
3175 1399 3385 1455 tertiam
3446 1402 3763 1457 sententiam

2176 1502 2428 1562 posuerat
2475 1492 2543 1548 de
2591 1492 2893 1559 animabus,
2937 1513 2954 1544 ι
2991 1494 3133 1564 quod
3176 1494 3341 1550 factas
3374 1496 3480 1565 iam
3516 1495 3649 1551 olim
3672 1538 3685 1563 ,
3718 1496 3765 1552 id

2177 1596 2259 1642 est
2297 1597 2422 1643 tunc
2467 1602 2589 1643 cum
2622 1587 2762 1641 Deus
2802 1588 2982 1642 omnia
3026 1588 3232 1643 creavit
3277 1604 3342 1643 ex
3392 1587 3590 1652 nihilo,
3637 1604 3767 1643 nunc

2179 1697 2270 1738 eas
2306 1681 2511 1755 judicio
2542 1696 2639 1736 suo
2669 1681 2947 1753 dispenset
2977 1681 3029 1737 in
3070 1696 3321 1752 corpore,
3356 1701 3373 1734 ι
3412 1682 3563 1751 quod
3594 1681 3768 1751 Orige-

2179 1789 2301 1830 nem
2334 1773 2572 1830 sensisse
2598 1774 2799 1842 subdit,
2834 1773 3026 1828 merito
3056 1774 3269 1846 vapulat
3297 1788 3326 1828 a
3356 1774 3693 1844 Hieronymo
3720 1775 3764 1828 ia

2181 1868 2461 1939 Apologia,
2493 1876 2547 1923 et
2576 1867 2629 1923 in
2657 1867 2882 1938 epistola
2911 1867 2976 1921 ad
3009 1868 3396 1923 Marcellinum.
3419 1868 3492 1923 At
3523 1868 3767 1938 Augusti-

482 1952 718 2035 vermns,
748 1974 993 2037 supinam
1017 1984 1121 2041 qua
1142 1970 1351 2025 laborat
1383 1970 1544 2027 totius
1565 1968 1895 2041 antitmitatis
1916 1970 2069 2039 igno-
2104 1952 2153 2012 Β
2180 1974 2282 2014 “US
2314 1975 2583 2031 nunquam
2614 1960 2681 2015 de
2711 1974 2775 2015 93
2805 1957 3054 2030 Οτίὲθηίδ
3098 1961 3352 2030 οΡῖηίυηθ
3381 1960 3655 2015 ίίυῧίιδνίι
3690 1976 3768 2015 ⁸⁵·

482 2062 713 2117 rautiam
742 2061 1012 2132 patefacit.
1041 2062 1157 2118 Non
1185 2078 1287 2117 una
1313 2071 1428 2118 erat
1458 2063 1750 2132 antiquitus
1772 2062 1838 2118 de
1863 2062 2074 2135 origine

483 2156 678 2211 animae
708 2156 849 2211 inter
880 2156 1068 2211 Patres
1100 2156 1366 2213 sententia
1386 2197 1400 2221 ,
1451 2164 1508 2210 ut
1552 2156 1733 2211 videre
1764 2165 1847 2210 est
1877 2157 1929 2212 in
1959 2157 2074 2227 epi-

482 2246 622 2302 stola
653 2247 877 2315 August.
931 2248 1053 2312 457,
1103 2248 1166 2300 ad
1197 2246 1446 2315 Optatum
1479 2247 1813 2318 episcopum,
1847 2255 1903 2303 et
1946 2248 2071 2305 Hie-

486 2353 723 2410 ronym.,
759 2340 809 2394 in
841 2340 1067 2410 epistola
1108 2340 1171 2393 ad
1207 2340 1594 2404 Marcellinum,
1637 2355 1758 2411 quae
1786 2349 1869 2398 est
1898 2342 1965 2397 97
1995 2343 2075 2398 in-

484 2438 568 2486 ter
592 2431 1028 2502 Augustinianas.
1065 2434 1131 2487 At
1156 2432 1277 2487 duae
1308 2432 1535 2503 reliquis
1568 2430 1781 2502 rejectis
1810 2434 2074 2491 celebrio-

481 2536 572 2577 res
608 2524 660 2578 in
692 2524 929 2581 Ecclesia
977 2534 1292 2592 evaserant;
1345 2525 1434 2579 alii
1482 2525 1627 2581 enim
1668 2526 1841 2581 creari
1888 2541 1916 2580 a
1960 2528 2075 2584 Deo

481 2613 692 2671 animas
720 2615 774 2670 in
815 2617 1146 2687 singulorum
1197 2617 1475 2673 hominum
1516 2620 1875 2688 conceptione
1923 2619 2071 2676 dice-

482 2707 614 2762 bant
639 2749 652 2773 ,
706 2708 924 2778 plurimi
954 2723 1084 2763 vero
1112 2723 1219 2763 non
1249 2710 1421 2765 creari
1454 2711 1687 2767 animam
1726 2726 1755 2764 a
1802 2712 1929 2776 Deo.
1977 2712 2074 2768 sed

482 2814 550 2857 ex
583 2803 762 2856 anima
792 2802 1031 2871 parentis
1060 2803 1267 2857 traduci
1297 2803 1716 2859 contendebant.
1743 2805 2075 2875 Augustinus

484 2896 538 2950 in
565 2896 700 2951 hanc
730 2898 1084 2965 quaestionem
1118 2898 1282 2953 totius
1312 2899 1509 2953 summi
1542 2899 1740 2969 ingenii
1772 2899 1916 2953 vires
1946 2913 2076 2953 con-

481 2985 621 3051 tulit,
653 2987 896 3057 nihilque
932 2989 1144 3057 penitus
1182 2988 1544 3045 indiscussum
1577 2991 1828 3057 reliquit,
1858 3007 1964 3059 quo
1995 2992 2073 3046 rei

484 3081 766 3136 veritatem
804 3092 1216 3150 assequeremr;
1260 3083 1351 3138 sed
1386 3099 1505 3137 cum
1539 3094 1785 3139 neutram
1817 3084 2074 3154 quaestio-

482 3172 567 3227 nis
596 3184 802 3241 partem
835 3175 1038 3231 efﬁcaci
1069 3179 1391 3232 auctoritate
1421 3185 1514 3234 aut
1544 3179 1967 3233 demonstrativa
1990 3194 2076 3233 ra-

484 3265 629 3320 tione
674 3266 774 3321 sibi
823 3269 1035 3336 prohari
1076 3271 1555 3339 animadverteret,
1606 3274 1781 3329 neutri
1825 3274 2071 3341 adhaesit,

2177 2062 2329 2110 setne
2369 2052 2524 2122 falsa,
2558 2063 2616 2108 ut
2655 2054 2709 2107 in
2740 2054 2894 2123 epist.
2936 2051 3009 2108 28
3037 2052 3103 2108 ad
3136 2051 3528 2125 Hieronymum
3558 2052 3767 2119 fatetur,

2176 2144 2439 2202 rationem
2474 2146 2706 2204 reddens
2736 2162 2833 2204 cur
2864 2146 2916 2201 in
2957 2145 3107 2201 libris
3148 2147 3214 2200 de
3250 2146 3418 2202 libero
3457 2147 3685 2203 arbitrio
3712 2163 3769 2202 ex

2177 2240 2320 2299 illius
2368 2240 2737 2312 suppositione
2792 2241 3096 2310 disputarit.
3159 2239 3385 2297 Ruﬁnus
3438 2252 3625 2297 tamen
3680 2256 3767 2298 suo

2178 2344 2443 2405 tempore,
2497 2350 2691 2405 nempe
2735 2334 3022 2389 Anastasio
3069 2347 3283 2389 summo
3320 2332 3601 2403 pontiﬁce,
3633 2349 3768 2403 qua:-

2177 2430 2409 2485 stionem
2458 2429 2526 2485 de
2582 2430 2759 2483 anima
2826 2426 3034 2499 magnis
3086 2426 3527 2483 contentionibus
3586 2427 3763 2498 agitari

2176 2533 2407 2593 coeptam
2439 2521 2636 2579 ibidem
2672 2529 2921 2588 testatur,
2971 2532 3025 2578 et
3061 2521 3427 2593 Hieronymus
3454 2521 3508 2576 in
3544 2521 3758 2592 cpistola

2178 2611 2389 2670 laudata
2418 2621 2569 2668 vocat
2606 2612 2851 2668 eamdem
2882 2614 3161 2668 maximam
3196 2613 3600 2668 ecclesiasticam
3635 2629 3763 2683 quie-

2176 2708 2409 2763 stionem.
2440 2708 2511 2764 At
2532 2716 2775 2778 tempore
2797 2708 2970 2764 sancti
3000 2708 3286 2779 Augustini
3316 2708 3492 2764 enatis
3532 2707 3763 2778 Pelagia-

2176 2801 2259 2856 nis
2285 2815 2345 2856 ea
2373 2801 2440 2857 de
2460 2816 2518 2857 re
2547 2800 2667 2856 lites
2697 2802 3043 2857 recruduere.
3080 2801 3214 2856 Hinc
3234 2801 3302 2856 ab
3333 2801 3528 2858 Oresio
3558 2803 3609 2855 in
3633 2799 3760 2855 Atri-

2176 2910 2293 2949 eam
2323 2894 2389 2949 ad
2416 2894 2802 2965 Augustinum,
2834 2894 2959 2949 inde
2990 2893 3042 2949 in
3073 2894 3252 2949 Asiam
3282 2894 3349 2949 ad
3380 2894 3755 2964 Hieronymum

2178 2993 2641 3063 peregrinationes
2671 2999 2969 3062 suscepta);
3004 2991 3129 3046 hinc
3158 2990 3445 3060 Augustini
3484 2990 3553 3045 ad
3587 2991 3757 3045 Hiero-

2180 3100 2420 3157 nymum,
2443 3094 2496 3139 et
2524 3084 2703 3153 Optati
2745 3085 2813 3140 ad
2854 3084 3211 3155 Augustinum
3252 3084 3501 3153 epistolae
3549 3083 3753 3147 missas;

2179 3178 2302 3233 hinc
2330 3178 2396 3234 ab
2425 3178 2614 3234 eodem
2645 3178 2839 3246 Optato
2861 3193 3047 3242 unum,
3093 3186 3323 3247 quatuor
3349 3177 3419 3232 ab
3448 3177 3753 3247 Augustino,

2177 3286 2229 3328 et
2258 3272 2368 3327 duo
2400 3287 2429 3328 a
2463 3270 2748 3328 Vincentio
2768 3272 3002 3342 quodam
3036 3272 3103 3327 de
3124 3271 3330 3342 origine
3353 3270 3551 3326 animae
3576 3270 3757 3339 scripta

483 3358 600 3416 fuse
632 3369 810 3432 tamen
840 3376 901 3417 ea
926 3377 985 3417 re
1006 3364 1258 3419 ventilata
1290 3365 1343 3419 in
1374 3365 1466 3419 lib.
1502 3382 1532 3420 ιι
1563 3366 1632 3422 de
1656 3366 1791 3421 Gen.
1826 3367 1891 3421 ad
1944 3368 2069 3433 litt.,
2102 3360 2147 3424 C
2179 3366 2474 3423 volumina.
2526 3367 2632 3422 Res
2664 3376 2842 3423 tamen
2869 3366 3033 3423 dubia
3065 3366 3380 3435 permansit,
3426 3364 3666 3436 nihilque
3695 3373 3759 3419 tot

482 3464 603 3518 cap.
637 3451 671 3505 6
693 3460 748 3506 et
778 3466 920 3522 seq.,
960 3454 1012 3507 in
1041 3463 1269 3522 quatuor
1308 3456 1459 3512 libris
1487 3457 1557 3512 de
1585 3456 1809 3528 Origine
1853 3458 2070 3529 animae,

483 3547 645 3614 epist.
673 3545 766 3613 28,
797 3547 863 3602 ad
910 3548 1313 3620 Hieronymum.
1355 3560 1409 3605 et
1440 3551 1492 3605 in
1523 3552 1691 3607 tribus
1734 3552 1978 3621 epistolis
2006 3553 2074 3608 ad

483 3638 761 3707 Optatum,
813 3656 946 3712 quas
978 3643 1158 3699 laudat
1187 3654 1406 3702 sanctus
1452 3646 1765 3718 Fulgentius
1796 3648 1889 3702 lib.
1922 3664 1978 3703 Ill
2008 3648 2075 3704 de

488 3729 656 3788 Verit.
700 3734 952 3801 prandest.
998 3745 1051 3791 et
1087 3744 1253 3807 grat.,
1304 3751 1423 3806 cap.
1480 3737 1569 3793 18.
1623 3741 1839 3803 Verum,
1871 3742 2075 3797 exortis

481 3835 668 3896 postea
717 3826 1038 3898 Pelagianis,
1086 3830 1179 3899 qui
1232 3839 1508 3898 peccaturo
1548 3832 1813 3899 originale
1863 3832 2073 3888 inlicia-

480 3918 715 3985 bantur.
790 3922 922 3977 illud
1006 3926 1274 3992 praecipue
1336 3935 1712 3995 argumentum
1780 3924 2071 3994 iactantes,

481 4016 657 4071 creari
687 4031 718 4072 a
748 4017 859 4073 Deo
890 4017 1119 4080 animas,
1172 4033 1271 4074 nec
1302 4018 1426 4073 illas
1458 4033 1617 4087 posse
1648 4034 1675 4073 a
1706 4019 1819 4075 Deo
1850 4018 2074 4088 produci

480 4122 602 4165 cum
630 4119 874 4180 peccato,
915 4126 976 4165 ea
1007 4112 1297 4177 sententia,
1329 4128 1451 4182 quas
1480 4113 1780 4167 animarum
1812 4126 2077 4183 propaga-

487 4204 690 4259 tionem
720 4203 1064 4268 defendebat,
1092 4213 1281 4260 sancto
1310 4204 1519 4260 doctori
1548 4204 1876 4273 probabilior
1908 4204 2073 4261 videri

484 4296 670 4363 coepit.
705 4295 965 4349 Audiatur
994 4296 1322 4365 Augustinus
1355 4296 1450 4351 lib.
1478 4312 1511 4349 χ
1536 4296 1604 4350 de
1635 4294 1770 4351 Gen.
1799 4296 1917 4361 cit.,
1949 4311 2071 4367 cap.

484 4386 578 4452 25,
611 4385 701 4441 ubi
740 4396 856 4455 post
891 4387 1257 4457 longissimam
1288 4387 1715 4458 disputationem
1746 4390 2025 4444 concludit
2056 4406 2070 4442 :

496 4495 516 4528 ι
554 4476 648 4533 His
690 4477 854 4548 igitur
898 4488 1156 4547 quantum
1204 4494 1301 4546 pro
1342 4488 1586 4549 tempore
1636 4482 1905 4549 potuimus
1954 4498 2076 4551 per-

483 4571 749 4655 tractatis,
777 4571 962 4626 omnia
994 4571 1141 4640 paria
1171 4572 1256 4626 vel
1289 4586 1425 4641 pene
1456 4572 1603 4640 paria
1628 4587 1693 4628 ex
1728 4582 1957 4642 utroque
1994 4574 2074 4628 la-

487 4662 608 4721 tere
630 4665 900 4721 rationum
947 4666 1489 4738 testimoniorumque
1535 4679 1805 4725 momenta
1839 4685 2075 4741 pronun-

2175 3459 2675 3515 elucubrationibus
2703 3466 2979 3528 peractum
3012 3466 3114 3513 est.
3151 3456 3516 3527 Hieronymus
3556 3466 3757 3511 senten-

2176 3553 2302 3607 tiam
2328 3563 2663 3609 asserentem
2692 3552 2931 3623 singulas
2960 3550 3189 3621 singulis
3218 3550 3527 3605 hominibus
3564 3550 3754 3604 animas

2174 3648 2344 3704 creari
2374 3648 2545 3718 potius
2583 3646 2825 3727 credidit,
2860 3646 3102 3703 scribens
3127 3654 3311 3701 tamen
3338 3644 3623 3701 traducem
3660 3645 3757 3698 ani-

2179 3755 2385 3794 marum
2432 3739 2817 3793 Occidentalem
2868 3737 3151 3793 Ecclesium
3190 3736 3356 3792 solere
3396 3739 3589 3792 sentire
3639 3746 3759 3791 teste

2178 3832 2474 3903 Augustino
2494 3832 2651 3897 epist.
2688 3829 2810 3884 157.
2851 3831 2919 3886 At
2952 3844 3057 3885 non
3089 3830 3163 3884 ita
3191 3829 3523 3885 creationem
3554 3830 3743 3883 anima-

2177 3941 2293 3979 rum
2319 3927 2556 3988 tenebat,
2590 3932 2646 3980 ut
2669 3939 2781 3980 rem
2824 3924 2970 3979 illam
3005 3924 3222 3979 dubiam
3249 3938 3371 3979 esse
3403 3924 3638 3993 ingenue
3661 3938 3753 3977 non

2177 4018 2457 4082 fateretur.
2490 4035 2612 4075 cum
2640 4036 2700 4074 ea
2725 4020 2793 4073 de
2834 4034 2895 4074 re
2925 4019 2992 4074 ab
3020 4016 3317 4089 Augustino
3346 4019 3627 4073 consultus
3659 4029 3757 4071 res-

2178 4116 2367 4185 pondit
2410 4133 2424 4169 :
2468 4112 2829 4184 Unusquisque
2877 4114 2931 4167 in
2980 4128 3073 4167 suo
3118 4128 3272 4167 sensu
3310 4112 3561 4166 abundet.
3597 4111 3754 4179 Quare

2178 4217 2401 4265 sanctus
2429 4208 2752 4274 Eucherius,
2789 4208 3076 4277 episcopus
3108 4207 3516 4278 Lugdunensis,
3567 4207 3619 4262 in
3649 4221 3751 4274 cap.

2180 4315 2235 4356 ιιι
2284 4300 2515 4365 Genes.,
2563 4300 2630 4355 ad
2680 4300 2767 4354 illa
2816 4300 3014 4367 verba,
3077 4298 3144 4353 Et
3192 4299 3465 4368 redi/icaait
3521 4298 3753 4354 Dominus

2176 4390 2343 4455 Deus,
2375 4391 2449 4445 ait
2476 4409 2485 4443 :
2527 4412 2545 4443 ‹
2585 4391 2773 4447 Utrum
2803 4392 2939 4447 sicut
2965 4405 3092 4446 caro
3119 4391 3454 4447 nascentium
3487 4406 3557 4447 ex
3587 4405 3747 4456 carne,

2179 4484 2258 4539 sic
2284 4484 2477 4539 animae
2506 4500 2569 4538 ex
2601 4485 2883 4540 animabus
2916 4493 3294 4554 procreentur,
3340 4500 3409 4539 an
3443 4500 3597 4540 nova:
3628 4497 3750 4538 sem-

2182 4593 2277 4647 per
2302 4587 2553 4633 creentur
2586 4593 2617 4631 a
2658 4579 2769 4633 Deo
2798 4593 2863 4633 ex
2894 4577 3061 4633 nihilo
3089 4577 3112 4631 7
3142 4592 3263 4648 quae
3288 4577 3521 4647 quaestio
3552 4578 3601 4629 in
3638 4574 3750 4629 deti-

2183 4668 2381 4725 niendo
2428 4670 2661 4724 dilﬁcilis
2699 4680 2801 4733 est,
2852 4670 2978 4738 quia
3010 4670 3145 4725 nihil
3184 4685 3213 4723 a
3261 4670 3462 4724 sanotis
3510 4667 3632 4722 viris
3674 4664 3745 4718 vel

485 4759 700 4825 tiarem;
732 4759 835 4815 nisi
872 4775 1059 4817 eorum
1089 4762 1355 4817 sententia
1385 4763 1474 4832 qui
1503 4764 1711 4818 animas
1739 4779 1803 4820 ex
1838 4765 2074 4833 parenti-
2102 4766 2156 4832 Ῑ)
2181 4763 2579 4832 Scripturarum
2629 4761 2949 4817 auctoritate
2988 4760 3329 4817 manifestius
3371 4759 3746 4828 pronuntiatum

388 4914 391 4917 ἱ
480 4850 582 4906 bus
604 4852 776 4908 creari
810 4859 1015 4921 putant,
1045 4853 1114 4908 de
1144 4854 1413 4924 baptismo
1446 4856 1788 4923 parvulorum
1816 4872 2066 4927 pracpon-

481 4944 718 5002 deraret.
750 4966 769 4999 ι
801 4945 987 5017 Itaque
1013 4947 1080 5002 ad
1111 4947 1276 5004 ﬁnem
1304 4963 1471 5019 usque
1508 4948 1630 5003 vitae
1660 4950 1990 5020 Augustinus
2021 4951 2075 5006 in

484 5053 550 5093 eo
575 5039 739 5096 dubio
769 5042 1157 5110 perseveravit.
1207 5040 1473 5097 Caeterum
1509 5051 1717 5097 tantum
1762 5042 1929 5097 valuit
1961 5044 2073 5098 Au-

483 5130 683 5199 gustini
715 5134 1039 5201 exemplum,
1073 5141 1131 5188 ut
1154 5132 1536 5204 sapientissimi
1568 5133 1775 5203 Patres,
1822 5135 2074 5191 eumdem

483 5224 780 5291 subsecuti,
828 5241 924 5297 per
953 5228 1106 5297 plura
1144 5230 1341 5284 saecula
1374 5243 1495 5283 cum
1525 5229 1825 5297 Augustino
1851 5228 1920 5283 de
1960 5228 2076 5283 aui-

484 5330 691 5371 marum
740 5318 946 5387 origine
995 5319 1320 5387 dubitarint,
1378 5318 1575 5383 donec,
1623 5319 2073 5375 scholasticorum

482 5410 738 5479 opinione
771 5411 1120 5480 praevalente,
1174 5414 1478 5469 animarum
1513 5414 1735 5469 traduce
1767 5416 2072 5484 antiquato,

484 5504 795 5561 earumdem
848 5509 1055 5562 creatio
1111 5507 1163 5562 in
1214 5507 1459 5564 Ecclesia
1521 5509 1826 5565 communis
1878 5510 2070 5563 evasit.

485 5598 601 5655 Hoc
639 5601 857 5669 quidem
887 5600 1196 5671 diligentius
1224 5603 1619 5659 ostendendum
1665 5614 1765 5665 est.
1798 5605 1921 5673 quia
1956 5602 2072 5657 Bel«

484 5695 761 5761 larminus,
814 5694 925 5749 lib.
956 5710 1007 5749 tv
1033 5694 1101 5750 de
1134 5695 1433 5750 Amissione
1469 5696 1681 5766 gratiae,
1724 5711 1841 5766 cap.
1891 5696 1979 5763 ll,
2012 5710 2078 5750 ex

487 5789 764 5843 traditione
788 5787 1133 5843 ecclesiastica
1164 5789 1443 5844 contendit
1465 5797 1669 5845 certam
1696 5802 1819 5845 esse
1851 5798 2078 5843 senten-

487 5883 612 5935 tiam
656 5882 722 5937 de
751 5882 1030 5939 creatione
1057 5883 1358 5937 animarum
1379 5922 1395 5946 ,
1442 5882 1586 5951 quod
1621 5891 1727 5936 tam
1759 5881 1954 5935 falsum
1985 5895 2081 5949 ap-

488 5973 698 6039 parebit
740 5989 899 6044 quam
956 5988 1171 6040 verum,
1225 5972 1613 6029 dubitationem
1673 5972 1956 6043 Augustini
2006 5986 2075 6026 ex

2190 4866 2296 4913 est.
2329 4876 2347 4909 ι
2378 4856 2659 4912 Pomerius
2689 4858 2852 4912 etiam
2908 4856 3193 4911 Africanus
3240 4855 3324 4909 vir
3379 4852 3748 4910 eruditissimus

2179 4951 2322 5021 apud
2364 4950 2651 5005 Massiliam
2701 4949 2920 5019 scripsit
2958 4958 3083 5005 octo
3126 4948 3294 5004 libros
3339 4947 3410 5003 de
3448 4947 3668 5009 Anima,
3706 4944 3749 4996 in

2179 5058 2406 5112 quorum
2454 5050 2648 5112 quarto
2701 5040 3034 5112 disputavit:
3075 5059 3093 5093 α
3132 5040 3323 5097 Utrum
3379 5042 3601 5107 anitna,
3650 5050 3748 5108 quc

2181 5144 2454 5197 nascituro
2506 5140 2718 5209 corpori
2775 5137 3103 5194 infundenda
3157 5148 3271 5203 eSt,
3319 5151 3460 5191 nova
3518 5135 3606 5189 ﬁat
3649 5133 3747 5187 sine

2182 5242 2419 5304 peccato,
2439 5247 2505 5286 an
2529 5246 2594 5287 ex
2624 5231 2923 5286 substantia
2952 5232 3150 5285 animae
3176 5230 3333 5299 primi
3367 5228 3602 5283 hominis
3629 5225 3748 5280 velut

2182 5339 2417 5394 propago
2444 5339 2477 5380 e
2514 5322 2695 5379 radice
2744 5322 3003 5392 producta
3040 5321 3202 5376 etiam
3245 5332 3531 5391 peccatum
3584 5320 3743 5390 prima:

2181 5417 2378 5473 animae
2418 5431 2598 5473 secum
2629 5415 2960 5485 originaliter
3007 5414 3286 5472 retrahat?
3318 5435 3337 5467 ι
3370 5414 3526 5485 Apztd
3558 5412 3743 5467 Genna-

2181 5510 2326 5565 dium
2358 5512 2427 5565 de
2456 5510 2596 5564 Viris
2637 5510 2829 5564 illustr.
2857 5551 2872 5576 ,
2923 5523 3043 5579 cap.
3076 5508 3166 5572 98,
3211 5517 3269 5564 et
3300 5508 3426 5563 licet
3471 5504 3741 5563 nesciamus

2181 5604 2304 5673 quid
2334 5604 2387 5657 in
2417 5618 2477 5658 ea
2505 5606 2803 5672 quaestione
2851 5604 3103 5671 senserit,
3154 5617 3266 5657 rem
3302 5612 3482 5655 tamen
3510 5612 3604 5653 suo
3631 5604 3742 5647 tem-

2186 5711 2313 5765 pore
2369 5695 2584 5752 dubiam
2636 5711 2741 5753 non
2792 5698 3022 5753 obscure
3077 5694 3370 5765 signiﬁcat.
3428 5690 3625 5745 Floruit
3668 5684 3739 5739 hic

2186 5788 2325 5843 circa
2352 5804 2549 5843 annum
2578 5788 2707 5844 480.

2257 5882 2512 5952 Sequitur
2555 5895 2768 5938 sextum
2811 5882 3089 5944 sacculum,
3144 5881 3195 5935 in
3249 5895 3358 5949 quo
3405 5888 3459 5936 et
3497 5877 3665 5933 Patres
3698 5880 3743 5927 et

2188 5974 2383 6044 synodi
2411 5974 2481 6031 de
2507 5975 2716 6045 origine
2742 5974 2937 6039 anima:
2965 5988 3087 6037 cum
3113 5971 3420 6042 Augustino
3446 5972 3741 6029 dubitarunt.
