3962 6346
209 361 312 418 695

1387 349 1710 409 ΫΙΝΒΙΟΙΑΕ
1755 354 2315 415 ΑυιιυετιΝιΑΝιΕ.

3396 358 3501 418 (τοι

206 476 424 534 Obortis
454 472 921 545 Constantinopoli
952 472 1021 528 de
1048 470 1257 543 origine
1300 471 1494 527 animas
1528 468 1800 540 dissidiis,
1831 474 1885 535 Α
1910 474 2131 541 eccles.,
2176 489 2295 546 cap.
2329 478 2421 546 ‘25,
2454 480 2593 550 quod
2644 480 2829 551 incipit
2860 498 2873 534 :
2903 479 3030 535 ch
3079 489 3151 532 ρει
3184 487 3349 533 autem
3380 489 3502 550 post

207 569 450 625 Africani
488 568 726 640 episcopi
772 566 841 623 de
884 565 1075 622 eodem
1102 573 1421 637 argumento
1457 564 1691 621 consulti
1734 566 1809 624 ita

203 661 603 734 responderunt
648 658 701 715 in
730 659 959 730 epistola
988 657 1251 731 synodica
1278 673 1343 715 ex
1383 656 1658 721 Sardinia,
1715 659 1809 716 ubi

205 754 545 822 exsulabant,
587 752 901 825 Byzantium
960 752 1123 807 missa
1159 767 1174 808 :
1206 769 1225 803 ι
1257 748 1625 819 Quaestionem
1675 767 1810 809 vero

203 849 530 915 animarum,
585 856 678 901 aut
732 846 947 901 tacitam
1008 844 1269 902 debemus
1326 844 1656 917 relinquere,
1716 856 1811 901 aut

201 940 324 996 sine
362 938 708 997 contentione
754 946 1006 1004 tractare,
1058 939 1185 1009 quia
1231 938 1345 994 sive
1390 953 1454 993 ex
1511 938 1808 1009 propagine

201 1033 447 1099 veniant,
496 1034 611 1090 sive
646 1047 802 1089 novae
848 1031 1076 1103 singulis
1103 1031 1423 1103 corporibus
1464 1030 1611 1097 ﬁant,
1663 1032 1808 1103 quod

201 1138 518 1185 sanctarum
569 1128 971 1199 Scripturarum
1016 1125 1317 1183 auctoritas
1359 1142 1471 1182 non
1522 1125 1807 1183 manifeste

200 1222 539 1292 pronuntiat,
574 1235 694 1276 cum
720 1220 927 1275 cautela
954 1218 1115 1275 debet
1146 1216 1370 1288 inquiri,
1402 1217 1635 1273 maxime
1663 1217 1806 1289 quod

201 1312 326 1368 sine
373 1312 499 1370 ﬁdei
534 1312 864 1369 detrimento
900 1319 1079 1382 potest
1121 1324 1153 1364 a
1192 1308 1444 1365 ﬁdelibus
1490 1308 1749 1379 ignorari.
1782 1329 1800 1363 s

201 1404 337 1475 Cap.
376 1406 463 1460 ill.
517 1404 574 1459 In
605 1404 792 1461 eadem
826 1402 1163 1459 dubitatione
1194 1399 1294 1457 fuit
1322 1410 1542 1457 sanctus
1572 1401 1807 1472 Fulgen-

201 1498 333 1567 tius,
364 1498 460 1555 lib.
484 1513 542 1552 ιιι
573 1497 640 1555 de
673 1497 913 1552 Veritate
940 1492 1440 1567 praedestinationis
1477 1504 1529 1550 et
1559 1494 1745 1565 gratia:
1776 1511 1803 1549 a

201 1606 324 1663 cap.
362 1593 448 1661 18,
502 1592 593 1647 ubi
637 1590 959 1664 Augustino,
1003 1588 1146 1661 quod
1187 1604 1251 1643 ea
1293 1589 1365 1643 de
1415 1604 1474 1644 re
1515 1588 1803 1659 dubitavit,

201 1685 421 1741 eximiis
461 1684 711 1741 laudibus
758 1683 1158 1749 commendato,
1208 1696 1330 1751 cap.
1363 1680 1433 1736 20
1477 1683 1753 1738 concludit
1788 1702 1799 1737 :

208 1798 229 1833 ι
269 1780 482 1847 Quanto
521 1791 651 1848 ergo
692 1776 886 1833 melius
930 1775 999 1831 ab
1051 1774 1213 1845 hujus
1267 1775 1585 1845 quaestionis
1633 1785 1808 1832 certa-

1915 568 2263 637 apoatolorum
2290 571 2577 640 symbolum
2626 572 2908 627 certissima
2943 571 3087 640 ﬁdes,
3120 586 3275 641 quam
3313 568 3499 626 docto.

1914 676 1996 715 res
2026 661 2191 714 nostri
2223 663 2568 729 tradiderunt,
2601 665 2739 720 inter
2769 664 2898 719 alias
2948 662 3242 719 sententias
3270 675 3403 732 quas
3429 659 3500 717 de

1916 750 2021 809 ﬁde
2067 753 2326 809 tenendas
2374 756 2645 826 proponit,
2688 756 2826 812 hanc
2854 756 3042 812 inserit
3071 773 3084 810 :
3117 755 3269 821 Quod
3306 754 3503 810 incerta

1915 846 1979 900 sit
2009 847 2215 903 animas.
2249 848 2418 920 origo.
2452 848 2498 904 Ο
2540 850 2791 905 eximiam
2845 850 3203 906 recentiorum
3235 845 3499 905 eruditio-

1915 954 2059 1005 nem,
2104 940 2191 1010 qui
2241 955 2359 996 eam
2392 942 2690 1012 Augustino
2735 942 3125 1000 dubitationem
3171 941 3344 999 errori
3379 956 3504 998 ver-

1917 1039 2055 1098 tunt,
2087 1048 2245 1103 quam
2275 1042 2328 1088 et
2352 1035 2641 1105 apostolica
2674 1036 2850 1103 sedes,
2897 1044 2950 1091 et
2980 1036 3191 1108 synodi,
3234 1044 3290 1095 et
3314 1034 3503 1092 Patres

1914 1126 2089 1196 plenis
2119 1126 2387 1197 sun‘ragiis
2437 1128 2825 1200 subscripsere,
2877 1145 3104 1202 eamque
3134 1146 3273 1188 unus
3312 1138 3507 1188 eorum

1915 1219 2159 1275 doctrina
2194 1236 2255 1275 ac
2286 1222 2486 1292 pietate
2537 1222 2763 1279 illustris
2806 1224 2872 1279 de
2900 1223 3005 1281 ﬁde
3034 1225 3244 1298 populis
3272 1224 3506 1283 creden-

1915 1312 2037 1369 dam
2069 1315 2381 1384 proposuit!

1987 1409 2058 1465 At
2081 1424 2179 1465 nec
2206 1418 2398 1467 octavo
2424 1426 2598 1481 neque
2631 1425 2776 1468 nono
2797 1412 2995 1467 saeculo
3024 1426 3114 1468 res
3135 1410 3355 1468 deﬁnita
3376 1409 3506 1484 fuit,

1916 1499 2009 1555 sed
2046 1501 2430 1570 sapientissimi
2476 1502 2662 1561 Patres
2702 1518 2823 1561 cum
2870 1504 3185 1574 Augustino,
3232 1504 3341 1560 imo
3383 1517 3507 1560 cum

1914 1595 2207 1664 apostolica
2237 1598 2365 1653 sede
2394 1596 2570 1654 adhuc
2609 1597 2949 1655 dubitabant.
2979 1598 3155 1654 Testis
3184 1598 3252 1653 sit
3289 1603 3510 1656 sanctus

1916 1687 2265 1759 Prudentius,
2298 1693 2582 1761 episcopus
2609 1692 2967 1757 Tricassiuus,
3018 1691 3169 1761 cujus
3200 1690 3387 1747 laudes
3415 1704 3507 1745 re-

1915 1781 2045 1836 citat
2069 1782 2134 1839 Sa
2145 1785 2355 1839 ussaius
2380 1784 2435 1839 in
2459 1782 2838 1857 Martyrologio
2858 1782 3135 1840 Gallicano
3158 1781 3281 1853 (Die
3300 1780 3333 1835 6
3356 1777 3509 1851 Δῃὼ

199 1874 353 1930 mine
382 1881 764 1943 temperamus,
797 1870 851 1925 in
881 1886 983 1941 qua
1032 1884 1129 1924 nos
1163 1870 1395 1925 inaniter
1428 1869 1673 1925 laborare
1715 1886 1807 1927 co-
1836 1876 1884 1937 B
1921 1874 2031 1945 (is),
2061 1875 2151 1945 qui
2182 1876 2233 1929 in
2268 1876 2361 1931 lib.
2407 1877 2473 1933 de
2522 1875 3021 1943 Prmdestinatione,
3057 1874 3312 1931 adversus
3341 1871 3504 1929 Joan-

200 1945 539 2040 gnosciinus,
573 1963 872 2036 prmsertim
915 1962 1040 2035 quia
1066 1962 1209 2033 quod
1242 1978 1271 2018 a
1304 1966 1503 2018 sanctis
1532 1964 1662 2019 viris
1693 1980 1806 2019 ma-

199 2060 410 2133 joribus
442 2057 641 2115 nostris
680 2056 927 2113 videmus
969 2054 1193 2111 minime
1238 2053 1540 2121 deﬁnitum,
1593 2065 1807 2126 oportet

200 2168 307 2210 nos
366 2161 515 2209 tanto
579 2149 788 2207 cautius
850 2159 1017 2220 atque
1086 2148 1474 2219 temperautius
1542 2165 1801 2220 quaerere,

199 2256 408 2322 quanto
439 2248 506 2303 ad
544 2245 662 2317 ejus
688 2244 847 2299 ﬁnem
882 2243 1003 2298 illos
1036 2243 1325 2313 praeclaros
1359 2241 1504 2296 viros
1534 2242 1807 2298 cernimus

200 2341 432 2397 minime
468 2337 801 2410 pervenisse.
834 2353 854 2387 ι
908 2334 1228 2390 Comtaneus
1274 2331 1540 2403 Fulgentii
1590 2332 1805 2387 Cassio-

199 2431 372 2489 dorus
403 2432 458 2488 in
489 2430 585 2487 lib.
630 2430 699 2486 de
737 2429 953 2495 Anima,
998 2443 1118 2498 cap.
1154 2424 1261 2496 ll,
1314 2435 1523 2482 tantum
1565 2426 1719 2483 abest
1750 2436 1807 2481 ut

198 2525 336 2582 illud
384 2524 669 2596 Augustini
715 2522 936 2579 dubium
984 2519 1420 2592 reprehenderit,
1472 2529 1528 2575 ut
1558 2521 1807 2577 eumdem

199 2618 385 2690 potius
428 2617 498 2673 ob
538 2616 592 2673 id
619 2614 964 2671 laudaverit:
1003 2630 1022 2666 ί
1060 2612 1243 2683 Pater,
1290 2612 1493 2685 inquit,
1550 2612 1805 2683 Augusti-

199 2727 307 2770 nus
361 2710 769 2777 religiosissima
820 2707 1116 2765 devotione
1172 2706 1495 2774 laudandus,
1548 2707 1681 2763 nihil
1724 2719 1805 2764 te-

197 2818 357 2860 mere
382 2803 515 2859 dicit
540 2816 659 2859 esse
689 2800 1103 2867 afﬁrmandum,
1148 2800 1244 2857 sed
1290 2800 1341 2855 in
1372 2799 1539 2870 ipsius
1567 2812 1688 2858 esse
1721 2817 1805 2857 se-

200 2906 391 2965 creto,
432 2897 574 2953 sicut
612 2904 668 2953 et
712 2895 815 2952 alia
864 2895 1029 2951 multa
1073 2910 1195 2967 quae
1244 2904 1429 2951 nostra
1480 2910 1586 2952 non
1627 2904 1807 2969 potest

198 3006 368 3049 nosse
410 2990 776 3048 mediocritas.
828 3009 846 3042 ι
889 2990 953 3044 Ει
993 2990 1175 3044 statim
1213 3009 1223 3041 :
1260 3008 1277 3041 ι
1303 2989 1494 3045 Melius
1539 2998 1623 3046 est
1653 2992 1798 3045 enim

200 3084 257 3141 in
291 3094 402 3140 tam
450 3083 681 3140 occultis
706 3083 884 3140 causis
937 3080 1186 3138 conﬁteri
1218 3082 1597 3153 ignorantiam,
1646 3098 1804 3154 quam

200 3176 569 3252 periculosam
607 3190 887 3233 assumere
940 3174 1184 3232 fortassis
1234 3174 1538 3231 audaciam.
1569 3192 1587 3227 ι
1617 3174 1689 3230 Ita
1722 3175 1802 3231 al-

1914 1984 2038 2025 nem
2091 1969 2398 2041 Erigonam,
2450 1970 2519 2025 ita
2567 1971 2801 2042 loquitur
2846 1969 3019 2039 capite
3046 1966 3107 2022 16
3146 1986 3159 2022 :
3208 1986 3228 2021 ι
3256 1966 3505 2023 Nascitur

1914 2062 2060 2118 enim
2084 2062 2151 2118 de
2176 2078 2336 2119 carne
2364 2079 2510 2130 caro,
2536 2064 2631 2121 sed
2666 2072 2843 2119 utrum
2875 2068 2931 2119 et
2955 2062 3137 2117 anima
3166 2059 3412 2116 similiter
3439 2057 3506 2113 de

1914 2155 2091 2209 anima
2139 2165 2407 2221 nascatur,
2459 2172 2648 2227 magna
2698 2155 2924 2227 quaestio
2954 2162 3060 2221 est,
3106 2162 3161 2208 et
3188 2168 3216 2206 a
3259 2149 3507 2207 Patribus

1915 2244 2007 2299 diu
2051 2247 2384 2317 multumque
2424 2246 2691 2315 discussa,
2747 2245 2841 2302 sed
2887 2246 3091 2316 absque
3131 2251 3279 2301 certa
3319 2240 3507 2298 deﬁni-

1916 2334 2065 2390 tione
2119 2336 2321 2391 relicta.
2361 2356 2378 2388 ι
2432 2336 2618 2408 Itaque
2660 2350 2828 2408 usque
2875 2335 2939 2390 ad
2981 2350 3179 2390 annum
3230 2331 3355 2403 850,
3396 2344 3507 2403 quo

1916 2436 2161 2498 tempore
2189 2438 2410 2485 sanctus
2428 2429 2751 2485 Prudentius
2780 2429 3014 2497 vivebat,
3047 2443 3112 2483 ex
3138 2424 3506 2483 ecclesiastica

1918 2521 2206 2577 traditione
2255 2521 2418 2579 dubia
2463 2532 2579 2579 erat
2609 2523 2676 2578 de
2720 2522 2929 2594 origine
2980 2520 3171 2576 animae
3218 2516 3505 2576 sententia.

1917 2613 2115 2671 Verum
2158 2629 2255 2670 nec
2297 2624 2415 2685 post
2466 2614 2808 2672 millesimum
2846 2628 3043 2669 annum
3092 2613 3167 2669 ita
3205 2619 3352 2668 certa
3390 2616 3510 2668 erat

1917 2707 2184 2764 sententia
2212 2705 2279 2763 de
2320 2708 2614 2774 creatione,
2644 2716 2703 2763 ut
2738 2708 2918 2779 plures
2947 2707 3013 2763 de
3043 2707 3231 2763 eadem
3272 2720 3379 2762 non
3404 2703 3508 2761 du-

1916 2800 2170 2856 bitarent.
2203 2800 2432 2858 Sanctus
2469 2800 2776 2867 Anselmus,
2808 2799 3210 2856 Cantuariensis
3254 2798 3504 2870 antistes,

1917 2900 2076 2955 morti
2116 2899 2394 2967 proximus
2425 2896 2635 2955 cuidam
2670 2896 2920 2954 familiari
2948 2896 3049 2953 sibi
3088 2896 3285 2953 dicenti
3314 2912 3330 2950 :
3365 2913 3385 2948 ι
3420 2890 3510 2951 Ad

1915 2991 2233 3049 Paschalem
2260 2991 2469 3047 Domini
2500 2993 2572 3047 tui
2600 2992 2804 3048 curiam
2832 2992 3025 3046 relicto
3051 2990 3247 3046 saeculo
3275 2984 3448 3055 vadis,
3476 3004 3497 3042 ι

1916 3088 2033 3143 haec
2074 3086 2354 3155 reposuit:
2390 3105 2410 3139 ι
2445 3086 2511 3142 Et
2541 3085 2756 3159 quidem
2786 3084 2832 3139 si
2874 3084 3118 3141 voluntas
3164 3081 3281 3154 ejus
3316 3082 3368 3137 in
3400 3079 3506 3137 hoc

1915 3188 2019 3247 est,
2053 3179 2314 3235 voluntati
2346 3179 2461 3251 ejus
2502 3193 2609 3235 non
2650 3178 2991 3243 contradico;
3024 3191 3209 3234 verum
3238 3176 3285 3232 si
3318 3172 3507 3232 mallet

200 3281 326 3328 tero
380 3280 503 3343 post
548 3269 901 3343 Augustinum
954 3268 1155 3325 saeculo
1194 3268 1457 3325 dubitatio
1502 3268 1572 3325 de
1602 3267 1810 3340 origine
1842 3282 1890 3347 ρ
1922 3290 2007 3331 me
2047 3274 2223 3330 adhuc
2270 3278 2410 3332 inter
2457 3290 2552 3331 vos
2587 3274 2775 3331 saltem
2809 3272 2997 3329 tandiu
3048 3286 3291 3339 manere,
3334 3269 3509 3326 donec

202 3367 405 3424 animae
443 3365 975 3439 sapientissimorum
1006 3362 1226 3420 Patrum
1260 3364 1429 3421 menti
1469 3363 1634 3420 altius
1665 3363 1808 3420 inse-

202 3461 382 3519 derat.

280 3555 486 3613 Verum
514 3556 659 3613 circa
704 3556 961 3615 saeculum
979 3571 1057 3613 vn
1104 3553 1497 3627 Augustiniana
1534 3554 1809 3614 dubitatio

201 3652 371 3725 longe
397 3650 666 3709 celebrior
692 3659 853 3723 atque
882 3650 1098 3723 dignior
1127 3650 1299 3708 evasit
1338 3666 1349 3703 :
1377 3664 1497 3705 eam
1526 3649 1672 3706 enim
1699 3654 1809 3717 fsuo

202 3746 415 3819 judicio
446 3746 745 3819 apostolica
774 3745 933 3804 sedes
956 3744 1295 3817 approbavit,
1319 3758 1582 3814 suamque
1604 3743 1804 3813 eﬁ‘ecit,

205 3859 271 3900 ac
294 3842 601 3899 doctissimi
623 3842 814 3899 Patres
842 3842 1094 3899 eamdem
1123 3842 1265 3898 inter
1289 3839 1415 3897 ﬁdei
1437 3840 1689 3912 dogmata
1717 3855 1805 3897 re-

205 3939 405 3995 tulere.
445 3938 680 3995 Seoctus
736 3936 1030 4009 Gregorius
1065 3937 1309 4008 Magnus,
1360 3936 1457 3992 lib.
1501 3952 1598 4003 vn,
1642 3938 1803 4007 epist.

210 4033 310 4102 δε,
343 4032 412 4088 ad
436 4031 825 4099 Secundinum,
876 4030 1106 4087 scribit:
1144 4047 1163 4082 ι
1200 4029 1308 4087 Sed
1358 4028 1459 4084 hac
1488 4028 1556 4085 de
1603 4043 1661 4084 re
1690 4027 1809 4085 dul-

210 4126 439 4183 cissima
470 4125 603 4182 mihi
634 4133 723 4182 tua
751 4125 991 4182 charitas
1029 4123 1167 4180 sciat
1187 4123 1315 4194 quia
1344 4121 1414 4179 de
1444 4120 1653 4194 origine
1694 4122 1811 4179 ani-

211 4236 320 4278 mae
348 4222 490 4278 inter
530 4230 751 4278 sanctos
778 4220 969 4277 Patres
1020 4217 1301 4289 requisitio
1344 4231 1449 4273 non
1492 4231 1656 4288 parva
1689 4232 1810 4273 ver-

210 4320 331 4369 sata
375 4322 482 4381 est,
526 4313 619 4370 sed
671 4321 853 4370 utrum
882 4313 998 4383 ipsa
1025 4311 1095 4367 ab
1130 4311 1297 4367 Adam
1344 4310 1706 4377 descenderit,
1737 4325 1810 4367 an

213 4415 367 4463 certe
394 4404 624 4478 singulis
647 4405 825 4474 detur,
862 4405 1129 4461 incertum
1166 4404 1453 4471 remansit,
1485 4418 1711 4476 eamque
1754 4404 1808 4460 ln

212 4503 322 4559 hac
369 4504 480 4558 vita
525 4502 863 4559 insolubilem
904 4500 1037 4557 fassi
1085 4510 1213 4557 sunt
1260 4514 1384 4556 esse
1426 4485 1807 4570 quaestionem,

216 4597 407 4667 gravis
433 4596 579 4651 enim
607 4596 837 4668 quaestio
865 4602 972 4663 est,
1002 4608 1103 4649 nec
1133 4592 1280 4650 valet
1322 4594 1390 4648 ab
1420 4593 1637 4649 homine
1664 4608 1810 4648 com-

1916 3370 2271 3443 quaestionem
2314 3384 2472 3442 quam
2500 3368 2567 3426 de
2621 3367 2814 3424 anima:
2845 3366 3051 3439 origine
3078 3372 3259 3422 mente
3290 3361 3509 3419 revolvo

1920 3464 2206 3520 absolvere
2233 3477 2472 3534 possem,
2500 3460 2769 3533 gratiosus
2797 3459 3121 3529 acciperem,
3145 3471 3209 3513 eo
3240 3452 3383 3528 quod
3413 3463 3509 3511 no-

1921 3560 2036 3616 scio
2073 3566 2250 3614 utrum
2302 3555 2500 3627 aliquis
2543 3570 2661 3611 eam
2695 3568 2782 3610 me
2835 3552 3091 3609 defuncto
3118 3551 3188 3607 sit
3230 3548 3507 3606 absolutu-

1915 3668 2028 3709 rus.
2064 3670 2084 3704 ›
2123 3652 2247 3707 llaec
2269 3649 2361 3705 ille
2393 3648 2460 3704 ad
2492 3662 2689 3705 annum
2732 3645 2890 3714 “09,
2926 3653 3063 3702 teste
3102 3642 3220 3718 ejus
3246 3639 3512 3714 discipulo

1917 3744 2010 3801 lib.
2048 3761 2081 3799 ιι
2128 3744 2198 3800 de
2251 3744 2371 3798 Vita
2401 3743 2665 3815 ejusdem,
2719 3756 2839 3811 cap.
2872 3740 2959 3806 59,
3012 3738 3149 3810 apud
3190 3737 3411 3794 Surium
3440 3733 3510 3791 21

1915 3839 2135 3911 Aprilis.
2178 3838 2328 3909 Hugo
2365 3854 2396 3893 a
2443 3838 2642 3894 Sancto
2671 3837 2911 3903 Victore,
2942 3836 3035 3892 lib.
3087 3852 3103 3890 ι
3143 3835 3211 3891 de
3239 3834 3513 3902 Sacram.,

1915 3942 2055 4006 part.
2086 3949 2179 4000 vu,
2213 3948 2333 4003 cap.
2367 3933 2457 3999 50,
2490 3932 2683 4004 probat
2730 3931 2964 3988 animam
3016 3944 3126 3987 non
3161 3943 3283 3988 esse
3310 3942 3378 3986 ex
3415 3934 3516 3985 tm

1913 4027 2071 4091 duce,
2110 4024 2205 4080 sed
2235 4024 2448 4091 creari;
2477 4024 2553 4080 ait
2586 4033 2763 4080 tamen
2800 4042 2814 4079 :
2856 4042 2877 4076 ι
2912 4022 3247 4079 Prohabilius
3297 4025 3516 4080 constat

1914 4118 2119 4175 animas
2156 4134 2227 4175 ex
2276 4117 2500 4174 traduce
2546 4132 2652 4174 non
2703 4131 2849 4174 esse.
2885 4135 2903 4169 ι
2942 4116 3012 4174 Ει
3060 4114 3327 4173 inferius:
3368 4134 3388 4169 ι
3414 4112 3515 4171 His

1914 4217 2078 4289 igitur
2124 4226 2180 4271 et
2228 4214 2597 4283 hujuscemodi
2644 4214 2945 4272 rationibus
2986 4212 3265 4285 probabile
3308 4212 3516 4269 factum

1914 4320 1999 4369 est
2026 4311 2235 4367 animas
2265 4325 2333 4368 ex
2360 4309 2580 4367 traduce
2609 4323 2717 4365 non
2743 4324 2886 4378 esse,
2920 4308 3015 4367 sed
3044 4324 3215 4367 novas
3242 4309 3310 4365 de
3338 4307 3514 4366 nihilo

1912 4413 2123 4462 creatas
2152 4403 2306 4460 novis
2347 4402 2589 4474 quotidie
2616 4404 2933 4473 corporibus
2953 4403 3024 4461 de
3048 4412 3275 4475 paterno
3301 4401 3515 4460 semine

1915 4497 2055 4564 ﬁeri,
2091 4504 2145 4553 et
2183 4509 2373 4553 rursus
2410 4495 2466 4551 in
2498 4495 2656 4551 vulva
2688 4494 2934 4552 formatis
2966 4495 3033 4552 ad
3089 4494 3517 4553 viviﬁcationetn

1915 4587 2143 4645 infundi.
2174 4587 2229 4642 in
2258 4587 2455 4658 quibus
2482 4595 2668 4644 tamen
2697 4588 2947 4644 omnibus
2991 4588 3136 4644 nulla
3168 4602 3402 4657 unquam
3436 4602 3516 4644 ra-

217 4689 509 4761 prehendi.
543 4706 563 4743 ι
601 4688 727 4745 Haec
762 4687 1107 4743 doctissimus
1137 4699 1199 4741 ac
1234 4685 1606 4742 sanctissimus
1637 4684 1813 4755 ponti-
1838 4687 1890 4749 ι)
1918 4685 1995 4739 tio
2026 4685 2140 4741 sive
2186 4688 2479 4742 auctoritas
2518 4686 2573 4741 in
2624 4693 2832 4743 tantum
2882 4686 3176 4757 praevalere
3205 4686 3402 4757 potuit,
3456 4692 3516 4742 ut

217 4783 331 4840 (ex.
365 4782 451 4838 Ex
479 4782 683 4854 :quibus
728 4793 953 4853 prorsus
992 4779 1266 4837 evanescit
1317 4779 1407 4834 illa
1448 4779 1811 4836 ecclesiastica

219 4874 461 4941 traditio,
493 4886 559 4930 ex
603 4886 706 4945 qua
726 4873 1065 4930 creationem
1096 4872 1289 4927 anima:
1331 4870 1688 4927 Bellarminus
1717 4870 1813 4928 de-

220 4968 406 5035 ducit;
440 4982 586 5037 nam,
634 4974 773 5025 teste
802 4966 1091 5037 Gregorio,
1142 4962 1317 5022 sancti
1346 4964 1535 5020 Patres
1580 4978 1698 5020 eam
1745 4965 1813 5022 de

220 5060 436 5131 origine
466 5059 660 5116 anima:
686 5059 1019 5116 insolubilem
1048 5060 1176 5130 fassi
1195 5067 1315 5113 sunt
1336 5073 1443 5113 esse
1462 5058 1814 5129 mutationem.

224 5153 391 5208 Vides
410 5151 572 5223 igitur
593 5164 700 5209 non
726 5166 892 5209 unum
921 5167 953 5207 a
990 5153 1250 5208 Morainio
1281 5152 1634 5223 Augustinum
1666 5166 1818 5208 erro-

223 5246 298 5299 ris
328 5246 503 5317 argui,
534 5246 628 5302 sed
650 5254 706 5303 et
749 5247 800 5301 in
853 5246 1114 5318 Gregorio
1154 5246 1502 5318 apostolicam
1548 5246 1731 5304 sedem
1761 5256 1816 5304 et

227 5338 446 5391 Patrum
477 5347 744 5405 senatum,
780 5354 809 5393 a
855 5339 1050 5410 quibus
1091 5339 1356 5395 dubitatio
1397 5342 1680 5412 Augustini
1719 5354 1814 5410 ap-

228 5428 457 5497 probata
504 5428 619 5484 iuit.
651 5430 759 5486 Sed
787 5430 988 5500 aliquid
1030 5433 1203 5503 majus
1244 5432 1545 5489 addendum
1587 5442 1694 5491 est.
1727 5434 1818 5488 lia-

230 5535 355 5591 que,
390 5535 513 5577 cum
558 5525 917 5581 communiter
960 5526 1028 5582 de
1058 5525 1266 5598 origine
1308 5524 1501 5583 animte
1545 5526 1820 5584 dubitare-

231 5619 340 5680 tur,
369 5623 575 5672 tantum
598 5628 661 5674 ea
685 5610 956 5677 dubitatio
981 5621 1036 5677 in
1070 5618 1309 5679 Ecclesia
1334 5622 1578 5691 invaluit,
1606 5631 1664 5678 ut
1691 5638 1818 5679 san-

228 5714 347 5764 ctus
381 5707 638 5780 Isidorus,
674 5709 1003 5784 Histpalensis
1024 5717 1268 5783 antistes,
1296 5728 1401 5772 non
1429 5714 1588 5774 fuerit
1611 5720 1820 5775 veritus

229 5801 481 5859 eamdem
514 5804 653 5861 inter
675 5809 888 5879 regulas
918 5809 1042 5866 ﬁdei
1071 5812 1237 5868 veluti
1268 5813 1335 5869 ab
1361 5814 1614 5871 omnibus
1633 5814 1822 5871 catho-

234 5892 352 5952 licis
396 5895 719 5957 credendam
767 5908 1051 5974 reponere.
1088 5904 1322 5977 Etenim,
1355 5905 1448 5965 lib.
1479 5920 1519 5964 ιι
1565 5905 1634 5964 de
1662 5905 1818 5965 Otila.

1917 4777 2254 4833 dubietatem
2309 4778 2526 4835 tolleret
2580 4778 2922 4848 quaestionis;
2992 4785 3220 4849 excepto
3273 4791 3342 4834 eo
3388 4774 3509 4833 solo

1918 4868 2060 4941 quod
2093 4868 2226 4925 ﬁdes
2254 4870 2520 4927 catholica
2550 4870 2721 4943 magis
2749 4870 3080 4927 credendum
3109 4869 3275 4941 elegit
3301 4868 3516 4926 animas

1917 4962 2160 5035 quotidie
2186 4964 2502 5035 corporibus
2542 4964 2876 5022 viviﬁeandis
2899 4964 3184 5021 sociandae
3221 4964 3292 5022 de
3338 4962 3516 5021 nihilo

1920 5064 2062 5129 ﬁeri,
2108 5076 2268 5135 quam
2313 5061 2611 5119 secundum
2658 5064 2905 5133 corporis
2952 5068 3196 5116 naturam
3235 5067 3293 5116 et
3336 5058 3516 5118 carnis

1923 5161 2174 5217 humanae
2226 5157 2609 5231 proprietatem
2658 5157 2728 5213 de
2771 5156 2996 5213 traduce
3042 5156 3344 5228 propagari.
3378 5167 3400 5209 ι
3431 5154 3515 5213 Ex

1918 5253 2118 5326 quibus
2172 5260 2318 5324 patet
2373 5251 2441 5307 ad
2494 5265 2690 5306 annum
2741 5262 2912 5321 usque
2957 5250 3118 5318 “50,
3175 5265 3284 5321 quo
3332 5249 3518 5308 ﬂoruit
3561 5288 3567 5294 .

1922 5347 2094 5419 Hugo,
2126 5346 2268 5402 nulla
2310 5360 2483 5417 neque
2524 5345 2737 5401 ratione
2764 5359 2941 5416 neque
2980 5346 3303 5402 auctoritate
3331 5345 3512 5399 dubie-
3560 5336 3561 5339 “

1926 5450 2084 5497 tatem
2099 5442 2400 5513 quaestionis
2411 5440 2479 5496 de
2497 5440 2705 5511 origine
2719 5440 2912 5496 animze
2929 5439 3195 5497 sublatam
3210 5440 3395 5507 fuisse,
3410 5439 3507 5496 sed

1923 5546 2051 5593 tunc
2072 5537 2131 5592 in
2159 5536 2399 5593 Ecclesia
2428 5536 2596 5608 magis
2632 5535 2992 5591 communiter
3024 5534 3361 5593 del‘ensatam
3383 5548 3509 5592 esse

1922 5631 2241 5688 sententiam
2286 5630 2355 5687 de
2390 5628 2666 5686 creatione
2709 5616 3033 5685 animarum.
3068 5628 3203 5685 Hinc
3252 5627 3503 5700 Magister

1927 5724 2346 5791 Sententiarum,
2377 5724 2431 5780 in
2457 5724 2515 5793 2,
2546 5722 2673 5780 dist.
2719 5724 2804 5791 19,
2836 5722 2973 5779 dixit
3001 5722 3295 5779 Ecclesium
3326 5720 3514 5777 catho-

1926 5816 2081 5873 licam
2108 5814 2304 5875 docere
2332 5819 2539 5874 animas
2570 5831 2677 5874 non
2704 5830 2825 5873 esse
2853 5831 2923 5873 ex
2956 5815 3199 5883 traduce,
3232 5828 3337 5885 qua
3382 5827 3511 5871 sen-

1926 5914 2093 5973 tentia
2123 5914 2192 5973 ab
2217 5914 2558 5973 scholasticis
2577 5921 2817 5985 recepta,
2848 5910 3147 5968 animarum
3185 5908 3393 5968 creatio
3421 5921 3509 5967 as-
