3962 6346
508 385 614 443 695

1402 382 1958 440 SUPPLEMENTUM
2002 384 2093 438 AD
2129 382 2361 440 OPERA
2401 383 2457 440 S.
2502 384 2895 444 AUGUSTINI.
3702 396 3779 448 titul

503 510 648 558 serta
679 512 783 570 est,
815 504 883 559 ita
916 512 1092 560 tamen
1122 511 1201 570 ut,
1249 512 1383 559 teste
1425 504 1773 569 Bellarmino,
1808 502 1905 558 lib.
1948 519 1998 557 tv
2027 501 2095 556 de
2120 504 2175 563 Δ
2200 501 2425 571 epistola
2466 502 2721 559 laudata:
2758 522 2777 557 ι
2808 503 2909 560 Ubi
2932 517 3020 560 res
3068 506 3381 562 naturaliter
3425 507 3662 563 obscura
3705 527 3780 563 nu-

478 597 810 665 _Amissione
837 600 1023 666 gratia:
1061 607 1110 653 et
1153 596 1305 654 Statu
1340 598 1567 666 peccati,
1601 614 1721 669 cap.
1767 600 1848 666 10,
1882 598 1935 653 in
1962 599 2095 665 fine,

506 690 683 747 adhuc
721 707 827 746 non
858 691 1055 759 desint,
1086 694 1173 763 qui
1200 694 1253 746 in
1296 709 1356 747 ea
1384 694 1547 747 sancti
1586 693 1861 765 Augustini
1892 693 2099 747 dubita-

506 783 645 836 tione
704 782 1003 837 haerendum
1048 793 1307 838 censeant.
1366 784 1544 839 Estius
1585 784 1834 855 quidem,
1902 782 2097 839 nobilis

505 874 810 945 theologus,
860 876 1109 931 scribit‘2
1158 876 1585 944 Sententiarum,
1633 878 1759 934 dist.
1811 877 1957 948 17,§
2004 878 2091 947 14,

462 1040 467 1045 ι
505 966 640 1021 nihil
665 982 785 1022 esse
825 967 892 1023 de
934 969 1138 1039 origine
1168 968 1361 1024 animm
1399 969 1467 1025 ab
1500 968 1739 1025 Ecclesia
1788 968 2089 1039 definitum,

456 1076 463 1087 ν
504 1076 603 1116 nec
624 1060 835 1116 futuros
866 1062 1009 1118 lassa:
1049 1063 1172 1119 fidei
1201 1078 1324 1118 reos
1348 1064 1439 1135 qui
1483 1078 1545 1119 ea
1576 1064 1644 1119 de
1682 1080 1740 1119 re
1761 1057 2113 1123 dubitarent.

436 1224 439 1225 ν
499 1153 608 1209 Sed
641 1152 871 1209 viderint
894 1154 967 1210 illi
995 1156 1085 1226 qui
1112 1155 1187 1211 ita
1213 1154 1364 1211 dubii
1393 1154 1567 1210 adhuc
1596 1170 1717 1211 esse
1746 1156 1980 1223 vellent;
2010 1165 2095 1213 sat

431 1230 438 1239 ’
501 1245 635 1301 mihi
663 1256 747 1303 est
773 1246 1074 1303 ostendisse
1095 1248 1218 1318 jure
1262 1246 1619 1318 Augustinum
1647 1246 1715 1304 de
1744 1248 1950 1319 origine
1978 1248 2092 1304 ani-

500 1354 606 1394 mae
654 1340 947 1408 dubitasse,
994 1356 1222 1413 eamque
1266 1340 1653 1397 dubitationem
1686 1356 1784 1412 per
1816 1341 1967 1412 plura
1997 1357 2092 1398 sa:-

498 1436 617 1490 cula
649 1436 852 1491 sanctis
880 1437 1131 1492 Patribus
1157 1438 1445 1507 placuisse.
1474 1436 1617 1492 Sane
1640 1436 2090 1506 prudentissimus

500 1528 669 1582 fuisse
698 1527 958 1584 dicendus
990 1540 1093 1597 est,
1124 1530 1215 1599 qui
1243 1530 1296 1584 in
1326 1530 1626 1599 quaestione
1655 1528 1971 1584 difficillima
1998 1529 2089 1599 ju-

496 1620 693 1674 dicium
720 1622 1017 1691 suspendit,
1050 1638 1169 1678 cum
1200 1623 1333 1678 nihil
1375 1623 1508 1679 certi
1538 1622 1606 1677 ab
1639 1622 1883 1678 Ecclesia
1908 1624 2089 1679 defini-

497 1720 608 1766 tum
640 1727 759 1767 esse
788 1716 948 1767 sciret
982 1730 995 1767 :
1027 1732 1045 1765 ‹
1081 1714 1184 1770 Ubi
1213 1716 1356 1770 enim
1385 1714 1452 1770 de
1476 1730 1533 1769 re
1560 1715 1942 1771 obscurissima
1972 1716 2085 1771 dis-

497 1814 737 1872 putatur,
787 1821 892 1861 non
931 1807 1311 1877 adjuvantibus
1341 1807 1641 1863 divinarum
1682 1807 2084 1877 Scripturarum

2201 602 2373 649 strum
2422 595 2700 652 modulum
2741 598 2927 665 vincit,
2974 608 3029 653 et
3078 610 3265 669 aperte
3294 601 3472 656 divina
3521 602 3776 669 Scriptura

2200 703 2307 744 non
2344 689 2620 760 subvenit,
2665 701 2869 748 temere
2896 692 3024 748 hinc
3062 694 3263 765 aliquid
3294 694 3522 751 definire
3567 697 3779 755 humata

2198 780 2508 852 conjectura
2555 785 2853 853 praesumit.
2886 804 2905 837 ι
2944 784 3099 842 Unde
3133 787 3274 855 apud
3318 786 3687 858 Augustinum
3721 792 3779 847 in-

2198 876 2538 933 considerata
2570 880 2733 934 etiam
2764 881 3071 937 temeritate
3118 881 3207 936 alii
3258 882 3535 937 mordicus
3575 887 3773 953 apposi-

2197 977 2306 1022 tam
2334 970 2655 1025 sententiam
2696 971 2764 1027 de
2794 972 3096 1028 animarum
3128 974 3408 1030 creatione
3432 975 3778 1033 sustinebant.

2200 1060 2307 1116 Sed
2333 1076 2510 1133 neque
2541 1063 2684 1134 quod
2713 1064 3046 1135 Augustinus
3072 1065 3140 1121 de
3178 1066 3449 1122 sententia
3476 1066 3777 1125 Tertulliani

2199 1152 2333 1209 dixit
2378 1164 2567 1211 contra
2614 1159 2941 1213 sententiam
2991 1159 3058 1215 de
3101 1159 3325 1216 traduce
3367 1160 3680 1215 animarum
3726 1178 3779 1219 eo

2198 1246 2359 1302 modo
2387 1263 2493 1318 quo
2516 1248 2585 1305 ab
2616 1249 2920 1318 Augustino
2949 1250 3343 1322 explicabatur,
3374 1261 3437 1307 ut
3460 1257 3777 1323 argumentis

2192 1339 2475 1394 contrarias
2522 1339 2808 1395 sententia:
2858 1341 3235 1412 responderet,
3282 1342 3668 1413 accipiendum
3692 1356 3774 1401 est.

2192 1429 2324 1486 Nam
2349 1432 2716 1489 Tertullianus
2756 1433 2882 1489 inde
2909 1436 2977 1491 ab
3003 1436 3300 1505 Augustino
3346 1435 3775 1508 reprehenditur,

2192 1536 2299 1577 non
2339 1525 2482 1591 quod
2535 1525 2811 1581 traducem
2861 1526 3164 1582 animarum
3215 1538 3464 1597 poneret,
3521 1529 3624 1583 sed
3656 1531 3777 1600 quod

2192 1630 2300 1671 non
2323 1625 2467 1672 recte
2497 1616 2645 1671 illum
2679 1630 2970 1686 assereret,
3002 1634 3123 1675 cum
3154 1629 3367 1689 putaret
3402 1619 3648 1674 animam
3679 1636 3778 1678 esse

2188 1723 2524 1781 corpoream.
2555 1721 2716 1782 atque
2742 1713 2878 1767 adeo
2923 1729 3018 1783 per
3047 1729 3231 1770 semen
3263 1729 3593 1784 corporeum
3632 1731 3778 1785 gene-

2189 1805 2359 1859 rantis
2417 1804 2625 1861 traduci
2661 1823 2674 1860 :
2713 1825 2730 1857 ‹
2760 1806 2893 1862 Nam
2935 1817 2989 1861 et
3030 1808 3104 1861 illi
3165 1809 3377 1879 (scribit
3432 1809 3778 1878 Augustinus)

491 1896 655 1951 certis
698 1897 970 1969 clarisque
1010 1892 1371 1965 documentis,
1403 1899 1658 1957 cohibere
1697 1915 1757 1957 se
1792 1900 1952 1956 debet
1981 1901 2082 1957 hu-
2110 1897 2159 1959 B
2185 1896 2275 1967 qui
2322 1898 2532 1953 animas
2563 1913 2627 1953 ex
2677 1915 2781 1955 una
2812 1902 3095 1971 propagari
3138 1912 3409 1969 asserunt,
3444 1918 3610 1973 quam
3653 1901 3776 1959 Deus

490 2002 652 2043 mana
701 1992 1071 2061 praesumptio,
1110 1992 1243 2047 nihil
1274 1991 1476 2048 faciens
1524 1992 1578 2048 in
1616 2003 1823 2063 partem
1855 1995 2079 2050 alteram

491 2078 830 2135 declinando.
865 2102 882 2133 ι
919 2082 993 2136 lta
1040 2096 1192 2139 suam
1236 2083 1377 2140 hanc
1407 2086 1814 2155 perplexitatem
1843 2087 2083 2144 defendit

490 2172 585 2226 lib.
630 2188 664 2226 ιι
715 2174 781 2228 de
810 2185 1153 2243 peccatorum
1200 2177 1427 2242 Meritis,
1478 2191 1596 2247 cap.
1650 2176 1739 2234 56.
1782 2179 1918 2235 Hinc
1959 2194 2081 2235 cum

493 2266 769 2336 Pelagiani
803 2284 867 2323 ex
900 2270 1175 2327 creatione
1199 2271 1523 2341 animarum,
1550 2288 1708 2343 quam
1740 2274 1901 2330 altius
1923 2290 2083 2345 exag-

493 2361 769 2430 gerabant,
809 2363 1134 2420 deducerent
1179 2380 1285 2420 non
1314 2380 1473 2439 posse
1502 2366 1624 2423 illas
1664 2367 1865 2447 habere
1895 2385 2083 2437 pecca-

495 2462 605 2506 tum
638 2454 918 2525 originale,
953 2471 1021 2511 ne
1050 2455 1184 2511 alias
1217 2456 1271 2512 in
1302 2456 1469 2513 Deum
1503 2468 1779 2514 creantem
1811 2460 1966 2529 culpa
1998 2477 2083 2518 re-

440 2620 445 2623 ,
493 2543 653 2609 diret,
689 2545 781 2599 lib.
809 2562 869 2599 ιιι
918 2546 985 2600 ad
1037 2546 1392 2619 Bonifacium,
1424 2549 1478 2604 in
1529 2549 1658 2619 fine,
1700 2558 1757 2606 et
1794 2566 1859 2606 ex
1890 2551 2083 2609 litteris

495 2634 719 2699 Zosimi,
752 2654 980 2708 quarum
1004 2639 1363 2709 fragmentum
1387 2643 1579 2697 recitat
1604 2642 1657 2699 in
1697 2644 1921 2714 epistula
1958 2645 2077 2716 157,

490 2741 707 2785 sanctus
730 2732 918 2787 doctor
941 2734 993 2788 in
1024 2743 1249 2806 utraque
1270 2736 1537 2791 sententia
1562 2745 1668 2792 tam
1699 2737 2081 2795 affirmantium

490 2822 790 2878 animarum
843 2826 1153 2894 traducem,
1198 2844 1357 2899 quam
1404 2831 1741 2898 negantium,
1803 2839 2081 2899 peccatum

490 2914 753 2984 originale
780 2914 918 2973 bene
948 2932 1107 2987 posse
1152 2918 1403 2991 componi
1433 2919 1843 2989 demonstravit,
1876 2937 1939 2978 ac
1964 2938 2081 2979 rem

493 3008 634 3077 apud
662 3010 960 3067 Ecclesiam
995 3012 1352 3068 certissimam
1371 3013 1523 3084 juxta
1564 3025 1848 3086 utramque
1873 3016 2081 3086 opinio-

488 3117 614 3157 nem
655 3105 930 3174 explicare
972 3116 1198 3163 conatus
1228 3116 1331 3175 est,
1378 3122 1448 3165 ne
1472 3108 1559 3164 cui
1593 3117 1869 3179 peccatum
1908 3110 2077 3181 origi-

490 3196 614 3248 nale
646 3196 966 3254 incredibile
996 3198 1291 3254 videretur.

2187 1992 2359 2061 primo
2413 1993 2617 2048 homini
2656 1995 2826 2062 dedit,
2882 2004 3044 2065 atque
3088 1999 3160 2051 ita
3208 2012 3303 2053 eas
3343 2014 3409 2053 ex
3469 1998 3778 2068 parentibus

2186 2084 2326 2139 trahi
2372 2084 2577 2153 dicunt,
2629 2088 2677 2141 si
2724 2086 3042 2143 Tertulliani
3084 2089 3394 2159 opinionem
3451 2098 3771 2160 sequuntur,

2184 2174 2427 2245 profecto
2459 2191 2551 2232 eas
2579 2192 2686 2233 non
2715 2177 2961 2247 spiritus,
2992 2180 3087 2236 sed
3133 2195 3362 2250 corpora
3389 2195 3515 2237 esse
3559 2190 3776 2236 conten-

2184 2266 2338 2335 dunt,
2373 2276 2426 2322 et
2455 2268 2782 2339 corpulentis
2831 2270 3125 2326 seminibus
3164 2271 3383 2328 exoriri.
3418 2272 3541 2340 Quo
3570 2287 3778 2342 perver-

2186 2361 2299 2416 sius
2325 2361 2452 2431 quid
2475 2362 2580 2416 dici
2610 2362 2829 2431 potest?
2857 2381 2876 2414 ι
2906 2362 2973 2417 Et
3003 2364 3054 2418 in
3084 2363 3185 2420 hoc
3207 2378 3372 2420 sensu
3396 2374 3627 2420 sanctus
3648 2364 3778 2419 Tho-

2188 2468 2326 2519 mas,
2358 2462 2497 2519 part.
2533 2469 2567 2519 l,
2602 2463 2793 2524 quaest.
2829 2454 2957 2518 118,
2987 2464 3092 2509 art.
3123 2455 3179 2521 2,
3211 2456 3307 2523 ait,
3343 2456 3643 2511 hwreticum
3685 2472 3776 2509 esse

2186 2544 2369 2601 dicere
2416 2544 2651 2599 animam
2682 2544 2888 2600 traduci
2920 2561 3041 2600 cum
3093 2546 3323 2615 semine,
3362 2562 3563 2617 nempe
3594 2562 3777 2616 corpo-

2187 2652 2303 2704 reo,
2339 2647 2395 2692 ut
2417 2637 2536 2708 ipse
2560 2637 2757 2693 ibidem
2788 2637 3001 2708 probat,
3050 2641 3103 2693 in
3145 2655 3252 2709 quo
3280 2654 3441 2695 sensu
3481 2641 3776 2695 communi-

2187 2740 2268 2787 ter
2314 2732 2477 2787 etiam
2522 2731 2855 2799 scholastici,
2882 2731 2938 2799 2,
2970 2731 3101 2786 dist.
3136 2733 3197 2785 17
3228 2744 3284 2787 et
3314 2731 3398 2797 18,
3451 2733 3773 2788 sententiam

2186 2824 2254 2880 de
2286 2823 2505 2881 traduce
2553 2825 2851 2879 animarum
2906 2824 3172 2894 rejiciunt.
3207 2829 3276 2880 At
3326 2835 3546 2881 sanctus
3591 2827 3775 2882 doctor

2186 2932 2459 2987 nunquam
2490 2916 2557 2972 de
2592 2916 2693 2971 hoc
2739 2917 2901 2972 modo
2928 2918 3244 2973 Tertulliani
3290 2918 3638 2974 traducenda:
3670 2920 3775 2975 ani-

2185 3023 2289 3063 mas
2318 3006 2603 3074 dubitavit,
2637 3006 2732 3062 sed
2762 3008 3011 3063 eumdem
3042 3017 3154 3063 tum
3186 3008 3238 3063 in
3286 3023 3349 3065 ea
3380 3009 3635 3079 epistola,
3672 3017 3774 3066 tum

2186 3101 2283 3157 lib.
2314 3118 2347 3155 x
2374 3100 2442 3156 de
2467 3100 2626 3166 Gen.,
2658 3115 2774 3171 cap.
2808 3099 2900 3168 25,
2931 3100 3184 3171 explosit,
3234 3110 3396 3171 atque
3426 3102 3774 3158 incredibilius

2183 3194 2376 3266 dogma
2395 3192 2783 3264 pronuntiavit.
2802 3193 2909 3250 Sed
2925 3192 3188 3248 dubitavit
3202 3194 3535 3262 Augustinus
3558 3213 3577 3247 ι
3599 3204 3773 3250 utrum

562 3289 916 3347 Bellarminus
963 3292 1211 3349 concedit
1248 3294 1603 3363 Augustinum
1643 3296 1711 3352 de
1737 3298 1933 3351 anima:
1970 3297 2080 3352 ori-
2105 3290 2155 3357 C
2184 3300 2557 3343 INCORPOBEUH
2616 3299 2801 3342 Semen
2852 3284 3031 3340 auima
3058 3300 3155 3340 sua
3187 3286 3415 3356 quadam
3468 3288 3685 3342 οεοιιιίει
3726 3297 3775 3343 ει

491 3384 962 3453 gine-dubitasse;
996 3387 1143 3443 addit
1172 3396 1350 3444 tamen
1382 3390 1435 3443 in
1486 3392 1701 3461 scriptis
1753 3401 1872 3461 post
1912 3392 2081 3450 libros

493 3476 563 3530 de
600 3476 798 3532 Genesi
828 3479 894 3531 ad
944 3478 1171 3534 litteram
1211 3482 1529 3549 apertissime
1568 3480 1821 3551 refellisse
1862 3495 2081 3541 senten-

498 3568 624 3623 tiam
671 3568 739 3623 de
770 3569 989 3625 traduce
1031 3572 1354 3640 animarum,
1394 3572 1536 3642 quod
1584 3572 1640 3627 in
1682 3574 1841 3643 epist.
1880 3574 1981 3628 157
2008 3575 2077 3632 ad

494 3660 746 3730 Optatum
788 3661 903 3717 haec
942 3662 1183 3720 scribat:
1214 3682 1233 3716 ι
1258 3663 1441 3734 Itaque
1480 3664 1558 3719 illi
1603 3664 1692 3735 qui
1730 3666 2077 3737 propaginem

492 3755 793 3810 animarum
835 3757 1230 3813 inconsiderata
1272 3758 1571 3814 temeritate
1614 3757 1937 3827 defendunt;
1970 3779 1989 3812 ι
2024 3770 2081 3816 et

492 3847 764 3915 superius,
796 3849 1022 3916 loquens
1072 3849 1139 3904 de
1191 3850 1452 3907 sententia
1481 3849 1820 3917 Tertulliani,
1864 3853 1951 3921 qui
1984 3867 2080 3922 po-

492 3938 658 3993 nebat
690 3938 965 3996 traducem
1006 3940 1333 4009 animarum,
1371 3942 1557 3998 dicat:
1593 3960 1611 3994 (
1641 3941 1758 4010 Quo
1786 3943 1913 4013 quid
1957 3959 2079 4014 per-

493 4030 845 4087 versius-dici
887 4032 1112 4101 potest?
1141 4051 1161 4086 ι
1211 4032 1327 4087 Νοιι
1379 4035 1666 4100 assentior,
1707 4049 1827 4089 cum
1888 4035 1942 4090 in
1986 4035 2076 4091 illa

492 4125 715 4193 epistola
768 4124 940 4181 adhuc
984 4140 1043 4181 se
1088 4125 1333 4181 dubitare
1364 4125 1630 4193 fateatur;
1686 4142 1810 4181 nam
1852 4128 2076 4182 recitata

496 4225 725 4285 utraque
751 4218 1005 4285 opinione
1030 4217 1099 4273 de
1120 4218 1395 4274 creatione
1424 4226 1481 4273 et
1508 4218 1729 4273 traduce
1750 4220 2073 4290 animarum,

493 4307 647 4363 initio
678 4310 858 4365 statim
907 4310 1147 4380 epistolae
1190 4311 1305 4367 ait:
1342 4329 1360 4363 ι
1390 4310 1626 4379 Quarum
1672 4321 1851 4369 autem
1893 4328 2074 4369 rerum

493 4409 655 4470 atque
696 4414 975 4457 causarum
1019 4400 1451 4457 consideratione
1508 4416 1847 4471 permovear,
1906 4413 1967 4459 ut
2021 4404 2074 4459 in

494 4502 739 4549 neutram
771 4494 1123 4550 assertionem
1169 4508 1320 4549 meus
1362 4493 1646 4550 inclinetur
1671 4509 1943 4561 assensus,
1980 4495 2076 4551 sed

494 4602 670 4642 ADllUC
700 4587 840 4643 inter
863 4596 1146 4659 utramque
1183 4588 1499 4657 disceptem.
1535 4607 1554 4640 ι
1588 4587 1655 4643 Et
1681 4587 1776 4642 lib.
1806 4603 1822 4641 ι
1858 4588 1925 4642 de
1953 4586 2076 4643 Ori-

2183 3381 2437 3438 invisibili
2468 3381 2553 3435 via
2596 3393 2840 3435 seorsum
2889 3394 2955 3435 ex
3003 3387 3157 3449 patre
3199 3388 3384 3434 currat
3423 3382 3480 3435 in
3526 3390 3770 3447 matrem,

2182 3492 2305 3534 cum
2337 3477 2397 3533 fit
2437 3484 2729 3546 conceptus
2752 3474 2807 3529 in
2835 3474 3055 3529 femina.
3085 3492 3105 3527 ι
3137 3474 3195 3529 1n
3224 3474 3414 3530 eadem
3458 3476 3621 3545 epist.
3656 3476 3770 3531 157.

2183 3567 2261 3623 De
2282 3567 2349 3621 iis
2378 3580 2505 3622 vero
2529 3567 2619 3636 qui
2651 3565 2845 3621 minori
2874 3580 2997 3621 cum
3025 3564 3342 3621 difficultate
3370 3565 3652 3621 traducem
3682 3568 3767 3621 de-

2183 3660 2492 3725 fendebant,
2524 3656 2711 3713 scribit
2739 3656 2837 3712 lib.
2872 3672 2907 3711 ι
2938 3656 3006 3712 de
3052 3655 3188 3713 Gen.
3239 3658 3309 3712 ad
3339 3658 3469 3725 litt.,
3498 3673 3623 3729 cap.
3655 3658 3763 3714 20:

2189 3771 2207 3804 ι
2231 3751 2335 3807 Per
2372 3765 2556 3806 semen
2587 3750 2785 3820 quippe
2822 3749 3230 3805 concumbentis
3269 3750 3438 3819 patris
3469 3751 3767 3805 transfundi

2181 3845 2345 3900 etiam
2374 3857 2560 3900 semen
2589 3843 2785 3897 animae
2811 3841 3018 3897 volunt.
3046 3861 3066 3894 ι
3100 3840 3235 3896 Nam
3266 3842 3506 3897 animam
3540 3844 3768 3898 rationa-

2182 3937 2284 3993 lem
2308 3952 2373 3993 ex
2403 3935 2629 3993 materia
2650 3949 2909 4006 corporea
2937 3934 3135 3992 factam
3162 3936 3331 3993 fuisse
3358 3936 3436 3992 illi
3466 3937 3571 3992 soli
3592 3937 3767 3993 dixere

2180 4033 2271 4103 qui
2300 4032 2549 4087 eamdem
2579 4044 2777 4100 corpus
2807 4042 2929 4086 esse
2962 4038 3216 4100 putarunt
3242 4044 3309 4083 ex
3340 4028 3644 4099 Augustino
3674 4026 3763 4083 lib.

2184 4139 2257 4177 vn
2294 4123 2362 4179 de
2389 4121 2548 4192 Gen.,
2593 4136 2713 4192 cap.
2755 4120 2810 4191 9,
2855 4130 3043 4176 contra
3081 4135 3217 4191 quos
3260 4120 3317 4176 in
3363 4136 3430 4177 eo
3462 4122 3602 4177 libro
3631 4121 3763 4177 idem

2179 4218 2489 4275 acutissime
2533 4216 2791 4287 diSputat.
2834 4215 3011 4284 Quare
3059 4228 3289 4271 censura
3345 4215 3436 4271 illa
3487 4216 3762 4288 Augustini

2178 4326 2272 4366 eos
2300 4317 2505 4364 tantum
2534 4306 2845 4378 perstringit
2875 4307 2967 4377 qui
2990 4307 3224 4362 animam
3252 4322 3600 4378 corpoream,
3619 4311 3761 4381 juxta

2178 4399 2491 4458 Tertulliani
2517 4413 2777 4466 errorem,
2819 4413 2887 4454 ex
2916 4399 3247 4468 corpulentis
3277 4398 3584 4457 seminibus
3609 4399 3758 4469 origi-

2180 4511 2303 4553 nem
2333 4493 2551 4550 trahere
2587 4493 2987 4548 asseverabant.
3020 4492 3243 4560 Qualem
3275 4508 3408 4550 vero
3436 4509 3499 4550 se
3549 4495 3758 4549 exhibe-

2178 4598 2263 4645 ret
2300 4584 2629 4657 Augustinus
2667 4600 2794 4656 erga
2834 4594 3116 4654 utramque
3151 4586 3477 4641 sententiam
3523 4588 3758 4641 audiatur

492 4677 616 4747 gine
665 4680 880 4745 animas,
920 4694 1040 4749 cap.
1087 4680 1174 4750 16,
1220 4679 1289 4734 de
1346 4679 1566 4735 traduce
1612 4680 1914 4733 animarum
1955 4679 2030 4734 ait
2058 4697 2073 4735 :
2098 4676 2154 4738 D
2181 4680 2273 4737 lib.
2300 4695 2330 4733 x
2355 4678 2422 4735 de
2451 4679 2612 4744 Gen.,
2642 4691 2761 4745 cap.
2783 4675 2847 4730 21
2880 4692 2893 4729 :
2928 4694 2948 4728 ι
2984 4676 3095 4746 Ego
3124 4676 3299 4731 adhuc
3339 4676 3483 4732 inter
3514 4687 3756 4744 utrosque

498 4787 520 4821 ε
553 4771 664 4841 Ego
712 4785 811 4826 nec
835 4770 1089 4838 defendo,
1121 4785 1222 4826 nec
1251 4770 1461 4827 refello.
1499 4789 1517 4823 ι
1551 4770 1661 4826 Hos
1694 4779 1874 4826 autem
1906 4770 2075 4828 libros
2108 4766 2113 4771 ’

488 4872 707 4917 sanctus
733 4863 921 4919 doctor
950 4865 1253 4934 composuit
1278 4872 1401 4933 post
1428 4864 1572 4926 illam
1603 4863 1886 4933 epistolam
1910 4879 2071 4934 quam

485 4950 733 5010 Caesarea
770 4954 919 5011 dedit
937 4954 1004 5009 ad
1031 4954 1304 5023 Optatum,
1347 4963 1405 5009 ut
1424 4953 1760 5009 ostendimus
1787 4952 1922 5010 lib.1
1952 4955 2077 5011 His-

487 5057 591 5102 tor.
628 5048 835 5117 Pelag.,
883 5061 1006 5117 cap.
1034 5046 1135 5114 15;
1163 5048 1217 5102 in
1247 5045 1313 5101 iis
1341 5054 1523 5102 autem
1553 5044 1703 5102 libris
1730 5060 1883 5101 suam
1904 5044 2074 5115 ;dubi-

490 5139 748 5195 tationem
779 5138 1049 5195 fusissime
1074 5138 1314 5195 defendit
1342 5148 1530 5195 contra
1552 5138 1822 5194 Vincentii
1847 5139 2078 5196 Victoris

485 5231 960 5301 reprehensiones.
1011 5232 1184 5289 Solvit
1209 5242 1388 5288 tamen
1426 5232 1502 5289 ibi
1531 5246 1683 5289 more
1721 5233 1885 5288 solito
1914 5246 2073 5302 argu-

484 5333 666 5377 menta
704 5323 982 5395 utriusque
1010 5326 1317 5391 sententiae,
1339 5324 1483 5395 quod
1511 5338 1621 5380 non
1650 5333 1734 5380 est
1757 5322 2071 5393 Opinionem

480 5415 550 5471 de
579 5416 796 5472 traduce
825 5417 1093 5487 refellere,
1121 5418 1217 5475 sed
1244 5417 1489 5489 ejusdem
1513 5416 1951 5474 incertitudinem
1982 5416 2072 5473 de-

481 5517 804 5566 monstrare.
842 5510 978 5565 Hinc
1022 5510 1162 5567 illius
1189 5518 1494 5567 assertores
1534 5507 1945 5564 inconsiderata:
1988 5516 2071 5564 te-

483 5600 749 5656 meritatis
775 5604 970 5671 arguit,
994 5618 1100 5657 non
1122 5600 1264 5672 quod
1298 5610 1507 5671 putaret
1533 5600 1656 5656 illos
1686 5599 1879 5655 falsum
1915 5612 2067 5656 asse-

480 5707 624 5758 rere,
651 5693 747 5749 sed
772 5694 914 5764 quod
940 5694 1183 5763 culparet
1215 5704 1515 5766 promptam
1538 5708 1723 5749 eorum
1762 5692 2063 5761 audaciam,

482 5804 583 5856 qua
618 5788 925 5858 opinionem
975 5806 1080 5846 non
1117 5791 1279 5847 certis
1308 5791 1637 5862 argumentis
1664 5790 1957 5848 stabilitam
1990 5790 2067 5846 uti

480 5893 658 5934 veram
706 5884 1046 5943 contentiosa
1084 5884 1461 5953 defenderent,
1509 5885 1655 5952 quia.
1695 5892 1755 5940 ut
1801 5884 1972 5954 tnquit
2011 5884 2065 5926 ³η

2173 4770 2408 4840 ambigo,
2450 4778 2505 4824 et
2532 4780 2755 4823 moveor
2782 4766 3069 4837 aliquando
3113 4767 3215 4832 sic,
3264 4767 3561 4837 aliquando
3589 4778 3752 4823 autem

2175 4864 2273 4919 sic.
2305 4880 2325 4915 ι
2357 4860 2428 4916 Ει
2448 4875 2567 4930 cap.
2602 4858 2711 4914 25:
2745 4876 2763 4910 ι
2790 4858 3069 4914 Admoneo
3098 4874 3250 4923 sane,
3280 4860 3477 4927 inquit,
3510 4871 3751 4929 quantum

2174 4952 2353 5020 valeo,
2391 4951 2439 5005 si
2481 4965 2619 5021 quos
2646 4949 2749 5005 ista
2797 4949 3195 5020 praeoccupavit
3226 4949 3431 5020 Opinio,
3476 4961 3533 5006 nt
3560 4954 3751 5007 animas

2177 5060 2243 5102 ex
2281 5042 2593 5115 parentibus
2636 5042 2863 5100 credant
2885 5043 3196 5113 propagari,
3229 5054 3490 5114 quantum
3538 5053 3748 5116 possunt

2176 5152 2236 5193 se
2262 5138 2410 5207 ipsos
2434 5134 2799 5201 considerent,
2827 5142 2884 5191 et
2910 5134 3125 5191 interim
3146 5136 3361 5206 sapiant
3385 5150 3610 5208 corpora
3646 5152 3748 5191 non

2180 5242 2300 5285 esse
2326 5229 2535 5284 animas
2558 5242 2704 5284 suas.
2729 5246 2749 5280 ι
2791 5227 2868 5283 Ex
2892 5226 3084 5297 quibus
3112 5227 3350 5285 Adamns
3378 5229 3575 5286 iterum
3602 5229 3749 5287 refel-

2177 5322 2324 5390 litur,
2380 5321 2509 5378 dum
2549 5320 2737 5376 scribit
2788 5320 3148 5389 Augustinum
3187 5320 3491 5378 credidisse
3531 5322 3745 5378 animam

2176 5430 2297 5474 esse
2322 5429 2659 5486 corpoream,
2700 5428 2864 5485 quem
2894 5427 3141 5472 errorem
3182 5424 3405 5472 sanctus
3434 5419 3617 5473 doctor
3641 5421 3745 5469 toto

2173 5524 2240 5567 eo
2266 5510 2406 5567 libro
2431 5508 2790 5580 persequitur.

2247 5602 2626 5668 Bellarminus,
2655 5608 2712 5655 ut
2734 5599 2927 5671 probet
2951 5614 3022 5657 ex
3054 5600 3345 5657 traditione
3385 5598 3737 5658 ecclesiastica

2179 5695 2385 5751 animas
2414 5710 2445 5749 a
2479 5693 2587 5749 Deo
2624 5693 2817 5760 creari,
2850 5693 3138 5749 nonnullos
3184 5692 3374 5751 Patres
3400 5692 3627 5761 adducit,
3654 5689 3739 5761 qui

2176 5788 2390 5846 etiamsi
2431 5789 2614 5859 aliquo
2646 5788 2808 5845 modo
2834 5787 3089 5858 explicari
3137 5796 3381 5858 possent,
3412 5788 3557 5844 nullo
3597 5785 3740 5843 nobis

2173 5879 2559 5951 impedimento
2613 5893 2735 5938 esse
2785 5878 3003 5942 debent,
3056 5894 3179 5964 nam
3238 5878 3381 5949 apud
3440 5880 3639 5937 Graecos
3678 5877 3735 5932 in
