3962 6346
219 436 325 493 697

1397 433 1718 492 VlNDlCI/E
1759 433 2308 495 AUGUSTINIANAZ.

3378 434 3480 489 698

220 553 485 612 Orientali
516 552 753 609 Ecclesia
777 551 978 609 crcatio
1016 566 1310 609 animarum
1341 553 1695 608 communiter
1718 558 1801 607 te—
1828 580 1883 638 Α
1908 560 2121 605 sanctus
2151 551 2479 621 Augustinus
2518 553 2751 624 disputat
2792 553 2844 607 in
2871 550 3097 622 epistola
3117 549 3189 607 28
3236 550 3303 605 ad
3352 550 3477 606 llic-

217 650 474 705 nehatur.
502 646 653 716 Apud
684 645 1054 702 Occidentales
1080 662 1207 702 vero
1228 689 1243 713 ,
1283 656 1419 703 teste
1449 647 1798 716 Hieronymo,

217 741 408 812 opinio
433 740 501 795 de
531 738 749 796 traduce
773 740 1118 809 praevalebat.
1152 739 1295 795 ldent
1318 739 1477 797 Pater
1504 740 1659 795 initio
1686 738 1805 809 qui-

219 835 350 890 dem
377 834 516 889 hanc
540 832 828 889 secundam
852 834 1171 890 sententiam
1206 833 1461 890 irridebat
1480 834 1530 887 in
1556 847 1675 903 cap.
1706 832 1799 887 ult.

214 927 612 997 Ecclesiastici,
651 933 857 984 mortus
883 927 987 984 illis
1028 929 1207 985 verbis
1236 946 1247 983 :
1276 927 1341 981 Et
1390 929 1599 998 spiritus
1628 929 1803 982 redeat

214 1023 288 1076 ad
320 1022 504 1089 Deum,
535 1023 624 1093 qui
653 1022 794 1076 dedit
841 1022 1012 1089 illum,
1044 1038 1185 1079 vers.
1214 1022 1266 1078 7.
1298 1021 1402 1078 Sed
1433 1021 1531 1077 hoc
1561 1021 1801 1076 testimo-

215 1115 370 1169 nium
400 1114 617 1185 egregie
670 1114 1053 1185 interpretatur
1099 1116 1325 1185 August.
1363 1115 1457 1172 lib.
1492 1132 1526 1170 x
1552 1116 1617 1171 de
1639 1114 1801 1181 Gen.,

211 1220 337 1277 cap.
370 1210 424 1275 9,
450 1216 506 1262 et
529 1220 650 1261 cum
673 1206 723 1261 in
751 1205 909 1276 epist.
937 1205 1007 1260 28
1046 1208 1112 1262 ad
1143 1208 1387 1263 eumdem
1420 1208 1801 1279 Hieronymum

210 1298 545 1354 ostendisset
569 1312 693 1353 eum
725 1298 901 1354 locum
941 1302 1057 1371 plus
1082 1299 1358 1370 suffragari
1377 1301 1450 1355 eia
1476 1301 1563 1371 qui
1608 1317 1669 1355 ea:
1698 1316 1805 1355 una

212 1399 405 1459 putant
430 1404 603 1443 omnes
626 1405 731 1445 esse
759 1392 979 1458 animas,
1013 1406 1119 1448 non
1150 1393 1377 1463 amplius
1399 1392 1718 1448 sententiam
1738 1393 1805 1449 de

212 1481 441 1537 traduce
483 1480 843 1553 Hieronymus
880 1483 1073 1550 irrisit,
1107 1484 1201 1539 sed
1258 1483 1469 1540 laudata
1523 1484 1805 1553 Augustini

209 1570 491 1641 diligentia
511 1573 565 1626 in
595 1573 926 1643 explicandis
967 1590 1136 1630 sacra:
1167 1574 1460 1646 Scriptura:
1487 1577 1805 1632 testimoniis

206 1662 450 1719 adhibita
474 1665 749 1734 rescripsit
774 1667 933 1734 epist.
960 1665 1027 1721 30
1044 1664 1183 1735 apud
1196 1666 1547 1735 Augustinum
1578 1681 1593 1719 :
1628 1666 1804 1721 Unus.

208 1758 429 1827 quisque
453 1757 509 1811 in
537 1773 632 1812 suo
659 1774 812 1813 sensu
833 1758 1077 1827 abundet,
1112 1769 1446 1816 contestatus
1473 1759 1607 1815 nihil
1636 1776 1695 1816 se
1750 1762 1803 1816 in

209 1849 414 1905 litteris
464 1850 779 1919 Augustini,
835 1851 889 1907 in
940 1851 1129 1921 quibus
1179 1852 1437 1908 latissime
1480 1854 1547 1909 de
1598 1855 1804 1926 origine

1909 661 2217 716 ronymum,
2254 646 2429 702 nullus
2446 648 2674 704 fortasse
2690 648 2978 717 Scripturte
2992 648 3138 702 locus
3152 647 3471 711 invenietur,

1905 738 1960 793 in
1991 754 2097 809 quo
2123 740 2406 809 perspicue
2459 741 2713 795 doceatur
2737 742 2943 796 animas
2974 754 3080 795 non
3121 738 3234 794 fieri
3265 754 3330 794 ex
3356 752 3479 809 pro-

1905 832 2120 901 pagine,
2144 831 2238 886 sed
2263 832 2451 887 creari.
2484 852 2503 885 ι
2528 832 2701 900 Quare
2721 835 2997 887 secundum
3025 833 3221 904 eloquia
3243 831 3473 888 Salvato-

1904 924 1975 978 ris
2005 923 2145 979 haud
2169 925 2448 994 perspicue
2476 926 2727 980 statuitur
2766 936 3027 982 assertum
3056 926 3187 982 illud
3228 926 3295 982 de
3319 941 3476 982 crea-

1908 1015 2053 1070 tione
2080 1016 2397 1081 auimarum,
2433 1026 2486 1072 et
2537 1018 2613 1072 sic
2658 1017 3019 1074 Bellarminus
3069 1035 3099 1073 a
3152 1020 3479 1092 Hieronymo

1905 1106 2153 1177 discedit,
2181 1124 2341 1179 quem
2367 1124 2461 1177 pro
2484 1122 2541 1163 se
2562 1109 2907 1179 produxerat,
2935 1124 3106 1179 neque
3126 1110 3228 1166 erit
3252 1110 3480 1180 amplius

1906 1208 2171 1255 assertum
2220 1198 2665 1267 ecclesiasticum,
2698 1216 2820 1257 cum
2866 1217 2931 1256 eo
2986 1201 3137 1256 titulo
3188 1211 3389 1257 tantum
3449 1218 3481 1259 a

1908 1294 2239 1365 Hieronymo
2317 1295 2564 1365 dicatur,
2613 1298 2753 1367 quod
2824 1296 2893 1350 sit
2956 1297 3231 1349 secundum
3282 1295 3483 1365 eloquia

1908 1384 2217 1455 Saluatoris,
2243 1386 2397 1458 juxta
2442 1387 2852 1459 explicationem
2875 1396 3152 1443 auctorum
3182 1386 3325 1442 illius
3356 1400 3481 1443 sen-

1906 1480 2107 1536 tentiae.
3172 1482 3176 1486 ’

1938 1582 1941 1585 '
1978 1574 2215 1642 Opponit
2237 1574 2377 1629 idem
2404 1582 2592 1631 auctor
2614 1574 2847 1630 Leonem
2872 1574 3138 1643 Magnum,
3172 1571 3226 1627 in
3256 1571 3481 1641 epistola

1905 1664 1971 1718 ad
1996 1664 2293 1731 Turibium,
2334 1680 2451 1736 cap.
2511 1667 2600 1734 10,
2646 1665 2760 1720 haec
2811 1664 3044 1718 Scribere
3079 1681 3094 1718 :
3131 1681 3151 1715 ι
3214 1661 3485 1718 Catholica

1909 1755 2042 1811 fides
2062 1766 2371 1812 constanter
2399 1756 2652 1827 praedicat
2678 1754 2837 1825 atque
2886 1755 3174 1820 veraciter,
3198 1753 3339 1824 quod
3368 1753 3485 1807 ani-

1912 1863 2014 1903 ma-
2044 1848 2342 1913 hominum,
2368 1850 2677 1919 priusquam
2708 1848 2816 1903 suis
2844 1848 3237 1918 inspirarentur
3289 1859 3485 1915 corpo-

204 1941 405 1996 animae
424 1941 739 2011 disputavit,
758 1942 1258 2013 reprehendendum
1282 1954 1487 2014 putare.
1516 1944 1801 2002 Commen-
1831 1974 1881 2036 Β
1906 1940 2079 2009 ribus,
2110 1955 2214 1996 non
2246 1940 2415 2006 fuere,
2451 1956 2549 1996 nec
2577 1942 2643 1995 ab
2672 1940 2784 1995 ullo
2810 1941 3219 2007 incorporentur
3274 1938 3374 1993 nisi
3415 1935 3483 1991 ab

204 2036 378 2091 tarios
398 2046 576 2092 autem
606 2037 660 2091 in
692 2036 1074 2096 Ecclesiastem
1097 2038 1440 2109 scripsitante
1454 2056 1616 2095 annos
1644 2040 1802 2111 ferme

204 2130 384 2183 decem
413 2145 572 2199 quam
617 2129 879 2186 scriberet
910 2129 976 2185 ad
1011 2131 1409 2188 Pammachium
1440 2144 1625 2188 contra
1648 2149 1801 2190 erro-

202 2234 299 2275 res
322 2220 547 2275 Joannis
572 2220 1046 2292 Hierosolymitani
1064 2262 1080 2289 ,
1109 2237 1250 2278 anno
1278 2239 1475 2294 nempe
1502 2224 1607 2280 483
1631 2242 1645 2280 :
1676 2241 1801 2281 nam

202 2312 434 2381 epistola
465 2312 556 2367 illa
591 2313 713 2369 data
742 2323 824 2369 est
873 2327 1014 2369 anno
1061 2313 1188 2385 495,
1214 2324 1273 2371 ut
1317 2316 1527 2373 erudite
1578 2332 1729 2375 num.
1764 2317 1798 2372 2

204 2402 328 2471 ejus
349 2403 476 2458 anni
507 2405 700 2473 probat
731 2404 1013 2462 Baronius.
1043 2404 1176 2461 Cum
1202 2422 1331 2463 vero
1360 2407 1485 2462 libri
1516 2408 1799 2479 Augustini

206 2506 311 2562 per
338 2492 634 2548 Ecclesiam
666 2494 822 2551 avide
871 2494 1197 2564 legerentur,
1222 2497 1579 2565 sapientiores
1606 2499 1801 2570 quique

208 2596 340 2637 cum
370 2584 671 2654 Augustino
699 2585 945 2642 dubitare
981 2596 1258 2656 cmperant
1283 2587 1337 2642 in
1383 2596 1629 2644 neutram
1678 2606 1801 2661 par-

207 2682 320 2731 tem
374 2676 717 2745 inclinantes,
767 2688 826 2733 ut
867 2678 1379 2746 demonstravimus,
1434 2696 1626 2751 magna
1678 2699 1800 2739 cum

208 2768 498 2838 Augustini
518 2770 710 2839 gloria,
737 2784 860 2826 cum
908 2771 1095 2827 Patres
1148 2771 1427 2829 subsecuti
1472 2776 1603 2829 tanti
1658 2776 1800 2833 illius

205 2861 588 2916 auctoritatem
618 2862 863 2930 fecerint,
892 2873 951 2918 ut
1003 2878 1111 2919 non
1162 2865 1321 2920 modo
1372 2866 1674 2933 docentem,
1705 2868 1800 2923 sed

208 2953 379 3009 etiam
401 2953 735 3011 dubitantem
761 2956 913 3027 sequi
952 2958 1244 3023 voluerint,
1277 2960 1429 3027 quasi
1454 2960 1801 3029 desperantes

201 3050 489 3109 veritatem
512 3052 660 3108 illam
688 3053 925 3123 assequi,
951 3052 1017 3108 ad
1042 3068 1201 3124 quam
1230 3054 1511 3123 Augustini
1530 3055 1799 3125 ingenium

206 3145 502 3215 pervenire
530 3162 635 3202 non
659 3157 926 3218 potuerat.
960 3147 1143 3218 Itaque
1194 3156 1411 3204 sanctus
1441 3148 1630 3204 doctor
1653 3158 1800 3205 tanto

201 3240 392 3295 studio
421 3254 487 3295 ac
538 3239 812 3310 diligentia
866 3240 1047 3294 omnia
1093 3239 1487 3310 Scripturarum
1536 3242 1651 3296 loca
1703 3257 1797 3310 pro

1906 2032 2096 2102 opifice
2126 2033 2257 2099 Deo,
2282 2034 2371 2102 qui
2396 2034 2628 2102 ipsarum
2652 2041 2734 2088 est
2764 2043 2975 2087 creator
3014 2039 3068 2088 et
3114 2044 3421 2099 corporum.
3458 2046 3476 2081 ι

1904 2124 2011 2179 Sed
2036 2123 2109 2178 ibi
2138 2123 2375 2194 pontifex
2401 2126 2647 2195 Origeuis
2690 2125 3007 2180 sententiam
3057 2125 3126 2180 de
3171 2124 3385 2193 antiqua
3418 2136 3482 2177 ac

1906 2218 2227 2274 simultanea
2257 2222 2495 2275 omnium
2546 2220 2847 2274 animarum
2900 2219 3170 2274 creatione
3220 2216 3482 2281 confutat,

1903 2321 1962 2367 ut
1989 2321 2131 2381 patet
2157 2329 2222 2368 ex
2262 2312 2351 2367 illa
2404 2313 2627 2382 epistola
2685 2313 2956 2380 9l,initio
3004 2328 3127 2382 cap.
3162 2311 3257 2376 10;
3310 2323 3487 2379 neque

1904 2407 2082 2462 minus
2101 2406 2296 2462 dicitur
2327 2406 2523 2462 ibidem
2547 2407 2692 2462 Deus
2736 2416 2948 2463 creator
2978 2420 3260 2475 corporum
3285 2419 3346 2459 ac
3374 2404 3487 2456 ani-

1904 2514 2142 2564 marum;
2173 2499 2313 2554 unde
2338 2500 2474 2554 sicut
2497 2514 2562 2554 ex
2594 2500 2685 2553 illo
2712 2499 2870 2553 modo
2901 2498 3153 2568 loquendi
3184 2511 3287 2550 non
3319 2495 3488 2551 dedu-

1904 2592 2043 2646 citur
2072 2607 2266 2662 corpus
2304 2607 2408 2645 non
2436 2606 2555 2647 esse
2586 2605 2651 2646 ex
2695 2591 2932 2655 traduce,
2963 2590 3108 2644 nullo
3159 2589 3284 2643 item
3328 2586 3488 2642 modo

1908 2683 2097 2738 inferri
2129 2693 2303 2753 potest
2336 2699 2439 2738 non
2471 2683 2583 2737 fieri
2615 2698 2683 2739 ex
2739 2682 2958 2737 traduce
3012 2683 3181 2750 ipsam
3227 2681 3484 2735 animam.

1905 2776 2071 2833 Addit
2112 2776 2344 2830 Leonem
2395 2775 2641 2831 eumdem
2686 2776 2843 2842 epist.
2877 2774 2931 2827 ll
2971 2773 3037 2827 ad
3090 2770 3381 2837 Julianum,
3416 2772 3489 2823 ita

1906 2869 2051 2939 loqui
2078 2870 2144 2923 de
2166 2869 2340 2923 anima
2363 2866 2570 2922 Christi
2601 2885 2615 2921 :
2645 2884 2664 2918 ‹
2702 2865 2811 2921 Nec
2833 2865 2938 2919 alio
2982 2864 3055 2918 illi
3086 2878 3242 2933 quam
3276 2860 3489 2916 caeteris

1907 2967 2215 3023 hominibus
2242 2966 2417 3021 anima
2447 2974 2530 3019 est
2551 2964 2809 3032 inspirata
2840 2960 3121 3030 principio,
3146 2972 3265 3028 quae
3311 2957 3489 3012 excel-

1915 3062 2054 3116 leret
2078 3074 2181 3114 non
2213 3058 2523 3113 diversitate
2546 3056 2781 3127 generis,
2807 3054 2901 3109 sed
2965 3052 3290 3108 sublimitate
3321 3051 3489 3105 virtu—

1914 3155 1998 3210 tis.
2040 3173 2058 3206 ι
2096 3154 2163 3208 At
2193 3152 2365 3207 anima
2387 3151 2587 3206 Christi
2636 3149 2897 3219 producta
2940 3156 3023 3201 est
3052 3162 3118 3203 ex
3153 3145 3343 3211 nihilo,
3379 3160 3485 3200 non

1904 3262 1999 3316 per
2054 3246 2327 3302 traducem
2378 3252 2665 3315 propagata
2735 3258 2803 3298 ex
2851 3240 3147 3311 Augustino
3202 3239 3296 3293 lib.
3331 3254 3363 3292 x
3421 3238 3489 3293 de

202 3341 433 3401 utraque
460 3341 611 3401 parte
659 3332 886 3387 adducta
930 3346 1229 3401 exponens,
1262 3346 1376 3387 rem
1420 3332 1548 3387 satis
1577 3331 1794 3388 dubiam
1826 3354 1872 3418 ρ
1903 3340 2064 3407 Gen.,
2092 3355 2209 3407 cap.
2238 3342 2303 3393 19
2332 3346 2387 3394 et
2414 3339 2506 3402 ‘20,
2540 3336 2683 3392 unde
2721 3346 2775 3391 et
2824 3334 3148 3401 reliquorum
3209 3331 3485 3385 hominum

201 3425 348 3497 apud
373 3437 621 3496 posteros
642 3426 789 3491 fecit,
822 3425 1197 3496 suamqueillis
1214 3424 1540 3481 dubietatem
1573 3440 1798 3495 persua-

201 3522 296 3576 sit.
330 3519 904 3578 Bellarminusibidem
924 3535 991 3576 ex
1016 3520 1343 3591 Hieronymo
1371 3534 1490 3575 eam
1519 3520 1803 3576 ecclesias-

206 3613 372 3668 ticam
400 3615 739 3670 traditionem
770 3614 842 3669 ita
877 3613 1069 3683 probat
1101 3629 1114 3667 :
1145 3631 1165 3665 (
1205 3613 1260 3668 In
1290 3614 1516 3684 epistola
1540 3614 1605 3668 ad
1645 3613 1802 3669 Pam-

207 3704 489 3760 machium
512 3705 579 3760 de
607 3706 881 3761 erroribus
905 3704 1128 3760 Joannis
1180 3704 1653 3775 llierosolymitani
1677 3714 1801 3761 ante

204 3796 450 3853 medium
500 3798 741 3855 recitatis
786 3798 1070 3853 sententiis
1107 3796 1375 3867 Origenis,
1401 3797 1717 3852 Tertulliani
1748 3808 1801 3853 et

202 3892 562 3961 Apollinaris,
588 3891 968 3947 haereticorum
993 3892 1060 3947 de
1085 3894 1283 3959 anima,
1308 3892 1436 3948 dicit
1463 3910 1475 3946 :
1510 3888 1800 3945 Ecclesias-

206 3986 370 4037 ticum
401 3986 584 4053 dogma
602 4000 731 4051 esse,
757 3993 812 4037 ut
837 3983 975 4038 Deus
1018 3984 1247 4051 quotidie
1267 3985 1467 4039 animas
1485 3985 1801 4055 fabricetur;

203 4074 298 4129 ubi
339 4090 463 4130 eum
506 4085 745 4145 opponat
809 4075 1233 4131 ecclesiasticum
1280 4075 1472 4147 dogma
1521 4075 1801 4132 sententiis

205 4167 615 4235 haareticorum,
634 4168 847 4224 videtur
898 4168 1116 4225 omnino
1146 4168 1381 4224 sensisse
1402 4167 1666 4223 catholica
1696 4168 1801 4225 fide

203 4275 332 4316 esse
362 4260 654 4315 tenendum
684 4261 890 4315 animas
920 4275 1025 4315 non
1050 4261 1255 4316 traduci
1287 4275 1314 4314 a
1348 4260 1682 4329 parentibus,
1705 4260 1801 4316 sed

202 4352 409 4409 creari.
440 4373 459 4405 ›
493 4354 617 4409 Haec
638 4354 1014 4411 Bellarminus.
1048 4355 1243 4410 Verum
1295 4355 1607 4427 Hieronymi
1638 4356 1802 4412 verba

206 4444 402 4501 audire
430 4453 644 4514 praestat
672 4446 724 4501 in
769 4444 997 4514 epistola
1055 4445 1121 4499 ad
1175 4445 1624 4501 Pammachium:
1662 4463 1683 4498 ι
1718 4445 1801 4502 An

206 4546 361 4593 certe
415 4537 590 4608 (quod
628 4537 1053 4593 ecclesiasticum
1107 4547 1191 4594 est
1242 4538 1536 4594 secundum
1588 4539 1799 4609 eloquia

208 4628 543 4685 Salvatoris:
573 4628 735 4685 Pater
755 4646 914 4701 usque
943 4630 1097 4684 modo
1127 4640 1385 4700 aperatur,
1413 4638 1461 4684 et
1502 4647 1594 4702 ego
1620 4648 1801 4702 operor

1912 3432 2125 3498 animae,
2159 3431 2304 3499 juxta
2335 3430 2529 3485 Leonis
2551 3428 2853 3493 decretum,
2886 3443 2915 3482 a
2946 3426 3057 3480 Deo
3098 3434 3290 3480 creatm
3322 3424 3486 3479 fuisse

1902 3525 2184 3581 credendae
2212 3534 2357 3579 sunt.
2381 3523 2485 3579 Sed
2510 3523 2618 3578 Leo
2666 3522 2862 3577 ibidem
2914 3521 3131 3575 damnat
3180 3519 3485 3589 Opinionem

1919 3618 2236 3688 Eutychetis
2264 3631 2384 3671 cum
2415 3614 2642 3685 Origene
2664 3614 3038 3679 concinentis;
3070 3613 3275 3666 namitzi
3308 3611 3487 3681 loqui-

1902 3720 2027 3766 tur:
2060 3728 2079 3761 ‹
2118 3709 2362 3764 Arbitror
2408 3708 2551 3762 enim
2604 3706 2726 3760 talia
2783 3705 3089 3775 loquentem
3140 3704 3243 3758 hoc
3288 3703 3487 3758 habere

1902 3818 2256 3875 persuasum,
2290 3802 2430 3871 quod
2484 3800 2659 3854 anima
2717 3815 2875 3869 quam
2907 3799 3153 3854 Salvator
3196 3795 3490 3865 assumpsit

1903 3896 2053 3966 prius
2075 3894 2128 3949 in
2152 3893 2303 3948 ctelis
2333 3892 2403 3946 sit
2422 3899 2749 3945 commorata
2782 3906 2937 3959 quam
2986 3890 3051 3943 de
3081 3889 3237 3943 Maria
3266 3888 3488 3959 Virgine

1904 3996 2236 4050 nasceretur,
2261 3996 2492 4050 eamque
2518 3982 2621 4037 sibi
2645 3981 2876 4035 Verbum
2894 3982 3113 4034 intttero
3142 3980 3434 4047 eopularet.
3461 3999 3482 4033 ι

1902 4078 1982 4133 Ex
2003 4077 2195 4147 quibus
2227 4083 2391 4145 patet,
2422 4074 2527 4129 illis
2556 4073 2736 4128 verbis
2772 4092 2782 4125 :
2812 4071 2919 4125 Nec
2942 4073 3046 4125 alio
3074 4072 3173 4137 illi,
3198 4088 3353 4142 quam
3382 4087 3483 4125 cte-

1903 4173 2025 4227 teris
2053 4170 2340 4225 hominibus
2364 4169 2536 4222 anima
2590 4177 2665 4222 est
2695 4167 2946 4236 inspirata
2989 4166 3258 4234 principio,
3289 4180 3390 4218 non
3415 4167 3487 4219 Si-

1904 4263 2146 4336 gnificari
2171 4261 2523 4333 principium,
2557 4261 2698 4329 quod
2730 4261 2868 4315 idem
2899 4269 2982 4315 est
3008 4276 3067 4314 ac
3091 4273 3251 4313 causa
3290 4258 3485 4314 animae

1900 4357 2246 4428 productiva,
2280 4357 2347 4411 de
2373 4371 2478 4426 quo
2516 4356 2661 4410 nulla
2693 4366 2950 4410 eratcum
2983 4354 3484 4411 haereticocontro-

1902 4451 2103 4515 versia,
2135 4449 2229 4505 sed
2260 4449 2580 4520 principium
2603 4488 2618 4513 ,
2652 4448 2754 4503 hoc
2782 4458 2864 4502 est
2908 4448 3116 4501 initium
3162 4446 3482 4512 durationis,

1905 4545 2047 4614 quod
2074 4544 2214 4599 idem
2251 4542 2425 4598 fuerat
2468 4542 2522 4597 in
2551 4540 2763 4596 Christo
2785 4556 2846 4596 ac
2878 4542 2928 4595 in
2957 4540 3132 4609 nobis,
3167 4555 3358 4609 nempe
3389 4541 3489 4594 ini-

1906 4637 2039 4692 tiu-m
2070 4635 2282 4691 vivendi
2326 4636 2378 4690 in
2408 4650 2652 4705 corpore,
2678 4649 2783 4689 non
2808 4635 2858 4688 in
2913 4633 3065 4688 caelis
3095 4643 3219 4687 ante
3247 4632 3489 4699 corporis

208 4730 398 4801 (Joan.
422 4746 475 4799 v,
497 4731 619 4801 l7);
649 4740 705 4787 et
730 4730 861 4787 illud
886 4731 1035 4786 lsaite
1066 4747 1080 4785 :
1114 4730 1214 4798 Qui
1238 4735 1427 4799 format
1444 4732 1684 4802 spiritum
1710 4731 1803 4784 ho-
1828 4734 1879 4795 ι)
1907 4727 2307 4783 formationem.
2343 4728 2418 4781 Do
2451 4726 2613 4781 verba
2653 4726 2920 4793 pontificis
2949 4724 3016 4779 de
3044 4723 3219 4778 Verbo
3240 4724 3486 4778 scriben-

208 4824 364 4880 minis
406 4824 459 4877 in
496 4824 607 4895 ipso
642 4822 775 4893 (13a.
827 4824 958 4894 xui)
1007 4830 1102 4890 ;et
1130 4823 1184 4878 in
1213 4822 1439 4878 Psalmis
1469 4839 1484 4876 :
1514 4822 1615 4887 Qui
1652 4822 1801 4892 ﬁngit

208 4934 302 4985 per
329 4916 564 4987 singulos
590 4916 745 4970 corda
769 4932 943 4971 eorum
963 4914 1133 4987 (Psal.
1162 4915 1360 4985 χχιιι),
1387 4914 1624 4985 quotidie
1662 4914 1801 4969 Deus
1838 4928 1848 4946 ·

208 5008 508 5064 fabricetur
536 5008 768 5076 animas,
796 5017 903 5064 etc.
936 5027 954 5060 ι
1008 5007 1366 5063 Bellarminus
1392 5007 1543 5062 addit
1590 5006 1798 5076 dogma,

207 5111 263 5160 et
291 5102 417 5159 silet
438 5101 575 5169 hac,
603 5103 889 5156 secundum
934 5102 1138 5171 eloquia
1194 5100 1505 5166 Saluatoris,
1529 5114 1650 5154 cum
1678 5098 1802 5154 Ilie-

210 5197 626 5268 ronymusillud
653 5206 922 5254 assertum
968 5196 1395 5252 ecclesiasticum
1445 5194 1660 5261 dixerit,
1694 5208 1799 5249 non

212 5291 356 5360 quod
378 5298 525 5346 esset
545 5292 737 5360 dogma
771 5289 1052 5345 definitum
1077 5289 1145 5345 ab
1172 5287 1411 5343 Ecclesia
1430 5286 1712 5356 catholica,
1738 5303 1801 5342 ac

215 5382 283 5438 de
312 5382 421 5437 fide
451 5381 768 5449 tenendum,
797 5395 918 5436 cum
967 5380 1246 5450 scripserit
1272 5378 1672 5435 ecclesiasticos
1701 5378 1803 5432 Oc-

211 5475 513 5532 cidentales
564 5474 839 5530 traducem
872 5474 1047 5529 solere
1092 5473 1453 5527 communiter
1491 5469 1798 5534 defendere,

210 5575 270 5622 ut
296 5568 496 5622 fatetur
520 5566 747 5636 ipsemet
774 5565 1131 5621 Bellarminus
1159 5576 1276 5631 cap.
1304 5562 1399 5617 illo
1422 5563 1513 5629 11,
1545 5561 1572 5632 §
1601 5560 1802 5627 Quarta

213 5661 486 5725 sententia,
510 5658 633 5725 sed,
662 5667 720 5715 ut
770 5658 968 5714 ibidem
1025 5655 1223 5719 subdit,
1255 5654 1398 5724 quod
1425 5664 1569 5721 esset
1597 5667 1797 5710 secun-

212 5752 341 5807 dum
370 5750 741 5806 auctoritatem
763 5748 1078 5818 Scriptum,
1099 5745 1442 5817 quasvidetur
1466 5746 1797 5801 creationem

213 5842 516 5911 insinuare,
542 5856 661 5913 quae
690 5850 870 5897 tamen
914 5839 1033 5896 loca
1061 5837 1302 5909 explicat
1342 5837 1671 5907 Augustinus
1701 5851 1796 5892 su-

223 5933 692 6009 periuslaodatus,
719 5942 774 5994 et
795 5930 1283 6001 Bcllarminuslpse
1310 5928 1427 5987 ait:
1462 5945 1480 5983 σ
1516 5929 1713 5999 Quare,
1739 5938 1797 5987 ut

1906 4820 1975 4874 tis
2007 4836 2019 4872 :
2059 4837 2078 4869 ‹
2116 4818 2223 4873 Nec
2253 4819 2487 4872 animam
2514 4816 2655 4872 enim
2677 4859 2692 4884 ,
2726 4831 2846 4887 qua:
2888 4816 3125 4870 anterior
3170 4815 3481 4883 exstitisset,

1906 4927 2007 4969 nec
2032 4927 2269 4976 carnem,
2296 4927 2414 4981 qua:
2443 4926 2547 4966 non
2594 4911 2820 4966 materni
2863 4911 3103 4977 corporis
3133 4920 3295 4974 esset,
3327 4924 3487 4965 acce-

1908 5004 2004 5074 pit.
2043 5023 2064 5057 ι
2099 5004 2379 5069 Quomodo
2410 5006 2565 5058 ’vero
2616 5003 2961 5059 defendentes
3011 5002 3283 5057 traducem
3332 5015 3489 5059 acute

1906 5094 2197 5164 probarent
2226 5095 2459 5149 animam
2481 5094 2679 5150 Christi
2708 5094 2872 5150 fuisse
2904 5104 3138 5149 creatam
3164 5110 3193 5147 a
3219 5094 3352 5159 Deo,
3381 5110 3488 5150 non

1908 5204 2036 5244 vero
2052 5187 2288 5257 reliquas
2309 5186 2534 5242 aliorum
2580 5186 2901 5242 hominum?
2932 5186 3075 5257 Lege
3133 5186 3487 5256 Augustinum

1903 5279 1999 5335 lib.
2025 5278 2091 5334 de
2118 5279 2251 5334 Gen.
2280 5278 2375 5334 cit.
2402 5294 2472 5332 xx
2497 5279 2696 5344 “tubis
2723 5278 2865 5334 enim
2895 5279 3026 5334 satis
3053 5289 3136 5335 est
3184 5279 3490 5337 ostendisse

1906 5371 2038 5426 nihil
2066 5378 2255 5427 contra
2279 5369 2553 5424 traducem
2584 5384 2615 5424 a
2636 5369 2819 5425 Leone
2864 5384 2984 5427 esse
3003 5378 3283 5437 statutum,
3314 5380 3373 5426 ut
3399 5386 3490 5426 ec-

1906 5465 2210 5521 clesiastica
2256 5462 2349 5517 illa
2402 5462 2620 5517 traditio
2676 5463 2744 5519 de
2796 5464 3074 5519 creatione
3126 5465 3426 5520 animarum
3460 5479 3489 5518 a

1907 5555 2234 5613 Bellarmino
2265 5565 2470 5609 asserta
2494 5554 2655 5610 nullis
2704 5554 2888 5611 innixa
2929 5554 3291 5612 fundamentis
3321 5570 3487 5624 appa-

1908 5660 2042 5715 reat,
2076 5664 2194 5704 cum
2229 5648 2405 5717 potius
2432 5648 2501 5704 de
2520 5649 2713 5704 animae
2754 5649 2965 5721 origine
2989 5648 3253 5705 dubitatio
3282 5652 3488 5717 Augus-

1906 5746 2109 5800 tiniano
2155 5744 2433 5814 speculatu
2502 5742 2887 5813 corroborata,
2928 5758 3023 5813 per
3062 5743 3229 5812 'plura
3292 5739 3488 5796 saecula

1903 5836 2045 5907 apud
2075 5836 2259 5893 Patres
2282 5835 2671 5911 invaluerit,ut
2692 5838 2824 5897 satis
2842 5837 3119 5906 hucusque
3130 5843 3214 5891 est
3239 5833 3489 5888 demons-

1902 5937 2117 5987 tratum.
2600 5936 2603 5943 ‘
2692 5944 2696 5949 ‘
2819 5950 2849 5966 ν
3538 5936 3543 5942 ’
