3962 6346
449 356 554 418 699

1310 348 1872 412 SUPPLEMENTUM
1915 346 2004 407 AD
2039 344 2273 406 OPERA
2313 347 2370 407 S.
2413 345 2805 407 AUGUSTINI.

3627 343 3739 400 700

520 478 808 547 Moralnes,
841 477 929 549 qui
955 490 1076 533 eam
1108 472 1278 531 sancti
1339 472 1515 529 Patris
1561 469 1948 529 dubitationem
1980 468 2033 525 in
2062 472 2113 529 A
2143 484 2283 526 mam
2326 486 2391 526 ex
2438 470 2627 526 eadem
2672 466 2895 524 materia
2960 462 3243 536 spirituali.
3283 464 3475 522 Noster
3523 463 3742 537 Alipius

448 587 692 630 errorum
722 571 953 629 indicem
985 569 1194 643 reiecit,
1218 584 1325 625 non
1375 567 1537 624 modo
1591 566 1772 623 omnia
1800 580 1919 638 qua:
1941 579 2036 619 an-

452 664 676 741 tiquitus
706 669 845 724 dicta
873 677 998 724 sunt
1043 666 1325 739 ignoravit,
1367 665 1463 722 sed
1486 678 1585 721 nec
1611 662 1738 736 quid
1768 661 2035 720 recentio-

452 775 540 817 res
569 760 823 816 audacter
865 760 1279 832 pronuntiarunt
1326 758 1484 830 plane
1533 758 1701 814 novit.
1730 756 2035 827 Scripserat

446 851 529 908 vir
549 850 893 909 doctissimus
916 851 1257 909 Christianus
1305 848 1504 921 Lupus,
1530 864 1649 904 eum
1664 846 1839 901 adhuc
1875 844 2037 917 juve-

446 942 530 998 nis
560 942 766 1015 scripto
793 942 1026 1014 luderet,
1060 943 1111 998 in
1136 943 1448 999 defensione
1468 940 1743 1012 Apologize
1763 938 1829 993 de
1858 938 2036 993 anima

446 1033 560 1101 ovi,
591 1049 710 1106 cap.
750 1034 836 1101 15,
863 1035 1111 1091 doctores
1154 1033 1549 1105 Marpurgensis
1577 1028 1869 1086 academia:
1901 1027 2039 1083 hanc

447 1128 645 1186 thesim
703 1129 997 1186 defendere
1029 1129 1253 1184 :Am'ma
1310 1126 1578 1181 rationalis
1630 1140 1720 1195 per
1777 1122 2039 1177 traducem

452 1219 776 1289 infunditur,
804 1236 907 1275 non
931 1229 1154 1274 creatur.
1183 1219 1240 1272 lu
1272 1216 1371 1271 hac
1415 1216 1574 1272 etiam
1607 1214 1873 1270 sententia
1901 1212 2039 1268 alios

450 1330 571 1372 esse
615 1324 879 1372 testantur
926 1314 1143 1369 Vossius
1171 1312 1263 1368 lib.
1296 1328 1333 1367 ll
1386 1310 1523 1366 llist.
1580 1310 1783 1380 Pelag.,
1836 1315 1972 1379 part.
1999 1322 2038 1375 ι,

453 1409 593 1466 thesi
625 1410 817 1480 prima,
843 1415 897 1463 et
945 1406 1153 1477 Alipius
1210 1401 1425 1477 Reylof,
1455 1402 1547 1457 lib.
1582 1418 1630 1455 vi
1660 1401 1727 1457 de
1758 1400 1947 1456 Anima
1975 1397 2040 1451 ad

449 1510 685 1559 mentem
740 1499 910 1556 sancti
963 1498 1283 1571 Augustini,
1334 1511 1452 1568 cap.
1483 1494 1593 1566 2,§
1645 1493 1699 1560 5,
1758 1493 2042 1548 nominans

453 1593 793 1651 Timotheum
846 1592 1160 1667 Brighthum
1215 1586 2043 1660 Cantabrigienscm,Georgium

455 1686 721 1744 Sobnium
750 1696 804 1742 et
835 1686 1113 1742 Danielem
1156 1684 1504 1753 Sennertum,
1538 1683 1626 1753 qui
1657 1696 1777 1736 eum
1831 1680 1899 1735 ob
1926 1678 2044 1735 exi-

460 1780 622 1835 miam
654 1777 1009 1834 eruditionem
1042 1778 1181 1833 inter
1207 1775 1591 1832 celeberrimos
1636 1780 1833 1828 nostra:
1872 1770 2045 1827 aetatis

2145 560 2358 636 Reylof,
2383 564 2627 635 proxime
2655 560 2919 625 laudatus,
2948 574 3017 616 ex
3038 574 3104 616 eo
3134 558 3428 615 animarum
3460 557 3743 614 traducem

2147 656 2459 729 possibilem
2489 654 2763 723 defendit,
2791 651 2931 725 quod
2961 652 3140 708 anima
3174 660 3231 707 ut
3286 650 3377 707 Dei
3408 652 3743 707 instrumen-

2145 762 2258 808 tum
2281 751 2500 807 alteram
2531 749 2762 804 animam
2801 761 2987 803 creare
3011 755 3184 817 potest
3220 763 3232 799 ε
3264 760 3421 814 quam
3480 744 3741 797 virtutem

2146 851 2407 900 creaturae
2433 840 2817 899 communicari
2849 854 3006 909 posse
3032 838 3236 894 nobiles
3265 835 3572 893 scholastici
3600 830 3745 890 exis-

2151 941 2430 996 timarunt.
2465 937 2569 993 Sed
2622 938 2768 1008 prior
2804 934 2994 990 modus
3029 933 3199 1003 magis
3246 930 3437 1002 placet.
3464 928 3597 998 Quae
3656 927 3749 984 hic

2108 1041 2112 1044 ’
2148 1033 2303 1089 libuit
2352 1032 2659 1102 insinuare,
2697 1039 2756 1085 ut
2792 1027 3025 1084 insulsas
3075 1024 3427 1099 quorumdam
3480 1035 3749 1079 censuras

2150 1126 2411 1195 refellam,
2440 1124 2531 1197 qui
2565 1122 2916 1193 Augustinum
2949 1118 3352 1191 reprehendunt
3371 1118 3511 1189 quod
3551 1114 3752 1172 tradu-

2146 1238 2262 1280 cem
2302 1222 2597 1277 animarum
2661 1215 2990 1291 probabilem
3034 1214 3362 1281 asseruerit,
3402 1228 3519 1269 cum
3555 1222 3753 1267 tamen

2147 1317 2428 1374 evidenter
2452 1322 2663 1371 constet
2696 1312 2906 1367 animas
2936 1327 3040 1367 non
3069 1324 3227 1381 posse
3252 1308 3405 1365 educi
3457 1307 3525 1364 de
3547 1316 3754 1378 poten-

2150 1411 2219 1465 tia
2244 1410 2484 1466 materiae
2508 1422 2806 1479 corporeae,
2837 1404 2967 1461 alias
3009 1411 3193 1459 essent
3214 1400 3489 1457 mortales.
3520 1398 3756 1455 Etenim

2150 1516 2410 1573 nusquam
2444 1507 2663 1555 sanctus
2692 1496 2881 1552 doctor
2925 1494 3214 1549 arbitratus
3245 1499 3330 1547 est
3356 1490 3555 1544 animas
3578 1503 3759 1559 posse

2148 1594 2301 1652 educi
2323 1594 2391 1650 de
2433 1591 2657 1649 materia
2689 1603 2969 1659 corporea,
3020 1587 3113 1641 sed
3157 1593 3361 1641 tantum
3401 1584 3465 1640 de
3514 1583 3761 1641 materia

2150 1685 2441 1758 spirituali,
2472 1699 2631 1755 quam
2665 1696 2787 1738 esse
2819 1679 3132 1751 possibilem
3164 1686 3241 1733 tot
3271 1677 3512 1747 superius
3533 1688 3763 1729 memo-

2149 1779 2249 1835 rati
2292 1779 2543 1834 doctores
2587 1774 2928 1839 concedunt;
2958 1773 3045 1828 illa
3092 1779 3271 1826 autem
3322 1782 3606 1834 concessa,
3642 1782 3763 1824 non

460 1870 699 1925 medicos
724 1868 916 1925 merito
948 1878 1262 1940 reponatur,
1296 1865 1591 1921 audiendus
1636 1872 1739 1932 est,
1765 1863 1890 1920 licet
1934 1878 2042 1919 non
2071 1882 2121 1946 Β
2152 1871 2307 1927 video
2338 1886 2433 1925 cur
2473 1866 2687 1924 educrio
2734 1866 2920 1921 forma;
2952 1864 3246 1934 spiritualis
3273 1878 3337 1917 ex
3376 1863 3596 1918 materia
3635 1861 3760 1931 spi.

454 1962 858 2033 approbandus.
888 1962 987 2016 llic
1038 1975 1185 2034 ergo,
1244 1962 1659 2032 hypomnemate
1713 1959 1765 2023 4,
1798 1973 1914 2030 cap.
1954 1957 2043 2025 Μ,

458 2057 533 2111 ait
576 2074 587 2109 :
618 2074 639 2108 ι
676 2055 971 2111 Rationalis
1002 2057 1175 2110 anima
1208 2056 1260 2110 in
1294 2056 1461 2125 prima
1495 2053 1766 2110 creatione
1792 2064 1844 2109 et
1875 2068 1901 2107 a
1936 2053 2046 2110 Deo

456 2157 573 2221 opt.
600 2164 745 2204 max.
773 2148 1011 2214 condita,
1056 2158 1108 2203 et
1137 2147 1355 2218 corpori
1378 2145 1610 2199 humano
1636 2144 1793 2199 insita
1829 2143 2044 2215 quidem

457 2250 541 2297 est
564 2256 582 2309 ;
605 2256 791 2296 verum
818 2240 1083 2310 perillud,
1128 2238 1347 2294 Crescite
1385 2249 1433 2293 el
1475 2238 1892 2309 multiplicamini
1925 2236 2047 2309 (Ge-

458 2350 568 2388 nes.
597 2333 660 2404 ι),
683 2333 793 2388 vim
820 2347 879 2389 se
901 2330 1234 2403 propagandi
1262 2328 1714 2399 etmultiplicandi
1740 2329 1963 2398 accepit,
1997 2337 2051 2383 et

458 2425 676 2497 quidem
699 2441 819 2482 cum
858 2426 1083 2482 semine.
1115 2425 1301 2497 Neque
1347 2426 1491 2480 enim
1539 2424 1714 2479 anima
1772 2423 2049 2479 rationalis

460 2518 695 2576 essentia
721 2535 818 2590 per
845 2534 904 2575 se
940 2519 1206 2589 completa
1249 2526 1351 2586 est,
1386 2526 1443 2573 ut
1491 2517 1685 2588 angeli,
1718 2531 1838 2587 qua:
1862 2531 1955 2588 per
1991 2532 2051 2571 se

458 2611 575 2668 sola
606 2612 886 2681 subsistat,
911 2612 1003 2667 sed
1045 2622 1127 2667 est
1152 2626 1275 2681 pars
1310 2612 1479 2667 altera
1510 2610 1763 2675 hominis,
1784 2626 1902 2682 quae
1932 2626 2054 2667 cor-

462 2719 563 2776 pus
589 2706 880 2761 bumanum
914 2704 1190 2769 informat,
1216 2714 1270 2761 et
1300 2704 1523 2774 proinde
1546 2705 1683 2760 sicut
1712 2703 2050 2760 societasilla

460 2797 707 2868 corporis
739 2797 869 2852 nihil
896 2797 1013 2866 ejus
1046 2796 1313 2852 nobilitati
1351 2797 1593 2865 derogat,
1620 2798 1691 2851 ita
1739 2812 1836 2852 nec
1865 2812 2054 2867 propa-

459 2886 602 2958 gatio
634 2900 755 2941 cum
804 2886 1031 2942 semine.
1069 2903 1088 2937 ι
1142 2885 1271 2940 Item
1350 2885 1549 2941 ibidem
1598 2885 1780 2959 addit:
1822 2905 1841 2938 ι
1901 2885 2052 2954 Quod

467 2977 628 3032 Dom.
659 2975 860 3034 Fienus
890 2976 1082 3033 falsum
1104 3019 1120 3045 ,
1153 2976 1445 3033 absurdum
1473 2986 1529 3034 et
1577 2993 1607 3032 a
1654 2976 1914 3048 religione
1967 2992 2057 3033 ca-

466 3070 666 3127 tholica
690 3071 926 3130 alienum
947 3081 1120 3143 putat,
1167 3071 1401 3126 animam
1432 3085 1553 3127 esse
1603 3086 1669 3126 ex
1702 3070 1943 3140 traduce,
1975 3080 2059 3128 est

464 3166 807 3241 verissimum
835 3176 889 3222 et
937 3167 1108 3223 sacris
1163 3165 1358 3222 litteris
1411 3175 1856 3223 consentaneum.
1893 3186 1912 3220 ι
1942 3165 2055 3222 Ad-

2154 1965 2328 2021 rituali
2363 1962 2496 2018 adeo
2524 1960 2803 2019 evidenter
2828 1955 3177 2029 impossibilis
3190 1964 3458 2027 appareat,
3481 1964 3539 2009 ut
3564 1952 3767 2010 errori

2150 2058 2287 2113 verti
2317 2057 2511 2112 debeat
2536 2054 2834 2127 Augustino
2862 2050 3004 2123 quod
3040 2049 3184 2105 illam
3237 2048 3570 2105 eductionem
3624 2061 3769 2116 pro-

2151 2152 2385 2209 habilem
2431 2148 2663 2205 «luxerit.
2726 2147 2923 2202 Fateor
2969 2145 3247 2200 materiam
3301 2142 3669 2212 spiritualem,
3700 2156 3770 2196 ex

2153 2260 2259 2316 qua
2286 2243 2461 2299 anima
2495 2241 2649 2298 ﬁeret
2698 2240 2871 2295 visam
2904 2235 3071 2293 fuisse
3100 2234 3372 2291 difficilem
3423 2235 3770 2306 Augustino,

2155 2347 2213 2393 ut
2245 2346 2391 2410 patet
2419 2352 2483 2392 ex
2519 2334 2611 2391 lib.
2646 2350 2720 2389 vn
2748 2322 2816 2389 de
2847 2332 3043 2388 Genesi
3078 2330 3144 2387 ad
3175 2329 3306 2397 litt.,
3332 2344 3448 2398 cap.
3480 2329 3512 2381 6
3541 2336 3591 2383 et
3632 2344 3767 2399 seq.

2156 2429 2310 2487 Unde
2336 2430 2549 2500 aitcap.
2578 2430 2651 2483 7:
2688 2446 2707 2480 ι
2739 2426 2821 2481 An
2861 2440 2992 2481 vero
3038 2424 3131 2481 illa
3187 2423 3440 2496 spiritalis
3466 2422 3771 2493 materies,

2156 2523 2201 2579 si
2229 2523 2327 2577 fuit
2354 2523 2457 2577 ulla
2503 2520 2644 2577 unde
2687 2519 2863 2575 anima
2913 2520 3087 2583 fieret,
3139 2518 3222 2572 vel
3262 2518 3308 2571 si
3341 2526 3423 2574 est
3449 2515 3553 2572 ulla
3610 2516 3773 2574 unde

2158 2620 2351 2675 animae
2381 2618 2533 2683 fiunt,
2568 2615 2696 2687 quid
2727 2614 2842 2687 ipsa
2872 2622 2979 2683 est,
3010 2612 3154 2686 quod
3180 2626 3399 2678 nomen,
3426 2625 3582 2681 quam
3617 2624 3772 2682 spe-

2158 2715 2321 2780 ciem,
2351 2727 2512 2783 quem
2541 2710 2773 2767 usumin
2814 2709 2977 2767 rebus
2998 2706 3228 2765 conditis
3264 2706 3446 2762 tenet?
3475 2706 3656 2775 Vivit,
3692 2721 3770 2763 an

2160 2806 2308 2861 non?
2335 2813 2440 2861 etc.
2480 2822 2501 2857 ι
2531 2803 2630 2860 Ubi
2656 2800 2779 2859 fuse
2835 2801 3117 2858 materiam
3146 2800 3476 2870 spiritualem
3508 2814 3605 2869 per
3644 2814 3772 2855 mo-

2159 2898 2287 2955 dum
2311 2897 2636 2969 disputantis
2658 2894 2958 2952 examinat.
2990 2893 3137 2948 ldem
3168 2906 3295 2949 vero
3324 2900 3541 2947 sanctus
3565 2890 3772 2957 Pater,

2161 2995 2321 3064 epist.
2357 2994 2484 3063 157,
2513 2992 2583 3049 ad
2630 2993 2908 3064 Optatum,
2951 2990 3202 3062 proponit
3256 2989 3597 3046 difficultates
3638 2989 3776 3061 qua?

2164 3088 2451 3159 insurgunt
2480 3086 2660 3157 posito
2686 3085 2780 3141 illo
2810 3086 3022 3141 semine
3064 3084 3297 3155 spiritali
3324 3099 3389 3140 ex
3440 3098 3547 3154 quo
3573 3084 3774 3139 anima

2164 3181 2289 3236 fiat:
2325 3190 2381 3234 ut
2410 3180 2536 3235 inde
2561 3181 2695 3235 satis
2727 3187 2907 3247 pateat
2927 3187 3185 3249 quantum
3225 3176 3387 3233 Studii
3420 3176 3492 3232 illi
3542 3177 3776 3232 dubita-

465 3260 721 3332 ducitque
750 3260 1008 3316 nonnulla
1030 3274 1202 3317 sacrae
1246 3261 1538 3331 Scriptura:
1572 3260 1902 3329 testimonia,
1936 3276 2056 3333 qua:
2083 3278 2131 3342 ε
2163 3272 2295 3329 tigni
2339 3271 2588 3328 tollenda;
2631 3269 2986 3342 impenderit;
3036 3268 3129 3326 sed
3170 3284 3294 3326 cum
3338 3269 3589 3339 quinque
3646 3284 3776 3325 ωε.

465 3365 644 3412 tamen
676 3358 887 3414 erudite
917 3358 1044 3413 olim
1092 3359 1341 3429 exposuit
1367 3360 1719 3430 Augustinus,
1752 3376 1820 3419 ne
1862 3376 1929 3417 ex
1973 3377 2059 3418 sa-

463 3449 569 3503 cris
592 3447 804 3505 arcanis
828 3449 1043 3521 aliquod
1087 3452 1348 3522 oppositae
1376 3452 1660 3508 sententiae
1690 3452 2059 3525 praejudieium

466 3539 641 3596 fieret.
696 3534 843 3609 Haec,
891 3543 1128 3612 inquam,
1176 3542 1374 3609 refero,
1407 3542 1501 3599 sed
1553 3557 1661 3599 non
1711 3542 2060 3614 probo.lllud

466 3642 648 3689 tamen
679 3631 1069 3689 advertendum
1097 3643 1200 3701 est,
1225 3634 1368 3705 quod
1416 3638 1668 3707 superius
1708 3651 1776 3692 ex
1823 3637 2057 3706 epistola

475 3723 600 3792 157,
632 3724 697 3780 ad
721 3725 973 3795 Optatum
1004 3726 1380 3797 indicavimus,
1408 3727 1763 3799 Augustinum
1787 3730 2060 3791 dubitasse

467 3834 594 3875 num
619 3819 796 3875 anima
825 3837 913 3889 per
952 3836 1328 3879 ruconronsou
1358 3839 1529 3878 semen
1585 3822 1976 3893 traduceretur,
2004 3826 2058 3881 in

467 3927 572 3981 qua
598 3914 866 3969 sententia
896 3913 1043 3969 nulla
1070 3914 1238 3971 videri
1268 3915 1431 3971 debet
1478 3916 1700 3972 evidens
1756 3932 2061 3987 repugnan-

470 4005 565 4072 tia,
599 4021 718 4062 cum
745 4006 987 4079 plerique
1011 4008 1321 4064 scholastici
1343 4008 1624 4064 admittant
1650 4009 1929 4066 materiam
1950 4010 2063 4085 spi-

471 4099 722 4155 ritualem
752 4114 859 4156 non
887 4114 1011 4156 esse
1062 4100 1477 4172 impossibilem.
1503 4101 1579 4157 lta
1608 4118 1673 4157 ex
1704 4103 1925 4158 materia
1951 4104 2064 4176 spi-

472 4191 654 4248 rituali
683 4193 905 4262 angelos
943 4203 1273 4265 componunt
1302 4205 1521 4250 sanctus
1582 4195 1975 4266 Bonaventura,
2002 4196 2062 4265 2,

474 4285 602 4341 dist.
638 4288 691 4352 ’5,
724 4286 775 4340 in
830 4297 969 4358 part.
1003 4303 1043 4355 ι,
1076 4297 1177 4343 art.
1210 4290 1260 4355 l,
1292 4305 1346 4359 q.
1378 4288 1448 4358 2;
1499 4290 1713 4347 Alensis
1743 4299 1883 4363 part.
1914 4308 1974 4362 ιι,
2002 4307 2058 4365 q.

476 4376 569 4445 20,
602 4378 799 4433 memb.
832 4379 886 4447 2,
916 4379 944 4452 §
973 4380 1034 4447 l;
1064 4381 1361 4451 Aureolos,
1386 4383 1441 4451 2,
1477 4382 1603 4439 dist.
1629 4383 1684 4453 5,
1714 4401 1768 4456 q.
1802 4385 1856 4452 1,
1880 4396 1987 4441 art.
2007 4385 2060 4441 5.

482 4471 561 4527 Ex
592 4472 983 4530 recentioribus
1014 4476 1292 4532 materiam
1328 4477 1473 4532 illam
1506 4480 1818 4550 possibilem
1846 4481 2064 4537 tradunt

479 4564 714 4621 Bubalus
738 4566 789 4621 in
820 4581 873 4638 q.
905 4567 975 4623 50
1013 4570 1184 4626 sancti
1231 4570 1456 4627 Thomas
1484 4572 1552 4628 de
1592 4573 1836 4645 Angelis,
1866 4582 1972 4629 art.
2002 4573 2063 4642 2,

2160 3365 2281 3437 gnis
2309 3362 2712 3419 difficultatibus
2741 3376 2800 3417 se
2823 3362 3001 3433 premi
3022 3369 3295 3429 cerneret,
3324 3374 3605 3416 assensum
3636 3374 3777 3415 sus-

2160 3454 2370 3525 pendit.
2401 3454 2586 3525 Neque
2610 3453 2756 3510 enim
2797 3452 3029 3523 probare
3054 3466 3274 3522 possum
3307 3452 3421 3508 haec
3448 3452 3778 3509 Bellarmini

2162 3549 2328 3604 verba
2353 3547 2449 3602 lib.
2473 3560 2527 3603 tv
2546 3546 2932 3603 deAmissione
2960 3545 3169 3616 gratias,
3194 3560 3315 3617 cap.
3349 3547 3411 3601 ll
3472 3564 3486 3601 :
3516 3565 3537 3599 ι
3598 3546 3779 3604 Certe

2164 3650 2384 3697 sanctus
2406 3639 2758 3712 Augustinus,
2780 3641 2828 3695 si
2868 3656 3011 3697 nunc
3053 3639 3193 3697 inter
3253 3640 3495 3698 homines
3524 3642 3774 3709 viveret,

2164 3747 2271 3788 non
2300 3734 2475 3789 solum
2502 3728 2731 3800 faveret,
2759 3732 2857 3790 sed
2908 3735 3070 3790 etiam
3097 3735 3297 3806 gratias
3326 3745 3510 3806 ageret
3552 3735 3638 3803 iis,
3672 3736 3775 3808 qui

2166 3835 2409 3883 nostram
2426 3828 2568 3883 hanc
2595 3828 2919 3883 sententiam
2957 3826 3046 3898 (de
3074 3827 3372 3899 creatione)
3404 3837 3717 3887 tuerentur.
3747 3848 3766 3883 ι

2167 3921 2237 3976 At
2261 3936 2357 3976 cur
2387 3921 2551 3976 hasce
2570 3921 2772 3993 gratias
2802 3921 3199 3976 recentioribus
3236 3922 3563 3993 Augustinus
3591 3922 3775 3980 debe-

2168 4023 2249 4069 ret
2273 4013 2296 4067 ‘l
2318 4012 2471 4081 Quod
2495 4029 2563 4068 ex
2592 4012 2868 4083 Scriptura
2891 4014 3213 4069 sententiam
3247 4013 3315 4068 de
3342 4015 3619 4071 creatione
3648 4017 3777 4070 ani-

2170 4120 2379 4161 marum
2411 4102 2788 4160 ostenderint?
2828 4112 2884 4159 at
2926 4104 3106 4159 omnia
3156 4118 3432 4160 sacrarum
3462 4106 3772 4161 litterarum

2171 4195 2481 4252 testimonia
2546 4195 2879 4267 Augustinus
2946 4194 3200 4266 expendit
3270 4196 3633 4266 excussitque.
3683 4198 3773 4255 An

2171 4288 2617 4346 scholasticorum
2645 4289 3022 4344 auctoritatem
3066 4288 3419 4359 sequeretur?
3448 4289 3557 4345 imo
3587 4292 3774 4360 potius

2171 4400 2294 4442 cum
2346 4383 2614 4451 Patribus,
2645 4396 2782 4454 quos
2830 4380 3064 4449 laudavi,
3093 4383 3270 4437 adhuc
3316 4383 3367 4437 in
3399 4384 3571 4439 veteri
3606 4384 3769 4440 dubi-

2174 4481 2375 4535 tatione
2397 4479 2727 4549 persisteret.
2763 4475 3078 4532 Rationibus
3098 4476 3413 4531 eorumdem
3438 4485 3631 4532 contra
3654 4485 3770 4533 tra-

2172 4574 2369 4630 ducem
2395 4571 2841 4629 convinceretur?
2866 4579 2921 4625 at
2947 4569 3075 4638 illae,
3110 4577 3471 4640 praeterquam
3522 4570 3668 4641 quod
3699 4571 3767 4626 ab

473 4669 664 4730 quzest.
712 4661 769 4727 2,
812 4659 1058 4718 difficult.
1086 4661 1141 4731 2,
1202 4663 1229 4735 §
1268 4665 1287 4717 l
1320 4680 1334 4730 ;
1387 4664 1636 4735 Arriaga,
1692 4666 1895 4736 disput.
1928 4665 1952 4719 1
1996 4666 2063 4722 de
2099 4690 2147 4751 ι)
2174 4664 2567 4722 affirmantibus
2606 4661 2884 4719 materiam
2927 4661 3259 4731 spiritualem
3292 4660 3452 4717 facile
3478 4662 3614 4717 solvi
3645 4677 3769 4732 pos-

476 4751 689 4819 Anima,
716 4762 848 4809 sect.
874 4753 940 4821 5;
974 4752 1324 4825 Comptonus,
1352 4757 1493 4827 disp.
1524 4756 1557 4811 9
1587 4757 1653 4812 de
1684 4757 1898 4823 Anima,
1926 4767 2062 4814 sect.

479 4844 531 4899 8.
563 4845 711 4902 llane
740 4848 1059 4903 sententiam
1081 4849 1147 4904 de
1171 4849 1395 4905 materia
1413 4850 1642 4920 spiritali
1667 4864 1733 4905 ex
1758 4865 1861 4920 qua
1887 4851 2066 4906 anima

474 4951 853 5013 componatur,
887 4942 1004 4999 fuse
1032 4942 1273 4999 defendit
1312 4943 1471 4999 Pater
1501 4942 1787 4999 Mattheus
1816 4944 2083 5016 Vegliena

475 5034 576 5101 sis,
607 5035 662 5089 in
694 5033 795 5090 bac
845 5035 1196 5090 celeberrima
1238 5033 1492 5090 Patavina
1542 5034 1819 5091 academia
1860 5036 2068 5093 theolo-

473 5128 610 5198 gicae
642 5125 915 5181 cathedra:
945 5126 1090 5181 Scoti
1136 5125 1462 5191 moderator,
1495 5126 1575 5180 vir
1622 5127 1730 5182 rari
1774 5127 1972 5199 ingenii
2002 5141 2068 5183 ac

476 5228 663 5276 nostro
696 5217 965 5289 praeconio
1008 5218 1200 5289 major.
1234 5218 1328 5272 llic
1384 5219 1529 5274 enim
1585 5229 1728 5276 torno
1779 5221 1944 5292 priori
1999 5220 2068 5278 de

478 5312 722 5383 Angelis,
743 5329 795 5384 q.
830 5312 917 5379 27,
952 5312 1142 5381 probat
1180 5311 1401 5383 angelos
1428 5327 1495 5368 ex
1552 5314 1773 5369 materia
1801 5313 2068 5385 spirituali

479 5406 751 5477 componi,
778 5406 918 5477 quod
969 5408 1266 5477 quastione
1314 5407 1557 5479 sequenti
1588 5409 1753 5465 etiam
1794 5410 1864 5466 de
1889 5410 2069 5467 anima

476 5498 761 5554 dicendum
808 5511 927 5552 esse
981 5499 1279 5568 contendit,
1332 5499 1557 5556 laudans
1600 5514 1718 5571 cap.
1749 5503 1797 5566 Ι,
1830 5516 1979 5557 num.
2012 5504 2065 5570 5,

480 5582 740 5663 quosdam
771 5590 1033 5646 Scotistas
1058 5592 1150 5661 qui
1180 5594 1232 5647 in
1287 5592 1531 5648 eamdem
1589 5593 1909 5649 sententiam
1940 5593 2061 5650 des-

479 5687 792 5742 cenderunt.
827 5684 938 5740 llac
971 5699 1100 5755 ergo
1150 5687 1377 5742 materia
1408 5686 1675 5758 spirituali
1728 5688 1921 5744 animae
1969 5687 2067 5744 ad-

480 5783 666 5848 missa,
698 5795 861 5851 quam
892 5789 970 5837 tot
1001 5781 1308 5839 scholastici
1353 5780 1669 5852 defendunt,
1701 5798 1807 5838 non
1830 5782 1935 5838 erit
1961 5781 2060 5838 dif-

484 5873 621 5935 ﬁcile
647 5882 884 5933 statuere
913 5875 1211 5933 animarum
1256 5876 1597 5934 eductionem
1640 5876 1933 5933 secundum
1960 5875 2067 5933 for-

2170 4768 2316 4826 sunt,
2347 4758 2399 4813 id
2427 4764 2632 4812 tantum
2659 4754 2993 4821 evincerent,
3028 4760 3086 4807 ut
3114 4752 3447 4823 Augustinus
3477 4752 3546 4809 ab
3566 4754 3766 4810 admit-

2176 4848 2338 4907 tendo
2367 4846 2587 4903 traduce
2617 4859 2895 4901 assensum
2944 4844 3269 4914 contineret,
3301 4843 3446 4914 quod
3472 4854 3527 4901 et
3554 4860 3767 4917 semper

2173 4941 2320 5009 fecit,
2353 4956 2459 4995 non
2486 4948 2666 4995 autem
2707 4937 2761 4993 in
2809 4937 3131 4994 sententiam
3161 4938 3228 4991 de
3274 4939 3558 4997 creatione
3587 4940 3763 5011 singu-

2173 5035 2343 5091 larum
2374 5034 2679 5088 animarum
2708 5031 2956 5087 eumdem
2982 5032 3284 5098 traherent,
3318 5032 3369 5086 in
3395 5047 3501 5103 qua
3528 5048 3641 5089 non
3669 5034 3763 5089 mi-

2174 5128 2397 5183 noribus
2436 5123 2843 5181 difficultatibus
2872 5137 2932 5179 se
2954 5124 3122 5193 premi
3170 5125 3465 5193 sentiebat,
3499 5128 3764 5198 praecipue

2178 5238 2311 5279 vero
2331 5221 2472 5293 quod
2503 5220 2626 5275 data
2655 5233 2717 5276 ea
2760 5218 3052 5286 sententia,
3088 5234 3249 5289 quam
3282 5220 3447 5275 etiam
3496 5221 3762 5293 Pelagiani

2176 5324 2288 5372 toto
2317 5322 2511 5370 conatu
2543 5312 2835 5384 urgebant,
2865 5310 3159 5366 difficultas
3209 5311 3531 5369 traducendi
3571 5328 3760 5384 pecca-

2174 5418 2285 5465 tum
2326 5404 2589 5478 originale
2636 5402 2817 5459 statim
2857 5403 3108 5474 emergit,
3135 5417 3238 5474 qua
3280 5402 3419 5460 adeo
3448 5412 3760 5475 premuntur

2168 5500 2505 5568 scholastici,
2537 5506 2595 5554 ut
2622 5498 2676 5553 in
2702 5496 3025 5569 assignando
3052 5497 3213 5553 modo
3241 5513 3346 5568 quo
3377 5498 3527 5555 labes
3555 5498 3642 5554 illa
3666 5512 3759 5568 per

2172 5594 2574 5675 generationem
2605 5589 2847 5647 trahatur
2871 5630 2887 5659 ,
2918 5589 3139 5647 minime
3164 5590 3306 5647 inter
3336 5606 3398 5645 se
3419 5590 3757 5657 conveniant,

2174 5689 2271 5746 sed
2298 5703 2419 5745 sese
2443 5686 2671 5743 invicem
2713 5684 2979 5741 acerrime
3038 5694 3370 5756 oppugnent.
3395 5683 3758 5756 Suspenderet

2175 5782 2339 5853 igitur
2366 5780 2528 5837 etiam
2556 5792 2699 5835 nunc
2718 5792 3001 5835 assensum
3032 5776 3382 5850 Augustinus,
3417 5790 3472 5836 et
3504 5788 3623 5835 tunc
3637 5791 3755 5846 gra-

2177 5876 2276 5932 tias
2306 5883 2511 5931 tantum
2535 5881 2717 5945 ageret
2737 5886 2861 5928 cum
2886 5880 3093 5933 certum
3130 5873 3350 5928 modum
3373 5877 3749 5949 proponerent,
