3962 6346
202 383 304 441 701

1383 382 1706 441 ἫΝΒΙΟΙᾹΞ
1747 382 2309 445 ΑυαυΒΤΙΝΙΑΝΛΕ.
2362 462 2367 467 η

3382 383 3490 448 702

200 517 312 575 quo
340 500 463 557 data
488 500 765 556 creatione
786 498 1089 554 animarum
1131 497 1336 569 peccati
1363 498 1642 570 originalis
1664 513 1792 568 pro-
1823 508 1876 569 Α
1899 518 2104 557 carnem
2133 500 2260 556 Filii
2288 500 2534 571 hominis,
2556 506 2604 558 et
2658 502 2881 560 biberitis
2902 504 3015 577 ejus
3039 505 3358 577 sanguinem,
3385 524 3491 566 non

199 593 415 667 pagatio
434 592 571 649 adeo
592 589 827 649 evidenti
852 590 1372 663 rationeeonstaret,
1404 599 1463 648 ut
1487 590 1681 649 modus
1703 590 1795 648 ille

197 703 231 744 a
262 689 477 745 nemine
509 686 660 757 rejici
685 693 885 757 posset.

275 778 359 835 Ex
388 779 665 850 hucusque
706 778 863 835 dictis
888 780 1024 837 satis
1074 777 1251 836 elucet
1298 792 1459 849 quam
1496 779 1795 848 immerito,

206 873 502 941 Moraines,
526 874 825 945 Augustino
850 874 919 930 de
939 874 1149 945 origine
1190 874 1386 930 animae
1413 872 1682 930 dubitanti
1712 887 1798 930 cr-

196 968 346 1026 roris
368 977 553 1026 notam
580 970 751 1026 inuris
770 1012 785 1037 ,
816 984 980 1040 quam
1024 968 1200 1039 plenis
1242 976 1553 1024 sanctorum
1576 966 1795 1023 Patrum

195 1062 475 1135 sulfragiis
515 1063 606 1120 ille
645 1063 958 1127 absolvitur,
1003 1072 1058 1119 et
1100 1071 1151 1118 te
1190 1062 1359 1117 invito
1411 1060 1795 1133 panegyricum

195 1155 378 1212 eidem
400 1155 594 1213 recitat
650 1171 900 1228 magnum
933 1154 1204 1212 Africana:
1233 1153 1489 1210 Ecclesia:
1513 1168 1799 1210 ornamen-

195 1262 316 1310 tum
344 1261 564 1308 sanctus
588 1250 921 1323 Fulgentius,
942 1249 1237 1320 Ruspcnsis
1260 1249 1505 1313 antistes,
1535 1248 1618 1304 his
1640 1248 1798 1318 plane

194 1344 382 1401 verbis
402 1353 722 1415 conceptum
758 1361 770 1397 :
818 1359 837 1394 ι
872 1342 1197 1411 Qumstionis
1226 1340 1317 1414 (de
1342 1340 1549 1411 origine
1578 1337 1797 1410 animae)

194 1437 259 1493 Β.
291 1436 627 1508 Augustinus
668 1434 1085 1507 profunditatem
1128 1432 1230 1489 sibi
1277 1430 1795 1503 imperscrutabiiem

193 1545 430 1587 cernens
454 1572 469 1597 ,
502 1530 701 1586 nullam
724 1530 892 1586 voluit
920 1527 1085 1603 hujus
1125 1526 1202 1584 rei
1231 1526 1505 1582 deﬁnitam
1559 1522 1798 1595 proferre

197 1622 549 1685 sententiam,
580 1621 939 1691 incongruum
967 1632 1181 1689 prorsus
1229 1617 1545 1673 existimans
1592 1612 1795 1684 aliquid

192 1711 475 1768 afﬁrmare
523 1712 639 1768 sine
676 1711 1013 1767 dubitatione
1058 1709 1202 1765 velle
1246 1709 1385 1779 quod
1416 1709 1554 1765 alter
1610 1714 1796 1778 posset

192 1807 476 1861 contraria
507 1805 862 1875 responsione
881 1787 1211 1859 convellere.
1252 1802 1417 1873 Cujus
1452 1810 1556 1857 tam
1612 1802 1666 1858 in
1696 1802 1791 1857 dea

1898 595 2143 652 habebitis
2172 596 2330 652 vitam
2349 598 2404 652 in
2432 599 2571 655 vobis
2591 643 2604 668 ,
2631 598 2873 657 inferens
2920 600 3169 669 parvulos
3211 602 3329 658 sine
3352 603 3487 674 bap-

1900 688 2059 745 tismo
2088 689 2436 759 decedentes,
2465 706 2589 749 cum
2612 708 2721 748 non
2747 693 3118 750 manducarint
3140 711 3359 753 carnem
3392 699 3488 755 Fi-

1900 782 1958 841 lii
1978 783 2233 853 hominis,
2266 792 2360 841 aut
2387 785 2507 855 ejus
2527 786 2844 857 sanguinem
2901 787 3156 858 biberint,
3185 805 3293 846 non
3331 791 3488 847 habi-

1899 883 2051 933 turos
2070 876 2237 933 vitam
2251 876 2486 947 beatam,
2509 887 2565 935 et
2580 894 2674 949 per
2689 894 3027 951 consequens
3045 882 3160 940 fore
3180 884 3484 942 damnatos.

1899 971 1977 1027 De
2007 972 2111 1026 hoc
2139 979 2459 1041 argumento
2500 986 2567 1027 ex
2614 973 2785 1029 sacris
2831 974 3023 1030 litteris
3075 976 3144 1032 ab
3191 976 3489 1048 Augustino

1898 1063 2127 1121 deducto
2156 1064 2271 1121 haec
2287 1065 2479 1122 scribit
2525 1064 2727 1123 ibidem
2764 1066 3065 1124 Moraines:
3104 1086 3124 1122 ι
3179 1069 3310 1125 item
3354 1070 3490 1126 lib.t

1896 1155 1967 1211 de
1993 1164 2330 1224 peccatorum
2362 1154 2565 1212 Meritis
2594 1166 2648 1213 et
2678 1158 2913 1225 remiss.,
2940 1173 3060 1228 cap.
3090 1142 3186 1227 20,
3217 1167 3273 1216 et
3292 1160 3386 1217 lib.
3420 1160 3490 1216 de

1903 1248 2379 1305 Praedestinatione
2438 1258 2783 1316 sanctorum,
2853 1265 2973 1321 cap.
3037 1249 3140 1319 l5,
3204 1260 3260 1307 et
3308 1251 3403 1307 lib.
3451 1267 3489 1307 ιι

1898 1339 2092 1412 Operis
2114 1340 2329 1413 imperf.
2359 1352 2542 1398 contra
2565 1341 2859 1409 lulianum,
2884 1356 3005 1412 cap.
3038 1342 3108 1400 29
3127 1383 3143 1411 ,
3175 1342 3379 1399 docere
3404 1344 3490 1399 vi-

1899 1439 2055 1493 detur
2074 1445 2468 1492 sacramentum
2495 1436 2852 1493 Eucharistim
2876 1451 2986 1492 non
3046 1436 3224 1492 minus
3253 1452 3373 1493 esse
3394 1452 3493 1494 ne-

1898 1532 2191 1586 cesSarinm
2238 1531 2475 1600 parvulis
2522 1530 2603 1586 ad'
2630 1531 2895 1598 salutem,
2928 1546 3089 1602 quam
3146 1532 3494 1602 baptismum,

1898 1639 2074 1695 neque
2098 1626 2276 1681 minus
2304 1625 2372 1681 ad
2403 1640 2496 1683 eos
2521 1627 2793 1696 pertinere
2817 1627 2962 1698 quod
3002 1627 3200 1684 dicitur
3226 1627 3384 1684 Joan.
3413 1644 3484 1696 γι,

1896 1719 1969 1775 54
2004 1737 2017 1772 :
2045 1720 2225 1789 Amen,
2254 1736 2401 1775 auten
2427 1720 2542 1775 dico
2571 1720 2729 1787 vobis,
2760 1722 2861 1777 nisi
2907 1722 3344 1777 manducaveritis
3373 1738 3491 1777 car-

1898 1824 2012 1864 nem
2042 1810 2169 1864 Filii
2198 1811 2440 1879 hominis,
2493 1822 2541 1866 et
2597 1812 2819 1869 biberitis
2870 1817 2984 1887 ejus
3032 1814 3353 1885 sanguinem,
3386 1830 3493 1869 non

190 1896 346 1953 cimo
375 1898 514 1954 libro
545 1897 611 1953 de
650 1896 852 1953 Genesi
873 1896 942 1951 ad
971 1895 1207 1952 litteram
1227 1937 1243 1964 ,
1268 1910 1428 1966 quam
1459 1895 1511 1951 in
1546 1895 1699 1952 libris
1724 1898 1793 1955 ad
1823 1898 1871 1959 B
1897 1902 2144 1957 habebitis
2168 1904 2325 1957 vitam
2366 1905 2419 1959 in
2449 1904 2610 1973 vobis,
2661 1920 2823 1981 quam
2863 1905 3005 1961 istud
3059 1906 3217 1962 Joan.
3244 1922 3323 1974 lli,
3380 1905 3414 1960 5
3473 1923 3487 1961 :

192 1993 548 2049 Vincentium
583 1991 862 2049 Victorem
893 1990 962 2045 de
989 1989 1195 2061 origine
1212 1991 1407 2045 animae
1425 2032 1439 2059 ,
1472 2005 1573 2045 nec
1602 2006 1709 2046 non
1738 1992 1795 2048 in

192 2087 345 2144 libro
372 2087 547 2159 primo
573 2102 639 2143 ex
667 2086 877 2143 duobus
896 2098 1033 2156 quos
1057 2084 1127 2139 ad
1142 2092 1386 2140 sanctum
1412 2083 1795 2157 Hieronymum

194 2180 444 2253 scripsit,
484 2181 538 2236 in
563 2180 732 2236 tribus
756 2194 972 2252 quoque
1001 2178 1242 2249 epistolis
1282 2191 1415 2247 quas
1448 2177 1513 2233 ad
1541 2177 1796 2248 Optatum

192 2274 517 2344 episcopum
547 2272 615 2328 de
632 2274 731 2328 hac
756 2271 1054 2344 quaestione
1074 2271 1400 2342 composuit,
1433 2271 1797 2343 disputatione

190 2364 437 2437 refulget
464 2379 570 2420 non
611 2366 788 2421 minus
837 2364 1055 2435 copiosa
1102 2378 1264 2434 quam
1314 2363 1617 2434 profunda,
1648 2373 1703 2421 et
1730 2380 1797 2422 co

191 2458 376 2527 magis
414 2456 668 2513 laudabili
720 2458 845 2528 quia
887 2470 1124 2527 congrua
1174 2456 1433 2526 temperie
1478 2456 1791 2525 moderata;

195 2549 293 2605 ubi
320 2548 580 2620 quidquid
611 2548 811 2619 ingenii
833 2550 1102 2617 acumine,
1138 2548 1396 2619 quidquid
1428 2550 1796 2605 ratiocinatio-

189 2641 281 2697 nis
306 2640 533 2709 ordine,
562 2640 818 2711 quidquid
860 2642 1197 2696 auctoritatis
1239 2640 1477 2711 pondere
1515 2645 1793 2714 inquiren-

186 2733 326 2791 dum
376 2733 879 2804 discutiendumque
926 2737 1225 2804 conspexit,
1258 2743 1313 2790 et
1366 2735 1639 2805 inquisivit
1677 2736 1792 2791 sin-

189 2827 485 2898 gulariter,
518 2834 574 2882 et
601 2827 885 2893 discussit,
915 2842 1239 2881 consensum
1274 2836 1452 2882 tamen
1472 2828 1544 2883 ab
1575 2838 1795 2896 utraque

189 2920 518 2978 deﬁnitione
560 2918 848 2987 continuit,
884 2934 951 2974 ne
994 2917 1232 2974 laborem
1274 2927 1433 2974 tanta:
1479 2918 1794 2989 disputatio-

188 3015 282 3069 nis
314 3014 549 3070 inaniter
572 3015 893 3084 susciperet,
920 3026 1079 3083 quem
1101 3012 1387 3083 cujuslibet
1406 3013 1691 3069 sententiae
1714 3021 1795 3068 te-

188 3110 432 3165 meraria
502 3107 743 3164 definitio
788 3115 1055 3163 vacuaret.
1109 3125 1128 3160 ι
1173 3107 1290 3163 Lib.
1337 3122 1392 3163 ιιι
1432 3107 1501 3163 de
1560 3108 1797 3164 Veritate

188 3199 695 3273 prmdestlnationis
720 3209 774 3255 et
804 3200 1010 3270 gratiae,
1034 3212 1153 3271 cap.
1187 3198 1275 3254 l8.

191 3337 221 3410 ς
259 3337 355 3393 IV.
380 3339 460 3392 An
482 3338 631 3409 fuerit
655 3338 921 3410 sententia
945 3337 1111 3410 sancti
1134 3337 1404 3410 Augustini
1459 3352 1645 3406 pueros
1673 3336 1797 3405 bap-

266 3410 456 3464 tizatos
478 3402 588 3464 siue
616 3402 744 3465 reali
791 3406 1132 3463 Eucharistia:
1170 3402 1470 3479 sumptione'
1495 3424 1599 3464 non
1649 3402 1797 3481 posse

266 3481 465 3537 salvari
479 3483 503 3536 ί)

264 3601 638 3657 Transeamus
696 3596 854 3653 modo
897 3596 964 3652 ad
1009 3596 1244 3667 reliquos
1290 3609 1504 3652 errores
1553 3610 1687 3665 quos
1730 3594 1798 3650 de

193 3693 511 3766 Augustino
553 3692 883 3748 recentiores
920 3686 1211 3759 publicant.
1251 3686 1483 3758 Opponit
1531 3687 1793 3755 Adamus,

190 3804 325 3859 pag.
350 3783 477 3853 584,
506 3782 853 3858 Augustinum
872 3783 1119 3839 docuisse
1134 3782 1361 3853 infantes
1385 3782 1540 3837 etiam
1562 3790 1796 3851 suscepto

191 3880 450 3953 baptismo
471 3896 572 3933 non
596 3895 742 3948 posse
757 3879 835 3931 sal
843 3893 927 3931 vos
941 3876 1055 3946 ﬁeri
1068 3872 1175 3930 sine
1200 3874 1323 3930 reali
1337 3891 1447 3928 sum
1455 3874 1626 3943 ptione
1642 3889 1794 3928 sanc-

189 3973 413 4028 tissima:
443 3969 801 4025 Eucharistiae.
836 3968 1103 4023 Moraines
1147 3966 1386 4021 recitatis
1417 3964 1595 4021 verbis
1624 3965 1796 4020 sancti

190 4062 485 4135 Augustini
532 4061 625 4118 lib.
679 4078 696 4117 ι
746 4058 813 4117 de
859 4067 1204 4131 peccatorum
1256 4056 1481 4123 Meritis,
1536 4071 1653 4126 cap.
1701 4056 1792 4123 20,

193 4158 220 4231 §
253 4158 544 4230 Auferatur
546 4159 660 4230 jam
680 4152 953 4220 dubitatio,
972 4152 1044 4207 ait
1068 4169 1081 4206 :
1120 4169 1139 4204 ί
1174 4150 1303 4219 Quae
1322 4150 1485 4206 verba
1513 4158 1635 4204 sunt
1661 4149 1796 4205 adeo

191 4249 512 4315 manifesta,
542 4259 596 4305 ut
638 4246 957 4304 difficillime
1002 4244 1276 4315 patiantur
1307 4242 1593 4314 benignam
1624 4242 1794 4298 inter—

194 4341 584 4413 pretationem,
610 4356 711 4410 qua
739 4338 987 4411 plerique
1009 4335 1388 4407 theologorum
1438 4336 1795 4406 Augustinum

190 4434 260 4490 ab
284 4448 476 4489 errore
507 4446 772 4487 excusare
803 4441 1063 4486 conantur
1083 4470 1098 4496 ,
1124 4444 1274 4483 error
1304 4427 1446 4483 enim
1473 4436 1555 4484 est
1581 4435 1794 4483 notatus

191 4534 247 4583 et
277 4526 569 4581 damnatus
587 4523 689 4579 sub
716 4524 1058 4578 anathemate
1080 4537 1108 4577 a
1140 4521 1370 4578 concilio
1401 4520 1739 4579 Tridentino.
1769 4542 1788 4577 ι

193 4619 293 4676 llic
329 4632 544 4690 quoque
565 4617 844 4689 Augustini
871 4631 1032 4673 causa
1063 4626 1173 4671 tuta
1227 4624 1311 4671 est
1336 4614 1576 4673 Romana
1602 4616 1795 4673 Eccle-

1823 3297 1871 3362 C

1899 1998 2023 2055 Nisi
2042 2000 2157 2070 quis
2183 2008 2393 2054 renatus
2417 2001 2574 2071 fuerit
2601 2018 2665 2055 ea;
2702 2018 2835 2072 aqua
2850 2012 2898 2056 et
2929 2000 3134 2073 Spiritu
3157 2009 3357 2071 sancto,
3388 2017 3493 2057 non

1899 2103 2063 2165 potest
2092 2098 2309 2151 introire
2338 2098 2389 2151 in
2418 2113 2633 2168 regnum
2658 2096 2779 2166 Dei,
2811 2106 2919 2154 etc.
2957 2115 2978 2150 ι

1970 2190 2074 2246 Sed
2122 2198 2242 2259 post
2271 2190 2627 2261 Augustinum
2674 2188 2900 2247 Romani
2937 2200 3153 2261 qunque
3201 2188 3481 2260 pontiﬁces

1897 2284 1989 2354 qui
2023 2284 2336 2355 Pelagianos
2357 2284 2682 2340 damnarunt
2709 2284 2901 2341 eodem
2931 2297 3153 2355 prorsus
3181 2272 3491 2341 testimonio

1901 2374 2125 2431 Joannis
2148 2391 2200 2429 vt
2226 2376 2388 2431 citato
2413 2376 2493 2431 usi
2515 2385 2658 2444 sunt,
2685 2377 2753 2433 ad
2775 2377 2940 2432 vitam
2965 2377 3106 2432 illam
3127 2392 3288 2449 quam
3312 2381 3492 2447 pueris

1900 2468 2172 2540 Pelagiani
2202 2470 2321 2526 sine
2351 2469 2617 2540 baptismo
2646 2470 3051 2541 promittebant,
3082 2470 3487 2529 eliminandam.

1897 2561 2129 2619 Sanctus
2184 2562 2527 2621 Innocentius
2561 2607 2576 2632 ,
2628 2564 2684 2619 in
2714 2564 2908 2619 litteris
2954 2564 3022 2619 ad
3068 2565 3252 2620 Patres
3298 2563 3490 2635 synodi

1902 2657 2218 2713 Milevitana:
2246 2659 2317 2712 ita
2349 2658 2537 2715 scribit
2566 2674 2581 2713 :
2635 2675 2655 2711 α
2694 2657 2826 2715 Illud
2850 2673 2980 2715 vero
3006 2659 3146 2729 quod
3189 2670 3283 2714 eos
3311 2668 3490 2716 vestra

1898 2752 2205 2810 fraternitas
2250 2755 2441 2810 asserit
2472 2752 2803 2823 prtedicare,
2834 2752 3087 2823 parvulos
3115 2760 3335 2810 aeterna;
3365 2756 3490 2810 vitae

1900 2847 2136 2918 praemiis
2161 2848 2320 2904 etiam
2351 2848 2468 2904 sine
2500 2847 2837 2921 baptismatis
2879 2850 3050 2919 gratia
3080 2861 3238 2919 posse
3268 2848 3492 2917 donari,

1898 2943 2202 3011 perfatuum
2233 2951 2337 3000 est.
2370 2943 2492 2999 Nisi
2516 2944 2663 3000 enim
2685 2940 3107 2999 manducaverint
3132 2957 3335 2997 carnem
3362 2939 3495 2997 Filii

1900 3035 2161 3106 hominis,
2206 3044 2254 3090 et
2298 3026 2509 3090 biberint
2542 3036 2847 3107 sanguinem
2893 3037 3047 3107 ejus,
3096 3044 3199 3088 non
3237 3032 3494 3088 habebunt

1898 3128 2051 3182 vitam
2081 3128 2135 3182 in
2165 3128 2469 3196 semetipsis.
2502 3127 2605 3195 Qui
2639 3135 2818 3183 autem
2850 3126 2988 3182 hanc
3016 3126 3094 3182 eis
3123 3125 3240 3181 sine
3268 3137 3495 3195 regene-

1898 3224 2108 3282 ratione
2136 3223 2431 3280 detendunt
2454 3263 2470 3289 ,
2509 3221 2758 3278 videntur
2788 3221 2919 3276 mihi
2959 3221 3132 3291 ipsum
3164 3218 3493 3290 baptismum

1903 3320 2040 3379 velle
2088 3334 2321 3387 cassare,
2356 3333 2477 3373 cum
2505 3316 2799 3388 praedicant
2849 3326 2943 3371 eos
2996 3311 3198 3370 habere
3246 3311 3388 3383 quod
3439 3310 3494 3369 itt

1902 3431 1996 3487 eos
2047 3412 2282 3470 creditur
2328 3426 2435 3467 non
2480 3411 2579 3465 nisi
2627 3408 2948 3479 baptismate
2989 3406 3394 3463 conferendum.
3466 3423 3489 3460 s

1903 3506 2059 3564 Putat
2089 3504 2422 3561 Maldonatus
2457 3509 2662 3559 textum
2689 3512 2810 3557 esse
2836 3508 3145 3568 corruptum
3166 3539 3181 3565 ,
3213 3495 3399 3554 dicens
3429 3510 3495 3552 ea

1900 3600 2063 3656 verba
2110 3594 2407 3653 lnnocentii
2468 3595 2555 3650 vix
2615 3606 2830 3650 sensum
2880 3590 3047 3647 ullum
3108 3600 3492 3660 congruentem

1902 3693 2100 3750 habere
2148 3706 2303 3763 posse
2334 3710 2346 3746 :
2408 3709 2427 3743 ‹
2462 3688 2564 3746 Ubi
2595 3702 2724 3758 ergo
2748 3729 2762 3753 ,
2808 3686 3017 3755 inquit,
3049 3692 3131 3741 est
3171 3680 3489 3754 defendunt,

1903 3782 2184 3856 legendum
2242 3790 2370 3853 puto
2398 3781 2652 3852 deferunt,
2688 3788 2743 3834 et
2770 3777 2860 3835 ubi
2902 3784 2987 3834 est
3032 3778 3130 3832 nisi
3152 3775 3492 3848 baptismate,

1902 3876 2184 3945 legendum
2221 3882 2372 3945 puto,
2400 3874 2511 3928 sine
2534 3871 2856 3941 baptismate.
2898 3890 2917 3923 ι
2953 3868 3218 3940 Vasquez,
3244 3878 3378 3937 part.
3410 3884 3493 3938 ιιι,

1899 3969 2040 4036 ἀίει).
2069 3965 2194 4033 279,
2239 3981 2359 4035 cap.
2404 3962 2466 4030 4,
2519 3979 2668 4019 num.
2702 3961 2802 4030 55,
2837 3977 2956 4017 cum
2994 3957 3492 4016 animadversiones

1899 4056 2184 4114 Maldonati
2228 4063 2488 4121 notasset,
2524 4055 2693 4126 legit,
2723 4055 2779 4110 in
2827 4056 2898 4109 eis
2940 4051 3240 4125 defendunt.
3284 4050 3355 4107 At
3395 4050 3489 4105 illa

1901 4150 2059 4208 verba
2090 4149 2353 4222 optimum
2382 4164 2597 4205 sensum
2628 4146 2854 4213 habent,
2900 4160 3023 4202 nam
3047 4144 3130 4201 vel
3156 4146 3270 4216 ipse
3299 4142 3493 4200 Cicero

1900 4261 2028 4301 usus
2061 4253 2141 4300 est
2170 4244 2275 4299 illis
2320 4241 2596 4314 particulis
2620 4258 2722 4296 non
2750 4239 2849 4295 nisi
2880 4241 2932 4295 in
2962 4237 3056 4295 lib.
3097 4239 3163 4294 de
3190 4236 3440 4295 Amicitia
3474 4254 3489 4293 :

1906 4356 1922 4389 ι
1964 4336 2073 4393 llsc
2104 4335 2329 4405 primum
2361 4336 2535 4391 sentio
2592 4333 2693 4389 nisi
2746 4332 2799 4388 in
2828 4331 2987 4388 bonis
3030 4330 3320 4388 amicitiam
3368 4344 3492 4388 esse

1900 4447 2004 4487 non
2035 4445 2213 4501 posse.
2254 4449 2273 4482 ›
2310 4428 2364 4485 ln
2416 4428 2623 4500 synodo
2664 4428 2824 4485 etiam
2866 4426 3307 4499 Cartliagincnsi,
3349 4442 3491 4483 anno

1900 4523 2021 4591 597,
2050 4538 2173 4580 can.
2202 4521 2291 4589 29,
2335 4522 2573 4579 dicitur:
2604 4541 2624 4575 ι
2662 4518 2733 4578 Ut
2772 4530 3111 4579 sacramenta
3153 4521 3340 4577 altaris
3380 4536 3487 4576 non

1901 4617 2004 4672 nisi
2032 4632 2060 4671 a
2078 4616 2278 4688 jejunis
2312 4615 2619 4672 hominibus
2640 4615 3000 4671 celebrentur.
3036 4633 3056 4667 ι
3093 4612 3326 4669 Verbum
3356 4628 3489 4668 vero

191 4715 269 4768 sia
299 4722 493 4769 sancto
520 4710 726 4767 doctori
760 4711 1155 4781 patrocinante,
1182 4710 1493 4781 apostolicae
1523 4711 1666 4765 enim
1698 4726 1783 4766 se-
1818 4695 1870 4759 Β
1893 4706 2111 4779 defendo
2132 4723 2251 4762 cum
2273 4706 2456 4762 dativo
2484 4705 2656 4777 jungit
2678 4704 2928 4761 lioratius
2955 4705 3048 4761 lib.
3084 4721 3123 4759 ι.
3151 4704 3481 4773 Carminum,

192 4805 276 4861 dis
308 4804 596 4876 pontiﬁces
622 4802 809 4859 eadem
855 4804 1073 4859 omnino
1105 4802 1386 4875 Augustini
1419 4804 1579 4858 verba
1607 4813 1791 4860 contra

194 4898 523 4969 Pelagianos
570 4904 917 4967 usurparunt.
958 4893 1093 4952 Cum
1165 4896 1427 4965 haeretici,
1463 4897 1634 4952 coacti
1690 4896 1795 4952 illis

195 4988 381 5044 verbis
411 4987 620 5043 Domini
654 4986 811 5043 Joan.
852 5004 928 5054 lit,
958 4988 989 5041 6
1026 5006 1037 5041 :
1068 4988 1186 5043 Nisi
1224 4988 1337 5058 quis
1379 4999 1587 5042 renatus
1641 4989 1795 5058 fuerit

192 5098 256 5137 ex
281 5098 424 5151 aqua
453 5090 498 5135 et
524 5079 727 5151 Spiritu
754 5089 950 5147 sancto,
984 5098 1087 5135 non
1134 5087 1295 5151 potest
1350 5078 1562 5135 introire
1613 5080 1665 5134 in
1714 5096 1797 5135 re-

196 5192 359 5246 gnum
388 5173 507 5241 Dei,
545 5171 906 5229 concederent
935 5186 1129 5243 pueros
1171 5172 1287 5227 sine
1335 5172 1606 5240 baptismo
1651 5186 1794 5227 mor-

202 5277 331 5325 tuos
354 5283 465 5323 non
496 5267 665 5323 ituros
696 5267 749 5322 in
782 5282 1003 5337 regnum
1042 5260 1324 5332 caelorum,
1358 5280 1479 5321 cum
1527 5264 1647 5321 illos
1677 5266 1795 5322 sine

196 5370 425 5431 peccato
472 5359 719 5432 originali
760 5374 879 5415 esse
915 5358 1133 5424 vellent,
1186 5357 1450 5432 negabant
1489 5358 1706 5414 eosdem
1738 5359 1791 5414 in

197 5453 378 5525 ignem
410 5462 673 5509 aeternum
698 5451 1087 5523 projiciendos,
1118 5451 1211 5508 sed
1256 5451 1511 5508 dicebant
1551 5451 1669 5509 illos
1702 5450 1794 5507 lia-

195 5546 413 5601 bituros
444 5546 628 5601 nescio
657 5540 819 5617 quam
850 5546 1015 5601 vitam
1056 5554 1336 5611 aeternam,
1368 5546 1575 5602 beatam
1627 5562 1692 5603 ac
1719 5544 1797 5601 fe—

199 5639 388 5705 licem,
421 5645 479 5693 ut
508 5637 1011 5709 traditAugustinus
1028 5654 1189 5694 serm.
1220 5638 1366 5696 lide
1390 5640 1550 5697 Verb.
1578 5643 1791 5711 Apost.,

195 5731 293 5787 lib.
332 5748 384 5786 tv
406 5731 475 5787 de
495 5731 643 5803 Orig.
667 5730 880 5801 animae,
902 5747 1020 5801 cap.
1049 5729 1134 5799 l5,
1166 5730 1389 5804 epistola
1428 5730 1549 5801 l06,
1573 5742 1627 5790 et
1646 5733 1792 5792 alibi.

194 5826 402 5892 Quare,
451 5836 511 5881 ut
553 5826 720 5884 hocce
781 5822 1033 5897 elfugium
1082 5826 1381 5900 Pelagianis
1422 5829 1794 5899 praecluderet,

194 5917 332 5973 illud
362 5917 584 5977 Joannis
605 5918 803 5990 “,54,
856 5918 1147 5993 opposuit:
1202 5919 1321 5977 Nisi
1367 5921 1793 5980 manducaueritis

1897 4798 1996 4854 ode
2050 4796 2112 4852 l7
2166 4814 2179 4851 :
2222 4794 2466 4866 Defendit
2493 4804 2725 4851 aestatem
2779 4795 2989 4864 capellis
3020 4836 3033 4861 ,
3090 4802 3144 4849 et
3196 4792 3487 4865 Virgilius,

1898 4895 2069 4964 cclog.
2100 4894 2133 4949 4
2161 4911 2172 4946 :
2208 4888 2504 4948 Sotstitium
2536 4890 2707 4960 pecori
2749 4890 3027 4961 defendite.
3064 4888 3172 4945 Nec
3203 4888 3488 4957 praefectus

1900 4986 2084 5041 urbem
2131 4982 2419 5040 defendere
2467 4982 2570 5039 sibi
2619 4980 2877 5039 dicendus
2923 4990 3049 5050 est,
3103 4981 3196 5037 sed
3235 4981 3486 5052 principi.

1902 5078 2079 5144 Quare
2115 5083 2291 5131 textus
2321 5076 2495 5130 sancti
2526 5072 2820 5131 lnnocentii
2851 5072 3011 5129 nullae
3042 5089 3194 5128 nova:
3222 5088 3487 5145 gramma-

1904 5169 2026 5226 ticae
2048 5166 2401 5238 castigatione
2428 5164 2792 5241 restituendus
2824 5165 2998 5233 venit;
3026 5165 3118 5221 sed
3150 5164 3353 5222 leviora
3376 5165 3492 5222 haec

1902 5262 2203 5319 insinuasse
2226 5260 2293 5317 sit
2311 5260 2463 5317 satis.
2484 5258 2688 5315 Eodem
2713 5274 2931 5330 prorsus
2952 5259 3259 5316 testimonio
3271 5268 3492 5316 sanctus

1903 5354 2149 5415 Gelasius
2174 5369 2309 5425 papa
2341 5348 2656 5424 Pelagianos
2686 5351 2959 5408 insecutus
2981 5360 3063 5408 est
3090 5350 3144 5407 in
3170 5350 3394 5424 cpistola
3425 5351 3492 5407 ad

1902 5451 2186 5522 episcopos
2244 5465 2338 5517 per
2390 5446 2646 5503 Picenum
2706 5464 2719 5500 :
2785 5464 2803 5499 ι
2859 5443 2930 5503 Ut
2973 5446 3310 5517 providentia
3368 5447 3493 5511 Dei,

1903 5542 2105 5612 inquit,
2138 5554 2327 5594 omnes
2372 5536 2783 5608 Pelagianorum
2835 5538 3103 5609 nequitias
3144 5546 3451 5607 aniputaret
3477 5580 3492 5603 ,

1904 5648 2007 5689 non
2030 5632 2201 5688 solum
2222 5630 2425 5687 dictum
2440 5637 2527 5687 est
2554 5647 2566 5684 :
2597 5630 2696 5698 Qui
2728 5646 2828 5685 non
2854 5631 3009 5701 fuerit
3034 5638 3247 5687 renatus
3269 5648 3331 5684 ea;
3358 5646 3492 5698 aqua

1897 5736 1943 5782 et
1985 5724 2187 5797 Spiritu
2236 5732 2449 5796 sancto,
2486 5741 2588 5780 non
2632 5722 2839 5780 intrabit
2886 5724 2939 5779 in
2983 5741 3199 5794 regnum
3254 5724 3492 5778 cwtorum

1898 5819 2077 5894 (Joan.
2106 5834 2183 5887 ill,
2214 5815 2293 5891 5),
2325 5816 2418 5874 sed
2449 5818 2611 5874 etiam
2641 5819 2838 5888 pariter
2859 5816 3059 5874 dictum
3089 5825 3171 5873 est
3203 5836 3215 5872 :
3254 5816 3357 5884 Qui
3391 5832 3491 5868 non

1895 5912 2282 5968 manducaverit
2330 5928 2538 5967 carnem
2589 5909 2715 5968 Filii
2764 5911 3017 5979 hominis,
3063 5920 3108 5966 et
3148 5909 3326 5967 biberit
3380 5912 3491 5983 ejus
