3962 6346
495 374 594 430 705

1335 353 1890 419 SUPPLEMENTUM
1928 358 2021 415 AD
2059 352 2286 414 OPERA
2328 355 2388 413 S.
2429 352 2824 412 AUGUSTINI.

3638 361 3746 417 704

493 493 804 562 sanguinem,
833 504 932 541 non
961 484 1158 539 habebit
1186 482 1344 537 vitam
1385 482 1440 534 in
1470 480 1737 548 semetipso
1768 475 1948 550 (Joan.
1973 491 2023 530 vi
2044 515 2060 541 ,
2087 475 2143 536 Α
2165 472 2449 543 Augustini
2506 471 2710 527 amicus
2745 480 2801 526 et
2847 469 3120 536 defensor,
3171 470 3225 525 in
3260 471 3524 542 opusculo
3561 485 3750 531 contra

495 584 606 653 iii).
640 583 714 638 De
740 581 844 634 vita
872 587 1046 633 autem
1099 584 1296 630 aeterna
1326 573 1427 628 hoc
1456 572 1654 626 dictum
1687 571 1864 625 nullus
1897 567 2066 623 addu-

495 679 660 742 bitat,
691 673 940 743 quoniam
999 670 1151 725 multi
1199 683 1303 723 non
1331 667 1710 722 manducantes
1752 664 1852 718 hoc
1889 676 2066 718 sacra-

500 776 738 822 mentum
765 764 924 819 vitam
943 763 1224 817 videantur
1242 760 1437 815 habere
1459 766 1792 829 praesentem.
1825 775 1844 807 ι
1875 753 2064 822 Audis,

495 859 799 923 Moraines,
851 871 956 911 non
1007 856 1182 910 minus
1210 853 1277 908 ad
1325 851 1575 921 parvulos
1623 847 1888 920 pertinere
1932 845 2066 900 illud

493 951 646 1006 Joan.
691 965 743 1003 v1
798 965 810 1002 :

493 1049 647 1104 Joan.
678 1063 737 1101 ιιι
771 1063 784 1100 :
821 1045 942 1100 Nisi
988 1045 1103 1114 quis
1145 1051 1352 1096 renatus
1377 1083 1393 1107 ,
1433 1049 1536 1095 etc.
1592 1038 1700 1094 Hoc
1729 1031 2070 1091 Innocentius

496 1138 693 1204 credit,
720 1137 820 1192 hoc
846 1134 1088 1190 Gelasius
1109 1133 1312 1198 statuit,
1336 1132 1474 1202 quod
1500 1140 1672 1183 tamen
1696 1127 1750 1181 in
1775 1123 2071 1195 Augustino

497 1240 750 1300 tanquam
781 1228 1071 1297 palmarem
1103 1237 1339 1280 errorem
1374 1220 1822 1292 reprehendebas.

571 1320 898 1377 Maldouatus
937 1320 989 1373 in
1029 1317 1329 1372 Comment.
1379 1329 1495 1384 cap.
1528 1330 1578 1368 vr
1627 1313 1778 1368 Joan.
1819 1310 1921 1380 54,
1952 1312 2069 1366 ait:

508 1435 527 1468 ι
565 1415 775 1470 Missam
805 1411 939 1467 facio
964 1409 1244 1480 Augustini
1265 1416 1318 1463 et
1343 1406 1634 1462 Innocentii
1664 1406 1684 1460 l
1711 1405 2030 1461 sententiam
2054 1443 2070 1470 ,

504 1521 625 1575 quas
649 1511 934 1560 sexcentos
956 1501 1170 1556 circiter
1198 1514 1366 1554 annos
1393 1499 1561 1568 viguit.
1587 1497 1639 1553 in
1671 1495 1933 1566 Ecclesia,
1962 1495 2075 1551 Eu-

500 1598 803 1653 charistiam
851 1595 1008 1651 etiam
1052 1593 1340 1649 infantibus
1381 1591 1758 1649 necessariam.
1804 1610 1823 1642 ι
1871 1591 2074 1646 Rursus

503 1692 699 1747 ibidem
751 1689 979 1744 affirmat
1027 1688 1381 1758 Augustinum
1429 1696 1482 1741 et
1536 1686 1903 1741 Innocentium
1936 1703 1957 1736 ι
2010 1698 2075 1739 co

503 1782 808 1838 testimonio
832 1781 988 1837 Joau.
1015 1797 1066 1836 vr
1100 1780 1358 1836 adductos
1397 1779 1560 1834 fuisse
1593 1789 1646 1832 ut
1676 1777 1961 1833 crederent
1989 1777 2074 1830 in-

871 947 990 1002 Nisi
1039 945 1501 1008 ntanducaveritis,
1549 949 1679 1006 etc.,
1726 953 1883 1008 quam
1939 936 2098 1017 illud.

2169 568 2461 633 Julianum,
2508 565 2608 620 hoc
2635 565 2752 635 ipso
2778 571 3093 634 argumento
3123 562 3288 618 utitur
3308 580 3371 619 ea
3402 579 3622 632 prorsus
3661 583 3750 621 ra-

2172 660 2318 714 tione
2345 674 2446 728 qua
2476 656 2604 712 illud
2637 656 2736 724 ipsi
2784 654 3186 724 explicavimus.
3233 656 3312 710 Do
3355 657 3499 712 illius
3527 667 3751 715 senten-

2170 753 2303 806 tiam
2324 765 2391 806 ex
2420 747 2515 804 Ms.
2548 748 2806 804 Palatina:
2835 747 3150 803 biblmhecae
3177 749 3230 803 in
3260 748 3542 816 Vaticano,
3591 767 3744 807 num.

2170 842 2316 910 251,
2366 858 2485 913 pag.
2539 845 2592 906 8,
2625 841 2728 896 col.
2759 839 2841 896 ἓξ
2893 859 2912 892 ς
2957 841 3067 896 Vox
3112 841 3401 896 Salvatoris
3427 851 3512 897 est
3565 857 3581 894 :
3624 841 3750 896 Nisi

2171 934 2597 990 manducaveritis
2651 948 2856 987 carnem
2882 947 3074 1000 meam,
3115 941 3164 986 et
3198 932 3419 986 biberitis
3447 933 3756 1002 sanguinem

2173 1041 2381 1094 meum,
2430 1040 2530 1078 non
2573 1024 2816 1078 habebitis
2867 1025 3022 1076 vitam
3071 1023 3127 1076 in
3167 1024 3567 1093 nobismetipsis;
3609 1023 3756 1092 quod

2174 1127 2320 1173 certe
2341 1117 2540 1186 absque
2559 1115 2665 1171 ulla
2690 1115 3124 1185 tergiversatione
3143 1113 3257 1168 sine
3280 1113 3543 1184 baptismo
3566 1114 3755 1168 nullus

2177 1216 2426 1280 usurpat,
2459 1223 2558 1265 nec
2605 1209 2664 1263 fit
2688 1208 2830 1263 illius
2860 1209 3126 1277 particeps
3151 1209 3489 1264 sacramenti.
3525 1227 3544 1262 ι
3581 1208 3760 1263 Porro

2180 1304 2282 1358 hoc
2305 1312 2674 1373 argumentum
2699 1302 3067 1358 validissimum
3083 1316 3202 1357 esse
3224 1311 3443 1356 testatur
3463 1301 3756 1366 Eusebius,

2179 1397 2463 1467 episcopus
2507 1396 2848 1464 Gallicanos,
2881 1395 3033 1463 cujus
3065 1395 3299 1450 homiliae
3339 1396 3437 1450 sub
3482 1394 3762 1450 Emisseni

2179 1487 2332 1544 titulo
2359 1487 2826 1552 circumferuntur,
2858 1489 2945 1556 qui
2977 1498 3152 1542 tamen
3185 1485 3460 1542 Emisseno
3488 1496 3540 1542 et
3571 1494 3765 1556 poste-

2179 1583 2290 1638 rior
2319 1589 2374 1638 et
2410 1581 2600 1638 melior
2629 1581 2747 1636 fuit.
2779 1581 2875 1635 Hic
2920 1579 2972 1634 in
3006 1580 3155 1636 hom.
3186 1581 3220 1634 5
3253 1579 3320 1635 de
3349 1579 3611 1635 Paschate
3638 1579 3720 1633 ait
3749 1597 3763 1631 :

2186 1694 2205 1727 ‹
2244 1674 2366 1728 Nisi
2387 1673 2808 1728 manducaveritis
2836 1689 3038 1725 carnem
3067 1670 3195 1726 Filii
3218 1673 3463 1738 hominis,
3488 1680 3534 1725 et
3565 1671 3771 1724 biberi-

2181 1769 2244 1821 tis
2274 1767 2570 1839 sanguinem
2589 1770 2725 1838 ejus,
2753 1782 2853 1820 non
2884 1766 3126 1820 habebitis
3151 1767 3305 1820 vitam
3331 1768 3382 1820 in
3411 1767 3562 1822 vobis.
3603 1766 3771 1834 Quod

510 1876 683 1930 iantes
711 1875 868 1930 etiam
900 1874 1225 1943 baptizatos,
1255 1873 1355 1927 nisi
1403 1871 1788 1927 Eucharistiam
1836 1870 2078 1940 percipe-

2186 1858 2546 1914 testimonium
2596 1866 2782 1913 contra
2831 1857 3032 1927 Pelagii
3062 1858 3415 1928 blasphemias
3441 1873 3772 1913 avronsms-

505 1974 663 2032 rent,
714 1965 891 2021 salvos
935 1980 1053 2021 esse
1082 1980 1187 2020 non
1235 1979 1410 2035 posse.
1452 1985 1471 2017 ι
1507 1965 1580 2020 lta
1629 1965 1832 2019 socium
1875 1963 2076 2020 erroris

503 2058 799 2129 Augustino
857 2057 1094 2134 tribuunt
1145 2058 1552 2121 Innocentium,
1611 2065 1665 2111 et
1708 2058 1752 2114 si
1804 2056 2076 2111 Gelasium

506 2151 780 2221 legissent,
797 2151 1042 2206 eumdem
1066 2165 1274 2220 quoque
1302 2148 1649 2204 addidissent.
1677 2149 1789 2204 Duo
1813 2147 1898 2202 hic
1921 2146 2077 2202 nobis

513 2242 809 2311 praestanda
850 2254 970 2297 sunt
991 2283 1006 2307 ,
1049 2253 1101 2297 et
1132 2242 1464 2297 Maldonatus
1498 2240 1860 2310 castigandus,
1892 2250 1945 2295 et
1972 2241 2078 2294 Au-

505 2335 749 2403 gustinus
777 2350 881 2389 una
916 2349 1036 2391 eum
1079 2333 1370 2404 apostolica
1396 2333 1525 2389 sede
1565 2333 1634 2388 ab
1657 2347 1840 2388 errore
1864 2346 1927 2387 ac
1953 2346 2080 2386 cen-

505 2427 650 2482 suris
678 2425 1027 2482 vindicandus
1057 2438 1158 2482 est.
1192 2426 1249 2481 In
1280 2426 1464 2496 primis
1509 2434 1716 2481 certum
1745 2436 1828 2480 est
1869 2432 2078 2480 veteres

507 2517 692 2576 Patres
743 2519 1086 2576 consuevissc
1136 2520 1313 2589 pueris
1359 2517 1536 2573 statim
1587 2525 1706 2586 post
1755 2515 2078 2584 baptismum

507 2627 714 2667 sacram
747 2611 1140 2668 Eucharistiam
1168 2612 1495 2677 ministrare,
1537 2620 1591 2664 ut
1616 2609 1830 2664 tradunt
1856 2606 2081 2680 Cypria-

505 2717 605 2756 nus
637 2703 688 2757 in
734 2703 871 2760 libro
904 2705 972 2760 de
999 2705 1211 2775 Lapsis;
1247 2702 1554 2760 Gennadius
1592 2703 1661 2756 de
1699 2701 1906 2757 Eccles.
1937 2702 2079 2772 Dog-

507 2801 658 2858 mat.,
714 2808 834 2864 cap.
889 2795 991 2863 52;
1049 2796 1374 2865 Augustinus
1419 2796 1576 2866 epist.
1627 2793 1752 2860 407;
1799 2794 2080 2849 concilium

505 2883 820 2941 Toletanum
844 2902 904 2952 tt,
932 2902 1049 2957 cap.
1082 2888 1166 2943 11.
1204 2888 1353 2955 Quod
1383 2901 1511 2942 vero
1555 2886 1725 2956 inquit
1749 2885 2082 2942 Maldonatus

506 2975 628 3033 illos
657 2981 727 3031 ita
771 2978 993 3046 fecisse,
1023 2981 1163 3050 quod
1222 2979 1475 3049 putabant
1502 2978 1884 3031 Encharistiam
1929 2979 2081 3031 etiam

505 3067 784 3136 infantibus
820 3072 1185 3135 necessariam,
1240 3070 1382 3124 nullo
1410 3078 1561 3138 pacto
1591 3067 1808 3124 concedi
1857 3078 2031 3138 potest
2064 3085 2077 3122 :

513 3156 564 3210 id
596 3158 736 3212 enim
767 3169 848 3214 est
874 3170 1063 3215 contra
1113 3160 1410 3216 Tridentini
1467 3160 1737 3215 decretqu
1767 3200 1782 3226 ,
1826 3174 1962 3215 sess.
1989 3159 2079 3226 2|,

2179 1968 2342 2008 suum
2372 1963 2532 2023 atque
2581 1967 2956 2007 νιιιιοιεειιιυιι
2984 1962 3068 2007 est
3090 1992 3106 2017 ,
3139 1953 3230 2020 qui
3272 1966 3507 2007 asserere
3535 1961 3774 2022 arrepta

2178 2045 2454 2115 impietate
2482 2045 2777 2112 praesumit,
2808 2059 2915 2098 non
2946 2053 3162 2114 propter
3182 2044 3370 2110 vitam,
3413 2047 3506 2100 sed
3535 2053 3775 2114 propter

2179 2154 2400 2208 regnum
2419 2139 2676 2194 caelorum
2710 2139 3028 2207 baptismum
3058 2139 3294 2208 parvulis
3331 2139 3758 2194 conferendum.

2182 2233 2292 2290 Sub
2322 2231 2406 2286 his
2427 2229 2568 2286 enim
2594 2229 2686 2284 Dei
2713 2230 2911 2296 verbis,
2945 2229 3134 2299 quibus
3156 2229 3490 2299 Evangelista
3515 2245 3771 2297 pronun-

2188 2325 2304 2402 tiat,
2341 2322 2465 2378 Non
2514 2323 2758 2376 habebitis
2786 2324 2940 2376 vitam
2961 2324 3014 2376 in
3031 2322 3189 2388 vobis,
3215 2333 3396 2393 aperte
3415 2323 3778 2393 intelligenda

2183 2427 2264 2474 est
2291 2416 2470 2472 omnis
2500 2415 2674 2470 anima
2705 2429 2931 2470 munere
2963 2415 3210 2483 baptismi
3240 2429 3401 2469 vacua
3429 2430 3532 2469 non
3576 2415 3773 2468 solum

2183 2511 2350 2582 gloria
2381 2524 2598 2574 carere,
2647 2508 2742 2563 sed
2773 2508 2902 2562 vita.
2940 2527 2958 2558 ι
3004 2508 3160 2562 Τυιιι.
3201 2524 3232 2560 v
3265 2507 3399 2563 Bibl.
3451 2516 3778 2562 sanctorum

2185 2604 2434 2669 Patrum,
2489 2612 2626 2671 part.
2667 2617 2711 2665 ι,
2739 2616 2859 2671 pag.
2905 2599 3010 2656 560
3057 2601 3186 2656 edit.
3219 2600 3406 2655 Colon.
3447 2599 3596 2653 illam
3639 2612 3774 2654 vero

2185 2703 2555 2752 auctoritatem
2601 2709 2766 2749 sacrae
2805 2694 3091 2764 Scriptura:
3138 2695 3209 2748 ita
3251 2693 3555 2750 adhibuisse
3601 2709 3778 2748 sanc-

2186 2800 2297 2845 tum
2345 2788 2696 2860 Augustinum
2749 2795 2892 2856 patet
2935 2803 3000 2842 ex
3042 2786 3280 2857 ejusdem
3328 2787 3483 2856 epist.
3557 2787 3679 2842 lOG
3707 2788 3769 2841 ad

2183 2881 2499 2948 Paulinum,
2538 2881 2626 2935 ubi
2653 2881 2727 2934 ait
2771 2898 2784 2932 :
2824 2899 2843 2932 ε
2882 2879 2938 2935 Si
2962 2889 3137 2934 autem
3176 2879 3370 2934 cedunt
3398 2879 3510 2935 sedi
3540 2893 3773 2949 aposto-

2186 2973 2324 3039 licte,
2351 2973 2434 3027 vel
2458 2971 2632 3041 potius
2649 2971 2750 3040 ipsi
2774 2971 3026 3042 magistro
3046 2979 3099 3026 et
3123 2971 3350 3026 Domino
3368 2957 3774 3042 aposmlorum,

2185 3063 2276 3133 qui
2321 3061 2451 3117 dicit
2495 3077 2603 3116 non
2649 3061 2925 3116 habituros
2967 3062 3128 3115 vitam
3175 3064 3228 3116 in
3266 3063 3600 3130 semetipsis,
3674 3064 3774 3119 nisi

2188 3153 2624 3211 manducaverint
2655 3167 2874 3208 carnem
2904 3152 3023 3207 Filii
3055 3153 3291 3209 hominis
3320 3163 3373 3209 et
3389 3154 3625 3210 biberint
3653 3171 3778 3210 san-

511 3263 631 3317 cap.
661 3248 716 3315 4,
750 3250 837 3304 ubi
868 3252 933 3306 de
954 3252 1140 3307 eodem
1169 3254 1508 3322 antiquorum
1530 3251 1636 3305 ritu
1660 3249 1819 3304 dandi
1850 3249 2085 3317 parvulis
2114 3261 2160 3324 ρ
2190 3248 2402 3318 guinem
2422 3288 2436 3312 ,
2487 3245 2630 3316 quod
2676 3260 2776 3299 msr
2825 3260 3103 3300 BAPTIZA'I‘I
3135 3261 3239 3301 non
3269 3246 3448 3316 utique
3494 3259 3773 3316 possunt,

514 3338 922 3407 Eucharistiam,
955 3341 1176 3410 loquens
1201 3343 1314 3395 ait:
1349 3359 1367 3392 ι
1400 3340 1468 3396 Ut
1491 3339 1633 3394 enim
1658 3337 1981 3394 sanctissimi
2007 3337 2081 3393 illi

513 3430 698 3484 Patres
727 3430 810 3485 sui
842 3430 964 3485 facti
995 3431 1318 3500 probabilem
1343 3445 1554 3485 causam
1579 3446 1674 3500 pro
1705 3431 1847 3484 illius
1879 3438 2084 3498 tempo-

517 3523 590 3574 ris
649 3521 852 3577 ratione
898 3521 1239 3588 habuerunt,
1282 3523 1352 3576 ita
1381 3531 1528 3578 certe
1565 3537 1657 3576 eos
1707 3522 1851 3576 nulla
1897 3521 2083 3578 salutis

511 3613 828 3668 necessitate
855 3613 909 3667 id
955 3613 1149 3670 fecisse
1197 3615 1311 3668 sine
1340 3614 1707 3669 controversia
1750 3613 2079 3668 credendum

510 3715 612 3760 est.
641 3725 658 3758 ι
686 3706 838 3774 Quod
867 3722 1054 3763 rursus
1071 3694 1562 3762 additlilaldonalus
1592 3718 1806 3763 sanctos
1830 3707 2084 3761 Innocen-

509 3800 642 3853 tium
674 3808 726 3854 et
756 3799 1106 3868 Augustinum
1129 3799 1326 3854 dixisse
1349 3801 1573 3869 infantes
1599 3800 1750 3853 etiam
1777 3799 2081 3870 baptizatos,

507 3891 603 3944 nisi
633 3889 1010 3946 Eucltaristiam
1041 3893 1383 3962 perciperent,
1406 3894 1570 3946 salvos
1603 3907 1707 3962 esse
1753 3907 1852 3944 non
1901 3907 2044 3958 posse
2064 3931 2080 3958 ,

506 3994 559 4033 ct
611 3983 847 4036 Adamus
875 3983 1070 4037 dixisse
1103 3985 1454 4052 Augustinum
1512 3984 1733 4054 infantes
1784 3983 1936 4036 etiam
1974 3998 2086 4036 sus-

506 4084 646 4142 cepto
667 4074 911 4144 baptismo
927 4091 1028 4128 non
1051 4091 1194 4144 posse
1212 4077 1379 4128 salvos
1397 4075 1510 4143 ﬁeri
1531 4076 1641 4128 sine
1657 4077 1780 4128 reali
1796 4074 2084 4145 sumptione

507 4166 842 4218 sanctissima:
867 4163 1229 4232 Eucharistiw,
1262 4165 1601 4219 falsissimum
1631 4180 1727 4220 esr.
1766 4166 1850 4220 Illi
1869 4164 2083 4234 quidem

507 4256 694 4310 dixere
744 4256 971 4311 infantes
997 4259 1116 4311 sine
1159 4271 1493 4312 sacramento
1523 4256 1870 4312 Eucharistia:
1909 4257 2086 4311 salvos

513 4365 631 4403 esse
663 4365 765 4403 non
812 4364 970 4419 posse
992 4390 1007 4415 ,
1034 4359 1087 4403 at
1113 4350 1165 4403 id
1197 4351 1262 4404 de
1290 4350 1468 4420 pueris
1493 4348 1776 4418 baptizatis
1816 4361 2085 4417 nunquam

512 4441 862 4506 aflirmarunt,
894 4457 1013 4494 cum
1047 4456 1109 4495 ea
1151 4449 1466 4508 tempestate
1491 4439 1668 4494 statim
1717 4449 1836 4508 post
1887 4438 2087 4507 baptis-

513 4547 657 4588 mum
689 4533 907 4588 daretur
936 4533 1183 4587 omnibus
1232 4533 1394 4588 etiam
1444 4530 1797 4585 Eucharislia.
1827 4530 1908 4585 Ub
1945 4531 2082 4585 hanc

2191 3355 2384 3409 nempe
2405 3339 2692 3408 aliquando
2723 3337 3028 3393 fatebuntur
3051 3339 3296 3408 parvulos
3325 3353 3422 3394 sos
3448 3356 3779 3395 BAPTIZA’I‘OS

2189 3431 2350 3484 vitam
2384 3429 2581 3484 habere
2609 3443 2713 3482 non
2745 3443 2923 3498 posse.
2966 3447 2985 3480 ι
3022 3429 3203 3499 Neque
3252 3439 3463 3485 sanctus
3498 3430 3778 3487 Innocen-

2189 3522 2295 3576 tius
2327 3521 2512 3575 scribit
2545 3521 2777 3589 parvulis
2817 3521 2977 3574 etiam
3011 3520 3294 3590 baptizatis
3321 3523 3479 3576 vitam
3504 3533 3777 3579 aeternam

2191 3615 2289 3668 nisi
2343 3628 2436 3682 per
2482 3611 2870 3667 Eucliaristiam
2921 3612 3189 3680 conferri,
3244 3623 3301 3668 ut
3327 3613 3402 3667 illi
3433 3613 3778 3670 Maldonatus

2187 3706 2432 3773 imponit,
2461 3705 2554 3760 sed
2579 3705 2632 3758 in
2662 3721 2746 3759 eos
2767 3705 2991 3759 creditur
3030 3720 3128 3760 non
3158 3719 3260 3761 NlSl
3287 3720 3622 3762 BAPTISIATE
3656 3723 3778 3761 con-

2189 3798 2481 3868 ferendam,
2515 3806 2572 3850 ut
2592 3797 2754 3850 vitam
2782 3805 3037 3851 aeternam
3061 3812 3165 3851 non
3197 3796 3264 3850 ab
3289 3796 3651 3869 Eucharistia,
3681 3799 3773 3853 sed

2187 3905 2216 3944 a
2250 3891 2566 3959 baptismate
2590 3889 2824 3944 conferri
2859 3889 3142 3959 signiticet.
3174 3889 3328 3945 Unde
3353 3891 3693 3959 Augustinus
3724 3893 3773 3948 in

2188 3981 2398 4036 laudata
2447 3982 2669 4050 epistola
2724 3981 2791 4034 ad
2839 3980 3119 4035 Paulinum
3163 3989 3313 4035 notat
3339 3981 3407 4035 ab
3460 3981 3771 4049 apostolica

2189 4075 2317 4130 sede
2371 4074 2666 4130 adhibitum
2707 4073 2837 4128 illud
2885 4075 3224 4128 testimonium
3268 4073 3657 4144 evangelicum,
3715 4092 3775 4130 ne

2191 4169 2388 4237 parvuli
2431 4183 2532 4221 non
2573 4181 2847 4221 BAPTIZATI
2886 4168 3038 4219 vitam
3067 4183 3212 4237 posse
3259 4166 3445 4220 habere
3469 4168 3771 4222 credantur.

2189 4259 2304 4314 Non
2351 4259 2458 4324 ait,
2500 4275 2562 4312 ne
2590 4258 2791 4326 paruuli
2813 4259 2967 4312 etiam
3000 4258 3244 4328 baptizati
3283 4259 3392 4311 sine
3433 4257 3774 4314 Eucharistin:

2189 4352 2476 4422 sumptione
2501 4351 2657 4404 vitam
2703 4367 2850 4421 posse
2896 4350 3084 4404 habere
3111 4352 3405 4404 credantur.
3435 4351 3565 4419 Quae
3596 4353 3773 4422 gravis

2190 4453 2270 4498 est
2300 4442 2728 4498 adversariorum
2762 4441 3092 4496 allucinatio.

2261 4536 2366 4591 Sed
2414 4551 2535 4591 cum
2571 4550 2632 4591 ea
2683 4542 2999 4604 tempestate
3031 4535 3278 4590 omnibus
3327 4546 3617 4606 utrumque
3646 4537 3771 4592 illud

513 4641 639 4680 vero
666 4639 880 4680 causam
905 4640 971 4680 eo
995 4625 1296 4679 testimonio
1320 4623 1539 4678 Joannis
1563 4640 1612 4677 v1
1635 4632 1819 4678 contra
1845 4622 2084 4694 Pelagia-
2111 4655 2166 4716 Β
2190 4639 2606 4694 sacramentum,
2638 4627 2899 4696 baptisma
2930 4627 3132 4684 scilicet
3153 4639 3206 4683 et
3228 4628 3587 4698 Eucharistia,
3621 4631 3772 4686 dare-

509 4733 605 4772 nos
647 4720 850 4788 Optime
878 4727 932 4772 et
960 4717 1182 4772 Romani
1225 4717 1502 4786 pontifices
1531 4723 1585 4771 et
1627 4715 1953 4784 Augustinus
2000 4715 2082 4769 usi

503 4821 625 4864 sunt
657 4828 670 4863 :
704 4826 824 4864 nam
850 4825 971 4865 cum
1013 4809 1279 4880 Pelagiani
1308 4807 1470 4862 vitam
1512 4817 1767 4862 internum
1811 4815 1960 4861 extra
2002 4821 2088 4861 re-

502 4912 664 4972 gnum
691 4904 779 4959 Dei
804 4902 1038 4972 parvulis
1057 4902 1174 4956 sine
1206 4902 1472 4972 baptismo
1495 4900 1847 4956 morientibus
1872 4900 2082 4966 darent,

503 4997 672 5052 sancti
702 4997 888 5051 Patres
920 4996 992 5050 ita
1027 4993 1319 5063 arguebant
1372 5010 1386 5047 :
1431 4991 1621 5049 Nullus
1658 4993 1776 5048 sine
1815 4992 2084 5064 baptismo

506 5096 681 5154 potest
719 5087 992 5157 suscipere
1023 5086 1434 5150 Eucharistiam,
1483 5099 1581 5154 per
1619 5098 1780 5154 quam
1817 5099 1883 5140 ex
1907 5084 2084 5138 verbis

509 5179 719 5234 Domini
761 5179 982 5236 Joannis
1006 5195 1055 5234 v1
1097 5179 1325 5234 donatur
1350 5178 1460 5232 vita
1489 5186 1711 5245 aeterna,
1743 5177 1904 5247 igitur
1933 5176 2087 5246 pueri

511 5273 802 5327 morientes
827 5273 942 5328 sine
973 5273 1220 5342 baptismi
1263 5280 1319 5327 et
1364 5270 1710 5326 Eucharistia:
1735 5270 2086 5327 sacramentis

504 5378 610 5418 non
635 5373 856 5433 possunt
886 5364 1204 5435 participare
1226 5365 1386 5420 vitam
1414 5373 1690 5419 aeternam.
1723 5367 1795 5418 At
1813 5377 2086 5434 nunquam

510 5457 694 5510 dixere
737 5456 966 5513 infantes
1010 5467 1215 5514 tantum
1256 5457 1553 5528 baptizatos
1579 5467 1704 5512 ante
1736 5457 2087 5512 Eucharistite

506 5548 864 5616 sumptioncm
919 5565 1026 5604 non
1073 5551 1272 5607 habere
1317 5552 1544 5622 gratiam
1593 5560 1648 5607 et
1679 5552 1770 5623 jus
1825 5553 1890 5606 ad
1923 5553 2083 5607 vitam

505 5652 785 5699 aeternam.
831 5643 908 5700 Eo
931 5653 1109 5700 autem
1161 5645 1406 5701 discursu
1429 5647 1634 5716 optime
1662 5645 1929 5716 Pelagiani
1955 5661 2083 5703 con-

501 5736 855 5792 vincebantur
879 5736 1003 5807 quia
1041 5737 1182 5792 unde
1221 5737 1382 5792 vitam
1414 5746 1669 5793 aeternam
1695 5739 1933 5808 parvulis
1963 5754 2086 5808 pro-

509 5834 821 5900 mitterent,
868 5847 976 5889 non
1008 5827 1538 5919 liabebant..Marius
1585 5828 1868 5892 Meri-ator.
1917 5832 2084 5891 sancti

2196 4732 2300 4789 tur,
2333 4735 2439 4775 non
2483 4730 2589 4775 tam
2619 4719 2930 4790 frequenter
2952 4720 3193 4791 .legimus
3219 4723 3273 4777 in
3304 4723 3605 4794 Augustino
3644 4725 3770 4794 quid

2190 4813 2425 4869 senserit
2449 4812 2495 4866 si
2515 4811 2776 4880 baptisma
2799 4820 3004 4868 tantum
3021 4815 3137 4868 sine
3157 4813 3498 4870 Eucharistia
3522 4815 3767 4870 collatum

2192 4907 2403 4963 fuisset.
2473 4906 2738 4962 Caeterum
2796 4907 2962 4962 semel
3025 4921 3206 4961 casum
3265 4894 3416 4962 illum
3468 4909 3584 4978 lego
3633 4909 3769 4978 apud

2191 5010 2436 5056 sanctum
2463 5000 2763 5068 doctorem,
2799 5000 2892 5055 lib.
2927 5016 2944 5054 1
2971 5000 3038 5056 de
3060 5000 3268 5070 origine
3295 5002 3530 5069 animae,
3569 5016 3682 5071 cap.
3714 5003 3766 5067 9,

2193 5103 2250 5150 et
2276 5093 2373 5150 lib.
2395 5109 2477 5162 ιιι,
2503 5109 2624 5164 cap.
2647 5095 2702 5161 9,
2725 5093 2817 5148 ubi
2846 5094 3302 5162 cumﬂincentius
3325 5095 3511 5151 Victor
3533 5096 3769 5166 exemplo

2192 5187 2320 5243 boni
2351 5187 2573 5243 latronis
2622 5187 2872 5256 probaret
2917 5201 3116 5257 pueros
3161 5187 3277 5243 sine
3307 5188 3574 5259 baptismo
3614 5202 3767 5260 posse

2191 5280 2422 5346 salvari,
2474 5288 2691 5336 sanctus
2738 5281 2928 5336 doctor
2961 5281 3254 5351 respondet
3293 5282 3412 5338 ﬁeri
3455 5283 3682 5354 potuisse
3713 5289 3768 5336 ut

2193 5372 2332 5427 latro
2359 5370 2450 5426 ille
2473 5371 2632 5426 fuerit
2655 5371 2952 5441 baptizatus
2973 5413 2988 5439 ,
3027 5381 3081 5428 et
3099 5383 3387 5444 antequam
3421 5376 3476 5430 in
3507 5388 3765 5432 carcerem

2193 5462 2297 5518 iret
2316 5461 2584 5531 acceperit
2613 5461 2667 5515 in
2697 5460 2966 5531 baptismo
2995 5464 3365 5519 remissionem
3401 5476 3760 5528 necatorum;
3809 5528 3812 5530 γ

2197 5554 2301 5623 vel,
2336 5563 2393 5610 ut
2423 5553 2663 5624 plerique
2691 5553 3014 5624 credebant,
3060 5555 3115 5610 in
3145 5556 3260 5626 ipsa
3289 5572 3454 5614 cruce
3477 5558 3766 5628 baptizatus

2193 5648 2358 5704 fuerit
2403 5663 2542 5718 aqua
2593 5662 2626 5705 e
2663 5646 2871 5704 .Cbristi
2920 5648 3089 5704 latere
3141 5651 3418 5707 exiliente.
3469 5651 3537 5708 Et
3586 5649 3679 5706 lib.
3729 5664 3763 5705 ιι

2193 5741 2458 5811 Retract.,
2489 5757 2611 5813 cap.
2645 5742 2745 5809 18,
2773 5742 2848 5796 ait
2879 5743 3144 5798 incertum
3173 5759 3294 5801 esse
3347 5761 3417 5800 an
3448 5746 3582 5801 latro
3612 5741 3764 5798 fuerit

2195 5831 2519 5903 baptizatus,
2561 5847 2665 5903 qua
2695 5833 2761 5890 de
2783 5848 2846 5889 re
2869 5847 3048 5890 sermo
3077 5833 3271 5892 redibit
3295 5849 3417 5907 cap.
3452 5831 3503 5904 ὅ,
3531 5835 3556 5906 3
3583 5833 3662 5890 11.
3691 5837 3764 5890 At
