3962 6346
222 354 334 408 705

1406 338 1725 396 VINDlCL‘E
1768 335 2325 415 AUGUSTINIAN/E.

3402 335 3507 390 706

218 472 434 521 certum
466 467 548 517 est
598 461 864 515 latronem
898 470 1003 510 non
1052 453 1347 525 sumpsisse
1378 454 1774 511 Eucharistiam
1800 493 1816 518 ,
1846 458 1900 515 Α
1924 450 2143 506 Christi.
2196 450 2365 505 Porro
2389 448 2702 521 Fulgentius
2738 456 2860 519 post
2899 446 2983 503 illa
3016 445 3295 521 Augustini
3343 449 3507 505 verba

220 571 348 625 quae
377 555 552 625 pridie
582 562 705 609 ante
728 560 955 607 mortem
988 550 1039 604 in
1071 565 1226 606 omna
1258 564 1285 604 a
1308 550 1536 607 Domino
1567 549 1813 604 instituta

222 647 420 703 fuerat.
454 647 619 715 Igitur
647 661 741 717 per
789 644 1143 715 Augustinum
1194 644 1354 698 homo
1401 651 1605 697 tantum
1637 642 1815 712 bapti-

223 748 383 793 zatus
422 738 538 793 sine
576 739 703 793 reali
753 738 1062 809 sumptione
1095 737 1440 792 Eueharistiae
1473 743 1649 805 potest
1677 735 1817 789 acci-

221 843 359 898 pere
389 829 763 885 remissionem
819 839 1162 898 peccatorum
1194 838 1247 885 et
1283 828 1507 883 salutem
1537 836 1812 882 aeternam.

230 920 349 975 lloc
370 921 529 976 etiam
560 921 844 977 deducitur
869 939 933 977 ex
958 923 1220 978 constanti
1244 921 1485 990 ejusdem
1515 920 1782 976 sententia
1800 959 1816 985 ,

225 1025 337 1081 qua
381 1014 613 1068 asseruit
657 1014 813 1083 ﬁdem
859 1016 1338 1083 conuersionemqne
1383 1014 1582 1083 cordis,
1609 1028 1728 1084 quae
1761 1012 1818 1068 ﬁt

230 1116 332 1173 per
361 1104 675 1161 charitatem
730 1107 993 1163 actualem
1021 1149 1036 1175 ,
1089 1122 1245 1177 posse
1286 1107 1514 1162 reddere
1543 1106 1817 1161 hominem

227 1195 464 1262 salvum,
491 1199 587 1251 sia
627 1199 938 1269 recipiendo
970 1200 1235 1270 baptismo
1265 1200 1554 1269 improvisa
1576 1198 1816 1255 necessi-

228 1294 346 1342 tate
376 1289 721 1355 excludatur;
764 1292 837 1345 ita
867 1292 1065 1361 passim
1097 1290 1284 1347 scribit
1333 1290 1384 1344 in
1434 1291 1585 1346 libris
1632 1298 1818 1345 contra

228 1377 569 1443 Donatistas,
590 1384 871 1453 .prmcipue
920 1384 1017 1438 lib.
1056 1399 1107 1439 tv
1138 1383 1203 1437 de
1237 1382 1545 1452 Baptismo,
1577 1397 1697 1452 cap.
1726 1380 1818 1436 ‘22.

227 1469 303 1526 At
333 1486 467 1543 puer
493 1474 810 1543 baptizatus,
842 1478 1052 1534 etiamsi
1096 1491 1202 1531 non
1240 1476 1501 1545 percipiat
1532 1474 1821 1529 Eucharis-

227 1567 361 1622 tiam
382 1612 396 1635 ,
426 1569 581 1639 longe
602 1568 911 1639 perfectiori
940 1568 1102 1624 modo
1124 1568 1285 1623 habet
1314 1568 1473 1623 ﬁdem
1502 1577 1557 1623 et
1583 1568 1819 1622 charita-

227 1665 344 1715 tem
370 1660 473 1717 sibi
503 1676 531 1715 a
564 1661 673 1716 Deo
694 1662 747 1715 in
777 1671 1119 1717 sacramento
1143 1662 1567 1732 regenerationis
1594 1662 1817 1727 infusae;

225 1751 415 1822 igitur,
462 1753 615 1823 juxta
646 1755 947 1810 doctrinam
978 1756 1153 1811 sancti
1204 1755 1521 1825 Augustini,
1554 1769 1689 1809 vere
1715 1753 1821 1807 sal-

1921 542 2195 598 concludit
2226 558 2242 600 :
2278 560 2297 593 (
2354 542 2622 609 Arbitror,
2655 551 2840 597 sancte
2871 542 3054 609 frater,
3088 541 3506 610 disputationem

1920 642 2156 689 nostram
2190 634 2433 704 praeclari
2472 634 2707 690 doctoris
2737 633 3017 704 Augustini
3050 648 3300 690 sermone
3331 635 3509 689 ﬁrma-

1923 738 2026 784 tam
2053 770 2068 797 ,
2116 743 2215 784 nec
2258 728 2547 799 quidquam
2579 744 2702 785 esse
2742 729 3078 799 aliquatenus
3124 728 3504 798 ambigendum

1919 829 2047 875 tunc
2083 836 2523 891 unumquemque
2560 822 2796 876 ﬁdelium
2836 823 3080 891 corporis
3124 820 3508 892 sanguinisque

1922 913 2184 967 Dominici
2238 913 2550 983 participem
2605 914 2760 976 ﬁeri,
2823 916 3038 983 quando
3088 917 3139 969 in
3192 914 3511 983 baptismate

1921 1007 2218 1062 membrum
2252 1007 2497 1076 corporis
2523 1006 2725 1061 Christi
2762 1007 3018 1075 efﬁcitur,
3054 1022 3153 1063 nec
3187 1006 3410 1062 alienari
3443 1007 3510 1060 ab

1921 1114 1988 1157 eo
2026 1103 2180 1172 panis
2231 1102 2522 1171 calicisque
2575 1102 2891 1167 consortio,
2948 1103 3160 1156 etiamsi
3217 1111 3507 1171 antequam

1921 1209 2114 1265 panem
2149 1193 2294 1248 illum
2335 1194 2607 1257 comedat,
2640 1204 2689 1249 et
2719 1194 2940 1249 calicem
2970 1195 3149 1263 bibat,
3183 1195 3250 1250 de
3281 1195 3382 1248 hoc.
3404 1210 3510 1248 sae-

1921 1290 2041 1345 culo
2090 1291 2140 1343 in
2173 1290 2380 1345 unitate
2427 1289 2668 1359 corporis
2710 1287 2909 1343 Christi
2965 1292 3284 1345 constitutus
3322 1289 3513 1344 absce—

1923 1382 2034 1437 dat.
2076 1400 2094 1433 ι
2132 1381 2189 1436 In
2234 1397 2377 1451 resp.
2408 1382 2476 1437 ad
2512 1390 2702 1453 qumst.
2732 1381 2996 1437 Ferrandi
3048 1382 3279 1436 diaconi.
3329 1381 3510 1447 Beda,

1923 1480 2070 1528 tomo
2091 1488 2163 1535 v1.
2197 1475 2250 1528 itt
2283 1472 2585 1529 Comment.
2612 1489 2732 1545 cap.
2771 1474 2835 1528 10
2868 1475 3056 1542 prima:
3084 1474 3149 1528 ad
3180 1473 3510 1539 Corinthios,

1923 1568 2013 1637 qui
2053 1568 2271 1623 conﬂati
2311 1578 2529 1623 suntex
2558 1568 2877 1624 centonibus
2920 1569 3236 1639 Augustini,
3282 1568 3351 1622 ita
3384 1568 3514 1622 citat

1923 1661 2100 1728 priora
2154 1659 2243 1713 illa
2300 1660 2464 1714 verba
2492 1661 2664 1714 sancti
2686 1660 3021 1729 ,Auguszini,
3057 1669 3113 1715 ut
3150 1661 3323 1715 eidem
3353 1659 3513 1716 etiam

1924 1752 2181 1806 attribuat
2209 1753 2490 1820 sequentia
2517 1794 2531 1819 ,
2581 1768 2699 1821 quae
2746 1767 2808 1807 ex
2856 1751 3139 1821 Fulgentio
3184 1752 3466 1807 retulimus
3494 1793 3508 1819 ,

224 1845 463 1901 vahitur.
494 1844 630 1901 Cum
660 1863 790 1902 vero
822 1848 994 1903 sancti
1026 1847 1214 1903 Patres
1238 1848 1435 1903 docent
1463 1849 1579 1903 sine
1602 1848 1818 1916 partiei-
1846 1845 1896 1906 B
1922 1847 2123 1901 omisso
2155 1847 2317 1915 priori
2346 1860 2503 1901 versu
2536 1862 2551 1899 :
2585 1845 2839 1911 Arbitror,
2865 1854 3041 1900 sancte
3076 1848 3259 1916 frater,
3294 1853 3425 1911 etc.,
3458 1845 3511 1900 in

223 1937 446 2006 patione
459 1943 701 2009 corporis
727 1949 781 1994 et
806 1939 1081 2011 sanguinis
1110 1940 1319 1995 Domini
1351 1940 1621 1995 neminem
1652 1938 1815 1994 vitam

224 2038 488 2085 aeternam
524 2034 785 2103 consequi
819 2048 1006 2103 posse,
1032 2033 1365 2103 intelligendi
1395 2040 1520 2087 sunt
1556 2032 1625 2087 de
1656 2032 1819 2101 parti-

222 2114 495 2189 cipatione
528 2124 792 2193 spirituali
816 2166 830 2191 ,
862 2125 1076 2196 quando
1104 2140 1197 2194 per
1226 2125 1384 2180 ﬁdem
1418 2125 1651 2179 infusam
1686 2124 1820 2178 ﬁunt

202 2213 519 2284 'participes
565 2218 808 2287 corporis
858 2216 1094 2283 Christi,
1147 2216 1275 2271 dum
1329 2217 1462 2271 ﬁunt
1517 2217 1817 2271 membrum

221 2308 469 2377 Christi,
496 2312 583 2366 cui
616 2327 713 2381 per
742 2311 900 2368 ﬁdem
931 2310 1381 2382 incorporantur,
1425 2311 1695 2380 sicuti'qui
1727 2324 1819 2365 su-

225 2412 385 2457 munt
421 2403 811 2459 Eucharistiam
840 2402 1096 2457 dicuntur
1146 2402 1264 2459 ﬁeri
1299 2403 1540 2457 membra
1583 2401 1815 2466 Christi,

227 2492 360 2548 dum
398 2505 617 2550 manent
646 2496 700 2550 in
731 2511 795 2551 eo
818 2506 871 2550 et
899 2496 1145 2551 Christus
1171 2495 1225 2550 in
1268 2496 1368 2550 eis.
1400 2496 1535 2551 Hinc
1566 2494 1818 2565 Augusti-

225 2600 349 2653 nus,
385 2596 542 2643 tract.
598 2589 665 2642 27
718 2588 773 2643 in
803 2588 1086 2654 Joannem,
1115 2589 1269 2659 plura
1300 2590 1366 2643 de
1397 2588 1497 2644 hac
1524 2603 1585 2642 re
1618 2588 1813 2656 habet,

226 2682 369 2736 inter
396 2692 591 2738 caetera
621 2699 637 2737 :
673 2702 692 2735 ι
729 2682 801 2739 Ut
826 2693 1008 2739 autem
1038 2683 1208 2737 simus
1238 2682 1481 2738 membra
1517 2681 1664 2750 ejus,
1694 2681 1817 2735 uni—

224 2780 308 2828 tas
335 2788 434 2828 nos
456 2775 832 2845 compaginat;
865 2784 921 2828 ut
949 2774 1289 2844 compaginet
1314 2773 1510 2839 unitas,
1535 2760 1663 2842 quas
1690 2774 1816 2828 facit

225 2864 332 2920 nisi
358 2866 626 2922 charitas?
665 2885 683 2919 ι
720 2868 786 2922 Ει
816 2874 971 2922 tract.
1003 2866 1074 2922 26
1119 2884 1131 2920 :
1192 2884 1210 2917 ί
1251 2866 1364 2922 Hoc
1390 2875 1474 2921 est
1502 2880 1632 2937 ergo
1661 2881 1816 2921 man-

224 2958 429 3015 ducare
447 2959 594 3014 illam
617 2974 819 3024 escam,
839 2969 893 3014 et
914 2959 1063 3013 illum
1087 2958 1272 3015 bibere
1290 2966 1501 3029 potum,
1523 2958 1575 3012 in
1602 2957 1817 3014 Christo

225 3067 464 3120 manere,
492 3061 545 3108 et
566 3051 717 3107 illum
740 3060 1046 3109 manentem
1072 3052 1123 3106 in
1153 3065 1212 3107 se
1235 3049 1456 3107 habere.
1492 3069 1514 3104 ›
1543 3050 1623 3106 lta
1653 3051 1813 3105 etiam

226 3160 288 3199 se
343 3146 574 3216 explicat
631 3153 847 3202 sanctus
897 3144 1054 3199 Pater
1104 3144 1157 3199 in
1200 3143 1389 3199 iisdem
1438 3143 1593 3199 libris
1628 3152 1815 3198 contra

1920 1956 2081 2012 quem
2131 1940 2360 2011 lapidem
2410 1942 2631 2011 impegit
2673 1942 2839 1997 etiam
2885 1940 3202 2009 compilator
3240 1954 3506 1994 canonum

1919 2051 2039 2106 cap.
2075 2035 2248 2104 Nulli,
2284 2038 2352 2091 de
2380 2034 2661 2101 Consecr.,
2690 2035 2817 2091 dist.
2849 2036 2903 2101 4,
2934 2035 3096 2090 verba
3127 2034 3204 2088 illi
3239 2034 3507 2104 Fulgentii

1921 2126 2219 2197 Augustino
2249 2127 2546 2182 ascribens.
2580 2127 2655 2181 Ex
2691 2126 2772 2183 his
2791 2141 2946 2182 error
2977 2126 3069 2181 ille
3094 2126 3160 2180 de
3191 2125 3500 2181 necessaria

1920 2219 2100 2288 pueris
2130 2228 2326 2290 praeter
2367 2221 2689 2289 baptismum
2738 2219 2871 2277 reali
2926 2219 3283 2275 Eucharistite
3330 2234 3512 2288 suntp-

1920 2316 2069 2372 tione
2098 2333 2127 2371 a
2158 2317 2551 2372 recentioribus
2576 2316 2874 2388 Augustino
2903 2316 3193 2372 attributus
3223 2317 3276 2371 in
3302 2315 3509 2371 fumum

1920 2410 2229 2477 evanescit,
2261 2410 2413 2479 cujus
2444 2409 2665 2465 vocibus
2694 2425 2814 2464 cum
2850 2410 3073 2464 Romani
3109 2410 3389 2480 pontiﬁces
3423 2407 3511 2469 usi

1921 2499 2027 2553 sint
2060 2499 2126 2554 ad
2156 2500 2378 2554 eosdem
2427 2499 2622 2554 divinae
2649 2500 2837 2569 gratiae
2868 2499 3052 2556 hostes
3075 2501 3507 2572 convincendos,

1921 2591 2061 2646 haud
2104 2592 2195 2647 ille
2239 2607 2376 2647 unus
2418 2594 2618 2648 erroris
2659 2594 2809 2663 argui
2863 2601 3070 2663 potest,
3102 2594 3198 2649 sed
3231 2610 3332 2651 una
3381 2612 3505 2655 cum

1920 2686 2221 2754 Augustino
2249 2686 2541 2755 apostolica
2566 2685 2721 2741 sedes
2747 2686 3053 2742 accusanda
3076 2687 3242 2750 venit,
3275 2703 3508 2759 praeser-

1921 2780 2016 2834 tim
2046 2795 2168 2835 cum
2196 2789 2417 2837 sanctus
2462 2780 2653 2836 doctor
2682 2780 2816 2835 illud
2850 2781 3214 2837 testimonium
3257 2782 3415 2838 Joan.
3456 2799 3511 2840 vr

1922 2873 2220 2939 inculcarit,
2255 2884 2505 2942 tanquam
2534 2874 2596 2928 ab
2621 2875 2909 2945 apostolica
2935 2875 3053 2929 sede
3081 2876 3387 2942 adhibitum,
3433 2879 3510 2935 uti

1919 2966 2150 3022 diximus
2193 2982 2260 3022 ex
2288 2968 2504 3035 epistol.
2541 2966 2664 3021 ltiti.
2710 2967 2864 3035 Quod
2911 2967 2957 3023 si
3003 2968 3343 3025 recentiores
3385 2970 3513 3026 reli-

1917 3057 2064 3127 gioni
2093 3057 2297 3114 ducunt
2331 3059 2466 3113 adeo
2497 3070 2825 3129 praepostere
2852 3058 2919 3115 de
2950 3058 3211 3115 Romanis
3242 3061 3514 3130 pontiﬁci-

1920 3150 2019 3206 bus
2050 3154 2284 3217 sentire,
2312 3153 2402 3222 qui
2432 3168 2499 3209 ex
2526 3153 2801 3208 communi
2845 3151 3105 3208 Ecclesia:
3133 3168 3295 3210 sensu
3325 3164 3513 3211 contra

226 3235 564 3307 Pelagianos,
599 3236 686 3292 ubi
714 3251 835 3293 cum
873 3237 967 3292 lib.
1009 3253 1069 3293 ut
1104 3237 1172 3293 de
1213 3247 1551 3307 peccatorum
1581 3235 1809 3304 Meritis,
1841 3242 1887 3306 C
1919 3244 2238 3316 Pelagianos
2285 3247 2583 3301 sententias
2628 3246 2854 3314 dixere,
2903 3245 3145 3301 mitiores
3180 3247 3343 3302 etiam
3385 3262 3514 3318 erga

228 3347 348 3401 cap.
378 3332 434 3395 4,
465 3333 689 3389 dixisset
722 3352 735 3387 :
771 3351 790 3385 ι
826 3334 962 3403 Quia
984 3334 1087 3389 nisi
1113 3333 1555 3389 manducaverint
1575 3333 1816 3391 homines

226 3441 450 3482 carnem
475 3426 615 3497 ejus,
648 3427 751 3483 hoc
777 3436 860 3483 est
883 3428 1177 3499 participes
1203 3426 1331 3483 facti
1356 3427 1550 3484 fuerint
1572 3426 1817 3500 corporis

220 3520 362 3589 ejus,
386 3533 495 3575 non
530 3520 803 3576 habebunt
830 3520 1027 3587 vitam;
1067 3540 1087 3573 ι
1131 3520 1286 3590 paulo
1320 3522 1566 3591 superius
1596 3522 1814 3577 modum

226 3611 603 3684 assignaverat
652 3629 758 3684 quo
788 3615 939 3684 pueri
988 3613 1311 3685 participant
1341 3629 1536 3686 corpus
1565 3613 1762 3671 Christi
1799 3635 1811 3669 :

227 3723 246 3756 ι
288 3705 445 3761 Unde
474 3707 913 3778 ﬁtconsequens,
946 3708 1136 3779 inquit,
1174 3720 1229 3763 ut
1257 3711 1512 3779 quoniam
1546 3709 1675 3765 nihil
1706 3710 1817 3781 agi-

221 3805 307 3852 tur
332 3798 505 3864 aliud,
534 3815 654 3855 cum
686 3802 893 3871 parvuli
945 3802 1303 3871 baptizantur,
1338 3803 1441 3857 nisi
1475 3812 1533 3858 ut
1558 3803 1813 3872 incorpo-

218 3901 408 3947 rentur
444 3893 721 3960 Ecclesiae,
753 3894 805 3948 id
838 3902 921 3950 est
946 3893 1148 3949 Christi
1181 3896 1419 3964 corpori,
1450 3896 1815 3965 membrisque

219 3990 517 4043 Socientur.
557 4008 573 4039 ›
612 3989 678 4043 Ει
716 3989 854 4044 hanc
882 3990 1051 4060 ipsam
1103 4004 1223 4045 esse
1260 3989 1547 4059 Augustini
1580 4001 1814 4046 mentem

221 4092 454 4139 testatur
497 4094 711 4140 sanctus
744 4081 1062 4154 Fulgentius
1102 4085 1156 4139 in
1189 4084 1538 4154 responsione
1581 4085 1648 4140 ad
1677 4084 1811 4141 duas

221 4178 552 4247 quaestiones
585 4177 842 4233 Fcrrandi
888 4177 1120 4233 diaconi.
1160 4178 1461 4248 Scripserat
1508 4178 1813 4235 Ferrandus

220 4269 472 4341 juvenem
507 4270 815 4341 Ethiopcm
844 4271 1006 4325 morti
1037 4271 1343 4340 proximum
1376 4272 1541 4327 fuisse
1569 4270 1815 4341 baptiza-

224 4374 361 4434 tum,
378 4379 443 4420 ac
457 4366 638 4420 Stalim
654 4374 940 4437 antequam
959 4365 1349 4422 Eucharistiam
1366 4375 1602 4423 sumeret
1621 4366 1812 4423 deces-

220 4459 386 4525 sisse,
423 4466 609 4527 petens
630 4474 757 4512 nutu
784 4473 849 4513 eo
872 4467 1030 4529 pacto
1056 4459 1251 4513 salvari
1274 4458 1490 4528 posset?
1520 4457 1816 4528 Respondit

225 4548 549 4620 Fulgentius
572 4550 839 4605 hominem
876 4565 971 4621 per
1003 4551 1327 4621 baptismum
1351 4551 1468 4607 ﬁcri
1492 4548 1805 4623 participem

1920 3340 2280 3409 Augustinum
2308 3339 2521 3393 animos
2554 3338 2814 3405 induant,
2853 3337 3091 3408 atquein
3123 3337 3314 3393 eadem
3363 3353 3515 3408 pror-

1916 3447 2010 3488 sus
2063 3448 2226 3489 causa
2252 3478 2264 3499 ,
2312 3443 2365 3488 et
2394 3432 2670 3489 Romanos
2699 3431 2959 3502 praesules
2982 3473 2995 3499 ,
3021 3442 3074 3488 et
3105 3432 3511 3504 Hipponensem

1917 3527 2213 3583 antistitem
2240 3526 2486 3596 benignis
2516 3525 3051 3596 interpretationibus
3072 3526 3368 3595 excipiant,
3400 3540 3510 3583 non

1917 3619 2038 3675 illas
2066 3619 2283 3688 quidem
2316 3618 2539 3674 honoris
2570 3618 2736 3688 gratia
2759 3632 2788 3673 e
2812 3618 3027 3686 proprio
3050 3617 3273 3673 cerebro
3304 3619 3511 3687 ﬁngen-

1918 3722 2021 3777 tes,
2067 3713 2161 3767 sed
2190 3713 2258 3767 ab
2289 3713 2407 3781 ipso
2454 3708 2752 3781 Augustino
2779 3726 2882 3765 una
2913 3724 3033 3765 cum
3065 3710 3348 3780 Fulgentio
3388 3726 3511 3766 cas-

1917 3804 2039 3861 dem
2070 3803 2429 3860 inaudientes.
2489 3801 2634 3857 Unus
2665 3801 2808 3856 enim
2838 3801 3167 3871 Augustinus
3195 3801 3297 3855 sibi
3326 3808 3409 3855 est
3442 3800 3511 3856 ad

1917 3898 2000 3953 sui
2030 3895 2440 3964 intelligentiam
2463 3893 2665 3961 clavis,
2687 3906 2749 3949 ac
2781 3907 3002 3949 suorum
3024 3906 3277 3950 sensuum
3310 3892 3502 3962 planus

1917 4005 1981 4046 ac
2004 3989 2247 4045 sincerus
2271 3987 2559 4055 interpres.

1917 4122 1944 4192 §
1968 4120 2035 4177 V.
2078 4120 2199 4175 Non
2226 4136 2423 4192 errasse
2461 4127 2695 4172 sanctum
2724 4120 2986 4172 doctorem
3014 4128 3349 4192 exponentem
3377 4120 3513 4173 illud

1992 4193 2227 4263 Apostoli
2277 4191 2435 4244 Rom.
2484 4206 2607 4263 xw,
2642 4192 2713 4263 25
2749 4209 2762 4243 :
2793 4191 2967 4245 Omne
3016 4191 3159 4261 quod
3202 4206 3305 4245 non
3338 4200 3421 4246 est
3446 4207 3515 4246 ex

1988 4261 2094 4319 ﬁde
2126 4274 2403 4333 peccatum
2432 4270 2534 4317 est.
2564 4261 2798 4315 Ecclesia
2818 4262 3095 4326 catholica,
3129 4263 3353 4317 Romani
3378 4279 3511 4332 pon-

1989 4337 2154 4404 tiﬁces
2197 4351 2259 4388 ac
2312 4333 2494 4388 Patres
2546 4335 2711 4388 sancti
2737 4333 3016 4404 Augustini
3043 4334 3517 4406 interpretationem

1986 4406 2297 4478 approbant.

1988 4547 2096 4605 Sed
2128 4561 2317 4603 rursus
2345 4545 2639 4605 Morainius
2667 4554 2855 4600 contra
2898 4544 3252 4614 Augustinum
3277 4541 3470 4597 clamat
3496 4557 3513 4597 :

223 4644 471 4714 corporis
501 4643 739 4713 Christi,
800 4657 895 4697 seu
948 4644 1282 4714 incorporari
1308 4641 1524 4698 Christo
1548 4684 1564 4710 ,
1602 4644 1813 4701 etiamsi
1839 4645 1894 4706 D
1924 4660 1943 4694 ι
1982 4640 2273 4713 Perperam
2334 4654 2547 4709 quoque
2589 4638 2812 4708 exponit
2857 4636 2910 4690 id
2948 4635 3090 4705 quod
3122 4635 3199 4688 ait
3227 4632 3516 4703 Apostolus

223 4739 585 4794 Eucharistire
606 4748 996 4795 sacramentum
1024 4753 1213 4810 reapse
1240 4754 1346 4795 non
1373 4747 1572 4795 sumat.
1601 4739 1809 4795 Etcum

223 4833 461 4902 plurima
492 4832 560 4886 ad
592 4833 694 4887 hoc
728 4832 1058 4886 suadendum
1090 4832 1393 4888 testimonia
1420 4847 1487 4889 ex
1519 4833 1687 4889 sacris
1720 4833 1809 4887 lit-

224 4925 357 4980 teris
378 4922 715 4992 adduxisset,
746 4938 1051 4980 sermonem
1074 4925 1288 4981 tandem
1315 4925 1486 4980 sancti
1528 4925 1810 4995 Augustini

219 5020 289 5072 ad
314 5020 549 5074 infantes
574 5028 699 5074 ante
727 5018 897 5074 altare
928 5018 1201 5090 producit,
1231 5018 1324 5074 ubi
1370 5028 1589 5075 sanctus
1619 5020 1810 5075 doctor

221 5113 366 5169 inter
396 5113 502 5168 alia
531 5114 641 5169 ait:
667 5132 684 5164 ε
714 5113 1019 5184 lntelligite,
1046 5120 1099 5168 et
1114 5112 1363 5182 gaudete,
1393 5114 1589 5181 unitas,
1613 5114 1803 5184 pietas,

221 5209 457 5278 veritas,
492 5209 764 5277 Charitas,
815 5224 951 5264 unus
1006 5210 1192 5279 panis,
1244 5223 1411 5264 unum
1437 5223 1634 5280 corpus
1660 5209 1811 5264 multi

178 5304 181 5307 “
221 5319 444 5371 sumus;
472 5305 696 5360 recolite
721 5304 863 5360 enim
888 5305 1011 5375 quia
1032 5305 1186 5374 panis
1203 5319 1308 5360 non
1332 5303 1392 5359 ﬁt
1412 5304 1479 5361 de
1495 5319 1604 5359 uno
1622 5319 1811 5375 grano,

223 5400 319 5453 sed
369 5397 441 5453 de
472 5397 676 5453 multis.
704 5396 928 5465 Quando
955 5412 1086 5467 ergo
1113 5396 1571 5452 exorcizabamini
1600 5433 1618 5462 ,
1660 5394 1815 5466 quasi

223 5488 598 5555 ntnlebamini;
629 5489 845 5559 quando
872 5488 1126 5559 baptizati
1159 5488 1325 5555 estis,
1355 5489 1508 5558 quasi
1537 5487 1815 5556 conspersi

221 5584 390 5647 estis;
425 5582 641 5653 quando
670 5582 902 5653 Spiritus
951 5582 1434 5637 sanctiﬁcationem
1494 5579 1814 5651 accepistis,

224 5676 377 5747 quasi
404 5677 542 5732 cocti
567 5677 719 5739 estis,
750 5685 921 5731 estete
941 5676 1080 5746 quod
1108 5676 1321 5742 videtis,
1347 5685 1403 5731 et
1422 5676 1647 5746 accipite
1670 5675 1815 5746 quod

224 5769 376 5823 estis.
436 5788 455 5819 ›
493 5768 655 5837 Igitur
684 5768 914 5823 infantes
963 5783 1028 5825 ex
1086 5768 1384 5839 Augustino
1438 5783 1532 5838 per
1585 5769 1813 5838 gratiam

227 5863 652 5919 Sanctilicantem
687 5863 932 5933 baptismi
978 5864 1102 5918 facti
1138 5870 1262 5918 sunt
1290 5862 1527 5920 membra
1575 5863 1813 5933 corporis

1918 4737 2078 4791 Rom.
2098 4750 2206 4799 xw,
2235 4734 2307 4790 25
2330 4750 2344 4786 :
2374 4732 2538 4786 Omne
2552 4732 2689 4801 quod
2712 4746 2812 4784 non
2829 4740 2903 4784 est
2929 4745 2991 4783 ex
3007 4729 3109 4798 ﬁde
3133 4738 3398 4799 peccatum
3419 4735 3512 4794 est,

1919 4830 2071 4899 quasi
2106 4829 2230 4883 velit
2259 4827 2440 4883 dicere
2468 4826 2762 4895 Apostolus
2792 4821 2971 4878 omnia
3018 4836 3182 4891 opera
3215 4821 3514 4876 inﬁdelium

1920 4937 2040 4978 esse
2098 4931 2336 4989 peccata,
2387 4928 2442 4974 et
2492 4918 2612 4973 sine
2668 4931 2792 4972 vera
2824 4917 2929 4971 ﬁde
2969 4916 3172 4971 nullum
3208 4927 3364 4983 posse
3396 4914 3514 4968 ﬁeri

1919 5015 2118 5072 bonum
2147 5026 2320 5084 opus;
2352 5027 2474 5067 cum
2506 5020 2685 5066 tamen
2717 5009 2791 5064 ibi
2841 5022 3020 5063 sermo
3076 5008 3147 5061 sit
3174 5006 3242 5062 de
3272 5021 3336 5061 eo
3369 5005 3509 5075 quod

1918 5129 2025 5170 non
2053 5114 2111 5168 ﬁt
2138 5128 2205 5169 ex
2237 5112 2538 5168 dictamine
2565 5108 2908 5166 conscientia:
2934 5106 3219 5174 iudicantis
3246 5104 3385 5162 bona
3408 5104 3513 5160 ﬁde

1917 5211 2120 5268 licitum
2154 5224 2280 5267 esse
2311 5210 2363 5265 id
2395 5208 2536 5280 quod
2567 5206 2647 5273 ﬁt,
2698 5214 2755 5262 ut
2811 5220 2877 5261 ex
2910 5210 3063 5259 textu
3090 5202 3206 5271 ipso
3236 5201 3423 5271 liquet,
3458 5209 3514 5255 ct

1919 5302 2226 5360 communis
2284 5300 2657 5370 interpretatio
2710 5297 2994 5353 doctorum
3046 5291 3368 5349 contradicit
3404 5291 3511 5347 Au-

1918 5398 2156 5469 gustino,
2187 5395 2278 5468 qui
2305 5395 2467 5451 etiam
2497 5392 2706 5463 aliquot
2737 5389 2892 5458 locis,
2928 5396 2985 5444 ut
3013 5387 3135 5443 alibi
3184 5386 3509 5452 notavimus,

1918 5490 2131 5547 videtur
2149 5489 2289 5543 hanc
2309 5501 2462 5542 suam
2484 5482 2844 5540 assertionem
2863 5479 3190 5549 restringere
3220 5477 3284 5532 ad
3313 5477 3511 5532 bonum

1922 5597 2056 5654 opus
2084 5581 2215 5637 utile
2244 5579 2370 5634 vitae
2408 5587 2626 5635 acterna;
2654 5575 3071 5645 consequendte,
3090 5584 3195 5631 etc.
3216 5572 3511 5642 Utrumque

1920 5687 2098 5733 tamen
2130 5689 2161 5727 a
2188 5686 2321 5727 vero
2350 5684 2511 5727 sensu
2546 5670 2789 5741 Apostoli
2820 5670 2943 5726 loco
2972 5669 3139 5725 citato
3186 5667 3343 5737 plane
3382 5664 3512 5719 alie-

1920 5783 2046 5822 nuut
2080 5776 2180 5821 est.
2223 5783 2241 5815 ι
2279 5764 2404 5818 llaec
2448 5763 2558 5819 ille.
2590 5763 2699 5819 Nos
2733 5763 2951 5833 quidem
3000 5758 3266 5831 superiori
3310 5755 3509 5825 capite,

1922 5862 1949 5933 ᾖ
1982 5861 2033 5925 ft,
2068 5875 2186 5930 quae
2214 5858 2371 5915 luerit
2393 5860 2563 5916 sancti
2592 5859 2828 5917 doctoris
2864 5872 3015 5917 mens
3042 5856 3111 5912 de
3140 5852 3394 5925 operibus
3425 5852 3510 5911 in-
