3962 6346
460 322 563 384 707

1347 316 1909 381 ευΡΡιΕΜΕΝτυιι
1953 316 2043 375 AD
2081 311 2318 374 OPERA
2357 312 2415 369 S.
2460 310 2852 370 AUGUSTINI.

3645 308 3749 366 ’ῖοὸ

459 446 701 503 ﬁdelium
760 442 1144 505 indicavimus;
1216 439 1377 495 modo
1430 437 1679 495 Morainii
1745 432 2048 506 ignorantia
2077 432 2131 497 Α
2153 429 2239 486 da.
2272 446 2293 482 ι
2328 428 2399 485 At
2425 430 2468 485 si
2494 429 2601 485 duo
2629 428 2859 485 Romani
2900 425 3182 497 pontiﬁces
3210 442 3317 482 non
3347 426 3482 482 satis
3513 428 3751 482 auctori-

460 540 767 612 castiganda
812 540 927 605 est},
980 535 1071 606 qui
1113 549 1231 590 eam
1291 531 1818 601 interpretationem,
1890 541 2051 596 quam

461 634 703 692 Ecclesia
740 633 876 687 inter
900 642 1083 686 sacras
1112 626 1470 684 caeremonias
1500 630 1685 680 secuta
1713 630 1814 687 est,
1864 635 1894 677 a
1925 632 2054 676 vero

460 743 622 785 sensu
656 724 898 795 Apostoli
927 723 1087 794 plane
1133 720 1364 776 alienam
1413 718 1598 774 dicere
1627 731 1732 773 non
1763 712 2050 771 dubitavit.

466 817 677 872 Etenim
714 831 780 871 ex
804 815 1028 883 antiquo
1061 810 1319 867 Ecclesiae
1375 810 1481 866 ritu
1524 808 1809 879 episcopus
1839 820 1933 861 eos
1961 802 2054 874 qui

461 909 777 966 subdiaconi
802 906 1157 963 consecrandi
1181 914 1331 973 sunt,
1364 902 1436 959 ita
1468 902 1800 971 alloquitur:
1823 918 1842 952 t
1868 898 2055 955 Estote

459 1015 588 1071 ergo
617 1001 753 1056 tales
783 1000 872 1071 qui
903 998 1185 1055 sacriﬁciis
1216 996 1413 1053 divinis
1440 1006 1497 1051 et
1529 993 1783 1053 Ecclesia:
1806 992 1924 1061 Dei,
1946 990 2049 1047 hoc
2101 1029 2104 1033 ι

462 1104 547 1152 est
573 1095 819 1165 corporis
848 1092 1053 1148 Christi
1076 1092 1239 1162 digne
1267 1088 1476 1147 servire
1520 1088 1742 1145 valeatis
1772 1086 1825 1141 in
1856 1098 1979 1141 vera
1999 1094 2058 1142 et

458 1189 727 1247 catholica
759 1187 865 1243 ﬁde
903 1183 1132 1253 fundati,
1166 1184 1443 1255 quoniam,
1491 1192 1547 1237 ut
1599 1182 1675 1236 ait
1718 1178 2008 1249 Apostolus
2039 1194 2053 1232 :

463 1281 626 1338 Omne
647 1278 785 1353 quod
814 1295 917 1335 non
942 1288 1012 1334 est
1039 1292 1100 1333 ea:
1125 1277 1228 1346 ﬁde
1248 1283 1625 1348 peccatumest,
1651 1269 2053 1329 schismaticum

461 1386 568 1444 est,
601 1386 654 1433 et
681 1384 834 1432 extra
864 1374 1127 1430 unitatem
1160 1370 1414 1427 Ecclesiae
1453 1378 1557 1426 est.
1599 1388 1619 1423 ι
1656 1368 1711 1423 in
1755 1364 2055 1423 Pontiﬁcali

462 1469 730 1526 Romano.
797 1464 940 1524 Ecce
995 1464 1447 1536 Augustinianum
1516 1463 2055 1530 interpretamentum

464 1561 751 1618 catholicae
771 1560 1027 1616 Ecclesiae
1051 1557 1441 1629 approbatione
1462 1563 1863 1620 consecratum,
1886 1561 1941 1609 et
1958 1565 2055 1622 per

466 1655 779 1710 universum
834 1651 1023 1707 orbem
1080 1648 1441 1718 orthodpxum
1499 1646 1568 1702 ab
1616 1645 1888 1716 episcopis
1918 1643 2057 1698 inter

467 1760 652 1803 sacras
682 1744 1035 1801 eteremouias
1055 1744 1362 1799 recitatum.
1379 1740 1544 1811 igitur
1561 1753 1665 1795 una
1691 1748 1773 1793 est
1798 1735 2056 1792 Ecclesiae

2161 525 2283 581 tatis
2304 522 2512 581 addunt
2540 522 2823 594 Augustini
2876 520 3332 592 interpretationi,
3366 522 3611 593 produco
3640 522 3752 576 suf-

2158 621 2326 692 fragia
2352 619 2660 692 quindecim
2708 618 2926 674 Patrum
2966 614 3405 675 doctissimorum
3432 630 3499 671 ac
3528 616 3756 669 sanctis-

2159 715 2447 781 simorum,
2472 714 2562 787 qui
2590 728 2657 769 ex
2687 710 2871 771 Africa
2901 713 2955 769 in
2995 709 3296 767 Sardiniam
3323 724 3355 764 a
3383 707 3757 765 Trasamundo

2156 825 2287 879 rege
2320 808 2519 864 Ariano
2543 808 2599 863 in
2620 806 2871 864 exsilium
2901 804 3195 879 deportati,
3229 804 3285 860 in
3309 801 3448 861 libro
3481 800 3549 857 de
3576 800 3757 861 incar-

2158 900 2377 961 natione
2402 910 2457 959 et
2482 900 2679 972 gratia,
2711 901 2958 954 omnium
2992 897 3489 973 subscriptionc,ut
3512 909 3581 957 ex
3601 893 3759 955 titulo

2159 1002 2324 1065 patet,
2346 993 2666 1064 approbato,
2699 992 2816 1047 haec
2840 990 3059 1053 tradunt
3081 1004 3201 1061 cap.
3233 990 3308 1045 25
3332 1008 3345 1043 :
3372 1008 3391 1043 ι
3413 987 3542 1059 Quis
3560 985 3762 1045 audeat

2160 1086 2280 1147 illas
2309 1088 2362 1147 in
2394 1088 2496 1141 hoc
2530 1086 2649 1143 loco
2673 1094 2862 1156 gentes
2911 1085 3159 1157 accipere
3207 1096 3341 1155 quas
3389 1090 3605 1145 constat
3654 1093 3761 1134 non

2168 1194 2289 1235 esse
2330 1178 2655 1249 justiﬁeatas
2699 1194 2764 1234 ex
2813 1177 2940 1247 tide,
2975 1193 3095 1238 cum
3128 1176 3244 1248 ipse
3271 1186 3497 1233 teSIetur
3525 1178 3761 1248 Aposto-

2159 1269 2243 1327 lus
2274 1288 2289 1328 :
2320 1271 2441 1341 quia
2469 1271 2631 1326 Omne
2654 1271 2791 1342 quod
2830 1288 2929 1327 non
2968 1281 3041 1329 est
3062 1287 3125 1327 ex
3155 1272 3255 1342 ﬁde
3284 1281 3546 1343 peccatum
3564 1278 3681 1334 est;
3709 1276 3765 1325 et

2164 1364 2289 1434 quia
2322 1362 2450 1420 Sine
2477 1364 2579 1433 ﬁde
2608 1363 2920 1435 impossibile
2943 1373 3015 1421 est
3045 1363 3249 1432 placere
3283 1362 3389 1425 Deo
3419 1362 3612 1435 (Hebr.
3648 1360 3761 1431 si)!

2161 1454 2317 1523 Quod
2377 1456 2421 1513 si
2470 1456 2744 1511 Abraham
2805 1470 2871 1511 ex
2917 1454 3024 1519 ﬁde
3069 1454 3418 1525 iustiﬁcatum
3466 1470 3586 1512 esse
3620 1466 3765 1513 ceno

2164 1556 2295 1613 stat,
2327 1556 2438 1604 etc.
2480 1564 2499 1600 ι
2542 1546 2669 1604 llaec
2699 1547 2938 1619 synodus
2979 1548 3279 1620 Byzacena.
3333 1549 3461 1618 Qum
3511 1547 3770 1620 profecto

2162 1640 2366 1703 iaciunt
2394 1650 2452 1696 ut
2506 1641 2679 1697 nostri
2723 1641 2903 1699 Patris
2932 1644 3221 1710 explicatio
3249 1643 3364 1715 niai,‘
3387 1653 3586 1707 temere
3616 1658 3766 1701 οων

2160 1746 2301 1787 surae
2349 1732 2540 1803 subjici
2585 1733 2773 1802 possit.
2834 1732 2940 1789 Sed
2996 1734 3089 1789 alii
3140 1733 3327 1791 Patres
3359 1743 3513 1807 atque
3538 1733 3774 1806 antiqui

461 1846 520 1894 et
546 1836 831 1908 Augustini
863 1834 1057 1892 deillis
1086 1831 1529 1905 Apostoliverbis
1551 1829 1842 1894 sententia,
1863 1841 2055 1898 nempe
2085 1834 2131 1895 Β
2160 1826 2455 1897 scriptores
2484 1827 2658 1883 eidem
2690 1828 3125 1898 interpretationi
3156 1829 3311 1889 albos
3338 1830 3564 1889 calculos
3597 1830 3769 1902 adjo-

466 1937 525 1984 ut
554 1928 620 1984 de
651 1942 781 1985 vera
811 1927 918 1985 ﬁde
946 1925 1257 1982 Christiana
1286 1921 1676 1994 intelligantur.
1708 1920 1903 1979 Videre
1924 1917 2055 1977 mihi

464 2020 655 2078 videor
683 2036 852 2078 novos
897 2034 1155 2077 censores
1199 2018 1432 2084 haerere,
1482 2025 1542 2074 ut
1570 2017 1744 2085 aiunt,
1774 2015 1842 2075 ad
1869 2025 2056 2085 aquas.

466 2116 528 2173 Si
558 2114 855 2171 Ecclesiam
887 2112 1209 2183 catholicam
1257 2127 1525 2182 perperam
1578 2117 1783 2166 textum
1814 2106 2057 2177 Apostoli

467 2208 740 2280 explicare
769 2207 975 2273 dicant,
1004 2204 1119 2277 jam
1147 2204 1335 2261 vident
1374 2218 1535 2273 quam
1583 2201 1732 2274 gravi
1761 2213 1821 2257 se
1851 2198 2059 2269 piaculo

468 2300 830 2372 obstringunt.
860 2302 931 2356 At
954 2298 1001 2355 si
1033 2298 1297 2356 Ecclesia;
1319 2311 1480 2353 voces
1531 2293 1761 2365 rejicere
1812 2290 2059 2363 religioni

470 2394 676 2450 ducunt
697 2393 810 2465 jam
834 2392 1051 2449 tandem
1080 2390 1383 2461 Augustino
1430 2388 1796 2445 ecclesiasuca
1828 2384 2059 2445 auctori-

471 2498 584 2545 tate
615 2488 787 2545 coacti
816 2486 1037 2544 herbam
1072 2487 1366 2557 porrigant.
1400 2483 1511 2541 Nec
1531 2484 1729 2538 mirum
1761 2480 2059 2538 Ecclesiam

468 2581 793 2637 catholicam
828 2581 900 2637 ita
933 2579 1178 2650 Apostoli
1212 2578 1383 2635 verba
1427 2575 1784 2643 intellexisse,
1818 2588 1884 2631 eo
1914 2573 2060 2631 enim

472 2688 702 2745 prorsus
732 2672 892 2729 modo
914 2670 1225 2743 apostolicae
1254 2670 1399 2725 sedis
1446 2668 1725 2741 pontifices
1754 2666 1943 2724 eadem
1966 2682 2062 2722 an-

472 2767 698 2840 tiquitus
756 2766 1097 2838 interpretati
1150 2774 1295 2820 sunt.
1356 2766 1591 2821 Sanctus
1645 2762 1754 2820 Leo
1807 2761 2057 2832 Magnus,

467 2874 636 2916 serm.
662 2858 701 2914 2
725 2857 1033 2930 dc-Jejunio
1056 2856 1423 2925 Pentecostes,
1470 2857 1744 2913 disserens
1772 2855 1840 2911 de
1868 2854 2061 2913 inlide-

467 2952 598 3011 ilum
628 2967 695 3009 ac
733 2946 1165 3009 Christianorum
1209 2950 1517 3016 virtutibus,
1558 2951 1629 3005 ita
1666 2947 1911 3019 Apostoli
1938 2961 2061 3003 sen-

469 3047 695 3103 tentiam
741 3048 1015 3118 explicat:
1054 3062 1073 3098 t
1112 3044 1273 3099 Aliud
1320 3044 1430 3114 agit
1479 3042 1580 3098 sub
1638 3041 1868 3098 veritate
1900 3040 2057 3111 ratio,

470 3140 620 3198 aliud
650 3140 751 3196 sub
782 3138 1013 3194 falsitate
1041 3137 1310 3208 deceptio.
1342 3135 1497 3207 Apud
1521 3149 1619 3190 nos
1647 3134 1780 3191 ﬁdes
1802 3134 2060 3205 justiﬁcat

2162 1930 2308 1973 cere.
2343 1917 2572 1974 Sanctus
2601 1914 2853 1989 Prosper,
2879 1920 2931 1975 in
2963 1919 3191 1990 epistola
3217 1919 3286 1981 ad
3310 1919 3595 1990 Ruﬁnum;
3632 1934 3776 1979 aan—

2162 2020 2284 2071 ctus
2315 2010 2653 2082 Fuigentius,
2709 2012 2805 2069 lib.
2848 2028 2882 2068 ιι
2922 2012 2991 2071 de
3019 2022 3361 2083 peccatorum
3390 2013 3780 2083 Rectissime,

2171 2117 2292 2174 cap.
2322 2106 2345 2159 1
2372 2122 2385 2171 ;
2416 2114 2635 2160 sanctus
2666 2106 2927 2176 lsidorus,
2962 2106 3058 2162 lib.
3084 2107 3151 2163 de
3181 2106 3402 2171 Summo
3428 2106 3599 2175 Bono,
3641 2120 3780 2178 cap.

2161 2196 2226 2263 ἒς
2257 2205 2476 2253 sanctus
2507 2197 2831 2265 Bernardus,
2883 2212 3050 2256 serm.
3100 2199 3171 2255 50
3217 2208 3272 2254 et
3318 2198 3380 2259 51
3413 2199 3465 2257 in
3492 2198 3775 2266 Cantica;

2160 2288 2407 2347 Julianus
2466 2289 2769 2359 Pomerius,
2804 2291 2898 2346 lib.
2942 2307 2999 2351 tu
3036 2290 3108 2350 de
3166 2290 3283 2357 Vita
3312 2292 3781 2364 contemplativa,

2160 2404 2280 2459 cap.
2307 2390 2329 2445 l
2353 2404 2368 2454 ;
2396 2389 2679 2447 Facundus
2712 2389 3139 2455 llermianensis,
3172 2389 3268 2449 lib.
3314 2390 3417 2449 tde
3436 2387 3643 2449 Tribus
3673 2388 3783 2451 Ca-

2163 2484 2353 2553 pitulis
2377 2483 2443 2539 ad
2474 2482 2834 2541 Justinianum
2861 2485 3264 2554 imperatorem,
3311 2498 3428 2554 cap.
3462 2485 3512 2551 i,
3545 2483 3607 2539 in
3636 2482 3784 2551 ﬁne,

2162 2577 2396 2648 aliique;
2426 2577 2495 2635 ita
2526 2586 2584 2632 ut
2610 2577 2657 2632 si
2688 2576 2903 2637 Patrum
2935 2575 3185 2648 suﬁ‘ragia
3240 2585 3614 2647 numerentur,
3654 2576 3784 2647 plus

2161 2682 2321 2740 quam
2356 2667 2544 2739 viginti
2573 2668 2877 2740 Augusnno
2925 2668 2978 2723 in
3025 2667 3216 2729 eadem
3260 2667 3539 2741 apostolici
3572 2677 3784 2725 textus

2165 2761 2523 2833 intelligentia
2552 2763 2917 2827 consentiant,
2970 2775 3094 2817 cum
3143 2762 3194 2817 in
3246 2761 3412 2819 altera
3442 2760 3785 2833 interpreta-

2172 2860 2319 2915 tione
2349 2858 2508 2929 ionge
2554 2857 2841 2927 pauciores
2883 2872 2913 2915 a
2960 2855 3347 2915 recentioribus
3395 2856 3784 2924 perhibentur,

2164 2952 2269 3009 nisi
2294 2960 2469 3007 semet
2494 2950 2695 3021 pariter
2714 2950 2833 3007 istis
2848 2949 3165 3021 adjungant,
3187 2964 3219 3007 a
3250 2949 3445 3021 quibus
3470 2959 3574 3007 tam
3599 2949 3787 3022 longe

2163 3046 2452 3104 intervallo
2483 3045 2733 3116 disiuncti
2766 3053 2912 3101 sunt.
2970 3046 3037 3100 Et
3065 3053 3246 3101 tamen
3277 3044 3531 3101 audacter
3559 3043 3786 3103 Horati—

2166 3143 2289 3199 Iius
2312 3149 2652 3198 contestatur
2692 3139 2832 3207 quod
2876 3138 3161 3195 communia
3207 3136 3559 3207 interpretatio
3588 3136 3788 3192 docto-

478 3235 641 3290 ctiam
698 3231 1139 3300 manducantem.
1196 3228 1334 3299 δι)υά
1390 3227 1514 3285 ίυοε
1561 3227 1849 3283 inﬁdelitas
1879 3226 2069 3298 νοηυίῐ
2096 3232 2143 3296 C
2173 3254 2289 3292 rum
2311 3235 2621 3291 contradicit
2652 3233 2964 3305 Augustino,
2999 3229 3152 3302 quasi
3190 3230 3267 3287 illi
3298 3230 3482 3289 Patres
3510 3245 3659 3300 quos
3692 3229 3787 3287 ad-

471 3326 833 3398 jejunantem.
860 3321 1040 3391 Unde,
1070 3322 1195 3394 quia
1243 3329 1393 3376 extra
1423 3318 1716 3377 Ecciesiam
1746 3319 2065 3377 catholicam

476 3419 615 3474 nihil
643 3427 725 3475 est
756 3418 1043 3488 intcgrum,
1074 3414 1209 3470 nihil
1238 3423 1467 3482 castum,
1498 3413 1730 3483 Ldicentc
1760 3414 2017 3486 Apostolo
2049 3432 2063 3467 :

478 3513 644 3568 Omne
670 3511 812 3581 quod
838 3525 941 3563 non
971 3518 1047 3563 est
1070 3522 1133 3563 ea:
1152 3506 1256 3575 ﬁde
1277 3515 1540 3576 peccatum
1581 3515 1675 3573 est,
1707 3514 1812 3562 etc.
1854 3524 1873 3559 ι
1919 3503 2065 3562 Idem

479 3620 647 3663 serui.
673 3605 706 3659 8
735 3604 804 3659 dc
832 3600 1256 3674 Quadragesima
1290 3602 1364 3656 ait
1394 3615 1407 3654 :
1438 3618 1458 3652 ι
1488 3599 1537 3655 Is
1587 3612 1712 3655 vera
1740 3608 1794 3656 et
1828 3599 2067 3655 rationa-

482 3700 577 3756 bili
608 3697 984 3770 puriﬁcatione
1013 3711 1074 3753 se
1108 3704 1397 3767 praeparat,
1416 3694 1571 3765 cujus
1589 3709 1686 3751 cor
1712 3696 1853 3751 nulla
1877 3694 2067 3751 inﬁde-

484 3795 635 3851 litate
690 3793 971 3864 polluitur,
1016 3789 1231 3847 dicente
1271 3789 1529 3860 Apostoio
1562 3806 1576 3843 :
1606 3789 1767 3844 Omne
1797 3789 2065 3861 quodnon

475 3896 551 3947 est
570 3904 635 3945 ea:
664 3890 767 3957 ﬁde
793 3896 1059 3960 peccatum
1085 3894 1179 3940 est.
1217 3884 1423 3939 lnutilia
1445 3892 1604 3938 erunt
1630 3893 1684 3939 et
1716 3899 1852 3939 vana
1877 3898 2065 3939 eorum

476 3982 684 4056 jejunia
706 3997 842 4053 quos
863 3980 1202 4037 illusionibus
1233 3982 1347 4036 suis
1370 3978 1580 4050 decipit;
1608 3978 1870 4035 mendacii
1895 3990 2063 4049 pater,

476 4084 533 4133 et
559 4090 685 4132 vera
715 4074 916 4130 Christi
947 4087 1074 4129 caro
1103 4088 1207 4128 non
1233 4072 1423 4143 pascit.
1453 4090 1471 4123 ι
1511 4071 1672 4126 Forte
1700 4070 1892 4127 dicetis
1918 4071 2063 4127 illam

480 4169 647 4226 fuisse
684 4171 947 4240 privatam
999 4166 1198 4223 Leonis
1237 4168 1760 4237 interpretationem,
1804 4168 1891 4236 qui
1920 4182 1979 4221 ea
2012 4169 2065 4220 in

486 4278 547 4318 re
572 4276 696 4317 cum
731 4262 1033 4331 Augustino
1056 4260 1255 4327 sensit;
1306 4260 1551 4317 docuisse
1582 4260 1673 4314 illa
1713 4259 1943 4315 Leonem
1969 4275 2067 4330 pro

481 4355 745 4412 concione
762 4353 1145 4422 disserentem,
1170 4368 1277 4409 non
1299 4370 1328 4409 e
1344 4353 1601 4409 cathedra
1624 4362 1810 4409 contra
1836 4356 2067 4410 lucreses

480 4448 773 4521 quidquam
821 4446 1186 4503 deﬁnientem.
1237 4446 1340 4503 Sed
1390 4462 1576 4517 parum
1606 4462 1700 4501 vos
1733 4448 1831 4503 ista
1854 4447 2063 4516 juvant,

481 4542 609 4599 dum
630 4540 886 4599 catholici
917 4540 1187 4596 laudatam
1217 4540 1627 4610 explicationem
1658 4540 1727 4594 ab
1756 4539 2067 4609 Apostoiico

2172 3332 2432 3386 duximus
2462 3331 2711 3385 doctores
2740 3344 2846 3381 non
2896 3328 3025 3394 sint,
3074 3325 3168 3387 sed
3197 3324 3391 3397 plebeia
3427 3325 3488 3381 de
3517 3328 3655 3395 [ωδε
3681 3324 3785 3381 Sa-

2171 3423 2345 3478 burra:
2361 3424 2380 3476 .'
2411 3421 2580 3477 Video
2605 3430 2785 3477 tamen
2813 3418 3140 3483 Bernardum
3164 3419 3387 3476 alteram
3407 3418 3569 3477 etiam
3589 3416 3784 3475 inter-

2171 3515 2529 3586 pretationem
2572 3514 2880 3580 admittere,
2939 3528 3166 3584 nempe,
3223 3511 3368 3584 quod
3415 3527 3521 3570 non
3564 3521 3658 3568 est
3719 3528 3786 3569 ex

2169 3608 2500 3666 conscientia
2553 3615 2832 3677 peccatum
2874 3616 2978 3677 est,
3025 3606 3078 3661 in
3119 3604 3215 3665 lib.
3270 3605 3337 3661 de
3395 3604 3671 3675 Praeceps.
3729 3613 3787 3661 et

2169 3702 2334 3773 disp.,
2373 3715 2494 3769 cap.
2556 3699 2623 3755 l8
2665 3708 2719 3755 et
2746 3698 2838 3752 20.
2876 3696 3118 3763 Vossius,
3150 3697 3229 3752 vir
3266 3696 3397 3753 satis
3426 3712 3521 3753 suo
3547 3696 3784 3752 nomine

2170 3806 2351 3861 notus,
2386 3794 2479 3849 lib.
2515 3808 2576 3848 ιιι
2603 3792 2737 3848 Hist.
2774 3790 2983 3861 Pelag.,
3015 3800 3154 3861 part.
3196 3806 3279 3862 ut,
3314 3790 3448 3849 thesi
3480 3789 3570 3855 i2,
3601 3805 3781 3846 cona-

2170 3900 2259 3947 tur
2290 3906 2397 3946 uno
2431 3886 2913 3958 verboAngustiui
2934 3884 3437 3955 interpretationem
3451 3899 3574 3939 cum
3594 3883 3781 3939 altera

2171 3992 2466 4039 memorata
2517 3982 2584 4037 de
2630 3980 2958 4037 conscientia
3015 3993 3363 4049 componere,
3402 3998 3420 4030 ι
3472 3992 3680 4048 nempe
3722 3988 3781 4032 ut

2170 4096 2322 4135 mens
2363 4078 2606 4149 Apostoli
2649 4076 2739 4134 sit.
2800 4075 3073 4145 Quidquid
3120 4089 3225 4130 non
3278 4072 3521 4143 provenit
3557 4088 3625 4128 ex
3662 4072 3775 4128 ﬁde

2171 4174 2500 4237 Christiana,
2533 4187 2627 4241 per
2657 4169 3048 4227 conscientiam
3073 4170 3138 4224 ad
3170 4183 3307 4239 opus
3333 4167 3618 4238 applicata,
3637 4168 3777 4224 illud

2174 4275 2456 4337 peceatum
2503 4271 2777 4319 censetur.
2820 4280 2840 4314 ι
2895 4261 3002 4319 Sed
3057 4259 3219 4317 nullis
3274 4260 3779 4331 interpretamentis

2171 4358 2371 4430 indiget
2402 4358 2759 4429 Augustinus,
2780 4358 2875 4427 qui
2900 4356 2970 4413 de
2999 4370 3127 4413 vera
3156 4355 3504 4427 intelligentia
3528 4356 3778 4414 Paulina:

2171 4453 2453 4509 sententiae
2485 4468 2608 4508 cum
2636 4436 2849 4507 Juliano
2881 4450 3128 4521 litigavit.
3154 4450 3368 4506 Etenim
3396 4465 3518 4507 cum
3552 4461 3776 4507 sanctus

2170 4547 2363 4604 doctor
2393 4546 2445 4600 in
2478 4546 2652 4615 primo
2678 4543 2815 4599 libro
2846 4543 2914 4599 de
2944 4542 3152 4610 Nuptiis
3180 4550 3235 4597 et
3271 4556 3523 4610 concup.,
3558 4556 3680 4610 cap.
3717 4543 3774 4609 3,

478 4650 574 4691 ore
602 4634 966 4704 inaudierunt,
992 4647 1091 4689 nec
1114 4633 1217 4689 uisi
1240 4641 1444 4689 temere
1472 4633 1656 4689 dicere
1685 4632 1910 4704 potestis
1926 4634 2062 4691 Leo-
2088 4633 2144 4695 Ι)
2172 4642 2345 4707 initio,
2372 4640 2462 4697 ubi
2496 4642 2684 4710 incipit
2712 4648 2899 4695 contra
2930 4639 3204 4694 lulianum
3246 4638 3547 4709 disputare,
3570 4654 3639 4694 ex
3669 4640 3772 4695 illis

486 4741 607 4783 nem
641 4727 769 4781 licet
791 4740 897 4781 non
924 4741 955 4781 e
986 4724 1243 4780 cathedra
1264 4724 1632 4791 deﬁcientem,
1664 4727 1758 4780 sed
1784 4724 2067 4783 docentem

486 4832 753 4892 perperam
796 4819 1032 4875 locutum
1072 4819 1257 4885 fuisse.
1300 4819 1408 4874 Sed
1467 4817 1728 4874 habemus
1762 4819 2067 4889 pontiﬁcem

481 4912 819 4972 Bonifacium
850 4914 916 4983 ll,
941 4912 1031 4984 qui
1058 4913 1455 4985 septuagesimo
1479 4928 1509 4967 a
1543 4913 1739 4970 Leonis
1760 4916 1909 4970 obitu
1930 4931 2070 4972 anno

480 5019 670 5065 contra
698 5005 1195 5077 Semi-Peiagianos
1248 5006 1571 5062 sententiam
1599 5021 1631 5062 e
1659 5007 1912 5063 cathedra
1947 5023 2073 5079 pro-

482 5106 739 5161 nuntians
768 5101 1214 5175 Augustinianam
1245 5102 1747 5172 interpretationem
1803 5104 2066 5173 probavit.

486 5200 699 5255 Etenim
730 5200 784 5254 in
811 5198 1044 5271 epistola
1091 5196 1157 5252 ad
1189 5208 1432 5253 sanctum
1466 5197 1760 5273 Caesarium
1790 5198 2070 5254 Arelaten-

481 5309 620 5363 sem,
650 5293 876 5364 loqucns
903 5293 971 5350 de
994 5293 1102 5350 ﬁde
1119 5292 1450 5359 Christiana,
1484 5291 1593 5348 ait:
1632 5309 1652 5344 t
1690 5292 1894 5347 Praeter
1908 5307 2067 5363 quam

478 5386 689 5459 (ﬁdem)
721 5387 855 5443 nihil
882 5396 966 5444 est
992 5388 1119 5444 boni
1146 5388 1291 5459 quod
1315 5387 1617 5445 secundum
1650 5386 1816 5444 Deum
1841 5386 2069 5457 quilibet

474 5482 653 5539 valeat
682 5482 1093 5554 cperari,'sicut
1121 5484 1310 5539 beatus
1367 5481 1656 5553 Apostolus
1700 5480 1835 5536 dicit
1863 5497 1877 5536 :
1905 5480 2069 5535 Omne

476 5574 614 5647 quod
640 5591 746 5631 non
780 5584 859 5631 est
890 5591 956 5631 ea:
974 5576 1079 5644 ﬁde
1125 5584 1392 5647 peccatum
1416 5584 1515 5631 est.
1547 5574 1698 5643 Quod
1729 5590 1849 5630 cum
1870 5575 1945 5630 ita
1972 5575 2064 5645 sit,

2170 4735 2416 4807 Apostoli
2445 4736 2625 4790 verbis
2660 4750 2673 4787 :
2707 4732 2873 4789 Omne
2892 4733 3029 4802 quod
3057 4749 3157 4787 non
3189 4741 3261 4786 est
3284 4747 3349 4786 ea:
3370 4732 3473 4801 ﬁde
3503 4742 3772 4799 peccatum

2172 4840 2270 4895 est,
2306 4827 2579 4891 intulisset
2626 4826 2743 4881 sine
2775 4826 2881 4881 iidc
2923 4825 3230 4895 pudicitiam
3278 4840 3385 4880 non
3435 4838 3555 4881 csse
3586 4841 3768 4882 veram

2172 4923 2449 4988 virtutem,
2482 4920 2729 4977 Julianus
2758 4927 2986 4989 quatuor
3038 4919 3207 4975 libros
3254 4920 3344 4973 uni
3394 4917 3469 4973 illi
3514 4918 3768 4987 Augusti-

2176 5015 2340 5071 niano
2385 5027 2685 5083 opponens,
2738 5012 2935 5081 reiecta
2990 5013 3433 5080 interpretatione
3461 5016 3633 5068 sancti
3668 5013 3767 5065 νειμ

2176 5107 2297 5174 tris,
2326 5106 2550 5163 alteram
2583 5104 2749 5159 dubio
2782 5102 2968 5172 procul
2994 5102 3062 5159 de
3108 5103 3435 5158 conscientia
3466 5106 3767 5173 supposuit,

2173 5210 2234 5257 ut
2280 5202 2386 5257 vim
2439 5198 2742 5270 argumenti
2786 5197 3035 5254 elideret.
3093 5197 3159 5253 At
3212 5198 3547 5267 Augustinus
3581 5208 3767 5258 contra

2173 5296 2337 5351 hosce
2382 5301 2610 5364 quatuor
2648 5290 2844 5367 Juliani
2896 5291 3067 5349 libros
3110 5305 3163 5345 e‘
3188 5290 3419 5361 vestigio
3449 5292 3671 5353 alterum
3698 5291 3770 5344 tie

2173 5388 2388 5460 Nuptiis
2435 5395 2491 5443 et
2540 5385 2981 5455 concupiscentia
3030 5382 3298 5450 exaravit,
3327 5384 3454 5443 dein
3488 5399 3579 5443 sex
3604 5383 3767 5438 etiam

2172 5481 2451 5538 volumina
2485 5482 2644 5550 longe
2674 5478 2868 5548 majori
2897 5476 3082 5534 labore
3107 5477 3434 5548 composuit,
3460 5478 3512 5537 in
3542 5491 3767 5547 quorum

2171 5584 2390 5646 quarto,
2414 5589 2535 5646 cap.
2564 5575 2619 5639 '5,
2647 5572 2845 5629 Juliani
2872 5571 3265 5643 expositionem
3289 5571 3491 5642 reiicit,
3508 5585 3767 5640 suamque

475 5678 568 5727 aut
596 5668 802 5726 nullum
851 5668 1054 5726 bonum
1085 5670 1268 5741 gratim
1313 5669 1666 5741 deputabunt,
1715 5670 1759 5723 si
1804 5668 1855 5725 ei
1902 5666 2064 5723 ﬁdem
2123 5695 2144 5723 ι
2170 5667 2351 5723 datam
2378 5682 2497 5737 cap.
2534 5668 2565 5721 5
2596 5664 2662 5747 de
2692 5665 2851 5735 Nupt.
2884 5674 2935 5720 et
2958 5662 3271 5734 concupisc.
3306 5662 3426 5731 cit.,
3458 5672 3765 5720 constanter

477 5763 800 5823 subtrahere
826 5762 1140 5833 moliuntur,
1165 5770 1256 5819 aut
1277 5764 1323 5819 si
1344 5764 1487 5835 quod
1510 5764 1706 5821 bonum
1739 5777 1859 5819 esse
1879 5761 2066 5819 dicunt
2170 5759 2418 5817 defendit
2450 5759 2531 5815 bis
2562 5758 2718 5829 plane
2745 5758 2957 5816 verbis:
2982 5776 3002 5810 ι
3034 5756 3424 5815 Testimonium
3454 5755 3598 5820 illud,
3617 5752 3761 5823 quod

476 5857 547 5917 de
573 5857 766 5931 gratia,
794 5858 910 5930 ipsa
937 5856 1245 5915 necessario
1275 5856 1414 5915 ﬁdes
1456 5858 1561 5914 erit
1593 5859 1781 5931 gratiae
1804 5856 2064 5928 deputan-
2171 5870 2239 5913 ex
2274 5853 2532 5926 Aposwio
2565 5852 2719 5924 posui
2767 5870 2779 5907 :
2835 5852 2998 5909 Omne
3026 5852 3167 5923 quod
3198 5867 3298 5906 non
3329 5860 3404 5907 est
3433 5865 3492 5906 ca
3519 5847 3614 5917 ﬁde
3636 5856 3757 5915 pta:-
