3962 6346
220 304 335 362 709

1404 297 1725 358 VlNDlCLE
1764 292 2317 360 AUGUSTINIANE.

3409 306 3516 368 710

216 432 395 477 catum
444 419 545 488 est,
598 420 744 478 sicut
794 418 890 479 tibi
921 419 1094 477 visum
1136 426 1243 490 est,
1270 422 1551 495 accepisti,
1575 430 1631 479 et
1657 434 1823 492 expo—
1846 427 1901 489 Α
1926 421 2065 475 vitia.
2101 440 2117 473 ι
2153 422 2352 479 Scribit
2380 429 2556 479 autem
2590 422 2886 481 Turrianus
2916 425 2971 481 in
3000 428 3227 484 tractatu
3265 427 3333 486 de
3360 443 3512 487 erro-

214 518 382 572 suisli
418 532 525 572 non
559 526 616 572 ut
643 517 806 586 sapit,
827 516 926 573 sed
954 526 1015 572 ut
1044 517 1187 589 sapis
1210 535 1222 572 :
1243 516 1320 574 De
1344 517 1481 574 cibis
1503 518 1647 574 enim
1679 517 1823 587 Apo-

215 611 397 664 Stolus
430 609 771 680 loquebatur.
812 608 1013 665 Verum
1044 624 1167 666 cum
1198 608 1424 668 dixisset
1462 628 1479 666 :
1515 610 1612 678 Qui
1653 621 1822 666 autem

214 702 472 755 discernit
513 702 557 756 si
597 701 982 757 manducauerit
1022 701 1294 760 damnatus
1322 712 1418 772 est,
1465 704 1588 775 quia
1630 720 1732 760 non
1760 720 1823 760 ea:

210 792 329 860 ﬁde
358 792 536 863 (Rom.
569 809 679 860 xw,
724 793 843 864 “25),
875 794 1014 851 hanc
1041 796 1246 867 peccati
1297 795 1553 869 speciem,
1599 797 1667 853 de
1715 813 1820 868 qua

211 889 440 956 agebat,
474 888 713 958 generali
744 889 918 945 voluit
946 889 1176 959 probare
1208 890 1476 947 sententia
1529 907 1652 946 mox
1682 890 1821 949 infe-

214 994 354 1035 rcns
388 998 400 1033 :
439 980 603 1037 Omne
628 982 763 1036 enim
783 983 920 1051 quod
942 998 1041 1037 non
1072 993 1145 1037 est
1164 998 1227 1039 ea:
1257 984 1359 1052 ﬁde
1379 993 1643 1054 peccatum
1664 996 1758 1042 est.
1793 1006 1812 1039 ι

226 1069 363 1126 Haec
390 1071 739 1143 Augustinus,
782 1088 847 1130 ex
896 1074 1093 1146 quibus
1122 1075 1385 1132 dictamen
1416 1078 1760 1135 conscientia:
1786 1092 1817 1135 a

220 1166 334 1223 ﬁde
367 1170 703 1241 dirigendum
727 1187 848 1229 esse
871 1174 1178 1244 deducitur,
1199 1190 1227 1231 a
1254 1191 1355 1247 qua
1375 1176 1512 1246 sola,
1542 1188 1598 1233 ut
1620 1179 1816 1236 ibidem

222 1264 439 1333 probat,
472 1265 525 1319 in
570 1266 816 1324 ultimum
872 1267 1030 1323 ﬁnem
1064 1285 1200 1342 opus
1250 1269 1502 1339 refertur,
1536 1287 1695 1343 quam
1728 1273 1818 1330 ille

218 1356 591 1416 conditionem
624 1359 690 1416 ad
726 1361 1018 1419 bonitatem
1069 1366 1326 1421 moralem
1356 1364 1536 1436 Operis
1579 1382 1644 1423 ex
1670 1369 1815 1428 omni

218 1451 630 1510 circumstantia
665 1456 888 1528 perfecti
922 1474 1142 1529 semper
1173 1460 1418 1529 requirit.
1449 1461 1657 1517 Etenim
1678 1462 1818 1532 judi-

216 1546 369 1602 cium
417 1547 734 1616 practicum,
787 1550 929 1619 quod
971 1552 1137 1606 dictat
1194 1551 1570 1609 abstinendum
1610 1566 1640 1607 a
1679 1551 1817 1609 cibis

218 1638 345 1711 lege
376 1641 576 1709 vetitis,
609 1641 856 1712 dirigitur
884 1657 913 1724 a
942 1642 1069 1711 ﬁde,
1098 1659 1197 1715 qua
1228 1644 1519 1701 creduntur
1550 1653 1815 1717 praecepta

218 1733 315 1789 illa
347 1750 469 1792 esse
498 1734 762 1791 servanda
798 1752 896 1807 per
935 1736 1180 1794 ordinem
1225 1738 1292 1794 ad
1340 1740 1581 1795 ultimum
1630 1739 1808 1794 ﬁnem.

1920 514 2072 570 ribus
2120 514 2255 582 Baii,
2286 515 2353 572 ad
2383 515 2581 573 calcem
2623 517 2752 575 tomi
2798 518 2866 576 de
2911 517 3116 592 Gratia,
3160 536 3282 593 cap.
3312 523 3366 591 5,
3399 523 3427 595 §
3456 524 3511 593 1,

1920 621 2073 662 num.
2105 608 2139 661 4
2167 626 2180 662 :
2222 627 2241 662 ι
2272 608 2363 666 Sic
2408 611 2605 669 habent
2642 611 2846 683 aliquot
2878 614 3036 671 bullae
3068 616 3207 687 typis
3252 619 3512 675 mandatas

1921 702 2109 760 Romae
2135 745 2152 772 ,
2190 713 2247 761 et
2289 705 2491 777 aliquot
2538 709 2915 779 manuscripts:
2940 751 2955 777 ,
3006 724 3140 781 quas
3178 726 3278 783 ego
3324 712 3455 769 vidi.
3486 732 3509 769 ι

1921 796 2178 854 Mendose
2219 808 2399 855 autem
2428 814 2548 855 esse
2578 800 2727 857 illam
2760 800 2951 858 thesim
2995 803 3073 860 sic
3113 804 3344 862 describi
3389 822 3514 864 cer-

1919 897 2033 945 tum
2078 898 2161 946 est
2201 907 2216 945 :
2258 904 2382 946 nam
2416 900 2618 948 tantum
2669 892 2822 950 abest
2864 904 2923 950 ut
2964 894 3235 968 Pelagiani
3280 898 3512 956 dixerint

1919 985 2100 1040 omnia
2126 999 2290 1058 opera
2322 986 2616 1043 inﬁdelium
2647 1003 2769 1045 esse
2811 1000 3052 1059 peccata,
3082 998 3140 1047 ut
3166 1006 3198 1049 e
3240 995 3513 1051 contrario

1919 1077 2101 1147 petitis
2140 1086 2448 1135 assererem
2490 1078 2736 1136 inﬁdeles
2767 1080 3024 1153 pleraque
3051 1082 3307 1139 virtutum
3348 1099 3512 1156 opera

1917 1170 2142 1240 elicere,
2170 1180 2429 1242 putantes
2455 1186 2517 1229 ea
2550 1174 2759 1228 ratione
2783 1173 3021 1230 divinam
3052 1176 3278 1247 gratiam
3310 1191 3514 1248 expun-

1920 1278 2049 1334 gere
2076 1280 2139 1321 ex
2184 1267 2480 1338 Augustino
2523 1267 2620 1323 lib.
2660 1282 2714 1323 tv
2751 1278 2936 1325 contra
2966 1268 3270 1343 lulianum,
3305 1286 3422 1341 cap.
3456 1276 3513 1331 5.

1919 1358 2142 1426 Suarez,
2174 1361 2471 1433 prolegom.
2498 1360 2532 1417 6
2561 1362 2629 1418 de
2657 1360 2862 1431 Gratia,
2892 1378 3010 1435 cap.
3042 1365 3098 1434 ἢ,
3132 1380 3283 1423 num.
3313 1362 3369 1434 τ,
3393 1368 3511 1425 θίιοι

1927 1470 1946 1504 ι
1979 1453 2135 1509 Unde
2175 1455 2420 1526 suspicor
2477 1455 2532 1511 in
2598 1455 2691 1511 illa
2749 1456 3116 1527 propositione
3170 1457 3514 1531 bypothetica
3588 1468 3593 1474 ‘

1919 1544 2113 1602 deesse
2160 1547 2500 1618 negationem
2549 1546 2805 1623 aliquam,
2852 1564 2951 1606 seu
2985 1551 3211 1607 verbum
3260 1554 3513 1625 negandi,

1920 1651 2099 1705 nempe
2125 1652 2144 1690 :
2179 1635 2245 1693 Et
2271 1638 2335 1693 ad
2365 1638 2817 1711 Pelagianismum
2841 1642 3134 1711 rejicienda
3155 1642 3241 1701 est
3268 1644 3358 1701 illa
3389 1660 3514 1702 seno

1921 1730 2090 1785 tentia
2121 1746 2136 1785 :
2171 1731 2292 1787 Non
2334 1735 2509 1789 omnia
2541 1751 2697 1807 opera
2725 1735 3020 1806 inﬁdelium
3047 1746 3167 1794 sunt
3194 1748 3427 1810 peccata,
3466 1749 3516 1797 et

217 1829 400 1897 Quare
428 1830 521 1901 qui
543 1831 799 1889 discernit
828 1829 875 1886 si
924 1831 1330 1889 manducaverit
1374 1832 1658 1891 damnatus
1703 1844 1810 1903 est,

1919 1822 2344 1894 philosophorum
2384 1826 2591 1881 virtutes
2628 1843 2729 1882 non
2765 1837 2886 1883 aunt
2915 1830 3057 1885 vitia.
3094 1848 3115 1884 ι
3146 1830 3217 1887 At
3247 1830 3512 1904 Vasquea,

217 1921 347 1991 quia
379 1938 485 1979 non
517 1932 778 1993 operatur
804 1939 867 1980 ex
902 1924 1008 1981 ﬁde
1037 1925 1306 1997 dirigente
1328 1925 1589 1997 judicium
1624 1926 1817 1998 practi-

220 2020 368 2084 Cum,
401 2031 497 2073 seu
527 2016 936 2085 conscientiam,
988 2019 1131 2089 quod
1181 2018 1387 2076 dictum
1416 2021 1656 2090 generali
1686 2037 1813 2077 sen-

218 2109 390 2165 tentia
419 2109 654 2181 probans
683 2110 979 2188 Apostolus
1009 2112 1084 2167 ait
1115 2130 1126 2164 :
1163 2111 1327 2168 Omne
1364 2115 1500 2183 quod
1528 2131 1630 2169 non
1652 2123 1725 2169 est
1752 2132 1817 2171 ea:

220 2203 354 2270 ﬁde,
406 2218 434 2259 a
480 2218 585 2273 qua
634 2203 749 2259 sola
798 2204 998 2259 bonum
1042 2219 1176 2274 opus
1206 2206 1394 2261 saltem
1423 2206 1722 2263 virtualiter
1748 2208 1816 2264 ad

219 2292 395 2350 Deum
427 2295 614 2351 referri
642 2304 837 2365 potest,
862 2306 1126 2366 peccatum
1155 2306 1248 2352 est.
1274 2296 1456 2367 Neque
1484 2298 1571 2354 hic
1593 2300 1817 2357 audien-

219 2387 288 2444 da
324 2396 408 2445 est
450 2389 686 2445 violenta
729 2388 1108 2461 interpretatio
1150 2391 1384 2447 Cornelii
1427 2407 1455 2447 a
1498 2392 1701 2463 Lepide
1747 2394 1813 2449 ad

225 2478 379 2535 hunc
411 2473 557 2535 Pauli
590 2490 790 2537 textum
824 2482 1053 2540 dicentis
1081 2501 1095 2539 :
1127 2502 1146 2535 ‹
1177 2484 1533 2555 Augustinum
1560 2500 1681 2542 cum
1704 2487 1815 2544 suis

218 2578 280 2633 τὸ
317 2576 468 2645 Quod
512 2594 616 2633 non
653 2587 726 2633 est
772 2594 836 2632 ea:
886 2578 1012 2648 ﬁde,
1065 2593 1161 2648 per
1193 2578 1405 2635 miosim
1435 2580 1514 2635 sic
1543 2580 1808 2652 accipere,

219 2669 379 2738 quasi
432 2667 575 2724 dicat
622 2671 939 2741 Apostolus,
973 2670 1114 2741 quod
1145 2680 1319 2727 estex
1349 2672 1686 2741 infidelitate,
1730 2673 1813 2728 vel

217 2763 367 2835 quod
398 2772 481 2820 est
512 2772 700 2820 contra
748 2765 933 2830 ﬁdem,
969 2766 1183 2836 quodve
1231 2766 1289 2821 ﬁt
1336 2767 1402 2822 ad
1427 2766 1628 2823 cultum
1662 2766 1808 2835 idoli,

220 2857 327 2910 hoc
354 2867 635 2925 peccatum
667 2871 822 2923 esse;
852 2866 907 2913 et
951 2857 1077 2928 quia
1107 2866 1327 2914 sanctus
1353 2858 1682 2929 Augustinus
1713 2874 1811 2930 pu-

221 2947 375 3003 tabat
400 2949 655 3021 pleraque
684 2965 846 3020 opera
871 2949 938 3004 ab
960 2949 1266 3006 inﬁdelibus
1294 2950 1409 3006 ﬁeri
1433 2951 1535 3007 hoc
1555 2952 1683 3018 ﬁne,
1709 2950 1814 3007 sci-

217 3041 346 3097 licet
378 3041 444 3096 ad
469 3042 752 3098 colendum
780 3042 1005 3110 idolum,
1048 3043 1171 3098 hinc
1202 3052 1601 3115 consequenter
1631 3042 1811 3115 plera-

215 3150 324 3204 que
373 3150 533 3205 opera
587 3145 805 3208 putasse
848 3152 970 3193 esse
1025 3145 1267 3208 peccata.
1326 3158 1347 3191 ι
1408 3138 1621 3195 Etenim
1679 3153 1809 3194 san-

1921 1914 2039 1982 1-2,
2083 1914 2223 1987 disp.
2276 1914 2401 1984 191,
2429 1933 2546 1989 cap.
2580 1919 2636 1987 2,
2680 1920 2751 1975 ita
2782 1921 2975 1976 recitat
3001 1922 3144 1977 illam
3187 1923 3512 1994 propositio-

1918 2023 2044 2065 nem
2074 2025 2088 2064 :
2125 2010 2315 2065 omnia
2341 2029 2497 2082 opera
2520 2012 2813 2083 inﬁdelium
2841 2024 2958 2071 sunt
2984 2025 3209 2087 peccata,
3234 2024 3340 2074 etc.
3366 2017 3437 2072 Et
3458 2017 3513 2073 in

1918 2100 2105 2156 eadem
2138 2101 2286 2159 bulla
2332 2118 2441 2159 non
2486 2106 2651 2161 semel
2684 2107 2828 2162 edita
2866 2107 3052 2164 Romae
3094 2117 3281 2166 contra
3322 2111 3514 2168 Janse—

1918 2194 2064 2248 nium
2091 2194 2255 2251 verba
2300 2195 2424 2252 illa:
2450 2195 2519 2251 Et
2548 2198 2617 2253 ad
2655 2196 3120 2273 Pelagianismum,
3149 2213 3281 2272 etc.,
3313 2202 3514 2261 omissa

1919 2295 2066 2344 sunt.
2108 2288 2165 2344 In
2199 2289 2385 2359 primis
2415 2290 2665 2347 damnata
2696 2303 2777 2350 est
2825 2294 2916 2349 illa
2962 2295 3257 2367 propositio
3288 2296 3358 2353 ob
3386 2311 3516 2353 cen-

1917 2394 2101 2437 suram
2136 2398 2239 2455 qua
2275 2383 2655 2456 Pelagianismi
2700 2386 2983 2444 incusabat
3031 2397 3286 2460 negantes
3334 2389 3515 2445 omnia

1917 2489 2083 2545 opera
2130 2475 2430 2532 inﬁdelium
2482 2493 2604 2535 esse
2651 2488 2891 2550 peccata,
2933 2489 2987 2538 et
3038 2481 3186 2538 illam
3232 2496 3515 2539 censuram

1917 2568 2168 2638 primitus
2200 2571 2253 2625 in
2285 2571 2448 2628 bullis
2476 2571 2644 2629 fuisse
2676 2582 2822 2644 patet
2852 2590 2915 2631 ex
2947 2576 3012 2631 iis
3060 2592 3177 2648 quae
3216 2578 3513 2649 antiquitus

1917 2661 2105 2719 Romae
2132 2664 2295 2721 editae
2323 2678 2469 2735 sunt,
2502 2681 2635 2738 quas
2660 2670 2821 2725 etiam
2865 2670 3185 2740 Turrianus,
3230 2673 3454 2745 insignls
3483 2689 3514 2729 e

1917 2755 2178 2813 societate
2219 2759 2471 2828 scriptor,
2521 2767 2751 2816 testatur
2780 2775 2840 2818 se
2886 2761 3117 2833 legisse;
3149 2765 3269 2836 quis
3318 2765 3516 2823 audeat

1917 2846 2102 2905 dicere
2132 2851 2495 2923 typographos
2527 2853 2801 2911 Romanos
2842 2857 3055 2927 propria
3102 2860 3429 2929 auctoritate
3451 2872 3515 2914 ea

1916 2941 2084 2997 verba
2112 2942 2421 3000 addidisse?
2453 2945 2578 3003 Haec
2606 2949 2992 3007 conﬁrmantur
3027 2966 3093 3009 ex
3126 2953 3225 3026 hac
3266 2956 3516 3026 proposi-

1916 3034 2068 3090 tione
2087 3034 2161 3091 25
2181 3034 2423 3106 ejusdem
2452 3038 2586 3105 Baii,
2611 3054 2827 3114 nempe,
2855 3061 2875 3095 ι
2904 3057 3024 3100 cum
3052 3024 3509 3121 Pelagiosentire,

1915 3130 2006 3200 qui
2037 3137 2244 3185 textum
2277 3133 2518 3202 Apostoli
2552 3133 2710 3190 Rom.
2747 3151 2787 3191 tt
2820 3151 2834 3190 :
2867 3137 3053 3195 Gentes
3078 3156 3193 3208 qua:
3222 3143 3383 3214 legem
3410 3159 3515 3198 non

216 3236 337 3282 ctus
363 3226 524 3283 Pater
552 3227 619 3283 ad
675 3244 859 3285 veram
912 3229 1163 3286 virtutem
1214 3230 1535 3289 relationem
1585 3232 1640 3288 in
1682 3233 1809 3289 ulti-

1915 3222 2101 3279 habent
2132 3225 2437 3283 naturaliter
2463 3244 2522 3282 ea
2552 3246 2665 3300 qua:
2710 3232 2838 3305 legis
2884 3244 3002 3288 sunt
3047 3236 3264 3306 faciunt,
3312 3236 3513 3293 intelli-

214 3334 365 3375 mum
397 3319 557 3376 ﬁnem
615 3322 976 3377 necessariam
1030 3322 1163 3379 adeo
1190 3323 1419 3394 putavit,
1454 3330 1510 3379 ut
1558 3325 1677 3396 nec:
1702 3326 1812 3381 vlr-

214 3422 363 3470 tutes
421 3424 641 3486 propter
687 3415 768 3471 sui
819 3416 1155 3471 honestatem
1197 3417 1329 3471 citra
1385 3417 1573 3473 vitium
1630 3417 1812 3489 expeti

216 3524 379 3582 posse
428 3510 792 3578 aflirmaverit,
855 3520 912 3566 ut
959 3512 1127 3567 fusius
1163 3526 1284 3583 cap.
1315 3512 1371 3582 5,
1399 3511 1426 3585 §
1456 3514 1510 3583 4,
1559 3514 1810 3585 probavi-

214 3618 344 3659 mus
398 3620 429 3665 ε,
467 3604 649 3660 deﬁcit
697 3604 839 3660 enim
895 3602 1000 3659 illis
1068 3604 1256 3661 relatio
1316 3608 1507 3663 saltem
1565 3607 1809 3665 virtualis

211 3697 463 3769 proxima
508 3698 559 3752 in
608 3697 855 3752 ultimum
907 3696 1097 3766 ﬁnem,
1131 3713 1197 3753 eo
1250 3700 1394 3770 quod
1422 3700 1708 3757 eliciantur
1744 3701 1811 3760 ab

215 3789 444 3847 homine
471 3792 583 3849 veri
623 3790 717 3847 Dei
768 3790 1074 3863 cognitione
1130 3793 1360 3862 privato,
1415 3809 1478 3850 ac
1538 3793 1810 3864 philautia:

218 3884 357 3941 vitio
379 3894 811 3955 corrumpantur,
837 3901 955 3956 qua:
984 3895 1235 3945 constans
1266 3888 1565 3958 Augustino
1586 3898 1807 3946 senten-

214 3977 287 4034 tia
324 3980 496 4034 stetit.

285 4070 447 4127 Dices
472 4089 485 4127 :
512 4070 676 4143 Igitur
705 4073 751 4127 si
772 4088 921 4127 omne
946 4073 1082 4144 quod
1105 4089 1207 4128 non
1230 4082 1303 4129 est
1333 4089 1397 4129 ea:
1420 4074 1521 4143 ﬁde
1546 4087 1810 4147 peccatum

214 4174 308 4235 est,
340 4164 589 4222 videlicet
635 4166 812 4222 omnis
842 4168 982 4223 actio
1027 4183 1147 4239 quae
1195 4183 1302 4224 non
1348 4171 1598 4241 supponit
1647 4171 1807 4228 ﬁdem

215 4257 269 4314 in
300 4265 581 4329 operante,
611 4273 642 4312 a
680 4275 783 4329 qua
824 4260 875 4314 in
920 4259 1163 4316 ultimum
1204 4261 1365 4317 ﬁnem
1413 4261 1693 4334 dirigatur,
1726 4274 1808 4320 est

214 4362 523 4426 peccatum,
550 4369 721 4426 eaque
745 4355 1003 4411 astruitur
1033 4370 1285 4427 germana
1318 4356 1662 4429 intelligentia
1690 4373 1808 4414 ver-

211 4448 405 4503 borum
437 4446 679 4519 Apostoli
706 4463 775 4502 ex
806 4446 1046 4518 Patrum,
1077 4448 1387 4519 pontiﬁcum
1418 4466 1478 4505 ac
1507 4449 1670 4506 totius
1704 4450 1807 4505 Ec-

211 4540 392 4595 clesia:
443 4539 723 4594 catholicae
780 4539 1263 4609 interpretatione,
1325 4543 1566 4613 sequitur
1626 4543 1808 4598 omnia

1912 3325 2048 3387 gunt
2076 3318 2145 3375 de
2188 3320 2441 3389 gentibus
2492 3321 2617 3377 ﬁdei
2673 3326 2897 3396 gratiam
2932 3343 3058 3383 non
3106 3330 3449 3388 habentibus.
3487 3349 3509 3384 ι

1912 3411 2046 3480 Quae
2093 3412 2312 3483 quidem
2366 3416 2663 3486 propositio
2710 3420 2797 3475 vel
2852 3421 3149 3477 secundum
3202 3422 3511 3480 historicam

1914 3506 2279 3563 narrationem
2311 3510 2592 3580 accipitur,
2626 3511 2677 3566 id
2708 3522 2789 3569 est
2818 3527 2913 3569 eos
2953 3516 3045 3585 qni
3073 3515 3144 3571 ita
3194 3517 3432 3573 sentiunt
3460 3518 3515 3574 id

1914 3614 2162 3658 asserere
2193 3602 2336 3674 quod
2377 3604 2561 3661 itidem
2592 3605 2836 3679 Pelagius
2878 3606 3189 3667 afﬁrmavit.
3223 3611 3291 3669 Et
3319 3614 3374 3670 in
3410 3613 3515 3671 hoc

1913 3706 2076 3748 sensu
2103 3694 2398 3765 propositio
2428 3696 2517 3751 illa
2549 3706 2631 3753 est
2660 3714 2808 3768 vera,
2844 3714 2945 3759 nec
2977 3701 3086 3757 ulla
3115 3703 3325 3760 ratione
3362 3704 3514 3761 dam-

1912 3786 2031 3840 nari
2082 3796 2290 3857 potest,
2338 3804 2461 3844 nam
2511 3789 2757 3861 Pelagius
2802 3793 2875 3860 ita
2919 3793 3009 3848 illa
3059 3796 3300 3865 Apostoli
3347 3798 3511 3856 verba

1910 3879 2154 3951 explicat
2182 3882 2235 3936 in
2261 3883 2418 3951 epist.
2449 3883 2515 3939 ad
2546 3883 2960 3951 Demetriadem,
2989 3900 3109 3957 cap.
3137 3890 3203 3954 4;
3236 3898 3291 3945 et
3321 3889 3511 3950 Patres

1911 3973 2198 4046 Byzaceni,
2232 3975 2284 4030 in
2316 3975 2408 4032 lib.
2440 3976 2508 4033 de
2554 3977 2817 4034 lncarnat.
2849 3989 2901 4034 et
2932 3988 3095 4050 grat.,
3126 3994 3244 4053 cap.
3276 3982 3329 4050 5,
3372 3982 3511 4040 reci-

1912 4076 2018 4123 tata
2064 4069 2154 4123 illa
2192 4068 2340 4125 Pauli
2371 4070 2633 4127 sententia
2677 4071 2916 4129 scribunt
2963 4092 2976 4127 :
3013 4093 3032 4126 ι
3081 4075 3252 4144 Quem
3284 4077 3501 4149 quidem

1913 4161 2155 4231 Apostoli
2187 4161 2363 4219 locum
2412 4162 2463 4217 hi
2492 4165 2581 4236 qui
2611 4165 2801 4236 gratim
2841 4167 3216 4224 contradicunt
3258 4168 3509 4241 gentibus

1913 4254 2202 4311 incredulis
2242 4257 2513 4326 assignare
2555 4267 2838 4314 conantur.
2871 4278 2891 4313 ι
2936 4260 3090 4330 Quod
3138 4263 3303 4318 etiam
3347 4261 3509 4319 tradit

1910 4347 2239 4419 Augustinus
2269 4350 2361 4406 lib.
2394 4365 2446 4405 tv
2475 4359 2662 4407 contra
2691 4352 2824 4422 .lul.,
2852 4368 2973 4424 cap.
3006 4354 3060 4421 5,
3091 4353 3119 4426 ς
3154 4354 3303 4412 Unde
3333 4365 3378 4411 et
3405 4355 3508 4411 illi.

1911 4436 2009 4494 Vel
2040 4439 2227 4496 eadem
2264 4442 2491 4498 assertio
2521 4442 2782 4513 accipitur
2828 4454 2987 4516 prout
3014 4460 3244 4503 censura
3288 4448 3509 4519 conligit

1912 4549 2005 4591 eos
2034 4535 2127 4607 qui
2168 4536 2439 4593 laudatum
2482 4547 2695 4595 textum
2734 4539 2803 4597 de
2842 4538 3148 4597 inﬁdelibus
3181 4542 3506 4614 intelligunt,

211 4650 372 4706 opera
424 4634 717 4689 inﬁdelium
760 4648 879 4689 esse
925 4648 1170 4705 peccata,
1222 4651 1343 4706 quae
1384 4645 1567 4692 tamen
1609 4648 1690 4692 est
1734 4637 1805 4690 26
1836 4650 1889 4711 D
1912 4626 2067 4697 quasi
2099 4627 2345 4684 haeresim
2370 4629 2708 4700 Pelagianam
2732 4645 2798 4686 eo
2823 4640 2981 4702 pacto
3007 4631 3255 4704 doceant,
3282 4644 3331 4688 et
3356 4642 3506 4689 recte

212 4727 514 4798 propositio
546 4726 658 4780 Baii
708 4727 774 4781 ab
823 4727 1112 4796 apostolica
1153 4726 1282 4783 sede
1330 4728 1486 4783 toties
1533 4728 1804 4783 damnata.

210 4818 535 4890 Respondco
560 4834 657 4874 nos
678 4819 787 4890 jam
818 4820 1084 4889 superius,
1112 4835 1231 4889 cap.
1257 4820 1311 4886 ὅ,
1343 4818 1370 4891 §
1402 4817 1456 4886 4,
1483 4817 1805 4885 insinuasse,

211 4912 405 4985 procul
453 4928 571 4968 esse
613 4913 897 4983 Augustini
944 4912 1270 4968 sententiam
1318 4928 1348 4966 a
1397 4910 1644 4967 damnata
1692 4912 1808 4967 Baii

212 5006 602 5076 propositione,
630 5006 725 5062 sed
753 5023 817 5061 ne
841 5007 1118 5061 videamur
1146 5006 1472 5062 recentiores
1501 5004 1801 5077 pontiﬁces,

207 5102 299 5169 qui
327 5110 681 5155 memoratam
708 5100 901 5156 thesim
925 5100 1121 5170 sazpius
1152 5101 1539 5171 proscripsere,
1565 5115 1685 5155 cum
1711 5115 1808 5153 an-

210 5197 377 5267 tiquis
409 5194 811 5261 decessoribus,
848 5195 958 5251 imo
1008 5210 1127 5250 cum
1164 5196 1393 5265 ipsamet
1442 5193 1681 5249 Ecclesia
1719 5208 1806 5248 ca-

209 5289 414 5346 tholica
456 5288 827 5357 committere,
873 5305 993 5359 quae
1041 5304 1106 5343 ex
1153 5286 1412 5357 Apostolo
1457 5285 1613 5341 docet
1658 5301 1807 5339 omne

207 5386 347 5456 quod
380 5403 485 5441 non
512 5395 587 5442 est
621 5402 683 5441 ea;
710 5387 813 5455 ﬁde
842 5395 1107 5459 peccatum
1133 5401 1260 5452 esse,
1298 5398 1463 5455 pauca
1493 5383 1581 5439 hic
1611 5384 1805 5438 iterum

209 5478 520 5549 subjiciam.
550 5479 608 5534 ln
638 5477 826 5549 primis
857 5477 945 5533 illa
987 5476 1282 5549 propositio
1310 5472 1380 5531 26
1410 5474 1521 5531 Baii
1550 5489 1579 5530 a
1614 5474 1806 5544 pleris-

207 5586 315 5642 que
346 5570 959 5643 recitatur'jPossevin.,
994 5570 1157 5627 verbo
1184 5567 1411 5623 Mir/tael
1441 5566 1639 5640 Baias],
1670 5581 1808 5639 prte-

209 5666 371 5736 cipue
402 5678 534 5721 vero
565 5679 595 5719 a
624 5664 816 5720 Suario
852 5663 955 5720 hoc
987 5674 1140 5735 pacto
1173 5682 1188 5720 :
1227 5683 1245 5716 t
1276 5663 1340 5719 Et
1375 5662 1442 5717 ad
1480 5660 1810 5732 Pelagianis-

211 5774 364 5814 mum
396 5756 683 5826 rejicienda
715 5767 796 5814 est
839 5758 927 5814 illa
972 5758 1238 5814 sententia
1274 5773 1284 5807 :
1326 5754 1513 5809 Omnia
1544 5770 1699 5823 opera
1726 5753 1808 5809 in-

214 5852 447 5921 ﬁdelium
475 5860 595 5906 sunt
636 5864 858 5921 peccata,
897 5862 943 5906 et
984 5851 1405 5923 philompherunt
1446 5850 1658 5903 virtutes
1690 5858 1807 5903 sunt

1911 4718 1982 4773 ob
2005 4719 2373 4790 impudentem
2404 4735 2714 4790 censuram,
2740 4732 2991 4795 tanquam
3016 4726 3331 4781 scandalosa
3351 4725 3504 4782 dant-

1911 4818 2071 4865 natur
2093 4810 2281 4867 eadem
2312 4811 2424 4867 Baii
2455 4812 2771 4883 propositio.
2803 4814 2988 4885 Itaque
3015 4816 3177 4872 etiam
3212 4817 3507 4886 propositio

1914 4904 2001 4959 illa
2043 4904 2113 4960 26
2159 4907 2229 4963 ob
2274 4920 2562 4963 censuram
2600 4908 2896 4979 proscripta
2927 4908 3046 4976 fuit,
3093 4924 3214 4979 quae
3258 4909 3504 4967 eamdem

1914 4997 2213 5053 doctrinam
2245 5014 2366 5055 cum
2404 5000 2475 5056 25
2512 5002 2785 5069 continet;
2819 5000 3120 5074 oppositum
3161 5003 3304 5059 enim
3337 5002 3505 5059 thesis

1910 5091 1982 5148 26
2027 5092 2244 5163 probari
2291 5094 2429 5152 solet
2471 5094 2538 5150 ab
2585 5095 2835 5151 omnibus
2885 5111 2951 5154 ex
3000 5106 3148 5154 textu
3202 5106 3505 5154 memorato

1911 5189 2153 5258 Apostoli
2193 5187 2357 5246 Rom.
2390 5206 2448 5249 ιι.
2482 5190 2802 5261 Respondeo
2846 5190 2910 5245 2°
2940 5191 3338 5263 propositiones
3383 5193 3504 5250 illas

1911 5283 2155 5343 damnari
2187 5288 2485 5359 respective,
2512 5295 2565 5342 et
2584 5287 2639 5341 in
2664 5302 2816 5343 sensu
2840 5288 2903 5345 ab
2922 5289 3263 5344 assertoribus
3284 5291 3499 5356 intento,

1911 5384 1972 5432 ut
2000 5378 2053 5433 in
2084 5377 2190 5433 ﬁne
2228 5378 2391 5434 bulla:
2420 5380 2697 5436 asseritur.
2730 5379 2825 5436 llla
2860 5381 3157 5453 propositio
3181 5380 3253 5435 96
3281 5381 3504 5437 damna-

1914 5481 1998 5527 tur
2026 5473 2327 5543 respective
2361 5472 2426 5528 ad
2457 5470 2547 5539 55,
2574 5488 2692 5544 qua:
2718 5482 2803 5531 est
2828 5493 2840 5528 :
2877 5475 3041 5532 Omne
3066 5477 3203 5546 quod
3242 5477 3350 5551 agit
3387 5491 3503 5545 pec-

1913 5575 2077 5634 cator,
2110 5565 2187 5620 vel
2215 5582 2388 5621 servus
2413 5568 2629 5638 peccati,
2656 5579 2920 5640 peccatum
2940 5577 3035 5628 est.
3061 5568 3140 5626 Ex
3176 5586 3281 5641 qna
3317 5584 3503 5625 neces-

1914 5659 2056 5714 sario
2082 5656 2312 5714 infertur
2339 5660 2518 5715 omnia
2550 5675 2718 5731 opera
2754 5661 3052 5720 inﬁdelium
3095 5678 3217 5721 esse
3255 5668 3497 5734 peccata,

1913 5759 1966 5808 et
1996 5750 2437 5823 philosophorum
2488 5753 2711 5810 virtutes
2756 5769 2878 5812 esse
2922 5755 3067 5825 vitia,
3122 5769 3244 5810 cum
3292 5752 3365 5807 illi
3396 5750 3500 5806 sint

1914 5854 2244 5916 peccatores.
2277 5844 2453 5914 Quare
2498 5847 2693 5906 merito
2719 5846 3024 5915 damnatur,
3056 5859 3113 5904 ut
3155 5845 3392 5903 derivata
3433 5860 3501 5901 ex
