3962 6346
572 318 671 375 ⁵111

1456 314 2013 374 suerusn-tsmuu
2054 317 2145 372 AD
2182 317 2410 373 orans
2448 318 2509 373 s.
2551 318 2935 376 AUGUSTINI.
3206 362 3219 377 .
3692 340 3763 395 ηε

571 434 821 491 haeretica
884 432 1123 489 doctrina
1189 431 1385 503 rejecta
1445 432 1500 488 in
1552 436 1865 492 Tridentina
1924 438 2162 513 synodo,
2191 440 2247 501 Α
2269 457 2471 507 remus,
2498 444 2733 499 maximo
2760 443 2998 498 omnium
3029 441 3237 508 dolore,
3266 450 3319 499 et
3355 443 3507 502 totius
3532 447 3665 519 hujus
3685 460 3763 512 uni.

569 541 704 583 sess.
738 525 790 595 6,
823 542 945 582 can.
973 527 1025 590 7,
1055 535 1104 581 et
1138 524 1205 578 ab
1234 526 1552 596 Augustino,
1582 536 1640 583 ut
1673 540 1860 586 contra
1890 531 2161 587 Maldonas

566 630 682 676 tum
725 621 1054 677 ostendimus
1081 634 1199 691 cap.
1231 619 1286 685 5,
1330 619 1357 691 §
1387 619 1441 677 4.
1475 620 1795 694 Respondeo
1851 626 2010 683 tertio
2042 625 2160 681 inﬁ-

564 715 709 772 deles
745 716 949 785 aliquos
997 724 1148 770 actus
1197 715 1367 770 bonos
1394 716 1617 784 elicere,
1666 720 1733 774 ad
1787 734 1922 791 quos
1968 735 1999 775 a
2047 721 2158 776 Deo

563 819 982 879 prmmoventur,
1036 810 1124 881 qui
1173 810 1418 881 profecto
1466 821 1685 881 peccata
1714 830 1835 870 esse
1881 833 1987 871 non
2035 832 2159 886 pos-

560 912 706 958 Sunt.
739 902 928 957 Tradit
959 901 1061 957 hoc
1106 902 1307 957 diserte
1337 914 1556 960 sanctus
1601 906 1808 973 doctor,
1842 922 1961 977 cap.
1990 909 2061 963 24
2090 910 2157 966 de

559 992 742 1049 Gratia
769 994 992 1059 Christi,
1026 995 1140 1063 ubi,
1176 998 1402 1051 recitato
1444 998 1534 1052 illo
1564 999 1856 1068 Scripturae
1890 1015 2057 1057 sacrae
2090 1002 2157 1057 de
2187 1049 2190 1053 ,

560 1086 781 1142 Assueri
803 1090 1117 1155 {mutatione
1160 1089 1470 1145 testimonio
1511 1091 1705 1147 Esther
1746 1108 1834 1162 xv,
1881 1093 1941 1148 11
1978 1112 1991 1146 :
2023 1094 2158 1150 Con—

558 1179 705 1233 vertit
723 1177 882 1245 Deus,
902 1188 949 1232 et
967 1180 1227 1233 transtulit
1244 1179 1653 1251 indignationem
1671 1185 1783 1255 ejus
1800 1184 1853 1236 in
1872 1183 2153 1252 lenitatem,

557 1288 680 1330 cum
717 1278 867 1345 prius
899 1276 1250 1345 praemisisset
1278 1277 1572 1331 Assuerum
1610 1286 1735 1333 tunc
1772 1278 1938 1334 fuisse
1968 1279 2155 1335 inlide-

558 1367 685 1435 lem,
719 1376 772 1424 et
805 1377 1168 1438 peccatorem,
1214 1369 1486 1424 concludit
1516 1386 1530 1423 :
1578 1389 1596 1422 ι
1628 1370 1840 1425 lnterna
1872 1381 2031 1442 atque
2063 1387 2157 1427 oc-

555 1460 702 1515 culta
739 1460 1033 1527 mirabilia,
1061 1474 1125 1516 ac
1152 1460 1407 1516 ineﬁ‘abili
1448 1469 1712 1531 potestate
1741 1464 1949 1532 cperari
1986 1464 2152 1519 Deum

556 1553 611 1608 in
641 1553 896 1609 cordibus
927 1554 1205 1609 hominum
1238 1570 1345 1609 non
1377 1555 1549 1609 solum
1580 1570 1735 1610 veras
1772 1557 2151 1623 revelationes,

557 1644 653 1700 sed
702 1646 863 1701 etiam
906 1660 1072 1700 nonas
1115 1660 1478 1701 vowarrnes.
1514 1667 1532 1698 ι
1590 1648 1749 1701 Bains
1802 1664 1929 1703 vero
1979 1651 2154 1705 nullos

553 1745 705 1792 actus
732 1737 901 1792 bonos
927 1751 993 1792 ex
1023 1738 1116 1793 Dei
1138 1739 1309 1807 gratia
1339 1739 1407 1793 ab
1436 1740 1739 1795 inﬁdelibus
1773 1742 1886 1796 ﬁeri
1915 1744 2148 1809 volebat,

2264 536 2557 603 versitatis,
2592 537 2699 592 imo
2726 546 2780 592 et
2807 537 2955 593 orbis
2981 536 3213 605 jactura,
3257 550 3287 591 a
3323 537 3456 592 vivis
3491 551 3674 610 ereptus
3695 561 3762 616 est,

2264 641 2457 696 nempe
2501 628 2817 698 magistrum
2851 626 3108 682 Basilium
3138 625 3391 682 Poncium
3428 627 3761 705 Legionensem,

2262 719 2667 788 Augustinianae
2707 717 2931 775 familiae
2972 718 3407 791 augustissimam
3435 722 3635 791 prolem,
3659 737 3699 781 et
3729 731 3763 785 in

2263 810 2362 866 hac
2404 813 2675 867 academia
2729 811 3001 868 cathedrae
3038 810 3307 882 primariae
3351 825 3510 868 sacrae
3553 813 3763 889 theologia,

2262 904 2665 959 meritissimum
2691 906 3111 961 moderatorem.
3145 923 3165 957 ι
3196 905 3376 975 Itaque
3399 920 3514 960 cum
3532 905 3611 961 illa
3630 923 3765 978 propo-

2260 997 2383 1052 sitio
2413 1014 2426 1051 :
2462 996 2651 1051 Omnia
2674 1014 2827 1066 opera
2850 998 3145 1068 inﬁdelium
3168 1007 3283 1052 sunt
3317 1007 3540 1067 peccata,
3561 1013 3588 1053 a
3611 1001 3764 1057 nobilis-

2260 1091 2411 1145 simis
2460 1092 2725 1161 theologis
2774 1093 2937 1149 etiam
2990 1101 3107 1162 post
3156 1092 3353 1147 editam
3407 1090 3591 1146 bullam
3634 1104 3761 1148 contra

2261 1181 2445 1235 Baium
2481 1181 2821 1248 defendatur,
2854 1183 3029 1253 palam
3086 1183 3144 1236 ﬁt
3191 1183 3245 1236 in
3289 1191 3438 1236 recto
3482 1198 3622 1237 sensu
3660 1199 3765 1252 posse

2258 1275 2450 1343 accipi,
2486 1290 2512 1328 a
2554 1292 2659 1345 quo
2697 1277 2882 1346 procul
2917 1276 3011 1331 luit
3054 1276 3234 1339 Baius,
3274 1276 3417 1330 unde
3446 1276 3615 1330 merito
3635 1278 3763 1332 eadem

2261 1370 2429 1426 thesis
2456 1372 2523 1425 ab
2550 1372 2846 1440 apostolica
2880 1372 3008 1427 sede
3040 1372 3338 1441 proscripta
3372 1370 3486 1425 luit.
3519 1369 3623 1425 llaec
3644 1381 3764 1427 autem

2260 1463 2429 1518 fusius
2479 1473 2795 1532 prosecutus
2848 1478 2989 1528 sum,
3040 1478 3145 1517 non
3200 1462 3362 1517 modo
3410 1471 3465 1516 ut
3510 1463 3765 1519 ostenderem

2258 1571 2498 1612 summos
2540 1557 2821 1625 pontiﬁces
2857 1572 2921 1611 ac
2952 1565 3026 1610 tot
3076 1555 3282 1620 l’atrcs,
3331 1554 3438 1609 imo
3470 1554 3618 1622 ipsam
3639 1555 3764 1610 catho-

2258 1650 2418 1705 licam
2452 1649 2771 1714 Ecclcsiam,
2796 1649 2923 1704 dum
2947 1648 3037 1702 illa
3060 1648 3221 1703 verba
3254 1647 3494 1717 Apostoli
3520 1647 3649 1700 Rom.
3674 1663 3764 1700 sit:

2262 1744 2423 1796 Omne
2442 1744 2577 1812 quod
2604 1758 2703 1794 non
2741 1751 2814 1795 est
2844 1757 2905 1794 ea:
2944 1740 3068 1809 ﬁde,
3094 1750 3357 1812 peccatum
3378 1747 3471 1805 cst,
3496 1738 3765 1808 explicantde

552 1843 618 1883 eo
647 1828 791 1897 quod
834 1830 1061 1899 gratiam
1112 1836 1317 1884 tantum
1349 1830 1669 1885 admittebat
1701 1832 1931 1901 Spiritus
1978 1832 2153 1889 sancti
2183 1839 2231 1899 B
2259 1836 2362 1889 ﬁde
2388 1833 2710 1898 Christiana,
2740 1834 2886 1886 nulla
2912 1833 3118 1886 ratione
3140 1830 3421 1901 suﬁ‘ragari
3447 1829 3674 1883 damnatae
3689 1829 3763 1882 Baii

552 1919 901 1977 inhabitantis
942 1922 996 1977 in
1028 1924 1225 1988 anima,
1258 1924 1349 1993 qui
1380 1938 1501 1979 cum
1534 1925 1584 1978 in
1619 1926 1815 1980 inlideli
1857 1941 1959 1980 non
1996 1926 2149 1981 inha-

549 2014 723 2082 bitet,
773 2015 897 2069 hinc
941 2015 1303 2070 arbitrabatur
1351 2017 1555 2071 nullum
1607 2018 1659 2070 in
1714 2018 1901 2072 eodem
1954 2020 2145 2075 divinae

548 2106 735 2178 gratiae
766 2107 1022 2162 auxilium
1054 2109 1302 2178 reperiri.
1338 2108 1537 2164 Horum
1582 2118 1771 2164 testem
1804 2112 2013 2180 appello
2044 2112 2148 2167 Ga-

549 2201 773 2258 brielem
820 2203 1088 2273 Vasquez,
1134 2203 1252 2271 1-2,
1302 2204 1506 2274 disput.
1550 2205 1674 2270 190,
1708 2219 1825 2274 cap.
1861 2206 1948 2271 18,
1996 2222 2143 2261 ηιιιη.

548 2292 676 2360 184,
701 2295 792 2350 ubi
822 2294 890 2351 de
916 2295 1170 2365 opinione
1215 2295 1327 2349 Baii
1354 2296 1408 2350 in
1436 2296 1574 2351 libro
1619 2296 1685 2351 de
1714 2296 1926 2353 Justitia
1957 2306 2011 2354 et
2040 2299 2145 2353 vir-

549 2389 753 2445 tutibus
781 2389 1089 2461 impiorum,
1116 2403 1235 2459 cap.
1264 2387 1297 2440 lt
1319 2397 1372 2444 et
1399 2391 1455 2453 5,
1485 2390 1598 2445 haec
1624 2391 1782 2445 habet
1814 2410 1826 2444 :
1865 2410 1883 2442 1
1913 2391 2027 2447 Νοιι
2053 2393 2145 2448 ad-

553 2484 802 2540 mittebat
821 2484 913 2539 ille
932 2483 1332 2539 distinctionem
1352 2483 1538 2553 gratiae
1560 2484 1789 2554 Spiritus
1808 2486 1979 2539 sancﬁ
2012 2501 2143 2539 non-

549 2575 678 2632 dum
709 2575 1019 2642 habitantis,
1064 2575 1277 2646 qualem
1320 2576 1669 2632 concedimus
1700 2588 1825 2633 ante
1873 2578 2143 2634 remissio-

549 2684 674 2725 nem
722 2679 1091 2741 peccatorum,
1138 2678 1189 2724 et
1236 2670 1620 2737 inhabitantis,
1653 2673 1869 2742 qualem
1916 2674 2143 2729 dicimus

548 2782 672 2824 esse
703 2776 821 2836 post
864 2768 1263 2823 remissionem.
1294 2783 1315 2819 ι
1369 2766 1497 2834 Quae
1544 2768 1789 2823 doctrina
1829 2778 1911 2823 est
1953 2778 2138 2825 contra

548 2859 919 2915 Tridentinam
963 2860 1251 2931 synodum,
1283 2874 1421 2930 quae,
1456 2874 1592 2915 sess.
1646 2859 1734 2925 M,
1784 2876 1903 2930 cap.
1946 2860 1999 2925 4,
2046 2861 2142 2916 ad-

547 2954 714 3010 mittit
746 2954 974 3025 Spiritus
1013 2956 1175 3008 sancti
1216 2954 1495 3024 impulsum
1522 2996 1537 3023 ,
1580 2969 1683 3007 non
1727 2954 1896 3008 adhuc
1932 2955 2139 3024 quidem

544 3047 901 3114 inhabitantis,
919 3048 1006 3101 sed
1033 3055 1227 3100 tantum
1255 3045 1517 3100 moventis.
1547 3045 1627 3098 Ex
1659 3045 1740 3099 his
1771 3055 1916 3114 patet
1937 3046 2137 3115 Grego-

548 3142 687 3195 rium
731 3150 975 3195 nostrum
1018 3139 1417 3194 Ariminensem
1450 3140 1501 3192 in
1549 3138 1648 3192 hac
1695 3139 1829 3192 thcsi
1878 3152 1999 3192 cum
2045 3137 2137 3192 lili-

2253 1926 2632 1998 ιιιομοείιιοηί,
2682 1940 2868 1981 verum
2922 1925 3082 1979 etiam
3129 1933 3185 1978 ut
3215 1924 3347 1978 satis
3397 1922 3645 1977 molestam
3677 1935 3766 1991 quo-

2254 2022 2496 2076 rumdam
2560 2019 2922 2075 recentiorum
2984 2019 3443 2086 importunitatem
3497 2014 3763 2083 reiellerem,

2253 2131 2356 2187 qua
2403 2116 2625 2170 crudam
2669 2113 2816 2168 illam
2860 2112 3283 2181 propositionem
3328 2110 3522 2176 absque
3561 2121 3763 2172 sensuum,

2250 2226 2386 2280 quos
2422 2210 2605 2279 plures
2646 2210 2754 2278 pati
2794 2205 3109 2272 monstravi,
3143 2203 3491 2259 distinctione
3533 2201 3764 2257 damnatam

2252 2306 2468 2358 volunt.

2257 2419 2285 2489 §
2330 2418 2414 2473 Vl.
2452 2419 2673 2473 San'clus
2698 2418 3018 2489 Augustinus
3049 2431 3313 2489 nunquam
3341 2415 3527 2489 censuit
3564 2413 3764 2489 cegitatia-

2324 2507 2411 2545 nes
2438 2507 2669 2545 morosus
2698 2487 2805 2545 esse
2836 2494 3089 2545 duntaxat
3122 2487 3397 2558 peccatum
3420 2487 3595 2540 veniale
3613 2525 3627 2552 ,
3653 2494 3763 2539 turt-

2327 2565 2581 2616 cenliores
2609 2564 2773 2616 eidem
2805 2564 2937 2633 {also
2960 2564 3250 2632 imponunt.

2321 2677 2603 2733 Restaurat
2636 2687 2816 2734 tamen
2846 2663 3240 2733 accusationem
3286 2676 3571 2740 Moraines,
3593 2682 3637 2726 et
3668 2671 3761 2726 alte-

2246 2771 2358 2825 rius
2391 2771 2591 2825 erroris
2619 2771 2974 2837 Augustinum
3026 2785 3175 2825 reum
3218 2770 3454 2839 postulat
3498 2767 3573 2821 his
3598 2763 3760 2819 verbis:

2254 2884 2271 2916 ι
2309 2866 2574 2920 Praeterea
2595 2905 2611 2929 ,
2643 2864 2737 2919 lib.
2769 2880 2807 2919 ιι
2837 2865 3059 2935 (contra
3089 2862 3260 2932 Jal.),
3292 2877 3414 2932 cap.
3446 2863 3534 2925 10,
3561 2859 3687 2913 docet
3707 2870 3764 2909 co-

2245 2957 2531 3027 gitationes
2554 2971 2820 3022 morosas,
2860 2957 2975 3011 sive
3000 2956 3394 3011 delectationes
3423 2951 3703 3007 voluntarias
3719 2947 3761 3011 de

2248 3052 2410 3107 rebus
2430 3036 2683 3107 venereis
2703 3065 2826 3108 esse
2844 3051 3105 3106 duntaxat
3134 3056 3413 3119 peccatum
3432 3045 3636 3111 veniale,
3652 3039 3763 3095 mulo

2244 3146 2384 3201 absit
2409 3159 2709 3201 consensus
2736 3145 2790 3199 in
2823 3158 2960 3215 opus
2982 3185 2996 3210 ,
3026 3160 3122 3197 seu
3154 3142 3354 3197 malttm
3379 3137 3684 3199 desiderium,
3709 3133 3764 3187 vel

549 3231 738 3286 chaele
784 3231 911 3285 Baio
952 3231 1259 3300 neutiquam
1309 3231 1618 3285 convenire.
1654 3228 1782 3283 Nam
1834 3230 1957 3284 licet
2002 3230 2055 3283 in
2104 3235 2136 3281 τι
2166 3250 2211 3311 C
2245 3238 2389 3293 imus
2418 3239 2752 3308 pel-iculum;
2797 3252 2916 3309 qua,
2945 3237 3187 3291 doctrina
3227 3236 3295 3290 ab
3331 3232 3563 3289 omnibus
3600 3223 3764 3283 caluo“.

548 3325 933 3380 sententiarum
985 3324 1111 3378 dist.
1161 3325 1252 3389 20,
1296 3340 1350 3394 q.
1403 3324 1455 3389 l,
1506 3334 1609 3379 art.
1666 3324 1715 3389 1,
1774 3324 1915 3379 dicat
1963 3326 2137 3378 omnia

546 3433 709 3489 opera
764 3418 1059 3473 inlidelium
1112 3431 1235 3472 esse
1280 3426 1518 3487 peccata,
1568 3426 1802 3473 attamen
1850 3428 1952 3472 art.
2002 3417 2055 3481 5,
2089 3419 2139 3472 in

545 3528 694 3583 resp.
728 3513 794 3567 ad
824 3512 1131 3568 testimonia
1181 3511 1487 3580 Augustini,
1535 3514 1649 3569 ait:
1689 3532 1707 3563 ί
1746 3512 1803 3567 Si
1837 3523 2014 3566 tamen
2047 3512 2143 3566 ali-

548 3607 692 3678 quod
727 3606 904 3661 taliter
935 3605 1156 3668 factutn,
1189 3604 1397 3660 scilicet
1437 3604 1622 3658 debito
1654 3604 1781 3671 line,
1819 3616 1869 3658 et
1901 3604 2019 3659 aliis
2047 3605 2142 3658 dco

548 3701 696 3766 bitis,
740 3699 948 3756 scilicet
991 3697 1427 3762 circumstantiis,
1468 3697 1765 3767 reperiatur
1810 3697 1879 3751 ab
1917 3696 2143 3751 inﬁdeli-

549 3796 673 3866 bus,
703 3794 990 3850 dicendum
1033 3776 1116 3848 cst
1161 3806 1256 3848 eos
1303 3791 1358 3846 id
1391 3790 1582 3846 l'ccisse
1625 3807 1731 3846 non
1763 3792 1880 3845 sine
1922 3791 2139 3860 speciali

548 3888 816 3960 adjutorio
849 3886 965 3941 Dei.
1005 3905 1024 3938 ι
1061 3885 1213 3951 Quod
1269 3885 1319 3938 in
1373 3899 1518 3954 resp.
1569 3884 1635 3937 ad
1686 3885 1741 3950 8,
1790 3883 1857 3939 t'e
1904 3884 2044 3939 facto
2090 3885 2142 3939 in

548 3980 931 4037 obstetricibus
963 3978 1234 4049 Egyptiis
1263 3992 1458 4047 pueros
1490 3976 1832 4032 Hebraeorum
1870 3978 2144 4033 occultan-

551 4073 696 4130 tibus
742 4072 939 4127 lactum
971 4071 1240 4138 concedit,
1280 4085 1473 4141 nempe
1512 4070 1620 4124 Deo
1660 4072 1953 4142 specialiter
1992 4073 2145 4142 adju-

561 4178 729 4223 vante.
763 4168 892 4232 Quae
918 4166 1077 4220 etiam
1109 4164 1304 4219 ibidem
1338 4164 1528 4234 probat
1565 4167 1734 4219 saneti
1772 4165 2006 4219 doctoris
2038 4177 2143 4219 tes-

553 4262 784 4317 timonio
817 4260 911 4314 lib.
940 4258 972 4310 4
992 4268 1178 4315 contra
1200 4258 1331 4325 Ju|.,
1357 4274 1474 4329 cap.
1500 4259 1553 4322 5,
1581 4258 1669 4313 ubi
1699 4260 1945 4314 concedit
1966 4260 2141 4329 aliqua

552 4354 690 4409 bona
738 4366 898 4421 opera
952 4350 1007 4403 in
1066 4350 1369 4406 inﬁdelibus
1417 4364 1485 4406 ex
1542 4349 1759 4419 speciali
1816 4359 1994 4405 tamen
2047 4351 2141 4405 Dei

549 4444 1006 4518 gratia‘dcrivata,
1037 4452 1093 4498 et
1135 4444 1371 4498 admittit
1400 4444 1621 4511 insuper
1663 4444 1988 4512 adjutorium
2020 4445 2135 4512 Dei,

546 4553 641 4595 seu
683 4537 918 4608 Spiritus
970 4537 1142 4592 sancti
1193 4536 1429 4592 nondum
1479 4535 1858 4604 inhabitantis,
1910 4552 2138 4608 quorum

2247 3332 2325 3386 cis
2351 3332 2677 3402 jampridem
2714 3331 2989 3401 rejicitur,
3039 3345 3139 3385 nec
3178 3330 3297 3384 sine
3344 3328 3581 3384 scandala
3615 3339 3639 3377 a
3671 3335 3763 3391 quo-

2246 3438 2404 3493 quatn
2429 3423 2827 3479 obtruderetur.
2862 3443 2880 3474 ι
2915 3422 3021 3478 Sed
3052 3421 3445 3491 respondemus
3482 3418 3762 3488 Augustinum

2246 3518 2650 3589 intelligendum
2674 3533 2795 3574 esse
2815 3518 2882 3573 de
2909 3517 3270 3573 delectatione
3294 3532 3417 3587 quae
3440 3524 3520 3571 est
3539 3512 3638 3569 sine
3657 3508 3763 3580 plena

2246 3609 2581 3665 advertentia
2630 3611 2846 3664 malitiae
2887 3610 2968 3665 vel
3010 3611 3233 3680 periculi
3262 3609 3446 3675 illius,
3493 3607 3542 3661 in
3565 3616 3653 3675 quo
3674 3614 3763 3655 CaSu

2247 3720 2354 3760 non
2378 3719 2498 3759 esse
2518 3704 2666 3758 illam
2693 3715 2971 3773 peccatum
2992 3704 3214 3758 mortale
3236 3701 3533 3757 communis
3556 3694 3763 3763 theologo-

2248 3814 2363 3853 rum
2395 3798 2664 3853 sentcntia
2688 3808 2790 3864 est,
2826 3798 3049 3854 testibus
3077 3797 3229 3852 Salas
3250 3838 3266 3864 ,
3294 3796 3415 3863 1-9.,
3454 3795 3529 3847 tit.
3563 3789 3642 3857 15,
3661 3786 3759 3854 disp.

2247 3894 2303 3958 ϐ,
2335 3907 2472 3948 sess.
2506 3894 2560 3961 6,
2595 3901 2649 3948 et
2695 3892 2937 3961 Vasquez
2964 3890 3074 3958 1-2,
3109 3890 3248 3959 disp.
3282 3890 3379 3957 97,
3402 3902 3515 3957 cap.
3545 3884 3591 3937 5.
3615 3882 3763 3953 (Sanc-

2249 3998 2335 4041 tus
2363 3987 2627 4055 Thomas,
2664 3996 2853 4056 quaest.
2888 3986 2953 4040 l5
2982 3987 3050 4042 de
3080 3983 3238 4052 Malo,
3271 3993 3381 4039 art.
3416 3984 3479 4049 2,
3507 3980 3566 4034 ad
3596 3978 3646 4031 lli
3666 3976 3695 4043 ).
3717 3974 3762 4026 At

2246 4091 2490 4137 sanctum
2543 4081 2819 4135 doctorem
2846 4080 2916 4135 de
2949 4079 3309 4135 delectatione
3356 4092 3421 4134 eo
3468 4072 3609 4130 modo
3632 4081 3760 4125 erum-

2248 4184 2409 4242 pente
2440 4173 2676 4227 locutum
2708 4172 2873 4227 fuisse
2897 4186 3004 4228 non
3029 4172 3259 4227 obscure
3285 4186 3356 4226 ex
3388 4168 3616 4224 illiusmet
3633 4158 3760 4214 verbis

2245 4269 2609 4339 cognoscitur.
2650 4288 2669 4322 1
2707 4269 2932 4337 Quando
2960 4270 3014 4324 in
3040 4269 3254 4332 talibus,
3304 4268 3512 4338 inquit,
3542 4258 3759 4333 cogitatio-

2247 4363 2402 4417 nibus
2431 4376 2551 4417 curn
2575 4378 2765 4425 amouit
2792 4361 3150 4417 delectatione
3170 4370 3535 4417 remorantur.
3565 4371 3651 4410 non
3680 4348 3758 4415 (ξυῖο

2244 4454 2365 4510 dem
2393 4456 2745 4511 decernentes
2775 4455 3031 4525 ﬂagitium
3061 4496 3076 4519 ,
3125 4455 3219 4511 sed
3254 4454 3591 4510 intentionem
3616 4441 3758 4501 mentis

2244 4562 2350 4601 non
2401 4547 2539 4601 sicut
2570 4555 2812 4615 oportet,
2841 4562 2909 4601 ne
2931 4547 3023 4602 illo
3065 4546 3293 4611 incidat,
3348 4545 3470 4600 inde
3497 4542 3752 4596 avertentes,

543 4642 793 4689 neutrum
821 4630 981 4685 Baius
1021 4630 1314 4685 asserebat.
1364 4629 1594 4684 Basilius
1639 4630 1891 4702 Peneius,
1938 4643 2076 4702 part.
2112 4648 2127 4685 ι
2160 4642 2209 4702 ι)
2236 4650 2324 4695 aut
2355 4643 2398 4696 si
2434 4641 2706 4703 inciderit,
2748 4640 2871 4696 inde
2917 4641 3210 4709 rapientes.
3238 4658 3257 4691 ι
3292 4638 3422 4707 Cap.
3452 4636 3512 4689 10
3534 4633 3611 4687 cit.
3636 4626 3757 4696 Opor-

544 4724 750 4781 Relect.
780 4723 849 4779 de
881 4722 1055 4787 Grat.,
1087 4736 1207 4791 cap.
1249 4720 1458 4787 ultimo,
1499 4736 1619 4793 pag.
1651 4721 1779 4790 204,
1818 4725 1892 4777 ait
1922 4741 1935 4778 :
1973 4741 1991 4775 ‹
2031 4724 2131 4778 Ρο-

544 4832 735 4873 namus
762 4815 908 4871 enim
940 4814 992 4868 id
1017 4814 1157 4885 quod
1184 4829 1486 4869 mouemus
1514 4829 1688 4870 OPINIO
1714 4816 1836 4885 fert,
1869 4825 1927 4871 ut
1954 4817 2127 4873 dicam

542 4912 597 4967 in
626 4911 862 4968 secunda
900 4918 1075 4980 parte,
1109 4909 1289 4961 omnia
1328 4908 1622 4963 inﬁdelium
1653 4924 1816 4979 opera
1859 4925 1979 4966 esse
2010 4924 2133 4980 pec-

538 5016 678 5073 cata,
720 5024 739 5057 ι
776 5014 881 5060 etc.
919 5002 1050 5070 Quis
1076 5012 1255 5057 autem
1297 5001 1566 5057 existimet
1601 5004 1774 5058 virum
1826 5005 1966 5059 inter
2013 5004 2133 5061 Sal—

540 5101 901 5155 manticenses
928 5097 1342 5153 celeberrimum
1380 5098 1492 5152 Baii
1522 5099 1849 5153 sententiam
1881 5100 2133 5168 probabi-

2242 4737 2483 4790 tetenim
2528 4745 2802 4801 mentem,
2859 4735 2903 4789 si
2943 4750 3031 4790 cas
3064 4736 3117 4789 in
3158 4734 3507 4804 cogitationes
3556 4720 3754 4782 inciderit.

2238 4829 2416 4882 statim
2453 4829 2577 4883 inde
2602 4838 2867 4895 avertere,
2892 4829 3033 4897 quod
3056 4830 3100 4884 si
3127 4844 3191 4884 ex
3214 4828 3424 4885 defectu
3447 4826 3599 4896 plena
3620 4818 3756 4873 adter-

2239 4920 2419 4974 tentitc
2450 4936 2555 4974 non
2588 4920 2679 4974 ﬁat
2707 4920 2894 4993 ({qiiod
2922 4935 3065 4991 saepe
3095 4921 3323 4986 accidit,
3355 4935 3473 4975 cum
3511 4931 3606 4971 non
3648 4911 3699 4965 sit
3718 4906 3755 4959 in

2240 5023 2425 5069 nostra
2469 5022 2735 5084 potestate
2765 5015 2892 5083 quid
2937 5015 3093 5069 nobis
3139 5014 3317 5068 veniat
3364 5012 3415 5067 in
3444 4994 3753 5069 mentem,50d

2240 5105 2415 5176 turpia
2463 5106 2783 5176 quandoque
2814 5108 3093 5177 irrepant,
3150 5107 3490 5174 animumque
3540 5093 3753 5168 repentina

2234 5196 2587 5252 delectatione
2632 5197 2912 5268 titillent),
2948 5198 3258 5268 neutiquam
3288 5204 3554 5266 peccatum
3582 5182 3776 5259 mortale;

2234 5298 2504 5345 censetur.
2559 5291 2691 5345 llinc
2736 5290 3071 5361 Augustinus
3126 5290 3369 5344 consulto
3410 5284 3597 5341 addidit
3628 5277 3779 5342 aliqua»

2233 5382 2588 5450 delectatione,
2636 5390 2693 5437 ut
2723 5360 2843 5450 ejus
2872 5384 3192 5452 gravitatem
3236 5395 3297 5436 ac
3323 5379 3427 5433 vim
3456 5376 3515 5431 ad
3540 5360 3775 5444 peccatumf

541 5192 645 5247 lem
673 5191 915 5259 duxisse,
940 5191 1237 5261 prmsertim
1262 5206 1387 5246 cum
1411 5204 1530 5259 cap.
1562 5190 1627 5245 15
1652 5191 1720 5245 de
1749 5192 1986 5261 ejusdem
2012 5194 2124 5247 Baii

545 5286 1000 5355 propositionibus
1027 5286 1183 5356 agat?
1208 5286 1422 5341 Etenim
1450 5285 1681 5341 Poncius
1700 5286 1837 5341 inter
1859 5287 2127 5356 principes

542 5379 702 5449 hujus
744 5380 925 5434 saculi
973 5380 1253 5449 theologos
1301 5380 1495 5435 merito
1537 5395 1566 5434 a
1612 5380 1787 5436 doctis
1829 5383 2127 5453 quibusque

538 5479 872 5526 recensetnr.
907 5469 1043 5525 Huic
1073 5470 1367 5526 doctissimi
1401 5471 1587 5527 Patres
1615 5472 1918 5528 Carmelitte
1951 5475 2127 5529 excal-

538 5568 678 5621 ceati
699 5563 1157 5619 Salmanticenses
1174 5563 1394 5619 honoris
1415 5565 1585 5635 gratia
1610 5565 1773 5621 hocce
1794 5567 2123 5637 epitaphium

536 5668 768 5729 posuere
797 5663 955 5712 tract.
985 5669 1043 5709 ιιι
1069 5653 1136 5707 de
1166 5654 1401 5709 Scientia
1430 5656 1523 5711 Dei
1551 5656 1749 5723 disput.
1786 5659 1870 5719 10.
1907 5659 2036 5713 dub.
2069 5659 2122 5725 8,

536 5765 687 5805 num.
722 5747 824 5804 130
857 5765 871 5800 :
920 5767 937 5797 ς
971 5745 1226 5812 Quamvis
1267 5747 1518 5802 omittere
1557 5763 1665 5802 non
1714 5750 1981 5818 possimus
2012 5767 2123 5805 ina-

534 5858 696 5913 gnum
728 5842 881 5898 illum
905 5841 1103 5906 virum,
1126 5839 1214 5909 qui
1241 5838 1402 5895 modo
1425 5838 1550 5895 dum
1586 5838 1711 5896 huic
1731 5842 1880 5911 Operi
1910 5844 2124 5899 insuda-

2234 5474 2461 5530 mortale
2490 5477 2817 5529 causandum
2847 5490 2955 5529 non
2996 5472 3248 5531 sulﬁcere
3291 5470 3601 5527 ostenderet.
3636 5461 3751 5513 Porto

2235 5566 2469 5621 sensisse
2499 5566 2850 5639 Augustinum
2886 5564 3265 5635 cogitationes,
3300 5578 3394 5618 seu
3436 5550 3751 5639 delectationes

2237 5672 2483 5712 morosas
2511 5635 2631 5712 esse
2665 5667 2942 5727 peccatum
2974 5656 3201 5711 mortale
3232 5661 3375 5725 patet
3415 5666 3477 5707 ex
3522 5646 3603 5704 lib.
3633 5635 3749 5693 Xllde

2236 5749 2455 5815 Ττῖηίῐο,
2487 5764 2608 5820 cap.
2641 5748 2732 5816 12,
2768 5749 2856 5803 ubi
2887 5758 3072 5818 aperte
3099 5749 3257 5803 docet
3281 5746 3410 5801 tales
3436 5736 3748 5797 delectationes

2236 5859 2477 5901 morosas
2506 5858 2625 5901 esse
2676 5852 2952 5915 peccaturo
2996 5841 3268 5897 sufﬁciens
3310 5839 3372 5895 ad
3405 5823 3745 5908 pertrahcnrlum
