3962 6346
220 416 326 475 715

1383 407 1704 466 ἮΝΙΠΟΙᾸΞ
1745 404 2300 463 ΛΟΟΗΞΤΙΝΙΑΝᾹΞ.

3377 406 3484 461 7M

212 532 484 588 hominem
511 528 565 585 in
594 538 851 586 aeternam
873 526 1292 597 damnationem,
1334 527 1438 584 nisi
1482 541 1789 584 sacramen-
1818 528 1868 585 A
1895 522 2037 593 quod
2082 522 2209 578 facit
2254 519 2521 586 Ecclesia,
2564 521 2657 577 sed
2704 534 2810 577 non
2856 520 3101 575 conferre
3142 534 3252 576 rem
3300 535 3481 577 saera-

214 626 309 681 tali
331 624 500 696 gratia
524 624 678 694 culpa
722 622 1025 678 remittatur
1053 639 1066 675 :
1102 641 1121 675 c
1145 623 1220 677 ita
1250 622 1355 677 dici
1383 629 1576 692 potest,
1600 621 1791 691 inquit,

212 720 270 775 in
301 718 516 792 homine
541 734 647 774 uno
672 759 687 783 ,
737 718 780 772 si
809 716 1255 773 delectationibus
1287 716 1510 782 illicitis,
1539 730 1569 770 a
1599 714 1794 786 quibus

211 826 278 868 se
303 812 557 867 continuo
583 810 805 866 deberet
834 818 1080 866 avertere
1106 810 1390 881 cogitatio,
1419 808 1649 865 libenter
1680 806 1793 863 sola

210 912 487 974 pascatur,
535 917 634 959 nec
663 900 902 958 facienda
928 904 1286 958 decernantur
1332 902 1501 968 mala,
1534 899 1626 957 sed
1673 908 1793 955 tan-

213 1008 329 1052 tum
360 997 593 1052 suaviter
618 996 673 1052 in
712 995 1085 1052 recordatione
1130 1003 1445 1061 teneantur,
1496 992 1645 1065 quasi
1674 1008 1794 1047 mu-

210 1089 403 1146 lierem
434 1090 550 1145 sine
593 1088 708 1143 viro
752 1102 910 1158 posse
949 1086 1225 1153 damnari,
1258 1086 1396 1143 absit
1426 1086 1531 1142 hoc
1550 1084 1790 1141 credere.

213 1184 345 1240 Haec
369 1184 564 1255 quippe
594 1198 695 1237 uua
720 1196 947 1253 persona
974 1192 1076 1249 est,
1116 1196 1254 1236 unus
1286 1181 1447 1235 homo
1470 1190 1553 1236 est
1576 1219 1589 1242 ,
1624 1186 1795 1235 totus-

210 1293 320 1348 que
362 1277 699 1333 damnabitur
722 1318 736 1341 ,
770 1275 871 1330 nisi
898 1275 1044 1340 hanc,
1077 1289 1194 1345 quae
1224 1274 1339 1330 sine
1368 1274 1641 1329 voluntate
1666 1287 1793 1343 ope-

208 1369 404 1435 randi,
449 1369 543 1423 sed
596 1375 773 1423 tamen
823 1382 944 1422 cum
983 1366 1255 1421 voluntate
1306 1365 1544 1420 animum
1595 1364 1794 1420 talibus

209 1463 515 1520 oblectandi
537 1505 550 1526 ,
594 1462 759 1517 solius
790 1461 1126 1532 cogitationis
1156 1459 1460 1516 sentiuntur
1510 1473 1631 1515 esse
1660 1472 1789 1529 pec-

208 1566 355 1624 cata,
390 1570 485 1627 per
530 1555 841 1611 mediatoris
870 1553 1095 1624 gratiam
1124 1553 1481 1609 remittantur.
1516 1569 1534 1604 ι
1573 1551 1653 1605 En
1679 1552 1793 1607 cla-

205 1663 329 1702 ram
359 1655 706 1718 apertamque
745 1647 911 1701 sancti
964 1646 1200 1700 doctoris
1247 1645 1563 1700 sententiam
1584 1688 1597 1710 ,
1628 1644 1717 1713 qui
1747 1644 1793 1699 si

203 1742 337 1798 alibi
385 1742 456 1796 ita
500 1741 710 1797 locutus
739 1738 866 1805 fuit,
912 1748 966 1795 ut
1006 1749 1060 1795 et
1090 1740 1142 1794 in
1172 1752 1393 1809 pravum
1423 1746 1478 1794 et
1502 1739 1556 1793 in
1590 1737 1792 1793 bonum

204 1849 426 1890 sensum
458 1834 594 1888 trahi
635 1834 890 1903 potuerit,
933 1846 1027 1887 cur
1055 1846 1161 1886 non
1192 1830 1364 1902 ipsum
1406 1829 1557 1885 audit
1601 1829 1794 1885 Morai-

1900 616 2086 682 menti,
2115 615 2256 686 quod
2283 616 2399 686 ipse
2426 615 2617 671 falsum
2644 614 2956 685 nullumque
2994 613 3281 669 arbitratur
3300 620 3396 680 ;'et
3426 617 3478 669 in

1900 708 2001 763 hoc
2056 708 2337 783 posteriori
2378 722 2538 764 sensu
2585 708 2659 762 ait
2687 721 2807 763 esse
2848 706 3081 762 validum
3114 706 3478 776 baptismum:

1897 814 2061 871 quare
2088 814 2209 855 cum
2242 800 2544 855 nesciamus
2573 814 2679 870 quo
2721 814 2787 855 ex
2824 799 2906 854 his
2933 799 3140 856 duobus
3170 798 3482 855 intentionis

1899 892 2073 948 modis
2095 892 2298 948 ludicre
2312 892 2586 963 baptizans
2603 893 2829 948 alterum
2853 892 3103 959 abluerit,
3120 891 3482 961 exspectanda

1896 997 1999 1051 esr,
2032 984 2203 1056 inquit
2233 993 2450 1040 sanctus
2476 984 2729 1052 Thomas,
2753 984 2931 1040 divina
2961 986 3225 1041 revelatio
3250 1026 3265 1051 ,
3300 993 3358 1039 ut
3387 983 3483 1039 du-

1898 1087 1985 1135 cet
2005 1080 2354 1150 Augustinus.
2379 1078 2439 1133 P.
2473 1079 2714 1144 Macedo,
2743 1080 2837 1135 lib.
2860 1096 2912 1135 tv
2935 1080 3004 1136 de
3026 1080 3293 1146 Clavibus,
3317 1092 3434 1148 cap.
3450 1079 3483 1133 8

1897 1172 2065 1241 partis
2097 1172 2305 1242 primae,
2334 1172 2471 1227 hanc
2493 1172 2902 1242 explicationem
2926 1172 3236 1241 subscribit,
3261 1172 3484 1227 laudans

1900 1264 2184 1334 Augustini
2214 1265 2579 1336 prudentiam,
2612 1265 2701 1335 qui
2747 1265 2813 1320 ad
2841 1281 2959 1322 eam
2982 1267 3248 1322 occultam
3278 1268 3483 1336 cogita-

1902 1357 2100 1414 tionem
2168 1373 2261 1427 per
2314 1359 2495 1414 ludum
2557 1358 2901 1428 baptizantisx
2933 1358 3324 1430 detegendam,
3391 1357 3485 1413 Dei

1899 1456 2059 1509 unius
2077 1454 2464 1519 testimonium,
2495 1454 2582 1525 qui
2611 1453 2853 1509 cordium
2876 1461 3143 1507 scrutator
3162 1461 3267 1519 est,
3298 1466 3487 1507 neces-

1900 1546 2099 1601 sarium
2132 1547 2575 1616 pronuntiaverit.
2608 1545 2772 1601 Addit
2800 1544 2999 1601 ibidem
3036 1544 3368 1600 recentiores
3390 1558 3485 1614 ge-

1900 1653 2021 1695 rere
2034 1653 2093 1695 se
2109 1641 2412 1706 insolenter,
2427 1640 2519 1711 qui
2531 1639 2884 1709 Augustinum
2898 1639 2970 1695 ob
2990 1637 3043 1694 id
3059 1637 3482 1709 reprehendunt,

1900 1735 1976 1787 uti
2032 1742 2116 1788 est
2155 1733 2422 1789 Antonius
2483 1734 2746 1789 Moraines
2786 1732 2841 1787 in
2890 1747 2991 1788 suo
3031 1729 3443 1787 Anti-Jansenio
3468 1768 3484 1795 ,

1905 1843 1926 1877 ‹
1957 1824 2328 1896 lniquissimus
2353 1866 2368 1894 ,
2398 1825 2513 1893 ait,
2546 1826 2843 1896 Augustino
2864 1831 3071 1889 auctor,
3104 1822 3200 1879 sed
3248 1836 3356 1876 non
3386 1820 3486 1875 mi-

199 1942 307 1983 nes
354 1943 575 1983 suorum
624 1928 908 1984 verborum
949 1928 1327 1997 interpretem,
1370 1925 1464 1981 sed
1511 1939 1576 1980 ex
1625 1922 1792 1979 semel
1823 1922 1872 1983 B
1895 1936 2007 1987 ror,
2042 1920 2182 1991 quod
2205 1936 2325 1977 cum
2358 1922 2412 1977 in
2442 1936 2505 1976 eo
2540 1922 2680 1977 libro
2708 1922 2863 1976 fictus
2891 1921 2959 1975 sit
2988 1931 3195 1985 auctor,
3225 1935 3343 1975 cum
3368 1934 3488 1989 per-
3550 1954 3569 1975 ρ

201 2031 392 2074 contra
422 2019 594 2089 ipsum
617 2028 873 2089 concepta
905 2018 1161 2088 opinione
1189 2018 1240 2072 in
1270 2032 1554 2073 erroneum
1582 2031 1798 2073 sensum

200 2109 524 2181 detorquet,
554 2120 613 2166 ut
644 2110 885 2181 ejusdem
916 2109 1200 2165 accusandi
1234 2111 1587 2181 patentiorem
1619 2110 1792 2164 locum

198 2202 308 2257 sibi
341 2202 544 2262 faciat?
572 2202 728 2259 Tales
758 2218 855 2259 nos
880 2220 1005 2276 erga
1042 2204 1267 2259 aliorum
1299 2206 1497 2275 scripta
1531 2214 1795 2273 praestare

198 2294 499 2362 debemus,
542 2297 728 2367 quales
755 2296 954 2352 nostris
1005 2296 1210 2352 chartis
1254 2296 1484 2353 lectores
1512 2298 1792 2367 volumus,

201 2402 405 2458 nempe
426 2388 718 2456 candidos,
750 2389 1010 2460 ingenuos
1032 2431 1049 2456 ,
1080 2401 1230 2445 extra
1272 2389 1451 2445 odium
1482 2405 1546 2446 ac
1568 2390 1793 2447 livorem

195 2480 430 2547 positos,
459 2481 617 2551 quive
648 2496 732 2546 ea,
761 2497 878 2552 quae
903 2482 1173 2552 aequivoca
1200 2482 1337 2537 forte
1362 2483 1634 2550 excidere,
1659 2499 1796 2539 con-

194 2572 352 2639 gruis
392 2570 886 2642 interprctamentis
911 2581 1206 2644 exponunt.
1237 2572 1502 2630 Caeterum
1535 2586 1792 2645 quantum

195 2663 572 2719 sanctissimus
596 2664 686 2720 ille
716 2664 971 2721 Ecclesiae
997 2664 1184 2721 doctor
1214 2665 1599 2724 delectationes
1629 2669 1790 2727 hasce

194 2752 389 2811 furtim
430 2757 484 2812 in
514 2757 747 2812 animum
790 2758 1087 2827 irrepentes
1132 2758 1371 2814 timuerit
1395 2768 1554 2828 atque
1597 2760 1796 2818 exhor-

192 2849 407 2915 ruerit,
437 2865 503 2905 ex
530 2850 615 2906 his
648 2851 898 2921 precibus
922 2892 937 2918 ,
969 2840 1101 2921 quas
1132 2852 1187 2906 in
1230 2854 1334 2908 fine
1364 2854 1605 2924 praeclari
1650 2853 1793 2911 illius

193 2942 382 3011 operis
423 2940 492 2996 de
529 2941 793 2997 Trinitate
836 2942 901 2995 ad
933 2941 1101 2997 Deum
1131 2941 1385 3012 profudit,
1416 2944 1547 2998 satis
1581 2943 1793 3001 abunde

194 3033 515 3105 intelligitur
542 3052 554 3087 :
595 3055 614 3087 ι
641 3035 819 3091 Multa:
848 3044 1008 3102 sunt,
1043 3038 1137 3102 ait,
1165 3035 1519 3108 cngitationes
1551 3052 1684 3095 mea:
1709 3050 1791 3096 ta-

193 3125 303 3193 les,
332 3127 519 3196 quales
548 3128 729 3195 nosti,
786 3128 1137 3199 cogitationes
1178 3130 1453 3186 hominum
1479 3172 1495 3199 ,
1537 3134 1789 3204 quoniam

193 3228 355 3273 vana:
401 3226 543 3273 sunt.
594 3219 744 3274 Dona
802 3219 932 3275 mihi
982 3235 1088 3276 non
1133 3220 1211 3277 eis
1255 3224 1565 3278 consentire
1591 3267 1606 3291 ,
1649 3236 1705 3282 et
1747 3226 1792 3282 si

1900 2027 2029 2068 sona
2059 2012 2311 2069 decorem
2342 2012 2588 2084 deposuit
2621 2031 2633 2067 :
2670 2012 3050 2068 Bellarminum
3084 2012 3277 2067 imitari
3303 2011 3489 2067 debuit

1901 2106 2070 2161 multo
2097 2121 2155 2163 se
2182 2106 2479 2162 doctiorem
2533 2116 2589 2162 et
2628 2107 2907 2162 meliorem
2933 2145 2949 2171 ,
2994 2105 3085 2175 qui
3133 2105 3489 2175 Augustinum

1900 2200 2173 2258 intellexit
2208 2211 2263 2258 et
2288 2202 2600 2257 vindicavit.
2629 2223 2647 2253 ι
2680 2202 2788 2259 Sed
2818 2217 2950 2258 sane
2978 2202 3269 2269 Moraines,
3302 2204 3393 2271 qui
3420 2202 3490 2257 de

1899 2295 2227 2350 necessitate
2248 2296 2565 2351 intentionis
2588 2294 2817 2352 ministri
2839 2295 3192 2366 Augustinum
3216 2294 3491 2350 dubitasse

1898 2385 2057 2455 dicit,
2088 2386 2472 2442 Bellarminum
2516 2386 2784 2454 imitatur,
2818 2388 2908 2458 qui
2944 2386 3038 2442 lib.
3072 2402 3112 2455 ι,
3156 2401 3278 2457 cap.
3304 2385 3405 2451 28,
3432 2386 3490 2441 in

1898 2479 1999 2533 sol.
2026 2480 2080 2547 5,
2108 2493 2223 2550 arg.
2253 2478 2532 2547 Kemnitii,
2580 2478 2771 2535 scribit
2800 2479 3153 2550 Augustinum
3199 2478 3268 2534 de
3315 2478 3491 2534 inten-

1898 2570 2060 2624 tionis
2108 2572 2429 2626 necessitate
2476 2570 2767 2637 dubitasse,
2793 2567 2995 2626 addens
3027 2587 3094 2633 ττι
3128 2566 3280 2625 Nunc
3310 2579 3487 2625 autem

1898 2676 1986 2715 res
2018 2660 2239 2718 deﬁnita
2281 2672 2366 2718 est
2396 2661 2449 2717 in
2482 2661 2693 2719 duobus
2721 2662 3064 2733 generalibus
3088 2660 3330 2718 conciliis
3363 2662 3490 2718 Flo-

1895 2756 2109 2811 rentino
2134 2765 2190 2812 et
2218 2756 2558 2813 Tridentino.
2582 2774 2602 2808 ι

1971 2871 2096 2927 Hzec
2123 2879 2302 2928 tamen
2335 2872 2619 2943 explicatio
2641 2872 2770 2928 mihi
2800 2871 3010 2943 probari
3032 2872 3180 2928 nullo
3202 2872 3362 2929 modo
3391 2887 3488 2945 pu-

1902 2974 2038 3022 test:
2066 2980 2186 3020 nam
2205 2965 2257 3020 in
2280 2965 2444 3021 dubio
2460 2965 2630 3036 repeti
2652 2966 2811 3021 debet
2830 2966 3144 3037 baptismus,
3166 2975 3223 3022 ut
3243 2982 3487 3023 commu-

1899 3057 1983 3115 nis
2009 3058 2289 3115 doctorum
2312 3059 2574 3115 sententia
2592 3058 2754 3114 tradit
2768 3073 2837 3113 ex
2853 3061 3081 3116 concilio
3100 3060 3486 3133 Carthaginen-

1898 3153 2266 3222 s'i,postconc.
2283 3151 2365 3206 Fl.
2389 3152 2723 3219 Stilichonis,
2748 3154 3027 3223 anno401,
3044 3155 3133 3210 ubi
3156 3157 3208 3211 in
3234 3156 3397 3211 dubio
3419 3168 3488 3210 an

1899 3260 2031 3313 puer
2062 3245 2320 3301 barbarus
2347 3246 2685 3302 venundatus
2717 3247 2788 3302 sit
2832 3247 3150 3316 baptizattIS,
3183 3249 3491 3305 decernitur

194 3310 417 3380 quando
439 3326 526 3367 me
546 3310 834 3376 delectant,
859 3327 950 3367 eas
975 3312 1320 3370 nihilominus
1340 3314 1665 3385 improbare,
1692 3332 1791 3373 nec

1899 3310 2020 3394 esse
2069 3337 2222 3394 illum
2276 3338 2689 3408 baptizandum;
2755 3310 2973 3410 expedit
3011 3310 3153 3395 enini
3219 3356 3492 3411 exponere

196 3402 258 3457 in
290 3404 370 3458 eis
398 3404 546 3460 velut
566 3404 909 3461 dormitando
934 3406 1354 3464 immorari.Nec
1378 3409 1433 3464 in
1464 3419 1670 3467 tantum
1696 3427 1791 3467 va-

194 3494 350 3551 leant
378 3496 517 3565 apud
556 3513 643 3553 me
672 3508 729 3553 ut
752 3499 949 3569 aliquid
987 3501 1041 3555 in
1068 3516 1229 3568 opera
1273 3518 1391 3558 mea
1418 3505 1673 3574 procedat
1715 3522 1787 3563 ex

196 3588 343 3655 illis,
376 3589 468 3644 sed
493 3590 558 3646 ab
605 3592 683 3648 eis
711 3607 830 3647 mea
862 3593 1051 3649 saltem
1090 3594 1160 3650 sit
1202 3604 1311 3651 tuta
1341 3599 1605 3655 sententia
1630 3640 1645 3666 ,
1676 3609 1789 3657 tuta

194 3681 553 3748 conscientia,
586 3692 641 3739 te
673 3693 876 3740 tuente.
901 3704 920 3739 ι
959 3686 1097 3754 Quid
1129 3697 1211 3743 est
1258 3688 1308 3743 in
1340 3689 1793 3749 delectationibus

194 3774 338 3827 velut
362 3774 691 3831 dormitando
721 3778 1016 3846 immorari,
1046 3780 1145 3834 nisi
1185 3796 1249 3836 ex
1282 3797 1387 3837 non
1416 3783 1569 3853 plena
1605 3787 1795 3842 adver-

198 3865 370 3919 tentia
403 3866 703 3934 immorari,
732 3869 888 3925 sicuti
917 3870 1009 3941 qui
1036 3871 1323 3937 dormitat,
1371 3890 1477 3931 non
1516 3877 1673 3946 plene
1703 3878 1795 3933 ad-

195 3956 369 4011 vertit
396 3972 459 4012 ea
486 3972 605 4026 quae
636 3959 802 4015 ﬁunt?

197 4068 224 4140 §
272 4069 386 4125 VII.
429 4073 523 4152 An_
567 4081 772 4152 sanctas
819 4075 1135 4152 Augustinus
1194 4080 1445 4149 putaverit
1490 4081 1796 4152 baptismum

487 4143 667 4198 datum
689 4146 800 4199 sine
826 4143 1103 4204 intentione
1130 4143 1237 4205 esse
1253 4152 1504 4206 validum.

269 4256 383 4314 Sed
414 4259 521 4315 alio
551 4275 735 4317 rursus
765 4276 948 4321 errore
969 4267 1322 4337 Augustinum
1357 4269 1577 4325 involvit
1605 4271 1796 4328 adver-

196 4350 374 4405 sarius
406 4367 421 4403 ε
451 4370 469 4404 ‹
501 4352 630 4407 Item
660 4354 946 4421 dubitavit,
979 4357 1170 4427 inquit,
1202 4376 1324 4415 num
1356 4360 1652 4432 baptismus
1676 4364 1795 4419 sine

194 4441 499 4500 intentione
538 4448 694 4501 datus
720 4461 814 4517 per
843 4449 1020 4517 iocum
1075 4461 1131 4506 et
1172 4452 1407 4507 irrisorie
1433 4453 1641 4509 validus
1684 4454 1792 4519 sit,

197 4535 293 4589 lib.
331 4550 404 4590 vn
434 4536 500 4591 de
530 4536 802 4606 Baptismo
824 4581 837 4605 ,
870 4554 990 4611 cap.
1023 4541 1111 4607 55,
1154 4553 1443 4615 censetque
1474 4555 1795 4616 exspectan-

197 4625 326 4680 dam
345 4640 467 4681 csse
493 4628 899 4697 revelationem,
921 4642 1205 4703 antequam
1231 4636 1352 4690 talis
1372 4637 1748 4706 rebaptizetur.
1764 4656 1783 4690 ι

1894 3434 2074 3503 potius
2100 3442 2499 3489 sacramentum
2524 3432 2768 3504 periculo
2797 3433 3088 3501 nullitatis,
3120 3448 3277 3505 quam
3314 3437 3492 3490 homi-

1897 3544 2019 3584 nem
2064 3526 2307 3597 periculo
2336 3527 2733 3594 damnationis;
2790 3542 2962 3597 neque
2991 3527 3177 3582 dicunt
3223 3528 3408 3584 Patres
3437 3530 3491 3584 in

1895 3636 1961 3677 eo
1989 3620 2153 3676 dubio
2182 3619 2576 3690 implorandam
2607 3618 2843 3674 divinam
2884 3618 3289 3675 revelationem.
3323 3620 3492 3675 Porro

1895 3712 2027 3768 illud
2067 3711 2347 3770 decretum
2376 3723 2564 3768 notum
2615 3711 2718 3766 fuit
2740 3711 3061 3782 Augustino,
3085 3724 3192 3781 quo
3222 3722 3489 3781 praesente

1896 3803 2180 3873 repetitum
2226 3808 2309 3861 est
2372 3819 2494 3860 cum
2550 3804 2762 3859 caneris
2825 3803 3119 3858 canonibus
3159 3804 3489 3875 synodorum

1897 3896 2270 3952 Africanarum
2313 3896 2412 3952 sub
2458 3896 2681 3952 Aurelio
2724 3895 3141 3967 Carthaginensi
3194 3895 3491 3952 liabitarum

1866 3990 1952 4062 ,in
1992 3990 2236 4060 plenario
2276 3990 2517 4046 Concilio
2548 3988 2828 4059 Africano,
2869 4004 3010 4045 anno
3036 3988 3159 4045 419.
3193 3989 3355 4061 igitur
3384 4006 3491 4047 non

1898 4094 2190 4156 apparente
2216 4085 2490 4140 voluntate
2526 4100 2621 4155 per
2667 4084 2850 4139 ludum
2894 4084 3253 4154 baptizautis,
3295 4084 3491 4140 iterum

1899 4187 1983 4233 est
2014 4178 2314 4245 baptismus
2357 4178 2705 4248 repetendus.
2754 4177 2831 4233 Ita
2861 4179 2908 4233 si
2947 4178 3065 4249 quis
3092 4178 3311 4236 Iudaeus
3355 4183 3493 4250 apud

1900 4283 2027 4325 suos
2056 4268 2111 4324 in
2140 4284 2301 4326 scena
2332 4279 2514 4326 nostra
2545 4285 2696 4327 sacra
2727 4271 3019 4328 irridentes
3072 4281 3221 4329 esset
3259 4275 3486 4344 baptiza-

1903 4371 2010 4429 tus,
2040 4362 2105 4417 ad
2141 4362 2301 4417 fidem
2346 4378 2474 4418 vero
2518 4364 2683 4419 vellet
2712 4350 2973 4421 accedere
2999 4406 3016 4434 ,
3073 4364 3313 4422 Ecclesia
3342 4367 3492 4422 illum

1900 4453 2225 4523 baptizaret,
2256 4468 2355 4510 nec
2377 4453 2758 4510 revelationem
2789 4464 3151 4525 exspectaret,
3182 4472 3290 4527 qua
3318 4458 3491 4515 Judaei

1901 4548 2029 4604 olim
2093 4548 2146 4603 in
2220 4562 2380 4604 scena
2437 4549 2763 4621 baptizantis
2812 4550 3037 4607 intentio
3107 4551 3489 4611 innotesceret.

1903 4641 2125 4710 Quando
2154 4652 2333 4700 autem
2365 4645 2696 4715 Augustinus
2724 4658 2791 4699 eo
2817 4646 2993 4715 capite
3015 4644 3085 4699 55
3110 4646 3185 4699 ait
3219 4662 3232 4698 :
3270 4645 3491 4702 «Utrum

196 4717 274 4773 Ita
323 4720 613 4777 Morainius
664 4722 880 4779 ibidem.
924 4725 1039 4781 Non
1080 4742 1219 4793 una,
1277 4743 1407 4783 sane
1453 4728 1648 4797 fateor,
1710 4740 1793 4787 est
1821 4714 2277 4806 Dapprobandus
2311 4714 2473 4792 esset,
2505 4736 2801 4805 baptismus
2838 4714 2930 4806 qui
2956 4737 3035 4791 sic
3085 4736 3324 4803 daretur,
3356 4738 3491 4795 divi-

200 4811 578 4881 tbeologorum
625 4815 886 4870 sententia
919 4817 969 4871 in
1001 4817 1318 4886 explicando
1358 4821 1656 4889 Augustino
1678 4861 1693 4886 ,
1726 4837 1793 4878 ne

197 4903 450 4959 videatur
477 4919 507 4960 a
556 4905 820 4975 baptismo
864 4910 1235 4965 necessitatem
1261 4912 1572 4966 intentionis
1614 4928 1790 4967 remo-

196 4998 366 5063 visse,
395 5012 555 5068 quam
574 5009 750 5055 tamen
771 5002 1073 5056 necessario
1098 5003 1297 5073 requiri
1327 5013 1379 5058 et
1402 5003 1709 5059 Florentina
1740 5015 1794 5060 et

196 5088 517 5145 Tridentina
563 5091 799 5161 synodus
842 5091 1154 5149 decrevere.
1200 5093 1447 5164 Magister
1486 5093 1792 5150 Sententia-

194 5193 343 5245 rum,
366 5179 425 5247 4,
457 5181 582 5235 dist.
608 5179 663 5248 6,
693 5180 911 5237 dubium
940 5183 1107 5240 fuisse
1134 5186 1490 5255 Augustinum
1520 5187 1788 5243 concedit.

195 5274 267 5327 At
307 5281 528 5329 sanctus
585 5272 821 5332 Thomas
870 5276 1101 5342 ibidem,
1142 5278 1196 5333 in
1240 5279 1344 5335 fine
1391 5279 1784 5349 distinctionis,

194 5380 477 5437 exponens
527 5375 737 5423 textum
761 5409 777 5435 ,
808 5368 966 5426 docet
987 5370 1268 5440 dupliciter
1297 5385 1455 5441 posse
1484 5375 1789 5444 quempiam

196 5457 443 5514 irrisorie
464 5458 738 5529 baptizare
772 5477 786 5515 :
822 5462 908 5517 vel
936 5471 1151 5532 propter
1173 5464 1343 5519 solam
1370 5465 1786 5523 oblectationem

194 5566 355 5621 quam
379 5569 447 5610 ex
477 5555 566 5610 illa
590 5557 843 5613 exteriori
865 5558 1075 5615 actione
1094 5561 1254 5631 capit,
1280 5576 1385 5617 non
1410 5562 1611 5620 habens
1644 5565 1784 5619 inte-

192 5646 297 5700 rim
326 5649 679 5727 intentionem
727 5650 953 5707 faciendi
985 5655 1124 5723 quod
1156 5653 1281 5709 facit
1310 5654 1545 5710 Ecclesia
1565 5698 1581 5723 ,
1610 5673 1783 5727 neque

191 5740 507 5794 conferendi
538 5756 650 5798 rem
680 5746 1027 5811 sacramenti,
1060 5761 1251 5817 nempe
1278 5749 1502 5817 gratiam
1529 5789 1545 5817 ,
1600 5759 1653 5803 ct
1682 5750 1784 5805 hoc

193 5831 354 5886 modo
378 5832 542 5886 tradit
582 5835 784 5888 nullum
816 5850 940 5891 esse
967 5837 1318 5907 baptismum;
1346 5838 1433 5895 vel
1461 5847 1639 5909 potest
1661 5843 1779 5909 quis

193 5921 402 5981 ludicre
426 5926 651 5981 alterum
683 5928 954 5996 baptizare
970 5969 986 5995 ,
1011 5939 1069 5985 ut
1094 5931 1336 5990 intendat
1361 5932 1575 6005 quidem
1602 5932 1779 5990 facere

442 6022 717 6080 Parnm“
770 6021 1022 6081 XLVII.

1900 4842 2026 4882 num
2067 4825 2329 4897 judicium
2375 4842 2472 4897 per
2515 4826 2740 4896 alicujus
2777 4826 3121 4882 revelationis
3171 4829 3446 4885 oraculum
3474 4871 3491 4899 ,

1898 4925 2030 4984 ctc.,
2060 4917 2453 4988 implorandum
2483 4931 2605 4973 esse
2626 4931 2927 4983 censerem,
2961 4936 2981 4969 ι
3012 4931 3120 4972 non
3160 4918 3409 4992 intelligit
3439 4921 3491 4977 in
3553 4952 3559 4961 -

1898 5009 2063 5065 dubio
2094 5010 2245 5074 facti,
2274 5010 2367 5065 sed
2396 5008 2450 5063 in
2482 5008 2645 5064 dubio
2671 5008 2833 5079 juris,
2858 5022 2978 5063 nam
3003 5009 3125 5065 talis
3158 5023 3385 5079 persona
3417 5014 3490 5068 sic

1898 5100 2166 5171 baptizata
2192 5108 2336 5155 esset
2373 5099 2568 5156 iterum
2601 5100 2941 5167 baptizanda.
2976 5101 3047 5155 At
3071 5099 3141 5156 de
3168 5101 3489 5159 sufﬁcientia

1900 5206 1956 5251 ct
1999 5194 2180 5251 valore
2204 5194 2326 5249 talis
2372 5194 2517 5250 modi
2562 5193 2909 5263 baptizandi,
2950 5202 3009 5249 ut
3056 5194 3197 5250 inter
3238 5196 3489 5267 dogmata

1900 5286 2159 5343 Ecclesiae
2197 5296 2343 5341 certa
2374 5284 2615 5341 deﬁnitio
2652 5293 3032 5367 reponeretur,
3065 5289 3487 5357 exspectandam

1898 5380 2034 5435 dixit
2063 5380 2476 5447 revelationem,
2511 5394 2614 5434 non
2646 5379 2860 5449 quidem
2883 5394 3001 5451 qure
3029 5381 3188 5438 alicui
3240 5398 3488 5453 persona

1898 5476 2119 5543 privatae
2151 5474 2306 5531 fieret
2338 5489 2430 5544 per
2456 5488 2653 5529 novum
2686 5476 3026 5544 miraculum,
3053 5479 3149 5535 sed
3178 5495 3299 5551 quae
3328 5482 3487 5540 fieret

1896 5566 2142 5624 Patribus
2190 5567 2383 5638 synodi
2436 5582 2532 5638 per
2583 5567 2768 5625 solitas
2808 5569 3201 5629 illustrationes
3250 5574 3485 5644 Spiritus
3582 5600 3589 5605 ·

1893 5660 2105 5725 sancti;
2164 5660 2308 5715 unde
2366 5661 2548 5716 statim
2589 5661 2785 5717 addit:
2825 5682 2844 5714 ι
2879 5663 2956 5718 Ita
3013 5680 3145 5721 sane
3174 5707 3189 5733 ,
3249 5678 3307 5723 ut
3360 5679 3480 5735 post

1893 5768 1979 5806 me
2041 5752 2279 5807 dicturos
2336 5754 2672 5822 sententias,
2738 5770 2807 5812 ne
2876 5756 3000 5829 quid
3054 5758 3165 5828 jam
3227 5762 3480 5830 explora-

1892 5852 2001 5899 tuui
2063 5856 2115 5901 et
2170 5838 2441 5918 cognitum
2519 5847 2811 5918 afferrent,
2862 5849 3143 5907 humiliter
3198 5865 3476 5921 exspecta-

1890 5951 2024 5993 rem.
2053 5956 2069 5987 ι

2922 6034 2998 6091 23
