3962 6346
231 403 332 458 717
1438 405 1754 469 VINDICUE
1795 391 2350 465 AUGUSTINIAN/E.
3400 398 3503 453 713

214 532 337 572 nem
361 515 427 572 de
459 531 515 572 re
542 523 594 572 et
623 516 813 574 effectu
841 516 1185 587 sacramenti,
1208 517 1298 590 qui
1330 526 1414 575 est
1441 520 1800 577 sanctificatio
1826 530 1877 592 Α
1908 530 2056 577 ctum
2098 519 2311 575 Patrem
2333 517 2398 574 de
2420 516 2599 589 aliquo
2651 515 2947 581 dubitasse,
2978 513 3121 585 quod
3143 510 3303 569 modo
3350 520 3503 567 extra

213 609 406 663 anima:
429 624 525 679 per
567 610 755 681 gratiae
799 609 1156 679 inlusionem;
1194 627 1311 683 quae
1361 612 1466 668 duo
1497 622 1627 670 sunt
1661 614 1813 671 valde
1917 613 2137 670 dubium
2170 613 2405 684 ponitur,
2454 610 2759 667 necessario
2804 607 3090 665 dicendum
3120 618 3223 665 est.
3277 603 3503 674 Quando

211 703 427 759 diversa
459 720 472 761 :
524 718 645 759 nam
678 702 723 758 si
753 704 873 776 quis
922 706 1137 778 gentilis
1180 706 1309 763 velit
1352 708 1608 780 baptizari
1638 710 1706 766 ob
1737 711 1815 767 lu-

211 812 365 853 crum
405 799 546 870 quod
570 799 694 856 inde
721 811 900 871 sperat
945 817 975 858 a
1004 804 1248 876 principe
1276 805 1610 873 Christiano,
1642 806 1811 863 fallaci

209 892 395 948 animo
424 908 487 948 ac
509 893 761 951 simulato
790 894 986 969 accipit
1006 895 1369 969 baptismum,
1399 897 1604 954 fallacia
1636 908 1812 957 tamen

130 1016 133 1019 λ
209 994 266 1041 et
306 985 651 1043 simulatione
684 1002 788 1043 non
821 989 1145 1048 excludente
1172 991 1531 1051 intentionem
1565 1008 1813 1053 necessa-

207 1076 349 1133 riam
378 1076 446 1133 ad
476 1078 711 1137 valorem
741 1082 1103 1152 sacramenti,
1150 1097 1250 1154 per
1276 1099 1436 1155 quam
1466 1084 1695 1141 intendit
1725 1081 1809 1141 fa-

206 1185 338 1228 cere
367 1172 511 1244 quod
566 1172 694 1230 facit
740 1174 1021 1243 Ecclesia,
1068 1176 1175 1232 sed
1228 1177 1545 1235 excludente
1594 1193 1708 1234 rem
1758 1187 1814 1235 et

205 1263 461 1321 effectum
486 1269 810 1325 sacramenti
837 1313 852 1339 ,
881 1284 1076 1341 nempe
1105 1272 1335 1343 gratiam
1364 1272 1808 1329 sanctificantem.

208 1356 393 1425 Quare
419 1373 540 1415 cum
582 1373 649 1417 ex
681 1360 838 1417 dictis
868 1369 1054 1419 contra
1103 1361 1397 1435 Vasquium
1442 1364 1663 1438 intelligi
1706 1380 1810 1423 non

203 1450 383 1521 possit
409 1453 737 1524 Augustinus
785 1454 851 1511 de
880 1454 1092 1513 fallacia
1142 1465 1196 1513 et
1244 1457 1586 1517 simulatione
1634 1460 1815 1516 exclu-

204 1544 374 1601 dente
404 1545 770 1605 intentionem
800 1547 1030 1607 faciendi
1049 1549 1192 1622 quod
1220 1548 1349 1608 facit
1371 1550 1630 1620 Ecclesia,
1656 1567 1813 1622 quam

202 1640 400 1710 synodi
447 1642 775 1713 posteriores
823 1651 1142 1699 statuerunt
1187 1646 1547 1702 necessariam
1594 1659 1715 1702 esse
1745 1644 1812 1701 ad

204 1732 450 1790 valorem
499 1734 855 1802 sacramenti,
888 1735 956 1791 de
986 1734 1198 1793 fallacia
1228 1746 1283 1792 et
1330 1735 1669 1793 simulatione
1718 1752 1813 1794 ex-

201 1826 464 1884 cludente
494 1828 876 1896 intentionem,
906 1846 1001 1887 seu
1024 1831 1426 1898 credulitatem,
1458 1840 1512 1888 et
1535 1832 1814 1889 existima-

1914 709 2056 766 enim
2082 708 2155 763 ait
2193 707 2407 763 mimice
2433 714 2488 761 et
2516 704 2719 761 ludicre
2745 704 2997 761 collatum
3027 702 3378 774 baptismum,
3420 698 3506 754 vel

1916 800 2115 855 mimice
2145 809 2191 855 et
2222 798 2419 855 ludicre
2454 798 2526 854 ita
2553 796 2886 868 intelligebat
2905 805 2964 852 ut
2992 795 3179 868 procul
3208 792 3334 851 inde
3362 798 3508 847 esset

1915 906 2022 947 non
2070 890 2243 946 solum
2304 888 2531 946 intentio
2571 888 2638 945 de
2677 887 2870 946 effectu
2916 886 3262 959 sacramenti,
3317 898 3505 941 verum

1915 986 2076 1043 etiam
2106 984 2333 1042 intentio
2372 982 2609 1040 faciendi
2648 983 2790 1053 quod
2821 982 2950 1037 facit
2999 980 3275 1044 Ecclesia;
3315 977 3401 1034 vel
3432 977 3506 1031 ita

1915 1090 1972 1137 ut
1990 1080 2106 1136 haec
2118 1079 2353 1137 secunda
2373 1078 2601 1136 intentio
2614 1077 2835 1133 minime
2848 1075 3251 1132 excluderetur:
3268 1074 3313 1129 si
3324 1072 3391 1129 de
3405 1072 3510 1126 hoc

1914 1175 2157 1232 secundo
2185 1174 2472 1240 dubitavit,
2496 1172 2609 1243 jam
2637 1172 2798 1229 modo
2828 1177 3041 1228 constat
3067 1170 3196 1226 satis
3224 1182 3346 1225 esse
3370 1168 3510 1225 banc

1916 1268 2270 1325 intentionem
2303 1266 2532 1323 faciendi
2589 1265 2730 1337 quod
2777 1264 2910 1321 facit
2948 1263 3212 1331 Ecclesia,
3266 1261 3333 1317 ad
3361 1260 3510 1316 valo-

1915 1377 2031 1419 rem
2053 1348 2350 1432 baptismi;
2380 1361 2425 1417 si
2451 1360 2520 1416 de
2543 1358 2719 1430 primo
2771 1357 2970 1417 dubius
3000 1356 3124 1423 fuit,
3147 1355 3277 1413 item
3299 1362 3509 1411 certum

1915 1453 2078 1511 modo
2106 1463 2190 1511 est
2211 1455 2356 1510 inter
2384 1451 2683 1509 catholicos
2722 1451 3048 1521 baptismum
3099 1447 3319 1505 exclusa
3338 1445 3509 1521 quali-

1915 1548 2008 1604 bet
2058 1547 2354 1605 intentione
2387 1562 2494 1603 non
2525 1558 2646 1603 esse
2678 1542 2933 1601 validum.
2964 1540 3217 1599 Profecto
3259 1555 3326 1596 ex
3380 1553 3507 1595 ver-

1915 1644 1999 1700 bis
2028 1643 2312 1716 Augustini
2333 1653 2476 1714 patet
2507 1656 2725 1700 omnem
2764 1649 2821 1697 et
2846 1650 3223 1710 quamcunque
3251 1643 3376 1692 tunc
3422 1634 3510 1692 in-

1919 1736 2214 1793 tentionem
2242 1736 2486 1803 excludi,
2529 1737 2604 1790 ait
2643 1734 2811 1803 enim,
2860 1733 2950 1788 sed
3000 1741 3161 1788 totum
3214 1729 3431 1795 ludicre,
3459 1734 3510 1785 et

1918 1829 2138 1896 mimice,
2167 1840 2215 1885 et
2260 1828 2576 1902 joculariter
2604 1838 2845 1899 ageretur
2876 1842 2894 1881 :
2922 1825 3186 1897 siquidem
3212 1824 3257 1880 si
3295 1822 3509 1879 adesset

204 1921 415 1979 tionem
447 1923 513 1979 de
541 1939 600 1981 re
629 1935 681 1980 et
712 1923 908 1982 eﬂectu
935 1925 1271 1984 Sacramenti
1316 1926 1659 1997 accipiendus
1706 1938 1808 1981 est.
1842 1933 1893 1999 Β
1920 1922 2145 1979 intentio
2174 1925 2316 1979 serio
2344 1922 2571 1980 faciendi
2617 1920 2759 1992 quod
2790 1919 2918 1976 facit
2945 1918 3206 1984 Ecclesia,
3233 1917 3340 1989 jam
3397 1931 3508 1976 non

201 2014 345 2071 llinc
378 2018 705 2090 Augustinus
732 2020 799 2075 ad
832 2019 1067 2077 valorem
1121 2019 1448 2079 sacramenti
1498 2020 1727 2091 requirit
1757 2029 1813 2075 ut

201 2113 300 2182 qui
327 2113 457 2170 illud
507 2114 766 2185 fallaciter
804 2117 1090 2189 accipiunt,
1119 2119 1173 2173 in
1209 2117 1441 2174 Ecclesia
1468 2129 1637 2174 tamen
1677 2121 1814 2175 acci-

202 2204 353 2273 piant
381 2248 397 2273 ,
426 2216 528 2263 etc.
551 2224 565 2273 ;
591 2217 644 2265 et
672 2215 797 2264 ante
825 2209 901 2264 ait
924 2227 937 2262 :
974 2208 1160 2267 Utrum
1188 2210 1378 2281 fallens
1400 2212 1528 2265 sicut
1553 2213 1606 2267 in
1634 2209 1813 2267 Eccle-

200 2298 305 2364 sia,
337 2300 415 2355 vel
442 2301 495 2356 in
515 2318 573 2357 ea
598 2318 715 2373 qua:
754 2309 968 2374 putatur
1014 2303 1265 2360 Ecclesia.
1293 2303 1396 2371 Qui
1446 2304 1588 2360 enim
1622 2305 1675 2360 in
1713 2304 1814 2360 Ec-

199 2389 372 2445 ciesia
397 2393 532 2463 petit
575 2393 901 2464 baptismum
932 2396 1049 2452 vult
1075 2409 1205 2453 sane
1233 2397 1472 2454 exterius
1505 2397 1560 2452 in
1588 2412 1650 2454 se
1691 2398 1811 2453 fieri

200 2482 353 2552 quod
388 2484 512 2541 facit
544 2486 805 2552 Ecclesia,
833 2488 962 2545 licet
990 2488 1057 2545 de
1087 2488 1285 2549 effetztu
1313 2491 1499 2561 gratia:
1532 2491 1664 2547 nihil
1691 2506 1810 2548 cre—

200 2572 321 2629 dat.
351 2576 493 2633 ldem
530 2579 881 2650 Augustinus,
923 2580 1014 2637 lib.
1063 2597 1081 2636 ι
1128 2581 1196 2637 de
1244 2582 1536 2653 Baptismo,
1565 2597 1686 2654 cap.
1720 2584 1806 2654 12,

200 2682 332 2724 cum
364 2668 588 2726 dixisset
610 2670 815 2731 Simoni
844 2672 996 2745 Mago
1021 2674 1077 2731 in
1102 2674 1369 2747 baptismo
1396 2675 1615 2732 dimissa
1639 2675 1809 2734 fuisse

199 2770 452 2832 peccata,
485 2764 676 2835 quatrit
705 2782 717 2818 :
754 2764 896 2833 Quid
929 2768 972 2822 si
1000 2766 1068 2822 ad
1098 2768 1266 2839 ipsum
1315 2768 1621 2840 baptismum
1659 2769 1810 2839 ﬁctus

200 2855 465 2911 accessit?
495 2854 809 2915 hocestnon
837 2857 1041 2917 habens
1068 2860 1226 2918 fidem
1257 2862 1340 2918 vel
1366 2863 1719 2920 intentionem
1746 2865 1812 2921 de

198 2947 405 3006 effectu
447 2949 696 3021 baptismi
728 2993 744 3020 ,
778 2952 874 3010 sed
917 2954 1102 3011 animo
1147 2955 1400 3011 simulato
1427 2964 1588 3027 atque
1609 2956 1807 3013 fallaci.

198 3040 373 3096 Addit
425 3061 436 3097 :
490 3061 508 3095 ι
538 3044 754 3113 Quaero,
788 3046 835 3105 si
889 3054 1069 3115 postea
1122 3048 1394 3106 ﬁctionem
1444 3064 1596 3106 suam
1646 3052 1813 3108 corde

198 3146 474 3189 concusso
499 3144 553 3191 et
576 3151 704 3192 vero
733 3136 917 3195 dolore
944 3138 1222 3205 fateretur,
1252 3141 1433 3196 denuo
1458 3142 1811 3213 baptizandus

197 3224 580 3295 judicaretur?
600 3229 753 3298 Quod
777 3234 822 3290 si
850 3242 932 3290 est
952 3233 1413 3293 dementissimum
1436 3237 1674 3305 dicere,»
1702 3248 1808 3295 etc.

1918 2025 2111 2082 totum,
2146 2017 2249 2073 hoc
2277 2026 2361 2073 est
2390 2017 2532 2072 omni
2576 2032 2642 2073 ex
2686 2022 2840 2087 parte
2874 2014 3188 2087 ioculariter
3224 2021 3281 2071 et
3301 2013 3507 2069 ludicre

1915 2121 2187 2180 ageretur.
2218 2110 2346 2176 Quis
2371 2119 2550 2166 autem
2582 2108 2723 2166 hanc
2765 2107 3149 2165 dubitationem
3207 2104 3507 2176 Augustino

1920 2202 2054 2258 vitio
2089 2210 2283 2269 vertat,
2319 2202 2423 2257 nisi
2452 2201 2743 2268 Moraines,
2788 2214 2976 2270 parum
3000 2213 3185 2269 aequus
3214 2196 3506 2268 Augustino

1921 2295 2172 2364 scriptor,
2201 2295 2291 2365 qui
2324 2308 2417 2349 eas
2460 2302 2651 2351 sancto
2678 2292 2889 2351 doctori
2929 2291 3226 2350 sententias
3269 2288 3498 2359 aﬂ‘ricat,

1913 2402 2138 2457 quarum
2170 2386 2445 2457 oppositas
2471 2386 2590 2444 sine
2615 2385 2779 2442 dubio
2812 2384 2952 2445 idem
2978 2400 3039 2443 se
3062 2393 3244 2442 tenere
3270 2398 3505 2455 pronun-

1917 2484 2050 2539 tiat?
2090 2483 2415 2540 Jureautem
2457 2482 2790 2555 Augustinus
2816 2481 3078 2553 judicium
3110 2478 3410 2550 suspendit,
3440 2492 3506 2535 ea

1914 2578 2214 2647 prmsertim
2238 2586 2560 2648 tempestate
2579 2592 2685 2648 qua
2712 2577 2783 2634 ob
2822 2576 3297 2646 rebaptizationem
3327 2574 3505 2629 Dona-

1914 2674 2160 2730 tistarum
2188 2690 2524 2746 quaecunque
2554 2673 2770 2731 iteratio
2801 2673 3050 2744 baptismi
3077 2686 3170 2742 per
3195 2670 3374 2741 ludum
3395 2669 3507 2729 dati

1914 2779 2120 2824 asserta
2152 2767 2359 2831 fuisset,
2406 2766 2590 2823 fideles
2616 2766 2793 2822 minus
2823 2779 3001 2823 rerum
3036 2763 3189 2833 periti
3220 2777 3283 2818 ac
3302 2761 3507 2832 simpli-

1913 2873 2008 2916 ces
2036 2861 2193 2930 longa
2224 2860 2311 2915 via
2355 2859 2423 2915 ab
2451 2859 2811 2916 schismaticis
2842 2855 3296 2927 rebaptizantibus
3338 2855 3391 2910 in
3420 2868 3506 2912 er-

1916 2968 2094 3009 rorem
2125 2952 2262 3009 trahi
2294 2964 2563 3024 poterant,
2604 2952 2690 3009 cui
2718 2951 2955 3022 periculo
3008 2951 3297 3020 prudenter
3322 2949 3507 3017 Augu-

1914 3048 2089 3103 stinus
2119 3046 2279 3102 cavit.
2307 3046 2463 3115 Quod
2486 3061 2617 3102 vero
2644 3047 2699 3101 in
2728 3045 2867 3100 votis
2900 3043 3087 3099 habuit
3108 3051 3165 3100 ut
3192 3041 3245 3097 in
3270 3040 3508 3112 plenaria

1914 3140 2127 3212 synodo
2165 3155 2255 3196 res
2281 3138 2619 3206 definiretur,
2648 3138 2757 3209 jam
2807 3136 3028 3193 definita
3066 3136 3224 3192 estin
3277 3130 3507 3190 concilio

1915 3229 2256 3297 Florentino,
2285 3230 2340 3285 in
2366 3230 2588 3287 decreto
2615 3229 2740 3286 fidei
2773 3237 2894 3298 post
2920 3227 3163 3283 ultimam
3185 3226 3506 3288 sessionem,

202 3314 288 3371 Ex
322 3318 519 3387 quibus
556 3329 703 3390 patet
743 3338 839 3392 per
888 3323 1157 3382 fictionem
1216 3326 1363 3383 illam
1394 3327 1607 3384 excludi
1638 3328 1813 3386 inten-
1839 3333 1887 3400 ο
1919 3336 1974 3381 et
2004 3326 2057 3380 in
2087 3324 2423 3393 Tridentino,
2455 3340 2597 3381 sess.
2626 3324 2656 3377 7
2677 3369 2691 3392 ,
2719 3338 2841 3379 can.
2874 3324 2964 3389 11,
2993 3322 3122 3377 dum
3149 3318 3377 3377 intentio
3402 3317 3505 3373 mi-

200 3410 413 3465 tionem
448 3411 515 3467 de
542 3426 603 3469 re
632 3422 686 3469 et
714 3414 909 3472 effectu
940 3416 1192 3488 baptismi
1217 3458 1234 3487 ,
1268 3434 1375 3475 non
1408 3435 1532 3477 vero
1562 3422 1812 3477 intentio.

198 3516 336 3557 nem
368 3501 601 3561 faciendi
642 3508 785 3578 quod
841 3507 967 3565 facit
1012 3509 1285 3579 Ecclesia;
1329 3514 1375 3568 si
1405 3515 1545 3570 enim
1597 3514 1699 3572 hoc
1725 3531 1812 3572 se-

199 3597 390 3653 cundo
421 3600 581 3654 modo
610 3600 958 3672 intelligenda
1002 3614 1168 3671 esset,
1202 3608 1478 3676 quomodo
1521 3618 1665 3665 esset
1716 3612 1809 3665 de-

196 3691 587 3748 mentissimum
616 3694 784 3750 dicere
821 3695 971 3753 illum
1019 3713 1142 3756 esse
1186 3699 1363 3757 denuo
1409 3702 1807 3773 baptisandum,

198 3797 334 3856 cum
395 3800 460 3841 ex
513 3785 830 3846 Tridentino
878 3790 1008 3847 illud
1065 3792 1307 3851 Ecclesia
1382 3796 1545 3853 modo
1587 3798 1812 3854 doceat?

198 3876 480 3935 Praeterea
508 3880 577 3935 ibi
608 3883 827 3952 opponit
860 3881 1133 3943 fallentem
1158 3888 1209 3941 in
1256 3888 1493 3945 Ecclesia
1522 3890 1725 3960 jocanti
1755 3892 1811 3947 in

196 3972 375 4028 mimo
399 3972 456 4028 in
484 3975 827 4047 suscipiendo
850 3977 1139 4050 baptismo.
1156 3980 1517 4047 Quaeritenim
1545 3993 1813 4040 anteirent

201 4065 516 4135 baptismus
542 4078 794 4138 peractus
822 4086 938 4124 cum
982 4072 1313 4127 simulatione
1334 4116 1347 4138 ,
1378 4083 1547 4128 utrum
1578 4074 1811 4132 fallentis

197 4160 339 4210 sicut
368 4156 424 4211 in
453 4154 705 4225 Ecclesia,
734 4162 818 4215 vel
868 4162 921 4217 in
951 4176 1014 4218 ea
1043 4179 1162 4233 qua:
1204 4172 1418 4234 putatur
1448 4165 1709 4233 Ecclesia,
1740 4181 1809 4223 an

198 4247 441 4306 iocantis
460 4291 474 4315 ,
503 4250 646 4306 sicut
677 4252 731 4308 in
755 4254 957 4309 mimo?
985 4257 1054 4310 At
1084 4256 1270 4314 fallens
1295 4258 1347 4312 in
1377 4257 1618 4314 Ecclesia
1649 4270 1701 4314 et
1737 4261 1812 4329 jo-

196 4359 333 4400 cans
365 4345 418 4400 in
452 4346 617 4404 mimo
662 4350 717 4404 in
763 4350 868 4405 hoc
907 4352 1238 4407 conveniunt
1276 4352 1417 4422 quod
1449 4361 1673 4423 uterque
1702 4367 1809 4408 non

196 4433 370 4489 habet
419 4435 577 4493 ﬁdem
603 4438 671 4495 de
717 4439 909 4498 effectu
964 4440 1215 4511 baptismi
1246 4482 1260 4507 ,
1290 4457 1393 4512 qua
1424 4452 1609 4498 neuter
1651 4441 1811 4498 habet

196 4526 559 4583 intentionem
593 4529 659 4586 de
681 4532 1106 4588 sanctiﬁcatione
1134 4533 1347 4589 animae.
1371 4533 1441 4587 At
1470 4531 1724 4589 diﬁcrnnt
1754 4535 1807 4588 in

197 4618 308 4675 hoc
338 4619 482 4689 quod
530 4620 723 4679 fallens
756 4624 810 4678 in
838 4624 1083 4699 Ecclesia
1126 4626 1270 4682 serio
1316 4624 1547 4681 intendit
1577 4640 1703 4680 vere
1730 4625 1811 4678 fa-

1915 3417 2071 3474 nistri
2099 3417 2409 3474 decernitur
2438 3416 2640 3487 requiri
2661 3415 2728 3470 ad
2750 3414 2988 3471 valorem
3024 3419 3505 3470 sacramentorum.

1916 3513 1995 3569 Ita
2025 3513 2355 3583 Augustinus
2385 3518 2543 3581 caput
2570 3509 2706 3565 illud
2734 3508 2802 3563 b5
2825 3506 3167 3562 concluserat
3196 3521 3207 3557 :
3242 3522 3261 3556 ι
3300 3503 3508 3570 Quanto

1914 3605 2085 3675 magis
2106 3618 2236 3676 ergo
2258 3618 2400 3659 nunc
2424 3602 2541 3658 sine
2570 3599 2883 3672 praejudicio
2903 3594 3258 3669 diligentioris
3285 3591 3508 3663 inquisi-

1915 3696 2077 3753 tionis
2100 3696 2185 3751 vel
2215 3695 2436 3766 majoris
2462 3692 2800 3749 auctoritatis
2833 3691 2960 3746 illud
2994 3689 3194 3745 dixisse
3240 3686 3507 3755 accipien-

1914 3788 2017 3844 dus
2044 3790 2201 3843 sumi
2233 3806 2254 3840 ι
2302 3787 2479 3855 Quare
2528 3800 2623 3841 sua
2674 3783 2764 3839 illa
2823 3781 3175 3852 suspensione
3227 3775 3507 3834 sententia

1915 3880 2119 3935 nullum
2146 3877 2517 3950 praejudieium
2542 3876 2741 3932 inferre
2771 3873 2945 3930 voluit
2988 3870 3307 3944 diligentiori
3336 3867 3507 3937 inqui-

1916 3974 2107 4041 sitioni,
2157 3988 2278 4045 qua:
2329 3972 2396 4029 de
2444 3968 2761 4029 intentionis
2807 3966 3130 4025 necessitate
3180 3966 3235 4019 in
3282 3971 3507 4032 utroque

1916 4067 2255 4125 mcumenico
2283 4065 2516 4123 concilio
2546 4080 2759 4121 summa
2788 4061 3065 4135 diligentia
3115 4076 3146 4117 a
3170 4056 3507 4132 sapientissi-

1917 4162 2018 4215 mis
2082 4159 2333 4215 Patribus
2390 4158 2626 4214 adhibita
2683 4166 2798 4224 est,
2840 4164 2932 4212 aut
2977 4153 3163 4226 majori
3209 4150 3507 4207 auctoritati

1918 4253 2196 4323 utriusque
2236 4252 2427 4325 synodi
2456 4249 2833 4308 necessitatem
2880 4244 3195 4307 intentionis
3224 4244 3357 4301 citra
3407 4243 3507 4300 du-

1916 4348 2067 4403 bium
2094 4347 2160 4402 ad
2186 4347 2423 4404 valorem
2465 4344 2791 4401 sacramenti
2841 4340 3165 4399 definientis.
3198 4337 3383 4408 Neque
3420 4335 3508 4392 hic

1918 4442 2021 4499 sibi
2047 4441 2301 4513 plaudant
2326 4438 2662 4509 heterodoxi,
2697 4450 2925 4510 quorum
2958 4434 3207 4506 princeps
3234 4438 3318 4487 est
3344 4428 3506 4488 Kcm-

1917 4534 2102 4604 nitius,
2136 4550 2289 4591 suum
2342 4547 2464 4591 esse
2487 4531 2846 4603 Augustinum
2872 4527 3216 4594 mentientes,
3240 4524 3364 4580 dum
3411 4537 3505 4581 ne-

1917 4628 2210 4685 cessariam
2242 4626 2594 4685 intentionem
2624 4624 2966 4688 iulieiantur;
3016 4636 3137 4677 nam
3168 4619 3326 4690 plane
3377 4630 3506 4673 con-

195 4725 350 4776 cere,
385 4712 533 4781 quod
574 4724 788 4783 Spectat
836 4726 1114 4775 externam
1169 4720 1458 4788 actionem,
1492 4719 1636 4788 quod
1672 4718 1810 4774 ‘tacit
1838 4728 1892 4793 1)
1919 4728 1997 4776 tra
2028 4720 2174 4792 ipsos
2195 4728 2296 4775 est.
2323 4718 2417 4774 ille
2455 4717 2599 4774 enim
2623 4714 2887 4772 dubitavit
2916 4728 3041 4769 num
3068 4711 3185 4769 sine
3205 4707 3505 4765 intentione

198 4805 477 4876 Ecclesia,
510 4818 651 4865 utet
694 4810 810 4881 ipse
861 4822 1144 4869 censeatur
1173 4827 1293 4869 esse
1322 4811 1679 4867 Christianus.
1728 4821 1801 4869 At

193 4897 391 4968 iocans
418 4901 470 4955 in
499 4902 669 4958 mimo
696 4904 807 4959 vult
838 4913 1041 4961 tantum
1074 4913 1467 4976 repraesentare
1497 4920 1591 4977 per
1616 4905 1799 4961 ludum

192 4992 342 5059 quod
377 4993 507 5048 facit
545 4994 782 5053 Ecclesia
814 5038 832 5064 ,
874 4999 1016 5068 quod
1043 5015 1149 5055 non
1176 5010 1262 5056 est
1289 4999 1427 5055 velle
1454 5000 1595 5055 serio
1624 4999 1801 5057 facere

193 5083 345 5153 quod
379 5083 510 5140 facit
561 5087 824 5159 Ecclesia,
872 5090 969 5147 sed
1022 5106 1118 5162 per
1170 5092 1350 5148 ludum
1383 5093 1522 5149 velle
1571 5092 1799 5149 irridere

193 5176 343 5241 quod
374 5175 508 5235 facit
534 5178 796 5237 Ecclesia.

276 5270 477 5329 Verum
497 5275 624 5343 quid
647 5276 713 5331 ad
738 5280 949 5334 tertiam
989 5279 1135 5335 illam
1165 5280 1541 5338 difficultatem
1566 5298 1798 5353 respon-

192 5364 276 5419 dit
299 5367 667 5435 Augustinus?
705 5390 723 5423 s
766 5372 867 5427 tibi
909 5382 1089 5431 autem
1116 5390 1286 5446 neque
1317 5377 1549 5433 societas
1579 5378 1688 5433 ulla
1713 5392 1804 5433 es-

192 5465 284 5510 set
321 5457 396 5513 ita
418 5461 773 5531 credentium,
822 5481 996 5537 neque
1026 5467 1116 5524 ille
1133 5468 1227 5539 qui
1271 5469 1344 5524 ibi
1385 5471 1674 5541 acciperet,
1726 5472 1799 5526 ita

192 5552 471 5620 crederet,
502 5557 595 5610 sed
622 5565 790 5613 totum
831 5561 1058 5630 ludicre,
1103 5572 1157 5619 et
1187 5564 1423 5634 mimice,
1450 5575 1505 5621 et
1545 5565 1802 5635 joculari-

192 5645 305 5706 ter,
342 5653 612 5713 ageretur,
655 5657 840 5706 utrum
886 5654 1265 5723 approbandns
1309 5667 1454 5715 esset
1496 5658 1799 5728 baptismus

192 5732 390 5799 quisic
418 5736 671 5794 daretur?
706 5759 726 5794 ›
761 5742 1077 5814 Respondet
1104 5762 1220 5803 rem
1242 5750 1374 5804 satis
1405 5749 1618 5804 dubiam
1651 5764 1793 5819 esse,

191 5834 251 5878 et
279 5836 333 5879 ut
364 5838 514 5885 certa
552 5831 797 5891 d’elinitio
824 5840 879 5892 in
902 5839 1112 5909 synodo
1165 5851 1514 5913 statueretur,
1546 5843 1792 5900 divinum

192 5920 459 5979 auxilium
490 5939 518 5981 a
562 5925 806 5987 Patribus
856 5930 1269 6003 implorandum.
1304 5935 1371 5993 Et
1401 5936 1616 6006 quidem
1671 5953 1796 5995 san-

1912 4821 2055 4869 esset
2084 4812 2290 4868 validus
2312 4810 2636 4881 baptismus;
2682 4817 2737 4863 at
2765 4806 2842 4861 illi
2870 4804 3105 4861 validum
3133 4815 3253 4859 esse
3301 4798 3503 4856 audac-

1912 4916 1996 4965 ter
2018 4916 2072 4962 et
2101 4907 2237 4963 citra
2261 4905 2424 4960 ullam
2453 4902 2841 4961 dubitationem
2890 4898 3253 4971 pronuntiant.
3282 4898 3499 4966 Augus-

1912 5002 2057 5056 tinus
2086 4998 2385 5055 dixitnolle
2429 4996 2566 5052 sein
2623 5010 2684 5052 ea
2712 4993 2953 5067 progredi
2995 4992 3171 5063 aliqua
3218 4991 3501 5045 temeritate

1910 5094 2191 5159 sententiae,
2215 5107 2327 5164 qua:
2355 5089 2497 5145 nullo
2524 5091 2578 5145 in
2606 5089 2858 5145 catholico
2878 5085 3130 5157 regionali
3161 5081 3377 5138 concilio
3402 5097 3501 5137 ca:—

1910 5198 2022 5259 pta,
2055 5186 2197 5241 nullo
2225 5185 2459 5257 plenario
2493 5183 2712 5240 concilio
2734 5182 3005 5237 terminata
3027 5188 3163 5234 sunt.
3199 5179 3266 5234 At
3294 5185 3416 5234 cum
3445 5177 3497 5231 in

1913 5296 2020 5338 uno
2046 5288 2101 5337 et
2127 5279 2298 5335 altero
2328 5276 2555 5333 concilio
2586 5275 2783 5333 veritas
2811 5274 2923 5345 illa,
2948 5272 3226 5345 Augustini
3261 5282 3498 5344 tempore

1911 5373 2147 5441 occulta,
2171 5382 2363 5444 postea
2388 5368 2723 5437 inclaruerit,
2754 5368 2889 5426 nihil
2909 5384 3003 5426 eos
3024 5367 3310 5439 Augustini
3340 5366 3496 5425 dubi—

1909 5466 2040 5524 tatio
2057 5467 2227 5538 juvat,
2268 5464 2363 5521 sed
2391 5464 2481 5527 ubi
2513 5464 2602 5519 ille
2623 5460 2820 5530 aiebat,
2847 5460 3073 5517 dicturos
3097 5460 3394 5528 sententias,
3420 5473 3498 5515 me

1905 5560 2031 5632 quid
2052 5561 2168 5630 jam
2194 5556 2522 5629 exploratum
2538 5566 2585 5611 et
2624 5555 2889 5625 cognitum
2926 5553 3206 5623 afferrent,
3234 5550 3496 5609 humiliter

1908 5663 2277 5724 exspectarem,
2303 5651 2563 5707 deberent
2592 5648 2695 5721 ipsi
2723 5648 3005 5720 Augustini
3028 5648 3187 5703 verba
3220 5644 3497 5701 inaudien-

1904 5764 1985 5809 tes
2014 5765 2045 5805 a
2075 5747 2272 5819 duplici
2299 5746 2507 5819 synodo
2538 5746 2937 5818 pronuntiatam
2968 5741 3287 5800 sententiam
3321 5738 3492 5806 sequi.

1903 5846 2161 5902 Mirentur
2190 5858 2318 5899 vero
2350 5842 2680 5900 recentiores
2729 5838 3009 5911 Augustini
3059 5834 3355 5906 ingenium,
3403 5828 3495 5899 qui

1904 5939 2027 5995 ideo
2059 5936 2319 5994 dubitavit
2348 5935 2416 5995 de
2449 5937 2768 5994 necessitate
2809 5930 3141 5995 intentionis,
3195 5926 3317 5997 quia
3347 5923 3493 5979 illam
