3962 6346
526 410 629 465 719

1403 400 1959 460 SUPPLEMENTUM
2000 399 2091 454 AD
2129 398 2359 455 OPERA
2397 398 2455 453 S.
2500 394 2897 454 AUGUSTINI.
3643 406 3719 461 730

527 522 707 589 aliquo
751 526 1062 591 argumento
1107 517 1321 573 suaderi
1372 519 1593 577 videbat
1622 537 1636 575 :
1669 530 1725 574 at
1750 522 1874 591 quia
1909 519 2107 573 nullius
2137 516 2182 575 A
2213 514 2386 569 lastici
2409 514 2735 569 Parisienses
2756 510 3029 582 astipulati
3050 519 3193 577 sunt,
3212 513 3444 569 tellurem
3470 520 3722 593 nonuhique

524 616 737 671 concilii
768 614 1081 670 auctoritate
1110 612 1324 669 decreta
1358 623 1493 681 erat,
1526 614 1767 684 ejusdem
1793 615 2109 670 modestiam

522 706 765 771 laudent,
789 706 879 776 qui
908 705 974 760 de
1005 707 1224 761 incertis
1266 717 1471 761 certam
1508 710 1644 762 ferre
1672 707 1993 762 sententiam
2024 722 2111 763 re-

526 797 754 851 cusavit.
787 795 862 851 Ita
884 812 948 852 ex
979 796 1069 851 illa
1095 797 1446 861 dubitatione,
1476 813 1541 853 ex
1560 813 1661 868 qua
1692 798 1982 852 Morainius
2004 798 2113 851 Au-

522 888 793 957 gustinum
815 889 1011 960 arguit,
1040 889 1181 945 idem
1207 889 1362 944 nobis
1391 905 1551 961 quam
1582 891 1815 945 maxime
1842 904 2113 945 commen-

523 980 733 1037 dandus
760 982 924 1037 venit.

524 1118 555 1188 ᾗ
586 1118 724 1175 VIII.
753 1120 939 1175 Utrum
966 1119 1282 1192 Augustinus
1310 1121 1495 1176 dixerit
1522 1121 1752 1176 tellurem
1778 1137 1881 1177 non
1901 1137 2007 1175 esse
2026 1137 2111 1175 ro-

810 1193 1043 1258 tundam,
1082 1193 1352 1263 nullosque
1378 1194 1493 1247 dari
1532 1194 1827 1263 antipodas.

594 1328 866 1385 llaetenus
886 1344 1101 1385 errores
1122 1330 1575 1402 quosAngustino
1596 1329 1794 1399 objecit
1822 1326 2110 1383 Morainius

528 1436 559 1477 a
590 1424 762 1478 sancti
810 1422 985 1477 Patris
1017 1424 1169 1478 libris
1203 1424 1655 1493 propulsavimus.
1689 1423 1925 1477 Adamus
1958 1422 2110 1477 nobis

526 1517 690 1572 modo
720 1516 1045 1573 refellendus
1070 1529 1172 1583 est,
1198 1518 1286 1587 qui
1345 1519 1421 1571 uti
1460 1518 1671 1573 caeteris
1724 1516 2110 1571 recentioribus

526 1611 832 1665 eruditione
867 1610 1087 1665 inferior
1117 1621 1217 1676 est,
1251 1612 1319 1664 ita
1353 1612 1633 1665 universos
1662 1612 1715 1664 in
1763 1626 1987 1665 censura
2012 1610 2107 1663 ad-

520 1720 717 1761 versus
768 1707 1121 1776 Augustinum
1186 1706 1405 1759 ferenda
1463 1705 1617 1759 facile
1665 1705 1956 1774 superavit.
2015 1702 2110 1757 Hic

523 1797 780 1868 quosdam
813 1813 1028 1852 errores
1058 1797 1125 1851 de
1158 1797 1457 1867 Angustino
1486 1798 1742 1866 publicat,
1768 1812 1899 1865 quos
1920 1795 2111 1849 Morai-

2217 605 2561 661 habitabilem
2592 620 2839 676 posuere,
2873 604 2967 659 sed
3000 613 3207 660 tantum
3234 605 3332 660 sub
3360 609 3497 663 zonis
3518 619 3722 682 tempera.

2218 698 2307 765 tis,
2336 714 2455 754 cum
2488 709 2663 753 tamen
2692 699 2848 754 etiam
2880 699 2980 753 sub
3007 699 3208 753 torrida
3236 714 3297 755 ac
3350 708 3560 772 utraque
3583 706 3721 776 frigida

2216 799 2415 847 terram
2439 792 2601 847 incoli
2637 800 2841 847 eertum
2874 791 2962 847 sit.
2997 790 3134 858 Quid
3158 792 3298 860 quod
3330 792 3590 852 Zacharias
3612 815 3723 870 papa,

2217 885 2441 955 epistola
2476 885 2538 938 10
2568 885 2631 938 ad
2664 885 2994 940 Bonifacium
3037 885 3237 956 scripta
3266 901 3407 943 anno
3432 889 3545 954 748,
3574 908 3725 960 perter-

2172 1044 2175 1045 ,
2217 993 2324 1031 sam
2351 986 2396 1030 et
2455 978 2682 1047 iniquam
2731 977 3017 1032 doctrinam
3072 988 3229 1034 vocat
3278 992 3586 1036 asserentem
3628 989 3726 1054 quod

2216 1067 2348 1121 alius
2372 1068 2593 1121 mundus
2622 1078 2667 1122 et
2695 1068 2786 1121 alii
2851 1068 3082 1123 homines
3113 1069 3202 1123 sub
3247 1080 3383 1124 terra
3410 1072 3545 1125 sint?
3572 1074 3625 1127 Et
3666 1077 3727 1132 ille

2215 1161 2432 1231 quidem
2485 1162 2752 1231 vulgarem
2801 1162 3119 1217 sententiam
3174 1174 3386 1219 secutus
3426 1174 3520 1219 est.
3543 1164 3629 1222 Nos
3650 1172 3730 1237 qui-

2216 1254 2337 1309 dem
2367 1270 2436 1309 ex
2470 1263 2776 1309 nostrorum
2808 1255 3239 1325 navigationibus
3265 1257 3366 1312 ista
3395 1259 3661 1316 didicimus.
3685 1264 3731 1318 At

2217 1348 2291 1401 uti
2315 1347 2647 1416 sapientibus
2677 1348 2783 1403 illis
2807 1349 3101 1419 majoribus
3138 1352 3361 1417 nostris,
3390 1353 3565 1422 quibus
3584 1355 3729 1414 litteras

2216 1456 2405 1495 omnes
2428 1451 2677 1509 acceptas
2706 1440 2927 1495 ferimus
2946 1486 2960 1506 ,
2994 1441 3123 1496 vitio
3152 1458 3257 1496 non
3290 1445 3447 1497 datur
3474 1446 3597 1516 quod
3622 1450 3731 1502 tellu-

2217 1550 2327 1589 rem
2358 1551 2423 1591 ex
2446 1534 2635 1604 majori
2661 1545 2809 1605 parte
2836 1536 3238 1591 inhabitabilem
3264 1538 3582 1607 scripserint,
3604 1557 3728 1609 neque

2217 1632 2693 1702 reprehendendus
2720 1633 2866 1687 venit
2919 1634 3273 1703 Augustinus,
3322 1634 3368 1687 si
3406 1636 3624 1690 eamdem
3661 1646 3733 1691 ler-

2219 1739 2329 1779 ram
2363 1742 2424 1780 ex
2454 1726 2694 1794 opposita
2752 1736 2901 1794 parte
2935 1725 3169 1779 habitari
3229 1725 3527 1795 negaverit.
3568 1727 3733 1785 Difﬁcile

2219 1816 2293 1869 illi
2325 1817 2604 1871 videbatur
2630 1819 2866 1885 potuisse
2893 1818 3138 1872 homines
3161 1819 3228 1872 ab
3252 1834 3363 1871 uno
3414 1819 3569 1893 Adam
3594 1836 3733 1890 propa-

519 1904 621 1945 ιιθε
643 1889 803 1944 θιῖθῐῐι
849 1890 1119 1985 οββοξυῖίι
1173 1906 1201 1942 ³
1242 1890 1434 1985 (Idibus
1460 1890 1646 1985 PTOF'II
1676 1889 1841 1985 (υίὲεθ
1866 1896 2108 1942 Sanam“
2143 1925 2191 1985 Β
2220 1918 2370 1978 gatos
2403 1910 2455 1962 in
2489 1912 2787 1979 oppositam
2842 1918 2998 1966 terra:
3028 1922 3257 1981 partem,
3288 1912 3480 1967 Oceani
3502 1889 3732 1971 immensi-

521 1981 798 2037 doctorem
820 1981 1190 2046 ostendimus;
1214 1982 1363 2036 addit
1393 1997 1518 2037 vero
1540 1982 1741 2036 dixisse
1764 1982 1983 2049 insuper
2005 1985 2113 2036 Au-

527 2072 797 2143 gustinum
829 2090 845 2127 :
880 2073 1092 2128 Terram
1118 2089 1222 2127 non
1247 2091 1354 2128 esse
1380 2075 1672 2138 rotundam,
1704 2072 1971 2143 nullosque
2000 2073 2115 2125 dari

524 2168 823 2236 antipodas,
851 2183 972 2237 pag.
1007 2167 1132 2233 585,
1165 2183 1285 2236 cap.
1317 2170 1373 2223 3.
1407 2168 1601 2221 Eadem
1645 2170 1815 2221 fronte
1837 2181 1938 2235 qua
1963 2165 2115 2219 finxit

526 2259 885 2327 Augustinum
918 2274 1142 2330 negasse
1181 2259 1414 2313 animam
1459 2273 1579 2314 esse
1617 2258 1966 2329 spiritualem,
2027 2257 2114 2313 hic

521 2352 770 2408 eumdem
802 2362 1046 2407 sanctum
1079 2352 1353 2407 doctorem
1376 2361 1533 2407 terra:
1562 2351 1941 2406 rotunditatem
1966 2350 2115 2421 igno-

528 2459 682 2499 rasae
711 2445 1159 2500 comminiscitur.
1192 2445 1297 2500 Sed
1330 2446 1403 2499 illi
1427 2444 1517 2514 qui
1540 2444 1741 2513 absque
1769 2444 1913 2498 illius
1940 2451 2114 2497 textus

518 2538 881 2609 appellatione
911 2540 977 2593 de
997 2540 1313 2609 Augustino,
1340 2538 1559 2603 utlibet,
1591 2547 1647 2592 ut
1674 2538 1837 2605 lubet,
1864 2536 2115 2605 quaelibet

516 2631 791 2685 afﬁrmare
836 2631 936 2685 sibi
977 2630 1178 2686 licitum
1221 2632 1457 2701 putavit,
1506 2630 1634 2685 satis
1674 2630 1827 2686 facile
1858 2632 1953 2686 fuit
1989 2630 2111 2685 talia

517 2733 763 2793 portenta
809 2722 1137 2793 llipponensi
1179 2724 1391 2792 praesuli
1433 2723 1721 2777 ascribere.
1774 2721 1913 2777 Sane
1942 2723 2115 2791 Augu-

517 2815 689 2871 stinus
709 2857 724 2884 ,
756 2816 848 2870 lib.
876 2832 891 2869 ι
918 2816 986 2870 de
1016 2814 1149 2871 Gen.
1179 2815 1245 2869 ad
1274 2817 1396 2880 litt.,
1426 2831 1544 2887 cap.
1578 2816 1673 2879 12,
1704 2826 1899 2871 terram
1930 2827 2115 2871 rotun-

520 2908 645 2963 dam
678 2908 874 2964 fatetur
902 2926 916 2960 :
953 2926 973 2959 (
1005 2908 1137 2963 Cum
1165 2908 1329 2974 enim,
1361 2909 1553 2978 inquit,
1598 2916 1761 2964 totam
1792 2917 1989 2963 terram
2019 2909 2113 2961 ad-

518 2998 625 3055 huc
658 3015 795 3070 aqua
828 3008 1070 3070 tegeret,
1132 2999 1264 3054 nihil
1320 3000 1644 3069 impediebat
1698 3010 1758 3055 ut
1808 3017 2006 3071 aquosa
2059 3010 2115 3057 et

514 3108 747 3149 emensa
777 3093 946 3147 moles
975 3108 1043 3148 ex
1074 3106 1179 3147 una
1202 3103 1351 3163 parte
1380 3093 1583 3149 faceret
1626 3093 1765 3149 diem
1808 3094 1940 3149 lucis
1972 3110 2111 3165 prae-

517 3184 724 3253 sentia,
764 3198 831 3239 ex
861 3185 965 3239 alia
994 3195 1202 3241 noctem
1237 3186 1369 3240 lucis
1412 3186 1674 3241 absentia.
1722 3206 1745 3238 ι
1793 3188 1859 3241 Et
1895 3188 1987 3242 lib.
2023 3203 2108 3242 xvr

2222 2009 2328 2055 tate
2360 2001 2603 2070 trajecta,
2636 2002 2803 2057 semel
2855 2003 3154 2072 navigasse,
3186 2006 3485 2075 iterumque
3500 2000 3612 2073 post
3634 2009 3734 2061 dilu-

2216 2094 2361 2147 vium
2396 2094 2520 2148 illuc
2542 2095 2795 2149 advectos
2828 2094 3014 2161 fuisse,
3044 2096 3357 2167 nullamque
3385 2097 3531 2167 hujus
3554 2100 3618 2154 rei
3639 2104 3735 2155 adeo

2217 2187 2583 2242 memorabilis
2614 2189 2967 2255 mentionem,
2998 2190 3079 2245 vel
3103 2191 3154 2244 in
3178 2191 3351 2245 sacris
3375 2193 3453 2247 vel
3482 2190 3530 2245 in
3559 2194 3736 2262 profanis

2218 2278 2409 2333 litteris
2433 2279 2568 2333 ﬁeri.
2602 2277 2853 2335 Profecto
2875 2279 3149 2351 hucusque
3180 2282 3422 2337 nescitur
3439 2284 3673 2353 quomodo
3691 2301 3735 2339 ex

2218 2367 2432 2439 Europa
2464 2370 2589 2427 illuc
2619 2371 2700 2425 bis
2755 2371 3004 2427 homines
3058 2374 3423 2442 pervenerint.
3462 2376 3621 2446 Itaque
3652 2393 3736 2431 cum

2216 2476 2477 2534 ponentes
2501 2465 2780 2536 antipodas
2830 2466 3141 2537 conjectura
3176 2476 3412 2535 tantum,
3462 2484 3571 2539 qute
3613 2469 3737 2525 levem

2217 2572 2437 2626 prorsus
2465 2573 2528 2612 ac
2550 2558 2782 2613 debilem
2809 2557 3188 2613 certitudinem
3240 2561 3405 2629 parit,
3439 2560 3499 2614 ad
3543 2560 3589 2615 id
3612 2561 3739 2615 dicen-

2215 2650 2343 2704 dum
2369 2662 2732 2717 moverentur,
2766 2662 2819 2707 et
2848 2652 3181 2723 Augustinus
3238 2654 3520 2723 antipodas
3568 2672 3739 2726 negave-

2215 2744 2305 2810 rit,
2332 2745 2571 2799 omnium
2625 2745 3002 2800 historicorum
3056 2744 3161 2800 fide
3190 2761 3253 2801 ac
3281 2747 3629 2817 antiquissima
3674 2749 3739 2803 Pa-

2216 2844 2356 2889 trum
2381 2835 2665 2893 traditione
2694 2836 2961 2903 suﬁ‘ultus,
3010 2839 3201 2907 potiori
3228 2838 3355 2907 jure
3397 2839 3485 2895 ille
3524 2842 3740 2911 antipodas

2216 2927 2459 2994 sustulit,
2490 2944 2653 2997 quam
2679 2928 2771 2983 alii
2801 2939 3110 2984 astruxere.
3164 2928 3369 2985 Verum
3399 2946 3502 2986 non
3524 2932 3639 2987 adeo
3662 2933 3740 3004 opi-

2216 3018 2306 3072 nio
2318 3033 2518 3088 negans
2536 3020 2817 3089 antipodas
2835 3022 3127 3091 Augustino
3152 3020 3392 3088 inhaesit,
3416 3022 3536 3094 quin
3554 3024 3740 3094 aliquan-

2214 3110 2283 3166 do
2310 3111 2619 3178 admiserit;
2664 3113 2800 3169 libro
2825 3116 2970 3169 enim
3009 3115 3076 3170 de
3103 3115 3292 3172 decem
3320 3117 3627 3188 Categoriis,
3652 3133 3740 3185 cap.

2215 3202 2302 3267 10,
2328 3204 2403 3258 ait
2436 3220 2450 3257 :
2501 3223 2519 3256 t
2556 3205 2719 3259 Terra
2747 3222 2866 3276 quae
2894 3207 3107 3262 videtur
3152 3208 3205 3262 itt
3236 3209 3423 3265 medio
3454 3209 3629 3279 ubique
3652 3208 3741 3263 sub-

518 3276 585 3331 de
611 3274 727 3374 (Ἆγι
757 3277 878 3374 Deis
901 3291 1020 3374 call-
1051 3278 1106 3343 9,
1130 3278 1219 3374 “PI
1246 3278 1312 3374 di?
1342 3276 1613 3374 a_"liP0di3
1661 3277 1877 3374 dis-“ferit
1906 3296 1919 3331 ³
1950 3296 1969 3330 ⁸
2000 3278 2107 3333 Nec
2135 3309 2182 3374 ο
2214 3304 2300 3350 tus
2328 3306 2430 3363 est,
2461 3306 2515 3351 et
2536 3274 2818 3366 antipodes
2862 3299 3052 3366 nostri,
3085 3302 3171 3371 qui
3199 3300 3359 3357 nobis
3413 3274 3636 3358 dicuntur
3653 3301 3740 3371 ﬁge-

517 3370 821 3435 attendunt,
869 3372 1057 3441 inquit,
1102 3371 1304 3426 etiamsi
1354 3370 1522 3441 ﬁgura
1567 3370 1879 3440 conglobata
1925 3378 1980 3425 et
2020 3387 2107 3427 ro-

516 3464 683 3518 tunda
730 3465 958 3520 mundus
1006 3480 1125 3520 esse
1167 3465 1451 3534 credatur,
1506 3466 1619 3521 sive
1671 3465 1847 3535 aliqua
1900 3466 2109 3521 ratione

515 3564 870 3623 monstretur,
920 3572 1027 3612 non
1082 3566 1257 3612 tamen
1302 3572 1424 3612 esse
1471 3572 1807 3629 consequens
1848 3567 1905 3613 ut
1943 3559 2105 3614 etiam

515 3645 589 3700 ab
617 3646 703 3700 illa
731 3656 882 3716 parte
923 3662 986 3701 ex
1029 3660 1284 3717 aquarum
1315 3649 1566 3719 congerie
1597 3649 1735 3704 nuda
1766 3650 1836 3704 sit
1880 3659 2044 3706 terra.
2082 3669 2102 3703 ι

516 3736 703 3795 Nullus
734 3741 893 3811 igitur
937 3742 990 3796 in
1022 3740 1321 3812 Augustino
1361 3742 1558 3813 legitur
1582 3744 1649 3800 de
1679 3745 1885 3799 telluris
1920 3755 2105 3801 rotun-

515 3828 681 3887 ditate
712 3846 885 3899 error,
919 3832 1012 3888 sed
1042 3848 1104 3889 ea
1135 3846 1259 3890 sunt
1292 3836 1467 3890 inania
1499 3836 1688 3892 Adami
1715 3837 1941 3907 objecta.

514 3960 525 3963 ν
593 3943 787 3998 Verum
818 3959 1045 4016 negasse
1074 3947 1429 4018 Augustinum
1454 3950 1738 4021 antipodas
1765 3968 1871 4007 non
1904 3954 1991 4010 ibo
2025 3956 2108 4009 ἰη-

516 4035 700 4104 ﬁcias,
734 4038 829 4093 sed
869 4040 1142 4110 vulgarem
1194 4043 1471 4098 hominum
1516 4048 1834 4102 sententiam
1890 4058 2104 4104 secutus

518 4143 625 4187 est.
652 4132 903 4190 Testatur
955 4134 1158 4191 Plinius
1212 4154 1458 4209 magnam
1514 4141 1661 4195 litem
1712 4143 1777 4195 de
1835 4142 2105 4212 antipodis

515 4224 685 4281 fuisse
713 4226 852 4282 inter
875 4228 1176 4285 litterarum
1208 4233 1541 4300 professores
1566 4242 1621 4288 et
1661 4235 1871 4304 vulgus.
1902 4237 1971 4290 At
1998 4240 2104 4291 Au-

516 4318 760 4385 gustinus
784 4318 926 4374 haud
951 4323 1156 4390 vulgari
1188 4334 1506 4393 argumento
1556 4326 1609 4378 in
1641 4341 1759 4381 eam
1791 4328 2103 4395 opinionem

516 4408 710 4463 ductus
737 4417 841 4478 est,
878 4426 1072 4480 nempe
1103 4413 1243 4481 quod
1275 4415 1569 4483 periculum
1610 4426 1756 4470 esset
1786 4433 1851 4472 ne
1871 4420 1960 4487 qui
2016 4435 2105 4473 no-

514 4498 599 4554 bis
623 4502 849 4557 adversa
880 4503 1098 4573 vestigia
1127 4515 1394 4575 premunt,
1428 4506 1481 4560 in
1510 4508 1705 4562 caelum
1733 4518 1985 4575 ruerent;
2008 4512 2102 4566 sed

518 4606 630 4648 tum
657 4609 723 4649 ex
751 4610 905 4649 sacra
933 4604 1043 4650 tum
1067 4610 1130 4650 ex
1154 4597 1373 4666 profana
1423 4598 1643 4654 historia
1667 4600 1904 4656 rationes
1927 4603 2104 4657 consi-

2215 3404 2272 3441 re
2298 3388 2522 3443 adversa
2556 3391 2802 3461 vestigia,
2845 3392 3043 3446 caelum
3075 3408 3241 3462 super
3260 3409 3325 3450 se
3349 3394 3557 3451 habent.
3586 3414 3603 3447 ι
3629 3395 3741 3450 Patet

2213 3480 2452 3547 Macedo,
2477 3483 2557 3537 vir
2588 3483 2638 3537 in
2665 3484 2948 3554 Augustini
2991 3486 3224 3543 lectione
3270 3490 3666 3553 versatissimus,
3706 3490 3742 3542 in

2212 3574 2479 3629 volumine
2500 3576 2641 3645 quod
2674 3578 3006 3633 Concentum
3038 3580 3454 3652 euchologicum
3506 3581 3742 3651 inscripsit,

2210 3666 2263 3720 in
2304 3670 2713 3723 commentariis
2746 3670 2811 3723 ad
2841 3672 3140 3727 oralionem
3173 3674 3225 3728 in
3254 3673 3399 3731 festo
3428 3678 3585 3732 sancti
3605 3677 3743 3742 Marci,

2209 3757 2421 3813 videtur
2450 3760 2589 3815 velle
2617 3760 2889 3817 insinuare
2939 3764 3241 3821 Americam
3300 3769 3591 3841 Augustino
3633 3770 3741 3821 inno-

2212 3850 2401 3917 tuisse,
2426 3852 2553 3906 dum
2588 3868 2695 3908 non
2724 3870 2832 3910 uno
2875 3856 2996 3912 loco
3026 3867 3255 3927 quatuor
3292 3875 3421 3916 csse
3448 3872 3612 3932 partes
3632 3872 3743 3916 terra

2206 3940 2484 3995 afﬁrmat:
2520 3960 2539 3994 ο
2574 3943 2752 3999 Mirari
2800 3946 2959 4013 libet,
3013 3950 3210 4021 inquit,
3264 3952 3610 4023 Augustinum
3651 3968 3726 4023 qua

2209 4042 2329 4087 tuor
2353 4034 2500 4089 orbis
2528 4045 2707 4105 partes
2732 4045 2837 4092 tam
2875 4042 3160 4112 perspicue
3192 4046 3497 4113 nominare,
3525 4046 3654 4117 quasi
3678 4060 3744 4099 sua

2202 4124 2313 4193 jam
2335 4135 2494 4182 aetate
2522 4129 2767 4185 America
2795 4132 3003 4188 detecta
3032 4145 3196 4192 esset.
3230 4155 3250 4190 ›
3306 4137 3535 4195 Sanctus
3583 4140 3743 4201 doctor,

2207 4218 2302 4274 lib.
2364 4236 2461 4274 am
2514 4221 2583 4277 de
2632 4224 2822 4291 Civit.,
2878 4240 2999 4295 cap.
3056 4227 3112 4295 9,
3158 4229 3472 4299 opinionem
3518 4216 3743 4299 antipodas

2206 4309 2563 4369 afﬁrmantem
2630 4317 2791 4371 veluti
2863 4318 3152 4376 absurdam
3212 4322 3405 4392 rejecit
3456 4344 3469 4380 :
3520 4342 3537 4376 ι
3594 4324 3744 4378 Nimis-

2205 4415 2310 4469 que
2330 4442 2345 4467 ,
2377 4402 2549 4472 inqttit
2568 4443 2582 4467 ,
2614 4404 2905 4460 absurdum
2929 4418 3047 4477 est,
3082 4417 3139 4464 ut
3158 4411 3372 4468 dicatur
3391 4414 3592 4485 aliquos
3617 4412 3744 4467 homi-

2206 4507 2301 4547 nes
2327 4508 2395 4547 ex
2426 4494 2525 4550 hac
2548 4496 2600 4550 in
2630 4496 2773 4551 illam
2806 4508 3037 4570 partem,
3067 4504 3263 4559 Oceani
3288 4506 3632 4562 immensitate
3661 4515 3738 4557 tra-

2203 4582 2367 4651 jecta,
2401 4585 2654 4655 navigare
2682 4602 2745 4641 ac
2792 4592 3081 4658 pervenire
3104 4596 3365 4664 potuisse,
3393 4606 3451 4652 ut
3478 4598 3623 4652 etiam
3662 4592 3741 4647 illic

518 4687 746 4753 ἀρωγὴ,
777 4703 897 4757 qua,
924 4689 1350 4758 sapienlissimos
1372 4707 1610 4763 quosque
1649 4694 1700 4748 in
1744 4710 1860 4749 eam
1888 4707 2105 4751 sentem
2131 4696 2185 4758 υ
2209 4689 2273 4727 ex
2301 4691 2406 4727 uno
2438 4677 2529 4730 illo
2558 4678 2732 4745 printo
2758 4680 2978 4737 homine
3006 4698 3174 4753 genus
3204 4686 3571 4743 institueretur
3598 4688 3740 4739 huma-

514 4780 645 4834 tiam
675 4790 917 4837 traxere.
952 4781 1112 4852 Ligur
1135 4783 1225 4838 ille
1254 4787 1560 4855 Argonauta
1588 4788 1710 4841 novi
1735 4787 1884 4842 orbis
1914 4788 2101 4845 inven-

514 4882 601 4926 tor
630 4888 735 4928 non
762 4874 829 4927 ab
851 4889 957 4929 uno
1002 4874 1241 4944 principe
1261 4876 1549 4933 circulator
1576 4879 1792 4934 habitus
1821 4890 1927 4945 est,
1977 4897 2098 4936 cum

514 4980 573 5020 se
604 4967 669 5020 ad
700 4967 977 5036 antipodas
1008 4967 1235 5024 classem
1265 4970 1543 5026 ducturum
1570 4972 1939 5041 polliceretur,
1968 4990 2093 5043 nec,

514 5068 571 5111 ut
603 5059 854 5127 arbitror,
883 5060 1195 5132 Arragonite
1218 5078 1311 5117 rex
1339 5064 1602 5134 integram
1646 5082 1840 5138 magno
1872 5070 2100 5137 promis-

512 5153 623 5205 sori
654 5152 811 5209 ﬁdem
836 5156 1108 5224 praestitit,
1140 5159 1234 5213 sed
1277 5174 1395 5228 quae
1426 5168 1506 5214 est
1536 5159 1809 5216 hominum
1843 5163 2088 5217 insatiata

510 5241 920 5315 cupido,‘pauca
950 5248 1157 5319 navigia
1189 5249 1241 5304 in
1280 5265 1429 5319 spem
1457 5252 1602 5306 orbis
1626 5253 1917 5323 naufragiis
1939 5255 2090 5324 obje—

510 5334 670 5400 ctari,
700 5335 756 5390 in
796 5337 927 5394 lucri
953 5339 1071 5395 loco
1120 5343 1378 5411 reposuit.
1438 5344 1758 5411 Macrobius,
1809 5346 1905 5402 lib.
1936 5362 1972 5401 ll
2021 5347 2089 5403 de

509 5421 736 5481 Somnio
756 5427 1042 5498 Scipionis,
1094 5447 1213 5503 cap.
1246 5434 1299 5501 9,
1332 5435 1446 5489 sola
1469 5437 1779 5505 conjectura
1810 5439 2089 5509 antipodas

2211 4782 2357 4820 num.
2400 4786 2420 4819 ι
2482 4768 2718 4834 Quatuor
2775 4782 2956 4841 partes
3002 4775 3138 4830 dixit
3184 4778 3546 4849 Augustinus,
3594 4788 3742 4844 nempe

2210 4860 2494 4924 orientem,
2529 4861 2887 4931 occidentem,
2945 4868 3226 4922 meridiem
3250 4879 3307 4924 et
3336 4871 3643 4940 aquilonem.
3684 4866 3739 4918 Ita

2211 4959 2365 5007 tract.
2402 4952 2502 5006 Il8
2547 4954 2602 5008 in
2647 4955 2907 5012 Joannem
2941 4976 2955 5011 :
2991 4978 3011 5011 ι
3040 4961 3268 5030 Propter
3307 4964 3451 5033 quod
3495 4963 3610 5017 alibi
3647 4957 3741 5014 dicit

2211 5041 2423 5113 (Matth.
2462 5046 2639 5117 xxiv),
2672 5050 2963 5104 missurum
2994 5065 3053 5106 se
3080 5054 3299 5122 angelos
3320 5068 3474 5122 suos,
3529 5067 3581 5109 ut
3625 5050 3741 5107 colli.

2208 5146 2337 5206 gant
2362 5138 2566 5195 electos
2592 5141 2706 5210 ejus
2736 5156 2766 5195 a
2796 5151 3026 5212 quatuor
3053 5147 3259 5214 ventis;
3290 5148 3433 5217 quod
3453 5146 3572 5219 quid
3592 5153 3659 5202 est
3682 5140 3741 5197 ni-

2197 5230 2243 5287 si
2289 5246 2320 5285 a
2363 5240 2594 5302 quatuor
2641 5236 2880 5307 partibus
2938 5239 3145 5305 mundi,
3202 5241 3435 5309 oriente,
3486 5239 3738 5299 occidente,

2197 5324 2447 5394 aquilone
2472 5334 2526 5381 et
2547 5328 2773 5384 meridie
2795 5328 2818 5383 ἲ
2841 5348 2862 5382 ι
2906 5332 2975 5385 At
2995 5331 3080 5387 hae
3111 5342 3291 5403 partes
3340 5336 3395 5389 in
3448 5333 3603 5390 veteri
3639 5327 3739 5385 orbe

2196 5419 2366 5487 probe
2421 5420 2781 5478 censebantur
2824 5437 2969 5495 esse,
3014 5428 3226 5483 etiamsi
3277 5429 3521 5485 America
3569 5426 3739 5497 ignora.

510 5516 661 5570 credi
683 5517 818 5572 dixit
844 5518 895 5573 in
920 5524 1159 5590 opposita
1186 5524 1330 5580 orbis
1358 5538 1523 5596 parte,
1559 5547 1578 5579 ι
1605 5530 1745 5598 quod
1778 5540 1997 5601 propter
2016 5532 2087 5587 si-
2118 5598 2127 5609 l
2192 5518 2365 5568 rem"-

512 5608 691 5664 milem
725 5613 1035 5680 temperiem
1084 5616 1332 5673 similiter
1391 5620 1663 5691 incolitur,
1697 5623 1789 5677 sed
1823 5638 1850 5676 a
1891 5624 2085 5693 quibus

511 5713 619 5754 non
649 5700 802 5756 licuit
828 5718 1059 5773 unquam
1091 5706 1267 5772 nobis,
1297 5724 1393 5763 nec
1424 5710 1603 5766 licebit
1622 5726 1934 5780 agnoscere.
1977 5735 1996 5768 ι
2027 5718 2093 5772 Et

507 5791 727 5856 quidem
742 5794 1083 5861 Aristoteles,
1100 5796 1324 5863 Plinius,
1342 5799 1688 5870 Ptolomaeus,
1707 5809 1995 5876 caeteriqne
2013 5808 2093 5863 hi-

513 5886 996 5959 Storici,cosmogra
1006 5890 1092 5959 plti
1107 5907 1165 5945 ac
1185 5893 1484 5961 philosophi
1500 5906 1729 5961 veteres,
1745 5900 1934 5965 quibus
1950 5903 2095 5955 scho-

2196 5622 2225 5694 ς
2253 5624 2343 5679 IX.
2368 5627 2449 5681 An
2469 5629 2721 5683 sententia
2740 5632 2909 5715 sancti
2936 5632 3214 5715 Augustini
3230 5634 3290 5689 de
3304 5635 3593 5690 simultanea
3606 5640 3734 5685 rerum

2692 5713 2949 5758 creatione
2978 5713 3045 5758 sit
3075 5722 3306 5762 erronea.

2270 5810 2365 5865 llic
2393 5812 2553 5868 etiam
2582 5818 2940 5874 recentiorum
2969 5823 3226 5890 querelae,
3248 5822 3351 5877 imo
3375 5833 3619 5882 censurae,
3640 5813 3730 5885 qui‘

2199 5902 2297 5958 bus
2319 5904 2579 5973 insignem
2601 5910 2769 5963 sancti
2788 5910 3028 5969 doctoris
3046 5914 3526 5985 interpretationem
3544 5913 3589 5967 in
3609 5915 3728 5976 03P-l
