3962 6346
264 353 361 411 721

1444 364 1761 423 VINDICIE
1804 369 2365 429 AUGUSTINIANAE.

3425 383 3529 437 7‘22

263 470 536 526 Geneseos
577 470 870 541 excipiunt,
914 474 1226 534 refc‘ilendae
1253 489 1397 537 sunt.
1443 482 1687 555 Magnum
1720 486 1849 543 illud
1875 490 1927 548 A
1952 488 2253 559 Augustino
2292 490 2559 547 recentior
2597 492 2687 549 ille
2715 494 3022 552 affirmavit.
3057 496 3337 555 Cornelius
3365 515 3392 554 a
3430 503 3534 556 La-

258 562 594 632 ingeniorum
621 575 940 633 monstrum,
971 566 1017 621 si
1044 585 1261 637 usquam
1290 573 1421 628 alias
1447 574 1499 629 in
1531 578 1849 645 explicando

256 656 635 712 Hexamerone
678 658 1043 715 admirabilem
1074 662 1419 720 subtilitatem
1464 682 1572 735 pra:
1616 683 1676 723 sc
1707 669 1848 735 tulit,

258 747 353 803 sed
379 757 630 818 quantum
675 749 800 805 inde
829 750 1003 807 laudis
1033 754 1170 823 apud
1200 766 1406 813 veteres
1433 760 1533 815 sibi
1571 775 1851 831 compara-

257 842 355 907 vit,
385 847 587 895 tantum
621 842 1056 911 reprehensionis
1078 847 1216 916 apud
1240 850 1571 906 recentiores
1590 853 1690 908 sibi
1722 869 1851 910 con-

257 934 444 998 traxit,
474 941 565 989 aut
610 936 729 1005 plus
780 936 943 991 etiam
996 937 1243 995 fortasse.
1306 944 1652 1013 Augustinus,
1709 948 1851 1017 quod

255 1026 475 1082 videbat
502 1041 596 1083 sex
629 1027 835 1096 priores
856 1029 973 1084 dies
990 1030 1140 1099 queis
1168 1032 1378 1104 Moyses
1404 1036 1662 1091 mundum
1689 1052 1718 1092 a
1739 1039 1851 1095 Deo

254 1130 500 1176 creatum
529 1120 733 1185 scribit,
768 1122 811 1175 si
853 1121 1159 1177 litteraliter
1200 1126 1550 1194 accipiantur,
1602 1131 1853 1199 gravissi-

256 1215 362 1268 mis
391 1213 788 1269 difficuitatibus
840 1214 1053 1284 subjici,
1089 1230 1221 1286 quas
1251 1217 1479 1286 ipsemet
1509 1220 1563 1275 in
1592 1221 1744 1277 libris
1786 1222 1853 1279 de

255 1304 455 1361 Genesi
483 1304 548 1359 ad
573 1304 799 1359 litteram
834 1308 1104 1375 proponit,
1138 1308 1387 1363 subtilem
1434 1325 1654 1378 prorsus
1682 1326 1745 1366 ac
1793 1327 1855 1368 se

254 1400 476 1471 dignam
524 1400 842 1455 sententiam
874 1403 1214 1472 excogitavit,
1246 1418 1439 1473 nempe
1476 1405 1591 1460 dies
1621 1407 1743 1461 illos
1773 1407 1855 1462 in-

259 1492 580 1562 teliigendos
608 1506 729 1546 esse
759 1495 1003 1563 mystice,
1054 1493 1204 1563 juxta
1254 1496 1610 1565 cognitionem
1652 1499 1856 1570 angeli-

256 1599 379 1640 cam
412 1586 477 1639 de
503 1584 664 1639 rebus
690 1585 743 1638 in
776 1584 906 1653 Deo,
937 1595 992 1640 et
1022 1584 1076 1638 in
1128 1586 1343 1655 proprio
1373 1602 1591 1659 genere,
1626 1597 1680 1644 et
1701 1590 1855 1660 juxta

256 1677 502 1733 ordinem
533 1692 710 1733 rerum
732 1677 891 1734 simul
915 1694 945 1732 a
976 1678 1086 1735 Deo
1112 1688 1431 1749 creatarum,
1456 1681 1663 1738 dierum
1695 1684 1855 1739 etiam

258 1773 506 1826 ordinem
536 1773 589 1826 in
620 1773 931 1842 angelorum
960 1782 1138 1828 mente
1159 1773 1477 1843 designavit.
1509 1775 1656 1831 Hanc
1683 1778 1857 1833 sancti

1954 582 2098 651 pide,
2120 583 2360 638 censoris
2381 598 2666 653 personam
2693 594 2879 643 contra
2903 592 3258 660 Augustinum
3284 592 3534 661 induens,

1952 675 2063 729 ait:
2100 694 2119 727 ι
2154 673 2491 733 Contrarium
2521 678 2722 736 docent
2761 696 2947 739 omnes
2992 684 3082 739 alii
3113 685 3321 752 Patres,
3375 688 3536 759 idque

1952 768 2171 824 omnino
2197 768 2360 824 vincit
2385 769 2613 840 simplex
2636 782 2691 829 et
2718 774 3009 832 historialis
3039 779 3276 836 narratio
3301 781 3536 854 Moysis;

1952 874 2119 930 quare
2147 878 2432 921 erroneum
2460 866 2569 937 jam
2599 876 2682 922 est
2712 867 2892 925 dicere
2934 871 3112 927 omnia
3144 889 3250 928 uno
3290 875 3377 931 die
3418 892 3541 933 esse

1953 962 2153 1009 creata.
2194 974 2211 1007 ι
2249 956 2450 1013 Verum
2479 958 2782 1031 Augustino
2820 965 3090 1020 consentit
3126 966 3401 1038 Albertus,
3451 971 3543 1040 qui

1954 1045 2025 1099 ob
2051 1047 2397 1117 multiplicem
2431 1066 2493 1106 ac
2519 1052 2820 1111 mirabilem
2849 1055 3201 1115 litteraturam
3234 1062 3404 1132 Magni
3450 1076 3544 1117 co-

1955 1148 2246 1210 gnomento
2287 1143 2572 1213 insignitus
2615 1144 2729 1211 fuit,
2784 1147 2866 1203 his
2913 1150 3071 1218 plane
3111 1153 3325 1208 verbis:
3363 1172 3382 1206 ‹
3412 1153 3543 1209 Sine

1955 1232 2269 1301 praejudicio
2292 1236 2571 1292 sententiae
2593 1237 2830 1294 melioris
2852 1240 3065 1298 videtur
3093 1247 3390 1316 Augustino
3415 1261 3544 1303 con-
3596 1304 3608 1321 ,

1957 1326 2324 1391 sentiendum,
2356 1346 2381 1413 »Α
2410 1338 2548 1399 part.
2596 1348 2613 1385 ι
2657 1333 2925 1403 Summre,
2960 1351 3014 1405 q.
3046 1338 3144 1405 12,
3195 1342 3263 1397 de
3312 1351 3546 1413 quatuor

1955 1416 2169 1472 comis.
2215 1409 2381 1474 Addit
2421 1430 2636 1479 sanctus
2677 1425 2911 1481 Thomas
2952 1430 3197 1497 proxime
3248 1409 3541 1489 laudatus:

1964 1524 1982 1556 ι
2021 1505 2146 1562 Haec
2178 1510 2360 1579 opinio
2386 1510 2717 1586 (Augustini)
2742 1531 2867 1575 PLUS
2894 1535 3007 1574 sum
3052 1537 3276 1577 puczr.
3309 1543 3328 1575 ι
3360 1524 3507 1581 itane
3528 1567 3542 1589 ,

1958 1601 2196 1669 Corneli;
2241 1606 2510 1661 sententia
2549 1608 2661 1675 illa,
2710 1626 2871 1681 quam
2923 1614 3176 1671 Albertus
3222 1616 3439 1687 Magnus
3484 1632 3549 1675 ac

1958 1703 2173 1750 sanctus
2193 1696 2450 1763 Thomas,
2474 1698 2920 1760 scholasticorum
2945 1705 3144 1761 lumina
3167 1723 3229 1762 ac
3253 1710 3545 1780 columina,

1960 1788 2188 1857 probant
2206 1797 2262 1843 et
2279 1800 2595 1860 sequuntur,
2620 1793 2721 1850 hac
2742 1805 2899 1852 aetate
2920 1813 3145 1854 erronea
3161 1802 3365 1863 evasit?
3389 1802 3549 1870 Quae—

259 1867 439 1921 Patris
466 1866 876 1935 eXplicationem
905 1866 973 1921 de
1002 1867 1322 1922 simultanea
1354 1884 1537 1923 rerum
1581 1871 1856 1928 creatione
1884 1874 1930 1934 Β
1959 1894 2081 1933 nam
2114 1880 2259 1934 illam
2286 1881 2499 1953 synodi,
2528 1884 2619 1953 qui
2648 1885 2872 1941 Romani
2904 1890 3183 1960 prmsules,
3219 1907 3338 1962 qua:
3365 1892 3553 1948 doeto-

260 1960 492 2030 mystice
547 1960 600 2015 in
628 1974 721 2015 sex
774 1961 895 2016 illos
943 1960 1057 2016 dies
1096 1962 1173 2016 sic
1203 1961 1430 2017 divisam
1462 1965 1647 2035 paucis
1694 1965 1861 2021 refert

264 2063 486 2107 sanctus
527 2052 765 2108 Thomas
790 2061 925 2123 part.
959 2070 997 2119 ι,
1028 2070 1081 2124 q.
1115 2052 1202 2119 74,
1234 2065 1339 2108 art.
1373 2053 1429 2108 2.
1458 2057 1543 2123 At,
1587 2072 1707 2127 qua:
1760 2058 1862 2113 fuit

262 2146 548 2218 Augustini
594 2148 876 2217 modestia,
910 2147 1012 2203 hoc
1037 2162 1065 2201 a
1097 2164 1155 2204 se
1182 2150 1541 2219 echgitatum
1588 2151 1859 2222 interpre-

265 2248 563 2294 tamentum
595 2241 666 2295 ita
695 2240 895 2305 docuit,
944 2250 1000 2294 ut
1023 2240 1226 2296 meliori
1273 2242 1619 2311 explicationi
1650 2244 1859 2299 nullum

259 2346 325 2386 se
354 2332 722 2401 praejudicium
748 2332 942 2388 aﬂ‘erre
968 2333 1108 2389 velle
1150 2342 1473 2403 protestatus
1506 2335 1615 2390 sit:
1646 2355 1665 2389 ‹
1702 2336 1861 2401 Quis-

260 2425 385 2493 quis
410 2438 560 2495 ergo,
595 2425 785 2495 inquit,
813 2439 921 2479 non
950 2439 1091 2491 eam,
1116 2440 1275 2496 quam
1302 2441 1400 2495 pro
1429 2435 1615 2482 nostro
1642 2428 1861 2483 modulo

262 2520 353 2573 vel
387 2518 638 2590 indagare
664 2519 748 2573 vel
780 2527 965 2589 putare
992 2520 1286 2589 potuimus,
1314 2520 1409 2576 sed
1456 2521 1612 2575 aliam
1640 2522 1865 2592 requirit

262 2615 320 2666 in
362 2611 576 2667 illorum
628 2612 836 2667 dierum
893 2611 1297 2668 enumeratione
1350 2613 1693 2678 sententiam,
1741 2628 1863 2683 qua:

262 2719 372 2759 non
400 2706 451 2758 in
468 2704 748 2775 prophetia
773 2705 1018 2773 figurate,
1041 2707 1135 2760 sed
1154 2705 1210 2760 in
1229 2707 1327 2760 hac
1351 2716 1716 2761 creaturarum
1734 2722 1865 2763 con-

262 2797 472 2853 ditione
502 2798 716 2868 proprie
745 2797 1040 2868 meliusque
1069 2798 1241 2867 possit
1268 2797 1512 2869 intelligi,
1543 2810 1773 2868 quaerat,
1808 2808 1866 2856 et

261 2890 524 2946 divinitus
555 2890 770 2961 adjutus
796 2891 1053 2946 inveniat.
1078 2890 1223 2947 Fieri
1248 2891 1391 2947 enim
1418 2901 1597 2963 potest
1624 2902 1681 2947 ut
1701 2894 1863 2949 etiam

262 2999 367 3055 ego
395 2985 554 3039 aliam
599 2984 681 3039 his
710 2984 904 3039 divinat
934 2984 1227 3055 Scriptura:
1259 2986 1445 3041 verbis
1484 2988 1864 3057 congruentio-

262 3093 382 3133 rem
423 3078 665 3134 fortassis
692 3078 988 3143 inveniam;
1020 3093 1194 3148 neque
1224 3079 1367 3133 enim
1424 3082 1495 3133 ita
1548 3079 1685 3134 hanc
1734 3095 1863 3135 con-

262 3169 445 3235 firmo,
476 3178 535 3224 ut
575 3170 755 3238 aliam,
789 3186 906 3241 qua:
934 3172 1291 3242 praeponenda
1340 3173 1427 3239 sit,
1477 3173 1702 3228 inveniri
1750 3189 1856 3229 non

263 3275 428 3331 posse
458 3262 797 3317 contendam.
837 3282 855 3315 ι
887 3261 981 3317 His
1012 3276 1070 3317 se
1100 3262 1361 3317 munitum
1406 3264 1572 3318 voluit
1593 3263 1853 3321 adversus
1882 3258 1929 3322 C
1961 3276 2149 3317 manus

263 3359 657 3414 malevolorum
689 3359 947 3415 lectorum
975 3374 1229 3416 censuras
1259 3361 1357 3416 lib.
1388 3377 1441 3416 iV
1489 3363 1557 3418 de
1604 3363 1738 3418 Gen.
1789 3363 1857 3419 ad

262 3454 393 3518 litt.,
422 3468 539 3522 cap.
570 3452 660 3507 28.
698 3453 822 3509 ﬂare
851 3455 963 3509 sola
990 3455 1271 3525 Augustini
1303 3457 1468 3512 verba
1496 3457 1681 3513 solidm
1728 3474 1857 3527 apo-

261 3547 423 3617 logiaa
450 3547 567 3602 loco
604 3548 843 3603 habenda
874 3560 1077 3618 essent,
1110 3565 1210 3605 nec
1232 3550 1523 3621 quidquam
1554 3570 1740 3608 rursus
1763 3554 1857 3610 ad-

260 3638 505 3694 dendum
536 3638 676 3695 foret
725 3656 822 3707 pro
865 3640 1107 3711 ejusdem
1156 3642 1614 3712 interpretationis
1671 3644 1859 3700 defen-

261 3731 437 3786 sione.
494 3732 757 3787 Czeterum
817 3747 880 3787 ex
940 3733 1138 3787 nostris
1200 3732 1551 3803 scriptoribus
1607 3736 1858 3805 magister

263 3823 585 3878 Emmanuel
623 3823 796 3879 Cerda
842 3823 1153 3892 Lusitanus,
1202 3826 1447 3895 publicus
1487 3827 1541 3881 in
1585 3828 1857 3884 academia

259 3916 688 3972 Conimbricensi
719 3916 998 3987 theologia:
1028 3917 1320 3988 professor,
1352 3919 1404 3973 in
1426 3920 1540 3975 suis
1566 3920 1858 3988 Quodlibeo

260 4010 331 4063 tis
364 4009 705 4080 theologicis,
739 4012 1003 4066 acerrime
1033 4020 1220 4066 contra
1273 4013 1634 4068 recentiorum
1683 4015 1856 4085 impe-

260 4111 375 4155 tum
400 4102 578 4171 magni
601 4101 845 4157 Parentis
866 4105 1188 4159 sententiam
1221 4116 1539 4175 propugnat,
1564 4121 1859 4179 eorumque

260 4195 391 4250 etin
424 4196 761 4251 censurando
816 4197 1118 4263 audaciam,
1148 4206 1200 4253 et
1228 4199 1283 4252 in
1318 4199 1680 4269 impugnando
1707 4199 1859 4255 debi-

218 4356 227 4365 ‘
261 4290 469 4345 litatem
500 4290 768 4357 ostendit;
797 4291 940 4345 idem
970 4306 1184 4361 quoque
1207 4292 1453 4360 praestitit
1494 4292 1718 4348 Carolus
1747 4294 1859 4349 Mo-

265 4399 420 4449 reau,
446 4394 630 4438 noster
663 4383 1033 4451 Bituricensis,
1065 4385 1117 4439 in
1152 4384 1409 4440 Vindiciis
1439 4385 1697 4455 pacificis.
1743 4386 1859 4457 Ego

260 4476 624 4533 recentiorum
654 4477 1024 4532 accusationes
1045 4491 1165 4532 cum
1188 4486 1428 4532 veterum
1460 4478 1852 4548 theologorum,

262 4577 315 4621 et
343 4567 560 4637 quidem
593 4567 891 4636 principum
920 4567 1138 4637 judiciis
1160 4568 1408 4622 conferre
1438 4570 1578 4634 volo,
1612 4583 1732 4622 nam
1766 4570 1854 4639 qui

1963 1987 2081 2026 rum
2128 1972 2419 2028 academiae
2463 1977 2970 2046 proscripsere?An
3021 1982 3148 2052 quia
3189 1984 3284 2038 tibi
3339 1984 3551 2057 tuisque

1961 2062 2228 2132 displicet,
2260 2081 2486 2121 erronea
2513 2070 2780 2125 censenda
2811 2074 2927 2126 est?
2956 2074 3027 2129 At
3055 2076 3192 2131 scito
3226 2080 3547 2134 recentiori-

1962 2154 2062 2209 bus
2089 2158 2493 2227 Augustinianis
2522 2158 2831 2218 doctoribus
2859 2165 3074 2233 probari
3117 2168 3407 2237 Cerdensi,
3439 2171 3556 2227 Mo-

1963 2261 2090 2301 reau
2119 2258 2279 2319 atque
2309 2249 2583 2307 Ludovico
2611 2253 2679 2308 ab
2704 2255 2947 2323 Angelis,
2991 2258 3199 2316 doctori
3247 2260 3555 2319 Conimbri-

1962 2340 2130 2406 censi,
2160 2341 2250 2396 lib.
2279 2357 2311 2395 v
2337 2342 2404 2397 de
2428 2343 2546 2399 Vita
2572 2348 2743 2402 sancti
2763 2348 3065 2421 Augustini,
3096 2369 3213 2424 cap.
3235 2356 3288 2419 9,
3311 2357 3400 2411 ubi
3421 2359 3556 2415 alios

1962 2433 2149 2488 Patres
2175 2434 2265 2503 qui
2294 2438 2591 2507 Augustino
2621 2455 2682 2496 ea
2711 2441 2764 2496 in
2806 2458 2866 2498 re
2896 2459 3220 2503 consensere
3270 2451 3551 2521 producit,

1964 2532 2125 2593 atque
2150 2526 2205 2579 in
2235 2527 2485 2584 Molinam
2507 2530 2576 2585 ob
2605 2530 2817 2587 Patrem
2847 2536 3232 2605 reprehensum
3258 2537 3552 2602 invehitur.

1966 2615 2179 2673 Tertius
2216 2621 2497 2689 Augustini
2542 2636 2823 2681 accusator
2860 2629 3086 2700 Arriaga
3129 2632 3367 2689 clamat:
3396 2652 3416 2687 ε
3448 2636 3556 2691 Ex-

1966 2710 2186 2779 plicatio
2220 2711 2335 2767 haec
2376 2724 2629 2772 censetur
2653 2718 2721 2773 ab
2749 2720 2998 2776 omnibus
3029 2722 3423 2794 improbabilis,
3456 2743 3556 2783 nec

1967 2816 2068 2871 ego
2093 2802 2279 2858 dubito
2307 2806 2433 2875 quin
2464 2807 2511 2861 si
2556 2810 2917 2880 Augustinum
2960 2829 3067 2869 non
3107 2814 3331 2872 haberet
3373 2827 3559 2888 patro.-

1967 2911 2125 2962 num,
2157 2900 2439 2955 manifeste
2467 2900 2718 2959 damnata
2749 2905 2937 2962 fuisset
2966 2917 3023 2964 ut
3053 2908 3324 2981 haeretica,
3366 2931 3387 2964 ι
3423 2921 3553 2969 tom.

1965 2986 2033 3054 ii,
2063 2988 2117 3043 in
2148 2998 2286 3058 part.
2312 3006 2351 3056 ι,
2380 2991 2581 3062 disput.
2610 2994 2702 3061 28,
2728 3012 2875 3052 num.
2905 2998 2995 3053 40.
3022 3002 3093 3054 At
3118 3004 3435 3059 recentioris
3459 3005 3557 3060 hu-

1962 3076 2052 3148 jus
2081 3095 2240 3135 voces
2271 3082 2635 3152 comprimunt
2662 3086 2769 3141 duo
2804 3088 3127 3147 Parisiensis
3156 3095 3354 3149 schola:
3399 3095 3555 3151 theo-

1967 3169 2074 3241 logi
2124 3173 2398 3242 przscipui,
2450 3184 2666 3231 sanctus
2691 3178 3061 3237 Bonaventura
3100 3192 3153 3239 et
3179 3183 3425 3256 Egidius
3449 3187 3556 3242 Ilo-

2205 3281 2218 3316 :
2266 3264 2358 3321 ille
2402 3265 2618 3336 quidem
2665 3268 2718 3323 in
2764 3270 2826 3336 2,
2860 3272 2989 3327 dist.
3030 3273 3126 3340 i5,
3157 3288 3261 3332 art.
3300 3274 3364 3343 i‘,
3398 3294 3452 3348 q.
3489 3280 3548 3345 ~i,

1961 3355 2203 3411 scribit:
2244 3376 2263 3408 ι
2303 3359 2559 3427 Quamvis
2610 3370 2788 3418 autem
2847 3364 2963 3421 hazc
3016 3367 3211 3436 positio
3267 3372 3559 3441 probabilis

1961 3459 2105 3503 esset
2128 3457 2181 3504 et
2211 3450 2567 3519 rationabilis,
2591 3454 2841 3510 catholici
2887 3465 3065 3514 tamen
3104 3448 3440 3529 tractatores,
3466 3466 3560 3534 qui

1961 3542 2317 3612 Augustinum
2343 3546 2514 3601 secuti
2559 3557 2705 3614 sunt,
2740 3548 2875 3604 viam
2917 3553 3077 3607 aliam
3123 3557 3559 3627 approbavernnt

1963 3637 2164 3703 magis;
2202 3656 2223 3690 ι
2259 3638 2361 3694 iste
2404 3654 2560 3708 vero,
2595 3650 2732 3710 part.
2763 3658 2779 3696 ι
2812 3643 3056 3712 Hexam.,
3086 3663 3202 3718 cap.
3234 3650 3303 3705 28
3331 3669 3344 3704 :
3384 3670 3402 3703 ‹
3433 3652 3551 3707 Non

1964 3736 2167 3794 autem,
2199 3730 2392 3799 inquit,
2429 3733 2529 3787 ista
2575 3735 2825 3805 dicimus,
2864 3750 2919 3793 ut
2945 3742 3311 3810 improbemus
3346 3747 3556 3815 opinio-

1963 3836 2088 3877 nem
2117 3825 2418 3893 Augustini,
2449 3842 2568 3896 quaa
2595 3838 2677 3883 est
2708 3831 2864 3887 valde
2891 3835 3103 3889 subtilis
3128 3844 3184 3890 et
3214 3838 3493 3894 solemnis.
3528 3860 3548 3894 ι

1965 3913 2072 3969 Sed
2100 3916 2225 3984 quid
2254 3917 2472 3973 tandem
2500 3919 2641 3974 dicat
2671 3922 2760 3977 ille
2796 3925 3073 3999 Augustini
3124 3942 3319 3984 censor
3364 3931 3557 3988 Morai-

1963 4021 2058 4065 nes
2083 4008 2389 4064 audiamus.
2425 4011 2520 4067 ille
2547 4014 2783 4085 quidem,
2813 4019 3046 4073 rccitans
3074 4022 3370 4093 catalogum
3400 4040 3552 4079 erro-

1961 4114 2080 4153 rum
2108 4103 2276 4156 sancti
2311 4102 2506 4167 Patris,
2541 4105 2684 4162 hunc
2707 4108 2879 4177 primo
2908 4111 3029 4167 loco
3060 4114 3275 4181 posuit:
3316 4134 3335 4167 ‹
3375 4118 3555 4173 Sensit

1963 4190 2056 4245 ille
2081 4193 2339 4248 mundum
2370 4195 2423 4249 in
2464 4197 2685 4253 instanti
2715 4213 2954 4257 creatum
3001 4203 3187 4271 fuisse,
3231 4216 3361 4275 etc.,
3411 4211 3553 4280 quod

1965 4298 2070 4338 non
2101 4290 2353 4345 convenit
2385 4304 2503 4345 eum
2535 4292 2751 4361 scriptis
2782 4310 2809 4348 a
2839 4294 3025 4368 Moyse
3053 4313 3171 4367 cap.
3200 4316 3216 4354 ι
3243 4299 3515 4358 Geneseos
3535 4344 3552 4371 ,

1961 4389 2020 4430 ut
2072 4380 2361 4435 ostendunt
2421 4384 2782 4440 accuratiores
2840 4388 3115 4460 theologi,
3168 4393 3553 4464 Speciatimque

1960 4467 2182 4537 Suarez,
2208 4471 2423 4538 Molina,
2456 4475 2742 4532 Maarmou
2768 4479 2862 4549 (ita
2896 4491 3069 4537 semet
3092 4484 3231 4539 inter
3253 4488 3554 4544 accuratio-

1964 4577 2052 4618 res
2079 4565 2355 4633 theologos
2386 4570 2679 4640 recenset),
2730 4576 3196 4646 communiterque
3238 4579 3477 4647 rejicitur
3522 4598 3553 4638 a

265 4627 511 4716 exactam
546 4627 951 4731 Augusti-nisus:
982 4660 1264 4716 sententiae
1292 4658 1663 4717 defensionem
1712 4661 1857 4718 desi-
1885 4627 1938 4689 θ
1964 4656 2273 4713 doctoribus
2313 4662 2611 4727 catholicis,
2653 4683 2673 4715 ›
2715 4666 2856 4735 disp.
2904 4667 2967 4719 i2
3027 4670 3349 4738 Anti-laus,
3400 4690 3550 4730 num.

264 4755 441 4822 derat,
471 4755 797 4811 Cerdensem
822 4754 984 4825 legat.

334 4849 503 4919 igitur
545 4848 846 4903 Ludovicus
895 4847 1119 4914 Molina,
1164 4847 1219 4903 in
1257 4854 1417 4903 tract.
1466 4846 1534 4903 de
1563 4846 1738 4918 Opere
1763 4863 1860 4905 sex

262 4941 498 5009 dierum,
529 4942 669 5011 disp.
697 4941 751 5009 1,
795 4939 867 4996 ita
896 4941 966 4998 de
991 4942 1273 5012 Augustini
1312 4941 1672 5011 explicatione
1715 4943 1860 5013 judi-

262 5047 397 5092 cat:
435 5052 454 5087 t
493 5034 773 5105 Exponere
805 5034 859 5089 in
907 5048 975 5090 eo
1002 5049 1170 5090 sensu
1219 5034 1545 5104 Scripturas,
1596 5042 1680 5089 est
1729 5049 1859 5090 sane

262 5142 450 5183 earum
477 5126 848 5182 auctoritatem
897 5140 1179 5193 enervare,
1215 5135 1269 5182 et
1306 5125 1536 5181 ludibrio
1567 5124 1703 5181 forte
1739 5139 1859 5181 eam

262 5238 452 5280 coram
479 5222 789 5279 infidelibus
814 5236 1105 5291 exponere.
1149 5239 1169 5275 ι
1202 5224 1272 5277 At
1298 5235 1406 5276 non
1436 5221 1510 5276 ita
1556 5220 1767 5291 abjecte
1794 5220 1860 5275 de

265 5318 554 5389 Augustini
579 5316 1027 5387 interpretatione
1063 5314 1234 5371 sensit
1284 5328 1507 5385 magnus
1554 5314 1856 5383 theologiat,

266 5408 375 5464 imo
403 5408 661 5465 Ecclesiae
683 5407 898 5476 doctor,
930 5416 1149 5462 sanctus
1178 5404 1435 5473 Thomas,
1475 5404 1531 5458 in
1573 5404 1607 5457 2
1630 5404 1860 5461 Senten-

266 5502 486 5569 tiarum,
520 5500 643 5557 dist.
674 5499 774 5566 12,
802 5510 992 5571 quazst.
1043 5498 1095 5566 1,
1142 5507 1245 5553 art.
1285 5497 1359 5553 2:
1399 5515 1417 5548 ι
1445 5497 1641 5552 Harum
1673 5497 1856 5568 igitur,

266 5596 465 5667 inquit,
492 5596 886 5665 expositionum
911 5593 1084 5665 prima
1115 5592 1445 5667 (Augustini)
1476 5602 1559 5647 est
1584 5592 1857 5663 subtilior,

267 5689 441 5759 magis
469 5690 538 5744 ab
559 5686 813 5743 irrisione
841 5686 1141 5742 infidelium
1166 5686 1473 5756 Scripturas
1492 5684 1805 5741 defendens.
1836 5705 1855 5739 ι

270 5782 515 5837 Alterum
565 5779 805 5851 ejusdem
843 5777 1081 5849 Angeiici
1112 5776 1459 5847 praeceptoris
1493 5784 1694 5833 textum
1733 5791 1859 5831 mox

270 5871 523 5940 laudabo,
554 5870 612 5927 in
638 5886 745 5941 quo
770 5870 1038 5927 contraria
1069 5879 1292 5939 prorsus
1321 5866 1511 5925 scribit
1536 5867 1607 5924 iis
1644 5881 1764 5937 quae
1792 5868 1861 5924 de

1967 4748 2057 4803 52.
2093 4750 2199 4805 Sed
2251 4767 2355 4807 non
2399 4753 2472 4807 ita
2518 4753 2781 4823 judicavit
2821 4757 3104 4830 Dionysius
3147 4762 3558 4833 (Jarthusianus,

1967 4843 2091 4899 dum
2139 4846 2190 4899 in
2238 4861 2357 4915 cap.
2392 4863 2407 4899 ι
2437 4848 2596 4914 Gem,
2642 4859 2744 4903 art.
2776 4851 2844 4917 5,
2878 4853 3093 4921 scripsit
3127 4873 3138 4907 :
3176 4873 3193 4906 ι
3224 4857 3555 4926 Augustinus

1966 4938 2285 5008 excogitavit
2341 4940 2625 5008 quamdam
2676 4944 3069 5012 expositionem
3124 4947 3411 5015 subtilem,
3460 4966 3558 5019 per

1968 5045 2125 5098 quam
2149 5030 2388 5085 defendit
2410 5033 2741 5105 Scripturam
2773 5035 2841 5090 ab
2862 5035 3111 5092 irrisione
3151 5038 3479 5110 hujusmodi,
3504 5053 3560 5099 et

1966 5130 2143 5177 tamen
2172 5122 2709 5196 salvavitScriptura:
2733 5136 2785 5182 et
2808 5128 2931 5183 fidei
2956 5131 3259 5187 veritatem.
3291 5153 3310 5185 ι
3340 5134 3406 5189 Et
3429 5144 3559 5193 ante

1965 5214 2138 5283 ipsum
2166 5225 2384 5272 sanctus
2412 5217 2669 5286 Thomas,
2720 5220 2941 5276 recitata
2969 5221 3254 5292 Augustini
3298 5236 3353 5282 et
3388 5229 3558 5285 altera

1965 5307 2193 5361 aliorum
2239 5307 2455 5363 Patrum
2500 5311 2876 5379 explicatione,
2905 5314 3077 5384 inquit
3118 5332 3132 5373 :
3184 5337 3204 5371 ι
3254 5318 3553 5392 Utrumque

1964 5412 2180 5455 sensum
2211 5401 2615 5458 circumstantia
2645 5404 2839 5459 littera:
2867 5407 3090 5475 patitur,
3134 5428 3152 5461 ι
3187 5408 3239 5465 in
3267 5411 3302 5463 2
3332 5412 3558 5468 Senten-

1968 5493 2160 5548 tiarum
2190 5495 2282 5549 cit.
2311 5494 2402 5549 Nae
2436 5505 2652 5551 sanctus
2697 5496 2961 5563 Thomas,
3006 5500 3258 5557 Albertus
3303 5503 3554 5576 Magnus,

1968 5594 2184 5641 sanctus
2215 5586 2587 5641 Bonaventura
2627 5596 2684 5644 et
2724 5587 2971 5660 ngidiuS
2997 5590 3271 5649 Romanus
3302 5596 3443 5651 inter
3465 5611 3557 5650 ac-

1968 5690 2109 5733 curat
2120 5679 2259 5734 iores
2274 5680 2552 5751 theologos
2576 5683 2796 5738 minime
2810 5686 3127 5742 recensendi
3145 5689 3301 5743 sunt?
3314 5688 3553 5744 Eruntne

1968 5774 2044 5828 illi
2087 5775 2152 5828 de
2195 5776 2379 5830 ultima
2425 5776 2794 5849 theologorum
2844 5779 3036 5848 plebe,
3090 5790 3369 5837 senatores
3422 5797 3553 5837 vero

1970 5868 2189 5935 Suares,
2209 5868 2399 5926 Moliua
2424 5880 2479 5928 et
2504 5868 2769 5928 Martinon
2787 5874 2809 5926 ?
2827 5873 2938 5929 imo
2960 5876 3195 5931 omnium
3236 5874 3555 5933 nobilissimi
