3962 6346
528 344 631 400 723

1308 366 1313 373 λ
1382 348 1941 409 SUPPLEMENTUM
1982 352 2074 409 AD
2112 352 2340 412 OPERA
2380 355 2437 413 S.
2480 357 2873 420 AUGUSTINI.

3639 385 3716 444 72$

528 460 603 514 illi
632 469 775 527 sunt,
803 461 993 530 quibus
1021 459 1289 514 etSuarez
1320 470 1375 516 et
1403 460 1594 518 Molina
1628 472 1929 536 assurgunt,
1960 465 2100 523 Mar-
2127 466 2184 527 A
2212 472 2528 544 probatione
2558 491 2621 547 ex
2652 478 2893 548 originali
2932 480 3049 536 solo
3090 493 3309 552 peccato
3338 454 3446 543 oria
3471 487 3717 558 Calviniaua
3758 488 3767 497 ”

528 552 678 609 tinon
702 568 833 610 vero
858 568 957 609 nec
977 554 1166 608 eadem
1188 566 1308 607 cum
1340 554 1445 609 illis
1474 555 1563 611 die
1603 560 1931 615 nominetur.

601 644 737 700 lllud
775 645 990 715 quidem
1039 644 1336 713 principum
1379 645 1693 719 theologicae
1733 651 1934 706 schola:
1967 651 2110 721 judi-

527 715 667 791 cium
714 736 783 792 de
830 738 1001 791 sancti
1043 737 1326 808 Augustini
1376 715 1821 809 interpretatione
1859 715 1985 810 fuit,
2023 745 2110 801 cui

524 841 655 885 sane
696 826 785 882 alii
828 836 955 883 ante
994 828 1351 900 Augustinum
1380 831 1520 887 viam
1548 846 1889 902 aperuerant.
1923 835 2107 904 Philo,

523 918 870 975 Hebraeorum
901 920 1055 976 Plato
1077 962 1093 988 ,
1128 937 1469 979 communem
1498 926 1819 981 sententiam
1850 927 1918 983 de
1946 942 2111 997 opere

522 1025 616 1066 sex
658 1010 869 1067 dierum
916 1028 1024 1069 non
1063 1013 1225 1068 modo
1265 1015 1478 1084 rejecit,
1506 1032 1690 1072 verum
1721 1017 1880 1073 etiam
1922 1018 2105 1087 irrisit,
2194 1041 2197 1045 ν

522 1103 618 1160 lib.
662 1120 680 1159 ι
722 1105 959 1176 Allegor.
992 1106 1239 1178 inquiens
1282 1124 1296 1161 :
1351 1127 1370 1161 σ
1417 1109 1720 1166 Rusticanae
1751 1113 2110 1182 simplicitatis

525 1212 646 1254 esse
691 1208 880 1269 putare
926 1214 1020 1256 sex
1065 1200 1277 1269 diebus,
1308 1212 1401 1257 aut
1445 1204 1630 1272 utique
1677 1214 1825 1260 certo
1871 1214 2111 1278 tempore

526 1291 784 1348 mundum
808 1307 930 1348 esse
951 1301 1213 1349 creatum.
1237 1313 1255 1346 ι
1282 1293 1361 1349 Ex
1388 1294 1591 1351 Graecis
1611 1293 1861 1353 Clemens
1883 1298 2112 1355 Alexan-

525 1384 747 1452 drinus,
786 1386 879 1441 lib.
908 1402 961 1441 vt
1006 1385 1371 1454 Stromatum,
1404 1389 1649 1445 eamdem
1699 1391 2110 1461 eaplicationem

526 1484 745 1533 secutus
789 1486 891 1545 est,
928 1494 1089 1549 quam
1138 1479 1278 1550 apud
1322 1479 1543 1536 Latinos
1574 1490 1758 1538 noster
1787 1484 2113 1555 Augustinus

523 1582 683 1639 quam
734 1570 965 1627 maxime
1014 1571 1319 1627 illustravit.
1351 1573 1501 1628 illam
1549 1574 1713 1630 etiam
1758 1576 1888 1631 tanti
1939 1579 2112 1633 fecere

525 1664 757 1720 universi
789 1664 1095 1721 scholastici
1122 1666 1390 1734 doctores,
1426 1678 1481 1723 ut
1523 1681 1717 1739 magno
1760 1669 1941 1724 studio
1981 1670 2113 1726 alla-

520 1757 762 1833 borarint
792 1759 847 1814 in
876 1758 1187 1829 explicanda
1219 1760 1488 1817 sententia
1525 1762 1807 1831 Augustini
1833 1762 1901 1817 de
1925 1762 2111 1833 cogni-

519 1830 797 1907 tioneilla
840 1852 1101 1907 matutina
1139 1863 1192 1907 et
1230 1854 1534 1923 vespertina
1579 1830 1784 1923 rerum,
1818 1830 2015 1926 nempe
2056 1855 2109 1911 in

517 1943 697 2000 divina
745 1953 937 2001 natura
963 1956 1017 2001 et
1068 1947 1122 2001 in
1169 1956 1227 2001 se
1272 1948 1423 2017 ipsis.
1458 1948 1531 2002 Ita
1576 1949 1647 2004 de
1672 1964 1800 2005 vero
1827 1950 2112 2020 Augustini

518 2051 683 2093 sensu
707 2038 848 2094 inter
867 2052 926 2095 se
948 2053 1056 2093 non
1080 2039 1270 2094 leviter
1298 2040 1506 2111 litigant
1531 2042 1779 2098 doctores
1806 2042 2111 2099 scholarum

519 2131 793 2200 principes
832 2131 1085 2188 Albertus
1114 2132 1367 2204 Magnus,
1404 2144 1541 2202 part.
1576 2150 1593 2189 ι
1634 2135 1892 2203 Summas,
1920 2153 1975 2207 q.
2001 2137 2106 2206 12,

520 2230 621 2278 art.
656 2222 688 2275 6
713 2232 768 2279 et
795 2225 824 2277 7
849 2242 863 2291 ;
894 2235 1115 2282 sanctus
1141 2225 1395 2297 Thomas,
1422 2237 1559 2297 part.
1593 2244 1630 2294 ι,
1658 2245 1711 2300 q.
1743 2230 1829 2297 58,
1860 2239 1964 2286 art.
1994 2229 2027 2283 6
2055 2239 2113 2291 et

520 2314 587 2380 7;
624 2315 1016 2385 Bonaventura,
1048 2318 1105 2383 2,
1138 2318 1263 2376 dist.
1296 2320 1349 2387 4,
1383 2329 1485 2377 art.
1520 2324 1572 2387 5,
1613 2338 1666 2392 q.
1711 2325 1773 2388 l;
1805 2323 2014 2389 Scotus,
2052 2324 2108 2393 2,

522 2404 649 2462 dist.
678 2407 734 2475 5,
767 2416 955 2478 quaest.
989 2409 1058 2474 9;
1088 2408 1351 2481 Egidius,
1394 2420 1534 2481 part.
1569 2428 1587 2467 ι
1632 2412 1941 2484 Hexamer.,
1984 2430 2107 2487 cap.

517 2497 610 2566 29,
642 2510 696 2556 et
722 2502 901 2557 caeteri
941 2504 1318 2573 communiter,
1348 2519 1485 2576 quos
1533 2522 1637 2561 non
1686 2507 1805 2564 sine
1852 2509 2008 2565 laude
2051 2511 2106 2569 in

516 2592 706 2649 eadem
734 2596 1019 2666 Augustini
1064 2605 1245 2652 mente
1288 2598 1589 2669 indaganda
1633 2601 1821 2657 imitati
1862 2612 1987 2658 sunt
2016 2605 2107 2663 .le-

515 2685 719 2740 suiticue
747 2685 947 2742 schola
972 2687 1153 2755 duces,
1181 2689 1381 2747 Snarez
1411 2691 1503 2747 lib.
1531 2708 1545 2745 ι
1569 2693 1636 2748 de
1663 2694 1838 2765 Opere
1867 2709 1961 2751 sex
1993 2694 2107 2754 die-

515 2791 631 2831 rum
654 2817 668 2843 ,
702 2792 820 2848 cap.
852 2779 954 2845 i0;
987 2780 1263 2853 Vasqucz,
1294 2791 1431 2853 part.
1463 2800 1508 2852 ι,
1542 2785 1740 2856 disput.
1774 2786 1864 2858 51,
1898 2804 2014 2860 cap.
2045 2792 2099 2847 2.

515 2867 665 2923 Mitto
695 2868 782 2925 bic
813 2885 932 2941 quae
960 2887 1027 2929 ex
1057 2872 1414 2943 Cassiodoro,
1450 2877 1654 2933 Isidoro
1676 2920 1689 2947 ,
1720 2879 1917 2937 Junilio
1954 2883 2104 2939 aliis-

511 2974 616 3028 que
644 2959 696 3014 in
728 2963 1251 3019 commendationem
1286 2967 1693 3038 Augustinianae
1724 2971 2102 3039 explicationis

511 3053 787 3121 adducunt
812 3056 1052 3112 Lusitani
1096 3059 1265 3113 nostri
1299 3059 1547 3116 doctores
1576 3060 1746 3117 Cerda
1775 3073 1829 3118 et
1860 3063 2098 3120 Ludovi-

508 3162 602 3202 cus
633 3149 702 3203 ab
729 3150 969 3221 Angelis.
993 3151 1053 3206 P.
1080 3144 1399 3221 Macedo,'in
1431 3156 1601 3211 altero
1637 3158 1930 3230 theologico
1956 3170 2099 3218 tonio

508 3335 945 3403 terpretationem
987 3334 1222 3392 defendit
1253 3338 1470 3409 (Collat.
1505 3340 1559 3405 6,
1595 3341 1709 3408 di/f.
1740 3340 1819 3412 9.),
1857 3343 1943 3399 ubi
1974 3346 2096 3415 plu-

511 3442 596 3481 res
628 3428 959 3485 recentiores
986 3431 1166 3486 laudat
1196 3433 1284 3503 qui
1311 3434 1594 3505 Augustini
1626 3440 1948 3493 sententiam
1982 3440 2097 3497 am-

508 3520 704 3589 plexati
734 3531 877 3578 sunt.
919 3522 1132 3579 Interim
1169 3525 1425 3597 legendus
1451 3530 1675 3585 omnino
1701 3540 1783 3586 est
1814 3532 1952 3589 idem
1978 3533 2093 3589 Au—

504 3615 746 3683 gustinus
776 3615 867 3671 lib.
895 3633 967 3672 itit
996 3616 1263 3692 Confess.,
1291 3620 1378 3677 ubi
1410 3640 1439 3678 a
1471 3640 1587 3693 cap.
1620 3627 1682 3681 Η
1710 3640 1879 3699 usque
1906 3628 1971 3682 ad
1999 3627 2089 3699 52,

507 3720 614 3776 quo
643 3707 782 3765 liber
812 3710 900 3766 ille
930 3712 1216 3778 clauditur,
1247 3712 1443 3787 justam
1470 3717 1572 3774 sibi
1604 3720 1905 3791 apologiam
1933 3737 2090 3792 para-

514 3802 607 3870 vit,
632 3818 734 3874 qua
756 3820 880 3861 suas
910 3806 961 3861 in
981 3806 1218 3879 Moysem
1247 3808 1712 3881 interpretationes
1740 3816 2089 3888 suggillantes

502 3895 674 3952 solide
698 3898 1008 3954 confutavit.

502 4013 527 4084 ς
557 4014 625 4073 Χ.
660 4014 881 4073 Sanctus
906 4020 1224 4098 Augustinus
1254 4037 1357 4077 non
1392 4021 1579 4077 erravit
1606 4026 1881 4098 asserenda
1912 4043 2089 4098 pecca-

702 4098 809 4143 tum
840 4090 1092 4161 originale
1115 4106 1223 4146 esse
1252 4108 1463 4148 causam
1488 4096 1882 4162 reprobationis.

568 4202 862 4269 Adesdum,
893 4203 1097 4271 lector;
1141 4220 1262 4261 nam
1312 4208 1599 4265 immanem
1648 4224 1867 4279 prorsus
1907 4213 2086 4286 Augu-

496 4295 637 4349 stino
659 4310 895 4352 errorem
920 4297 1103 4367 objicit
1124 4294 1382 4367 Adamus,
1399 4300 1523 4356 dunt
1545 4317 1665 4370 cap.
1682 4302 1735 4367 5,
1757 4304 2015 4375 pag.584,
2034 4315 2088 4363 et

496 4402 615 4458 cap.
632 4388 683 4457 6,
708 4404 825 4460 pag.
842 4390 968 4456 6M,
985 4392 1169 4447 scribit
1186 4393 1541 4463 Augustinum
1553 4398 1784 4453 sensisse
1798 4400 1964 4454 soluat
1979 4418 2087 4472 pee-

494 4489 665 4535 catum
692 4481 902 4554 originis
937 4500 1042 4538 esse
1073 4501 1277 4539 causam
1302 4489 1673 4557 reprobationis
1700 4497 2082 4555 damnatorum.

494 4571 684 4628 Postea
708 4586 825 4643 cap.
848 4574 932 4643 10,
951 4590 1069 4647 pag.
1092 4575 1218 4643 667,
1235 4578 1373 4635 hanc
1395 4580 1638 4637 eamdem
1662 4584 1941 4655 Augustini
1964 4604 2086 4645 sen-

2212 566 2301 624 illa
2330 569 2509 640 opinio
2540 572 2831 629 deducatur
2862 589 2988 631 vere
3017 590 3081 630 an
3123 590 3434 648 apparenter
3459 593 3660 646 tantum?
3681 594 3721 651 Si

2213 663 2439 735 primum
2472 666 2647 735 dicat,
2680 678 2804 725 tunc
2835 668 2991 725 faciet
3023 670 3375 742 Augustinum
3420 692 3481 732 ex
3521 680 3719 742 Ecclesia

2213 760 2431 817 doctore
2464 762 2761 819 Calviniani
2792 766 2995 821 erroris
3023 769 3367 839 magistrum,
3399 774 3527 840 quod
3557 777 3721 847 impium

2214 860 2298 910 est
2326 854 2597 923 cogitare;
2630 858 2673 911 si
2704 874 2831 913 vero
2860 859 3086 915 alterum
3118 860 3369 927 affirmet,
3396 866 3577 924 videbit
3599 878 3723 930 sancti

2214 948 2497 1019 Augustini
2545 955 2867 1008 sententiam
2921 969 3026 1009 non
3074 954 3235 1011 modo
3288 972 3473 1028 reapse
3516 978 3605 1017 non
3641 982 3726 1027 esse

2213 1041 2537 1100 Calvinianae
2577 1044 2875 1117 hzereseos,
2907 1056 2967 1103 ut
3011 1063 3289 1119 perperam
3336 1061 3502 1120 putat,
3529 1068 3723 1129 matrem,

2214 1134 2307 1190 sed
2340 1151 2511 1205 neque
2538 1136 2751 1192 afﬁnem
2772 1179 2787 1204 ,
2816 1148 2869 1193 et
2895 1139 3097 1208 optime
3121 1155 3240 1195 cum
3273 1141 3556 1199 Calviniani
3578 1153 3725 1209 erroris

2214 1226 2588 1287 confutatione
2636 1246 2792 1301 posse
2839 1234 3110 1304 componi.
3152 1233 3306 1291 Unde
3354 1237 3523 1307 igitur,
3560 1241 3726 1313 Adame,

2216 1325 2321 1380 tale
2354 1336 2650 1381 monstrum
2686 1327 2917 1383 tinxisti?
2941 1330 3022 1383 An
3052 1328 3196 1398 quod
3228 1330 3298 1384 ita
3326 1329 3607 1391 Calvinistat
3631 1339 3729 1394 arbi-

2215 1418 2457 1473 trantur?
2482 1417 2575 1474 sed
2608 1420 2654 1474 si
2686 1419 2875 1474 horum
2906 1419 3212 1491 praajudicia
3238 1424 3494 1493 sequeris,
3508 1426 3601 1495 jam
3624 1440 3729 1497 pote-

2217 1520 2303 1563 ras
2352 1510 2655 1567 universam
2710 1514 2993 1584 Augustini
3038 1514 3362 1581 doctrinam,
3395 1517 3496 1572 imo
3532 1528 3578 1574 et
3600 1535 3731 1579 sacros

2215 1603 2427 1658 codices
2457 1604 2782 1674 compendio
2813 1607 3069 1673 horrere,
3104 1621 3228 1662 nam
3270 1607 3591 1679 Calvinistzc,
3614 1626 3729 1683 quot-

2215 1703 2345 1763 quot
2376 1694 2639 1752 haeresum
2674 1706 2920 1767 portenta
2958 1700 3223 1767 nutriunt,
3253 1716 3322 1757 ne
3348 1709 3574 1759 veterum
3599 1715 3731 1775 patro-

2215 1786 2357 1841 cinio
2389 1788 2571 1842 nudati
2604 1789 2891 1845 videantur
2915 1832 2929 1857 ,
2960 1791 3062 1847 sub
3107 1808 3276 1848 sacrae
3322 1792 3593 1863 Scripturze
3618 1809 3731 1871 atque

2142 1853 2193 1915 Β
2218 1881 2619 1951 Augustinianze
2650 1893 2787 1956 toga:
2823 1886 3139 1956 quibusdam
3172 1889 3338 1945 veluti
3379 1890 3573 1947 laciniis
3595 1853 3731 1952 eadem

2217 1974 2505 2031 obvolvere
2539 1985 2645 2031 tota
2677 1986 2793 2032 arte
2822 1988 3105 2034 conantur.

2289 2070 2333 2125 Ο
2360 2071 2563 2127 utinam
2592 2073 2757 2128 hocce
2788 2072 2997 2129 Calvini
3025 2074 3244 2131 eil‘alum
3272 2092 3341 2133 ex
3366 2077 3619 2149 Augustini
3644 2096 3732 2138 sea-

2215 2162 2378 2217 tentia
2409 2161 2694 2219 deductum
2727 2164 3070 2234 protulisses!
3105 2168 3247 2222 nulla
3276 2168 3428 2225 nobis
3455 2169 3658 2241 ejusdem
3677 2189 3733 2229 re-

2214 2252 2430 2310 fellendi
2458 2254 2747 2311 difﬁcultas
2770 2267 2936 2321 esset,
2955 2258 3044 2327 qui
3073 2258 3327 2316 tenebras
3356 2276 3459 2316 non
3487 2261 3733 2333 inrehi,sed

2214 2346 2381 2417 fugari
2410 2346 2540 2402 solis
2574 2349 2856 2418 praesentia
2884 2350 3151 2406 novimus.
3176 2351 3283 2407 Sed
3315 2367 3435 2410 cum
3466 2354 3639 2410 nullum
3662 2358 3733 2412 tale

2212 2440 2401 2508 dogma
2446 2441 2823 2512 appellaveris,
2855 2458 2921 2499 eo
2958 2442 3171 2500 silentio
3202 2460 3313 2501 non
3352 2447 3565 2503 obscure
3587 2448 3728 2519 signiﬁ-

2212 2533 2345 2587 casti
2380 2550 2487 2588 non
2518 2549 2639 2592 esse
2671 2534 2800 2591 illud
2833 2537 3049 2608 quidem
3084 2539 3481 2609 Augustiniauaz
3514 2543 3733 2599 sententia

2212 2623 2398 2692 ﬁlium,
2426 2625 2519 2682 sed
2548 2642 2579 2682 e
2605 2636 2695 2683 tuo
2724 2627 2947 2685 cerebro
2975 2642 3157 2685 natum
3188 2631 3517 2703 ﬁgmentum,
3540 2634 3576 2687 si
3605 2642 3732 2689 tamen

2210 2710 2435 2788 vigilans
2467 2717 2555 2775 illa
2582 2720 2864 2792 scripsisti.
2891 2722 2995 2779 Sed
3013 2738 3130 2795 age,
3160 2725 3437 2780 videamus
3456 2741 3597 2796 quam
3622 2727 3731 2798 longe

2209 2813 2380 2867 sancti
2414 2812 2696 2883 Augustini
2739 2817 3005 2871 sententia
3052 2813 3117 2871 de
3162 2816 3533 2888 reprobatione
3568 2833 3624 2876 ex
3654 2820 3732 2873 solo

2212 2912 2432 2971 peccato
2464 2903 2709 2974 originali
2746 2914 2864 2961 orta
2895 2906 3057 2964 distet
3084 2908 3149 2963 ab
3179 2924 3366 2966 errore
3396 2908 3597 2966 Calvini.
3622 2908 3732 2967 Certa

2207 3003 2396 3051 sancto
2448 2996 2747 3068 AuguStino
2795 3000 3063 3055 sententia
3120 3004 3315 3075 stetit,
3367 3001 3735 3074 reprobationem’

2206 3107 2513 3162 supponere
2563 3096 2870 3152 necessario
2930 3110 3209 3168 peccatum
3268 3101 3455 3158 saltem
3510 3103 3731 3174 originale.

2144 3244 2172 3263 __
2205 3183 2381 3252 Quare
2436 3201 2654 3243 versans
2695 3188 2787 3244 illa
2830 3189 2980 3246 Pauli
3018 3191 3084 3246 ad
3116 3192 3276 3249 Rom.
3303 3210 3378 3263 ix,
3410 3196 3487 3262 ll,
3520 3197 3577 3253 15
3603 3213 3615 3250 ;
3642 3194 3732 3249 Cum

510 3239 868 3298 Collationum
901 3243 969 3299 de
1005 3243 1248 3315 Angelis,
1279 3247 1591 3305 doctissime
1620 3253 1787 3306 sancti
1822 3251 1993 3308 Patris
2021 3255 2100 3310 in-
2125 3244 2172 3312 C

2207 3279 2434 3333 nondum
2483 3283 2594 3335 nati
2638 3282 2877 3354 fuissent,
2916 3295 3003 3339 aut
3053 3286 3251 3356 aliquid
3299 3288 3415 3344 boni
3457 3291 3643 3361 egissent
3671 3300 3732 3343 aut

2205 3369 2348 3439 mali,
2382 3382 2521 3437 etc.;
2570 3371 2732 3429 Iacob
2772 3374 2953 3443 dilexi,
2986 3375 3126 3433 Esau
3168 3389 3342 3437 autem
3381 3384 3495 3439 odio
3532 3384 3673 3449 habui,
3697 3386 3731 3437 in

2202 3463 2394 3534 quibus
2423 3466 2603 3521 verbis
2644 3468 2956 3537 reprobatio
2997 3470 3137 3526 Esau
3184 3472 3515 3545 designatur,
3542 3476 3730 3532 eamdem

2202 3565 2478 3624 peccatum
2518 3558 2740 3629 originis
2772 3576 3077 3631 supponere
3105 3562 3313 3624 docuit.
3348 3566 3404 3623 In
3436 3567 3636 3638 epistola
3664 3565 3732 3622 105

2197 3647 2305 3703 ait:
2344 3670 2361 3701 ‹
2401 3648 2535 3716 Quid
2577 3650 2767 3706 oderat
2788 3651 2839 3707 in
2865 3652 3005 3709 Esau
3028 3666 3315 3728 antequam
3351 3657 3555 3716 fecisset
3580 3658 3732 3729 aliquid

2195 3741 2343 3808 mali,
2376 3743 2475 3797 nisi
2500 3743 2758 3814 originale
2782 3749 3094 3815 peccatum?
3124 3774 3144 3802 ι
3179 3749 3248 3806 Et
3270 3750 3365 3807 lib.
3393 3768 3411 3808 ι
3437 3752 3499 3807 ad
3517 3751 3730 3820 Simplic.,

2193 3851 2247 3905 q.
2275 3835 2331 3903 2,
2364 3836 2546 3891 scribit
2575 3855 2585 3889 :
2614 3856 2631 3887 ι
2668 3836 2785 3891 Non
2812 3838 2972 3908 igitur
3000 3840 3113 3896 odit
3143 3840 3292 3900 Deus
3320 3843 3459 3899 Esau
3486 3844 3731 3908 hominem,

2192 3924 2287 3986 sed
2339 3929 2475 3985 Esau
2524 3940 2882 4001 peccatorem.
2944 3952 2962 3985 ι
3034 3934 3183 4002 Quod
3237 3936 3452 4007 quidem
3511 3945 3731 4008 peccatum

2192 4036 2299 4077 non
2351 4037 2471 4078 esse
2528 4022 2719 4077 factum
2774 4039 2805 4078 a
2836 4024 2967 4091 Deo,
3020 4026 3110 4096 qui
3147 4026 3413 4085 bonorum
3456 4038 3634 4085 tantum
3676 4036 3732 4084 est

2191 4124 2396 4180 auctor,
2428 4114 2625 4171 ibidem
2653 4117 2841 4185 probat
2868 4117 3226 4176 concludens:
3260 4138 3283 4174 ι
3314 4122 3438 4178 Odit
3462 4124 3590 4178 enim
3612 4123 3656 4178 in
3677 4123 3732 4178 eis

2190 4208 2711 4277 impietatrm,quatn
2742 4209 2857 4280 ipse
2885 4226 2987 4266 non
3018 4210 3166 4268 facit.
3192 4234 3210 4266 ι
3244 4218 3421 4282 Quare
3447 4216 3582 4271 nullo
3617 4226 3731 4285 pacto

2191 4299 2355 4357 Deum
2402 4302 2633 4357 futurum
2678 4302 2881 4373 justum
2929 4318 3222 4377 asseverat,
3251 4308 3299 4365 si
3336 4311 3568 4367 homines
3593 4326 3730 4379 repro-

2188 4396 2337 4453 baret
2381 4397 2525 4452 nullo
2569 4397 2619 4452 in
2663 4398 2793 4469 ipsis
2838 4402 3105 4457 existente
3146 4415 3405 4472 peccato:
3452 4424 3468 4457 ι
3500 4404 3561 4461 Ut
3593 4412 3729 4460 autem

2187 4488 2383 4544 odisset
2416 4488 2584 4551 Esau,
2618 4489 2718 4544 nisi
2759 4489 3035 4559 iniustitia:
3069 4493 3295 4563 merito,
3329 4496 3573 4565 injustum
3597 4504 3685 4558 cst,
3713 4510 3725 4541 ι

2192 4580 2319 4635 ibid.
2347 4578 2412 4635 Et
2439 4581 2592 4650 epist.
2634 4581 2727 4638 106
2762 4586 2825 4638 ad
2856 4582 3138 4640 Paulinum
3165 4604 3177 4639 :
3217 4606 3234 4638 ι
3270 4589 3397 4644 llaec
3425 4603 3585 4645 massa
3607 4586 3644 4643 si
3668 4599 3729 4641 cs-

491 4666 713 4720 tentiam
727 4669 1203 4735 sequenticensura
1220 4673 1556 4746 perstringit:
1578 4677 1713 4733 «Sed
1727 4632 2085 4738 siistedoctor
2113 4632 2166 4703 Β
2191 4684 2274 4730 sel
2309 4673 2380 4730 ita
2424 4674 2619 4743 Inedia.
2652 4689 2707 4731 υι
2740 4679 3192 4748 quemadmodum
3224 4681 3359 4736 nihil
3391 4683 3533 4752 boni,
3561 4683 3622 4737 ila
3659 4694 3729 4733 “00

495 4757 710 4829 (nempe
736 4760 1086 4833 Augustinus)
1118 4764 1339 4821 adderet
1370 4780 1645 4837 peccatum
1676 4774 1934 4845 originale
1960 4792 2082 4833 esse

488 4852 659 4906 solam
693 4867 908 4909 causam
944 4857 1357 4928 reprobationis,
1386 4875 1437 4918 et
1478 4881 1599 4921 esse
1644 4868 1694 4922 id
1736 4886 1841 4938 quo
1870 4870 1936 4925 ad
1968 4873 2079 4926 sal-

486 4952 637 4998 vatos
668 4960 696 4998 a
732 4946 998 5003 damnatis
1027 4951 1357 5019 separandos
1390 4968 1636 5012 movetur
1669 4959 1827 5031 Deus,
1856 4978 1961 5017 non
1991 4978 2077 5019 so-

484 5034 592 5089 lum
619 5050 716 5105 pro
746 5036 903 5109 hujus
934 5040 1199 5109 opinionis
1228 5043 1541 5104 defensione
1568 5063 1795 5107 mortem
1822 5067 2077 5125 oppetere

485 5129 634 5197 nolo,
664 5132 758 5186 sed
788 5134 949 5189 credo
979 5135 1107 5190 mihi
1142 5136 1304 5193 licere
1343 5139 1487 5195 illam
1529 5141 1772 5211 horrere,
1804 5148 1929 5217 quia
1962 5166 2070 5203 nia-

485 5227 568 5274 ter
598 5229 677 5274 est
709 5220 852 5278 illius
880 5239 1039 5295 quam
1082 5224 1331 5285 Calvinus
1364 5241 1504 5287 tanta
1538 5234 1810 5304 impietate
1838 5254 1899 5291 ac
1927 5241 2074 5296 rabie

483 5318 640 5380 urget
669 5320 854 5368 contra
902 5315 1219 5375 Ecclesium.
1254 5340 1272 5373 ι
1306 5322 1437 5391 Quis
1468 5335 1647 5381 autem
1679 5329 1748 5381 sit
1780 5330 1884 5385 iste
1921 5347 2073 5388 error

482 5399 884 5469 Augustiniana:
915 5411 1192 5466 sententia:
1224 5411 1363 5468 ﬁlius
1394 5415 1685 5482 subticuit,
1712 5430 1793 5473 sat
1823 5423 1963 5476 enim
1992 5425 2068 5479 illi

483 5493 579 5548 fuit
623 5495 795 5551 sancti
835 5498 1071 5556 doctoris
1115 5514 1410 5573 assertum,
1443 5509 1754 5566 Caltittismi
1790 5516 2070 5582 agitatione

481 5583 709 5653 objecta,
740 5602 845 5644 non
890 5605 1194 5661 suspectum
1241 5598 1421 5665 modo,
1455 5601 1549 5656 sed
1592 5612 1646 5656 et
1685 5620 1904 5660 exosum
1950 5608 2069 5663 red-

481 5678 629 5735 dere.
656 5677 823 5736 Porro
844 5682 1150 5756 quicunque
1180 5690 1457 5755 isteerror
1486 5694 1714 5765 ﬁngatur
1741 5711 1806 5751 ex
1835 5698 1920 5752 illa
1950 5714 2071 5756 sen-

483 5772 642 5827 tentia
672 5776 843 5832 sancti
874 5776 1106 5836 doctoris
1135 5782 1311 5838 illatus
1342 5799 1372 5838 a
1402 5784 1648 5854 Calvino,
1681 5789 2067 5861 interrogatum

480 5865 638 5918 velim
669 5865 930 5926 Adamum
962 5886 1089 5928 num
1123 5890 1185 5930 ex
1216 5874 1354 5931 tliesi
1380 5884 1549 5932 saneti
1574 5879 1856 5949 Augustini
1886 5883 1953 5939 de
1982 5901 2066 5940 re-
2103 5932 2109 5938 .

2192 4770 2316 4825 mali
2350 4769 2551 4839 aliquid
2584 4783 2900 4835 mereretur,
2930 4789 3037 4829 non
3070 4775 3262 4830 frustra
3290 4776 3554 4833 videretur
3581 4771 3725 4844 iniqui-

2192 4872 2300 4930 tas,
2332 4870 2387 4918 ut
2416 4877 2482 4917 ex
2532 4878 2592 4916 ca
2645 4878 2770 4919 vasa
2816 4864 3007 4921 ﬁerent
3050 4866 3105 4922 in
3148 4871 3543 4925 contumeliam.
3573 4889 3589 4921 ι
3620 4866 3728 4922 ldetn

2189 4954 2351 5011 liabet
2375 4954 2531 5026 epist.
2568 4954 2661 5009 l57
2694 4959 2760 5011 ad
2805 4957 3058 5029 Optatum
3102 4980 3112 5013 :
3153 4982 3168 5013 ‹
3207 4962 3399 5019 Merito
3426 4974 3591 5020 autem
3618 4960 3727 5015 vidc-

2185 5058 2333 5104 retur
2364 5049 2623 5119 injustum
2656 5051 2796 5121 quod
2838 5054 2973 5110 ﬁunt
3003 5071 3128 5110 vasa
3161 5057 3255 5112 ira:
3293 5059 3361 5113 ad
3394 5058 3725 5129 perditionem,

2183 5141 2226 5194 si
2262 5157 2365 5195 non
2400 5150 2546 5197 esset
2575 5142 2687 5211 ipsa
2719 5144 2969 5201 universa
3000 5165 3064 5203 ex
3095 5148 3263 5205 Adam
3297 5166 3473 5205 massa
3502 5151 3724 5206 damnata.

2183 5233 2335 5301 Quod
2370 5250 2501 5307 ergo
2536 5236 2669 5292 ﬁunt
2699 5238 2823 5295 inde
2851 5242 3122 5298 nascendo
3154 5259 3277 5299 vasa
3306 5245 3421 5314 irai,
3450 5247 3653 5317 pertinet
3675 5238 3723 5294 ad

2180 5328 2414 5384 debitam
2467 5344 2703 5399 poenam.
2765 5354 2783 5386 ι
2841 5334 2974 5391 Hinc
3019 5348 3207 5394 contra
3256 5339 3560 5411 Pelagianos
3607 5342 3723 5405 urget

2180 5423 2349 5478 Deum
2395 5424 2628 5481 futurum
2678 5428 2935 5498 injustum
2984 5431 3028 5485 si
3079 5447 3275 5503 pueros
3324 5436 3599 5489 morientes
3634 5428 3722 5483 sine

2178 5528 2396 5583 peccato
2429 5519 2673 5590 originis,
2712 5522 2838 5578 licet
2879 5540 2987 5580 non
3032 5525 3212 5583 forent
3252 5528 3518 5597 baptizati,
3546 5526 3722 5580 damna-

2177 5618 2275 5676 ret,
2313 5609 2499 5667 diccns
2532 5629 2543 5663 :
2585 5630 2604 5664 ‹
2648 5613 2823 5674 Bonus
2853 5624 2937 5671 est
2968 5616 3133 5688 Deus,
3162 5619 3339 5689 justus
3366 5628 3447 5674 est
3476 5619 3626 5681 Deus;
3651 5628 3719 5684 p0-

2180 5709 2277 5756 test
2312 5703 2519 5773 aliquos
2560 5707 2677 5761 sine
2716 5707 2871 5764 bonis
2909 5711 3116 5768 meritis
3156 5712 3402 5779 liberare,
3433 5713 3553 5784 quia
3582 5710 3716 5765 bonus

2176 5803 2277 5859 est,
2314 5813 2419 5851 non
2470 5809 2650 5869 potest
2701 5816 3020 5874 quemquam
3070 5806 3188 5863 sine
3234 5808 3435 5864 meritis
3479 5806 3712 5865 damnant

2174 5888 2296 5957 quia
2320 5888 2500 5959 justus
2531 5899 2643 5960 est,
2680 5911 2697 5946 i
2736 5894 2832 5952 lib.
2859 5911 2920 5951 ιιι
2950 5907 3137 5957 contra
3163 5898 3294 5968 Jul.,
3322 5912 3441 5970 cap.
3472 5898 3549 5954 18.
3573 5892 3710 5952 Pluri-
