3962 6346
471 323 574 378 7‘27

1356 319 1914 379 SUPPLEMENTUM
1956 323 2048 379 AD
2086 322 2314 379 OPERA
2354 323 2409 379 S.
2456 323 2841 380 AUGUSTINI.

3642 329 3744 381 ἨΒ

469 443 784 515 qua'cazteri
811 441 1053 496 homines
1081 439 1333 494 excidere
1360 441 1426 495 ab
1458 441 1642 494 ultimo
1671 442 1774 496 fine
1806 441 2051 510 permissi
2080 447 2132 504 Α
2164 437 2247 504 10,
2279 437 2415 491 duce
2441 446 2624 492 sancto
2654 440 2972 510 Augustino,
3001 439 3089 510 qui
3115 441 3426 496 catholicam
3457 437 3743 495 veritatem

473 544 619 601 sunt,
644 548 803 588 causa
829 532 924 587 fuit
946 540 1220 602 peccatum
1241 531 1518 600 originale.
1559 551 1578 584 ι
1610 533 1731 586 llmc
1756 531 2057 590 ibiJamne

468 627 640 691 vides,
655 627 836 696 jamne
865 625 1050 690 sentis,
1072 622 1293 690 Adame,
1312 638 1430 694 quae
1448 625 1518 679 sit
1538 625 2054 694 sapientissimorum

468 728 710 774 veterum
768 727 977 772 tuorum
1000 717 1368 788 theologorum
1402 718 1695 773 reverentia
1724 733 1848 788 erga
1878 722 2058 790 Augu-

471 811 595 865 stini
618 809 936 865 sententiam
956 811 1022 864 de
1044 809 1418 879 reprobatione
1439 824 1504 864 ex
1525 809 1642 865 solo
1668 810 1907 878 originali
1936 825 2058 879 pec-

467 912 586 958 cato
607 903 853 973 primitus
883 903 1312 972 derivata,quam
1341 913 1666 973 tamen,pr:e
1689 913 1774 956 tua
1805 903 2058 971 singulari

465 999 695 1064 pietate,
725 995 1023 1051 eruditione
1054 1010 1117 1050 ac
1144 997 1260 1050 zelo
1292 997 1496 1050 horrere
1523 1005 1576 1050 te
1597 996 1762 1060 dicis,
1802 1003 1860 1048 ut
1889 994 2059 1048 Calvi-

467 1087 610 1140 niani
639 1088 837 1142 erroris
860 1095 1073 1140 matrem
1093 1085 1353 1141 ?Plurimi
1380 1086 1592 1156 quidem
1617 1085 1849 1156 theologi
1878 1085 2057 1140 varios

464 1181 651 1236 modos
669 1180 1237 1250 excogitaruntquibus
1254 1193 1370 1234 eam
1388 1179 1552 1234 sancti
1567 1179 1748 1234 Patres
1761 1179 2055 1233 doctrinam

465 1275 965 1344 explicarentatque
978 1271 1656 1328 defenderent.Dominicus
1671 1272 1900 1337 Bannez,
1917 1280 2054 1340 part.

466 1386 504 1431 ι,
521 1369 671 1440 ᾳ.25,
688 1368 852 1436 art.5,
869 1370 1101 1439 quinque
1117 1367 1499 1438 explicationes
1511 1366 1694 1432 refert,
1708 1382 1931 1436 quarum
1951 1369 2057 1423 uul-

467 1460 574 1514 lam
600 1461 808 1529 probat.
837 1460 1080 1529 Quinque
1102 1461 1259 1515 etiam
1288 1458 1474 1513 modos
1503 1468 1744 1513 recenset
1776 1458 2054 1524 Gonettus,

467 1555 560 1610 cit.
588 1556 614 1625 §
646 1557 699 1620 6,
732 1571 863 1625 quos
893 1555 1130 1624 singulos
1161 1555 1212 1608 in
1238 1553 1473 1624 ipsorum
1503 1551 1876 1622 probabilitate
1897 1553 2056 1607 relin-

467 1649 600 1716 quit.
641 1649 754 1719 Ego
779 1649 929 1718 juxta
969 1649 1264 1703 doctrinam
1313 1647 1482 1702 sancti
1528 1646 1807 1717 AuguStiui
1841 1648 1913 1701 ita
1948 1646 2054 1702 dif-

468 1739 690 1793 ficillimi
737 1741 976 1810 mysterii
1017 1739 1334 1794 solutionem
1383 1754 1643 1809 propono,
1692 1755 1865 1811 neque
1910 1741 2052 1795 enim

2161 533 2367 602 integro
2397 532 2666 587 volumine
2695 532 2762 588 de
2813 533 2961 588 Dono
3004 535 3414 601 perseverantia:
3460 533 3742 600 inSCt'ipl-‘t,

2161 624 2486 679 solidissime
2548 633 2734 681 contra
2793 624 3320 695 Serui-Pelagianos
3368 627 3745 694 pr0pugnavit.

2160 713 2330 770 Porro
2379 717 2494 770 haec
2545 725 2626 771 est
2668 715 2967 771 differentia
2999 716 3138 770 inter
3183 727 3462 786 utramque
3494 715 3749 784 privatio-

2159 822 2304 876 nem,
2338 794 2478 879 quod
2509 809 2735 878 privatio
2765 811 2950 879 gratiae
2978 810 3357 865 sanctiﬁcantis
3384 810 3468 865 vel
3498 820 3576 865 est
3610 810 3749 879 ipsa-

2160 909 2270 955 met
2293 900 2532 956 formalis
2556 903 2693 956 ratio
2715 903 2938 971 peccati,
2960 903 3043 957 vel
3065 912 3148 957 est
3171 903 3475 958 necessario
3503 915 3751 956 connexa

2159 1007 2277 1046 cum
2320 1004 2569 1062 peccato;
2602 994 2767 1049 altera
2797 1009 2925 1050 vero
2973 994 3224 1064 privatio,
3253 1009 3446 1064 nempe
3492 994 3752 1064 potentia:

2159 1085 2402 1154 proxime
2429 1087 2692 1156 expedita:
2718 1087 2784 1141 ad
2817 1088 3264 1156 perseverandum
3294 1096 3398 1142 stat
3425 1102 3544 1143 cum
3573 1088 3754 1156 gratia

2157 1178 2565 1234 sanctificante:
2597 1178 2767 1234 sancti
2813 1181 2954 1234 enim
2999 1189 3154 1234 orant
3185 1189 3241 1234 ut
3280 1179 3420 1235 Deus
3448 1180 3612 1234 donet
3647 1178 3756 1232 illis

2158 1271 2636 1340 perseverantiam,
2670 1287 2776 1326 non
2805 1273 2963 1342 igitur
3007 1273 3151 1327 illam
3199 1273 3421 1338 habent,
3447 1283 3507 1326 ut
3553 1273 3758 1342 prohat

2160 1364 2486 1433 Augustinus
2515 1380 2636 1434 cap.
2667 1365 2757 1432 25,
2783 1381 2878 1435 per
2905 1375 3105 1433 totum;
3136 1368 3268 1422 alias
3295 1369 3435 1421 enim
3466 1382 3571 1422 non
3604 1374 3759 1422 esset

2162 1454 2395 1524 speciale
2444 1456 2537 1510 Dei
2577 1457 2897 1512 beneficium
2942 1475 2971 1512 a
3003 1461 3174 1528 gratia
3218 1459 3608 1528 justifieationis
3641 1459 3758 1512 dis-

2160 1550 2416 1616 tinctum;
2447 1552 2586 1606 unde
2599 1566 2692 1621 per
2721 1552 2944 1622 gratiam
2965 1553 3382 1608 sanctificantem
3411 1537 3512 1608 non
3541 1553 3760 1606 tollitur

2157 1639 2274 1711 ipsa
2307 1644 2535 1712 privatio
2566 1645 2820 1713 potentia:
2851 1645 3093 1714 proxime
3116 1645 3378 1715 expedita:
3401 1646 3464 1700 ad
3498 1659 3764 1715 perseve

2158 1737 2403 1791 randum.
2439 1737 2562 1793 Haec
2590 1753 2717 1793 vero
2753 1739 2980 1806 privatio
3001 1748 3083 1794 est
3110 1741 3161 1794 in
3194 1754 3402 1809 poenam
3434 1741 3585 1809 primi
3624 1754 3763 1808 pec-

467 1831 620 1886 facile
651 1839 731 1886 est
755 1831 946 1886 divinae
978 1832 1271 1887 voluntatis
1295 1846 1486 1888 arcana
1514 1833 1693 1888 rimari
1723 1852 1733 1885 :
1767 1834 1882 1889 auis
1909 1834 2048 1890 enim
2083 1834 2130 1895 B
2157 1831 2280 1895 cati,
2310 1830 2465 1886 sicuti
2489 1833 2647 1886 etiam
2677 1833 2902 1901 privatio
2932 1832 3281 1901 subjectionis
3307 1833 3765 1900 concupiscentia

464 1919 802 1975 consiliarius
829 1920 946 1990 ejus
971 1920 1108 1976 fuit?

534 2012 753 2068 Certum
792 2013 982 2083 dogma
1009 2022 1090 2068 est
1131 2015 1396 2071 hominem
1425 2031 1494 2070 ex
1525 2005 1744 2085 peccato
1771 2017 1925 2086 primi
1963 2032 2057 2087 pa-

464 2105 636 2160 rentis
683 2106 920 2160 evasisse
971 2121 1203 2160 massam
1261 2107 1594 2175 perditionis,
1628 2110 1698 2162 ita
1745 2117 1802 2163 ut
1847 2109 2057 2164 seclusa

465 2199 640 2266 gratia
663 2196 1042 2266 Redemptoris
1063 2214 1335 2268 nunquam
1359 2198 1479 2254 inde
1501 2199 1609 2255 suis
1627 2200 1832 2255 viribus
1857 2201 2058 2268 potuis-

467 2297 552 2345 set
582 2305 883 2360 resurgere,
916 2292 1059 2362 quod
1089 2291 1214 2346 olim
1241 2291 1308 2346 ab
1334 2291 1642 2348 Innocentio
1671 2293 1691 2347 l
1721 2302 1771 2347 et
1795 2291 2058 2348 Africanis

467 2384 712 2440 conciliis
749 2393 931 2439 contra
976 2384 1289 2454 Pelagianos
1317 2394 1572 2440 statutum
1617 2386 1732 2441 fuit.
1765 2385 2059 2441 Evaserant

465 2478 629 2547 igitur
657 2491 843 2533 omnes
863 2477 1110 2532 homines
1135 2476 1188 2531 in
1213 2478 1417 2532 Adamo
1446 2487 1631 2532 natura
1663 2478 1753 2534 filii
1787 2479 1901 2544 irae,
1929 2479 2054 2534 sub-

463 2570 590 2640 jecti
622 2571 871 2640 potestati
901 2570 1185 2636 damonis,
1214 2569 1412 2626 inimici
1445 2570 1539 2625 Dei
1581 2579 1634 2626 et
1663 2571 1862 2640 indigni
1891 2571 2058 2640 quali-

464 2662 556 2716 bet
585 2661 779 2730 gratia,
813 2658 936 2713 facti
967 2660 1236 2730 ohjectum
1275 2659 1437 2714 divini
1464 2660 1574 2714 odii
1601 2669 1760 2729 atque
1785 2661 2054 2719 vindictae.

467 2752 740 2807 Potuissct
781 2767 991 2808 summa
1021 2752 1265 2807 Numinis
1292 2751 1519 2820 justitia,
1552 2752 1787 2822 qualibet
1834 2753 1917 2807 vel
1959 2755 2060 2809 mi-

463 2849 611 2904 nima
657 2850 827 2920 gratia
866 2857 1078 2919 negata,
1134 2849 1184 2902 in
1231 2856 1492 2903 aeternum
1547 2861 1716 2916 genus
1768 2846 2059 2903 humanum

463 2943 708 3015 originali
741 2953 957 3013 peccato
1006 2942 1261 2997 infectum
1300 2951 1552 3011 perpetua
1593 2941 1934 2995 damnatione
1966 2957 2058 3007 pu-

464 3038 606 3091 nire.
638 3035 831 3091 Docuit
861 3036 963 3091 hoc
994 3035 1323 3104 Augustinus
1371 3033 1689 3104 saepissime.
1725 3035 1780 3089 ln
1813 3034 2060 3090 Enchiri-

461 3130 576 3197 dio,
604 3144 726 3198 cap.
749 3129 817 3183 99
845 3147 856 3181 :
891 3147 910 3181 ι
945 3127 1285 3194 Universum,
1315 3127 1408 3194 ait,
1439 3141 1607 3197 genus
1631 3126 1924 3182 humanum
1954 3137 2060 3182 tam

2155 1933 2400 1994 respectu
2417 1925 2656 1990 rationis,
2673 1935 2727 1980 et
2743 1926 2868 1981 licet
2891 1925 2941 1979 in
2961 1927 3222 1995 baptismo
3239 1926 3366 1979 nihil
3382 1926 3767 1980 estdamnatio—

2157 2007 2238 2071 nis
2257 2018 2321 2069 iis
2341 2018 2426 2086 qui
2458 2033 2571 2070 vere
2594 2017 2876 2088 consepulti
2903 2028 3018 2071 sunt
3040 2034 3157 2070 cum
3177 2016 3376 2071 Christo
3393 2033 3476 2088 per
3498 2018 3768 2085 baptisma

2161 2110 2214 2162 in
2244 2120 2478 2174 mortem,
2509 2119 2566 2163 ut
2593 2110 2665 2163 ait
2695 2109 3065 2164 Tridentinum
3098 2109 3150 2164 in
3181 2109 3400 2164 decreto
3429 2110 3491 2164 de
3524 2108 3769 2164 Peccato

2160 2202 2431 2272 originali,
2476 2201 2617 2271 quod
2661 2201 2878 2256 dixerat
2920 2213 3077 2256 antea
3117 2202 3440 2271 Augustinus
3479 2201 3571 2256 lib.
3621 2216 3642 2255 ι
3705 2200 3770 2254 ad

2160 2293 2422 2356 Bonifac.,
2455 2308 2572 2364 cap.
2603 2293 2670 2348 10
2698 2311 2709 2346 :
2745 2293 2910 2346 Nulla
2965 2309 3082 2364 ergo
3125 2294 3472 2347 condemnatio
3501 2301 3570 2346 est
3601 2308 3761 2345 nunc

2161 2384 2241 2438 his
2261 2385 2348 2454 qui
2373 2393 2490 2438 sunt
2515 2385 2567 2437 in
2591 2385 2796 2438 Christo
2822 2386 2969 2450 Jesu,
2997 2399 3101 2439 non
3134 2385 3187 2439 id
3215 2385 3519 2454 intelligitur
3549 2385 3620 2438 de
3649 2399 3773 2452 pa:-

2162 2480 2490 2545 nalitatibus,
2508 2480 2578 2534 ita
2603 2479 2746 2535 enim
2774 2481 3062 2551 loquuntur
3084 2478 3338 2550 theologi,
3365 2481 3454 2536 sed
3475 2480 3543 2534 de
3567 2481 3770 2548 culpa,

2162 2571 2312 2639 cujus
2340 2571 2474 2625 nihil
2498 2582 2740 2626 remanet
2767 2582 2889 2640 post
2918 2571 3240 2640 baptismum
3273 2587 3286 2624 :
3318 2570 3416 2625 illae
3433 2573 3571 2626 enim
3585 2570 3769 2625 etiam

2163 2677 2286 2736 post
2314 2665 2636 2736 baptismum
2671 2680 2995 2721 remansere.

2235 2762 2385 2817 Hanc
2416 2763 2767 2830 privationem
2811 2761 3052 2816 relictam
3093 2774 3214 2816 esse
3263 2761 3314 2814 in
3355 2774 3561 2829 pmnam
3589 2762 3772 2829 primi

2166 2858 2369 2924 peccati
2399 2855 2535 2911 adeo
2565 2865 2745 2910 notum
2770 2863 2853 2910 est
2881 2855 2932 2908 iu
2962 2855 3133 2910 sancti
3156 2854 3435 2924 Augustini
3463 2855 3772 2921 sententia,

2165 2958 2223 3003 ut
2253 2950 2332 3003 vel
2386 2949 2484 3017 ipsi
2513 2947 2954 3016 Serui—Pelagiani
2987 2947 3088 3001 hoc
3128 2962 3198 3002 ex
3229 2949 3523 3016 Augustino
3554 2961 3773 3017 suppo-

2167 3055 2295 3096 nere
2318 3041 2556 3096 solerent
2580 3049 2768 3094 contra
2809 3039 2982 3108 ipsum
3027 3049 3332 3108 arguentes.
3366 3039 3594 3106 Etenim,
3629 3054 3768 3093 cum

2169 3133 2395 3202 probare
2422 3132 2623 3187 vellent
2652 3131 2938 3196 Adarnum,
2957 3146 3020 3186 eo
3049 3129 3190 3200 quod
3217 3130 3626 3200 perseverantiae
3660 3130 3771 3184 do-

462 3225 608 3294 justo
631 3222 832 3292 judicio
876 3221 1057 3276 divino
1089 3221 1141 3274 in
1184 3219 1480 3289 apostatica
1510 3219 1690 3274 radice
1723 3220 2054 3285 damnatum,
2085 3235 2132 3298 ρ
2167 3242 2293 3280 num
2326 3240 2432 3278 non
2471 3225 2759 3295 acceperit,
2787 3223 2903 3278 sine
2946 3223 3100 3290 culpa
3147 3222 3424 3287 cecidisse,
3451 3224 3674 3276 solitam
3709 3238 3773 3278 ac

464 3322 528 3369 ut
552 3313 761 3370 etiamsi
791 3312 966 3368 nullus
997 3310 1120 3366 inde
1145 3309 1488 3376 liberaretur,
1516 3325 1673 3365 nemo
1703 3321 1848 3365 recte
1878 3323 2058 3381 posset

464 3407 564 3463 Dei
599 3406 902 3474 vituperare
925 3403 1210 3474 justitiam,
1245 3413 1298 3457 et
1324 3403 1414 3472 qui
1452 3402 1768 3470 liberantur,
1793 3403 1870 3458 sic
1898 3419 2058 3472 opor-

465 3500 635 3555 tuisse
675 3497 919 3558 liberari,
947 3503 1007 3550 ut
1033 3511 1100 3551 ex
1129 3495 1368 3564 pluribus
1408 3510 1513 3547 non
1546 3493 1782 3548 liberatis
1817 3505 1974 3563 atque
2005 3496 2056 3550 in

466 3593 811 3649 damnatione
861 3590 1159 3661 justissima
1208 3587 1474 3643 derelictis
1515 3587 1888 3642 ostenderetur
1933 3588 2058 3657 quid

465 3685 755 3740 meruisset
783 3683 1032 3738 universa
1062 3680 1394 3750 conspersio,
1421 3688 1473 3734 et
1493 3693 1598 3749 quo
1627 3679 1786 3733 etiam
1809 3679 1942 3734 istos
1967 3678 2060 3735 de-

464 3776 635 3834 bitum
671 3776 926 3848 judicium
960 3775 1054 3830 Dei
1081 3775 1320 3840 duceret,
1351 3772 1450 3828 nisi
1490 3773 1606 3842 ejus
1633 3772 1868 3828 indebita
1899 3773 2060 3830 mise-

465 3871 696 3926 ricordia
750 3869 1082 3926 subveniret.
1127 3889 1145 3921 ›
1188 3868 1394 3925 Similia
1427 3867 1586 3922 habet
1611 3867 1703 3923 lib.
1737 3867 1803 3923 de
1832 3867 2060 3938 Correp-

467 3966 613 4021 tione
639 3973 696 4020 et
719 3973 880 4034 grat.,
911 3977 1028 4031 cap.
1065 3963 1161 4028 it);
1196 3961 1290 4016 lib.
1325 3960 1390 4016 de
1422 3960 1572 4016 Dono
1598 3975 1830 4029 persev.,
1857 3975 1976 4029 cap.
2002 3960 2056 4029 8,

467 4058 648 4122 initio;
679 4056 770 4112 lib.
790 4056 856 4111 de
869 4052 1341 4110 Praedestinatioue
1369 4058 1697 4116 sanctorum,
1723 4065 1840 4121 cap.
1857 4052 1908 4104 8.
1923 4050 2061 4106 “Haec

469 4149 716 4218 exemplo
761 4147 1069 4216 angelorum
1103 4146 1364 4200 malorum
1394 4143 1679 4199 confirmat
1706 4159 1825 4214 cap.
1854 4143 1922 4196 27
1955 4143 2062 4198 En-

468 4241 679 4298 chiridii
713 4257 726 4297 :
761 4258 779 4290 ι
816 4241 886 4295 Et
928 4237 1213 4308 siquidem,
1246 4235 1439 4306 inquit,
1469 4235 1523 4289 in
1559 4235 1753 4289 melius
1783 4233 2058 4289 hominum

467 4331 904 4392 reformationem
950 4331 1150 4385 nullam
1196 4342 1421 4401 prorsus
1451 4343 1572 4384 esse
1609 4327 1888 4393 voluisset,
1922 4328 2063 4382 sicut

470 4427 758 4495 impiorum
787 4423 933 4478 nulla
959 4430 1042 4477 est
1061 4422 1519 4492 angelorum,non
1545 4417 1810 4472 immerito
1834 4418 2004 4473 fieret.
2035 4437 2055 4470 ι

469 4521 653 4591 Itaque
681 4519 734 4573 in
764 4518 855 4573 illa
879 4528 1057 4572 massa
1081 4513 1398 4585 perditionis
1426 4512 1588 4568 homo
1617 4512 1788 4567 evasit
1817 4509 2061 4580 indignus

2162 3318 2478 3373 familiarem
2529 3317 2830 3388 AuguSIino
2877 3316 3286 3384 responsionem
3336 3315 3771 3384 praecludentes,

2164 3413 2237 3466 ita
2270 3411 2563 3476 instabant,
2601 3419 2734 3465 teste
2779 3409 2983 3464 Hilario
3032 3409 3085 3463 in
3128 3407 3354 3477 epistola
3393 3406 3458 3460 ad
3503 3407 3772 3476 Augusti-

2162 3518 2287 3558 num
2329 3519 2343 3558 :
2393 3521 2410 3552 ‹
2450 3501 2630 3571 Neque
2666 3499 2809 3555 enim
2841 3497 2944 3554 diei
2977 3508 3151 3568 potest
3189 3499 3310 3554 ideo
3348 3512 3453 3553 non
3481 3499 3773 3566 accepisse

2162 3598 2286 3666 quia
2310 3609 2414 3650 non
2439 3605 2522 3650 est
2546 3593 2812 3656 discretus
2840 3608 2870 3647 a
2902 3607 3076 3648 massa
3101 3593 3414 3662 perditionis
3435 3593 3620 3662 gratiae
3656 3594 3772 3648 lar-

2163 3688 2362 3759 gitate;
2416 3687 2654 3743 nondum
2685 3687 2884 3757 quippe
2912 3696 3028 3742 erat
3066 3686 3158 3741 illa
3201 3687 3252 3740 in
3297 3701 3491 3756 genere
3523 3687 3771 3742 humano

2165 3779 2480 3848 perditionis
2497 3794 2699 3845 massa,
2721 3788 3005 3848 antequam
3039 3787 3334 3847 peccasset,
3357 3793 3420 3832 ex
3453 3791 3558 3846 quo
3589 3787 3770 3834 tracta

2161 3883 2243 3929 est
2283 3873 2434 3942 origo
2482 3872 2689 3927 vitiata.
2736 3890 2754 3922 ι
2808 3871 2952 3940 Ergo
2979 3879 3306 3940 supponunt,
3336 3870 3491 3939 juxta
3517 3879 3769 3925 mentem

2163 3967 2334 4022 sancti
2361 3965 2621 4032 doctoris,
2641 3965 3002 4035 privationem
3031 3962 3283 4033 potentia:
3323 3964 3566 4032 proxime
3594 3978 3769 4032 expe-

2163 4057 2288 4112 ditae
2313 4057 2380 4111 ad
2410 4055 2862 4126 perseverandum
2893 4069 3014 4110 esse
3058 4067 3273 4123 pmnam
3319 4067 3508 4108 massae
3534 4065 3768 4123 peccato

2163 4149 2408 4220 originali
2456 4149 2710 4213 infectae;
2757 4149 2843 4203 cui
2891 4156 3206 4218 argumento
3248 4147 3510 4202 solvendo
3536 4157 3768 4202 sanctus

2163 4243 2353 4298 doctor
2374 4257 2536 4296 aurea
2569 4241 2659 4296 illa
2684 4241 2783 4295 tria
2810 4239 2982 4309 capita
3007 4241 3074 4296 de
3104 4240 3455 4309 Correptione
3482 4249 3537 4295 et
3563 4241 3761 4310 gratia,

2164 4349 2356 4404 nempe
2405 4334 2495 4401 10,
2521 4333 2581 4389 11
2613 4343 2667 4387 et
2697 4332 2784 4398 12,
2827 4333 3083 4388 exaravit.
3119 4332 3174 4387 ln
3216 4334 3307 4388 illo
3333 4348 3455 4402 cap.
3494 4334 3552 4388 11
3585 4333 3762 4403 palam

2163 4427 2413 4484 concedit
2443 4427 2694 4482 auxilium
2720 4425 2788 4480 ad
2825 4427 3278 4495 perseverandum
3306 4427 3358 4482 in
3394 4439 3609 4496 poenam
3635 4441 3764 4494 pec-

2163 4522 2268 4577 cati
2297 4521 2507 4588 deesse,
2541 4521 2680 4590 quod
2724 4531 2902 4575 tamen
2947 4535 3051 4576 non
3099 4521 3270 4590 potuit
3310 4521 3505 4576 deesse
3553 4521 3762 4589 angelis

472 4620 582 4666 ιοῑ³
611 4609 750 4666 serie
792 4607 1105 4678 gratiarum.
1135 4617 1268 4675 (11³⁸³
1316 4604 1455 4659 inter
1487 4603 1676 4672 Primi13
1720 4609 1845 4656 sum
1885 4601 2056 4671 Bralia
2084 4619 2136 4679 1)
2168 4614 2250 4668 vel
2277 4614 2526 4668 Adamo:
2569 4632 2587 4665 t
2624 4613 2681 4668 Si
2720 4623 2918 4677 autem,
2948 4613 3140 4682 inquit,
3183 4613 3284 4667 hoc
3311 4612 3638 4682 adjutorium
3675 4612 3760 4666 vel

467 4706 762 4776 justiticans
794 4746 810 4770 ,
867 4717 960 4772 per
993 4715 1152 4771 quam
1205 4701 1365 4754 homo
1411 4696 1619 4752 accedit
1655 4697 1720 4750 ad
1764 4697 1950 4761 Deum,
2005 4706 2059 4751 et

469 4798 635 4869 gratia
669 4795 1080 4866 perseverantia
1111 4791 1304 4857 finalis,
1327 4806 1420 4862 per
1445 4805 1604 4861 quam
1629 4789 1790 4845 homo
1817 4806 1922 4844 non
1944 4804 2058 4844 am-

469 4893 607 4961 plius
637 4898 809 4962 potest
839 4887 1092 4944 recedere
1119 4901 1150 4940 a
1178 4887 1309 4942 Deo.
1347 4885 1516 4939 llomo
1559 4883 1716 4952 igitur
1747 4899 1810 4937 ex
1841 4891 2058 4954 peccato

467 4988 713 5059 originali
761 4982 950 5041 incidit
991 4985 1044 5039 in
1087 4982 1438 5052 privationem
1489 4980 1674 5052 gratiae
1715 4977 2059 5050 justificantis

467 5092 516 5140 et
550 5084 603 5137 in
637 5081 986 5153 privationem
1015 5077 1267 5148 potentia:
1293 5076 1539 5147 proxime
1565 5075 1828 5145 expeditae
1850 5074 1915 5130 ad
1938 5090 2056 5144 per-

466 5176 823 5233 severaudum
855 5175 909 5229 in
939 5172 1105 5230 semel
1127 5181 1341 5242 accepta
1371 5171 1540 5242 gratia
1568 5170 2057 5241 justiticaute,quae

469 5269 799 5341 privationes
842 5281 964 5322 cum
995 5266 1284 5335 respiciant
1311 5263 1552 5319 diversas
1579 5262 1801 5328 formas,
1831 5261 2059 5315 diversae

469 5366 631 5419 etiam
657 5371 782 5417 sunt
810 5363 950 5417 inter
977 5375 1060 5427 se,
1090 5370 1146 5416 et
1173 5374 1276 5415 una
1307 5360 1426 5415 sine
1448 5359 1616 5413 altera
1645 5356 1830 5410 donari
1877 5370 1907 5409 a
1947 5355 2059 5410 Deo

472 5463 666 5524 potest,
687 5464 743 5509 ut
763 5458 968 5511 certum
989 5461 1073 5509 est
1093 5468 1158 5506 ex
1183 5450 1430 5507 fidelibus
1452 5450 1542 5519 qui
1569 5449 1913 5512 damnantur,
1944 5445 2061 5516 qui-

472 5547 570 5600 bus
598 5546 745 5600 dedit
777 5546 918 5599 Deus
945 5544 1168 5616 gratiam
1191 5543 1594 5613 justificautem,
1624 5539 1731 5594 illis
1755 5547 1933 5593 tamen
1965 5553 2058 5593 nc-

468 5637 857 5709 gavitgratiam
888 5636 1301 5709 perseverantia:
1331 5636 1520 5690 ﬁnalis.
1551 5634 1684 5690 llinc
1710 5648 2058 5704 perseveran-

474 5732 599 5787 tiam
629 5745 752 5786 esse
802 5747 864 5785 ex
891 5727 1099 5798 speciali
1144 5729 1337 5782 auxilio
1376 5727 1474 5781 Dei
1516 5727 1698 5782 docuit
1744 5727 2057 5782 Tridentina

472 5826 705 5894 synodus
733 5838 870 5882 sess.
905 5823 959 5891 6,
988 5837 1105 5879 can.
1131 5821 1221 5887 22,
1251 5829 1304 5876 et
1331 5821 1457 5876 olim
1495 5821 1816 5876 Arausicana
1840 5835 1896 5888 ιι,
1929 5835 2050 5875 can.

2163 4706 2350 4774 angelo
2377 4705 2460 4760 vel
2489 4703 2714 4769 homini,
2742 4719 2864 4758 cum
2897 4704 3125 4773 primum
3151 4703 3272 4757 facti
3303 4710 3452 4769 sunt,
3478 4702 3755 4769 defuisset,

2163 4801 2413 4870 quoniam
2448 4814 2552 4854 non
2585 4799 2702 4854 talis
2743 4807 2927 4852 natura
2980 4797 3114 4854 facta
3167 4805 3283 4850 erat
3329 4805 3387 4849 ut
3426 4795 3546 4850 sine
3573 4794 3758 4848 divino

2162 4892 2429 4961 adjutorio
2448 4902 2628 4962 posset
2655 4907 2871 4946 manere
2893 4892 2937 4945 si
2962 4891 3141 4954 vellet,
3163 4904 3268 4942 non
3293 4889 3476 4958 utique
3497 4902 3590 4941 sua
3604 4887 3756 4956 culpa

2163 4986 2517 5050 cecidissent;
2567 4984 2890 5055 adjutorium
2944 4983 3142 5054 quippe
3185 4982 3447 5037 defuisset
3493 4981 3610 5035 sine
3651 4993 3756 5048 quo

2165 5096 2385 5136 manere
2415 5096 2520 5136 nou
2554 5090 2793 5150 possent.
2822 5079 2975 5135 Nunc
3003 5087 3181 5133 autem
3211 5078 3406 5148 quibus
3451 5079 3609 5132 deest
3653 5075 3755 5130 tale

2164 5173 2510 5242 adjutorium,
2538 5171 2648 5241 jam
2681 5185 2835 5240 poena
2869 5170 3073 5240 peccati
3105 5178 3206 5235 est,
3239 5167 3432 5238 quibus
3461 5179 3638 5222 autem
3664 5167 3754 5220 da-

2163 5272 2272 5327 tur,
2303 5261 2596 5317 secundum
2640 5263 2867 5332 gratiam
2898 5262 3075 5316 datur.
3124 5278 3144 5311 ι
3186 5259 3301 5314 Non
3348 5267 3528 5328 potest
3579 5269 3748 5313 autem

2164 5355 2458 5424 intelligere
2484 5354 2814 5424 Augustinus
2847 5353 2948 5407 nisi
2975 5353 3027 5408 in
3059 5367 3271 5421 pmnam
3296 5350 3503 5421 peccati
3539 5347 3750 5420 originis

2163 5449 2361 5504 donum
2411 5448 2824 5518 perseverantiae
2873 5447 3083 5517 negari;
3114 5461 3235 5500 nam
3282 5446 3605 5515 baptizatus,
3630 5456 3746 5495 cum

2168 5543 2397 5612 primum
2425 5542 2690 5597 lethaliter
2722 5541 2987 5611 peccavit,
3028 5539 3200 5594 caruit
3233 5538 3376 5592 dono
3409 5549 3748 5605 perseveran-

2165 5635 2251 5688 tiae
2294 5634 2346 5689 iu
2389 5633 2530 5688 bono
2559 5633 2727 5689 semel
2763 5641 3020 5702 accepto;
3051 5644 3180 5699 ergo
3224 5629 3278 5684 in
3311 5643 3523 5696 pmnam
3551 5625 3744 5695 peccati

2159 5729 2435 5798 originalis
2465 5727 2563 5783 fuit
2589 5743 2617 5782 a
2641 5727 2752 5782 Deo
2781 5729 3121 5796 denegatum.
3149 5723 3292 5779 Idem
3324 5721 3487 5777 tradit
3509 5721 3606 5775 late
3623 5732 3742 5785 cap.

2163 5822 2195 5875 8
2211 5825 2276 5879 de
2296 5823 2444 5879 Dono
2467 5822 2901 5894 perseverantiae,
2917 5820 3004 5877 ubi
3028 5818 3286 5890 querenti
3312 5833 3404 5871 cur
3423 5813 3740 5886 quibusdam,
