3962 6346
177 351 283 408 729

1355 346 1677 406 VlNDlCl/E
1719 348 2280 409 AUGUSTINIANAE.

3342 349 3446 403 750

172 470 260 539 qui
287 484 401 523 eum
445 469 706 523 coluerunt
746 467 876 520 bona
904 466 1035 536 ﬁde,
1068 482 1384 537 perseverare
1412 484 1571 538 usque
1601 466 1666 520 ad
1696 466 1759 535 ρε-
1785 468 1842 529 Λ
1869 466 2042 523 ritatis
2072 469 2325 533 ostendit,
2358 471 2447 541 qui
2478 476 2812 525 sacramento
2841 467 3054 539 quidem
3081 467 3446 522 circumcisio-

173 579 288 618 nem
317 577 421 615 non
448 559 610 626 dedit,
649 558 939 630 respondet
977 560 1429 630 perseverantiam
1481 576 1587 614 non
1636 574 1758 615 esse

173 652 412 708 debitam
437 661 659 718 naturae,
691 652 787 707 sed
810 666 929 707 esse
955 653 1177 721 gratiam
1201 666 1317 723 qua:
1349 660 1523 721 potest
1544 650 1756 722 negari;

174 763 279 803 cur
324 756 502 801 autem
551 752 793 814 negetur,
827 744 989 799 tradit
1030 742 1181 799 initio
1218 743 1453 812 capitis:
1492 762 1509 794 ι
1550 743 1623 797 Ex
1653 757 1760 798 uno

171 839 395 910 quippe,
419 838 607 909 inquit,
644 851 832 892 omnes
872 838 924 891 in
956 836 1455 892 cohdemnationem
1488 852 1591 890 non
1622 835 1761 905 inju-

168 930 551 1001 stamjudicati
584 939 708 983 sunt
737 930 836 997 ire,
869 928 962 984 sed
989 928 1208 998 justam.
1234 928 1331 996 Qui
1352 942 1480 998 ergo
1503 927 1762 983 liberatur

116 1020 121 1023 “
168 1027 399 1095 gratiam
421 1023 729 1095 diligat,qni
757 1038 863 1077 non
892 1022 1151 1076 liberatur
1175 1021 1411 1075 debitum
1436 1028 1707 1089 agnoscat.
1734 1037 1755 1073 ι

105 1103 115 1159 Ῠ
172 1118 326 1171 lianc
365 1114 813 1187 perseverantiam
848 1122 950 1167 tam
996 1130 1236 1186 magnum
1266 1113 1560 1182 beneﬁcium
1606 1120 1763 1166 vocat

167 1210 269 1265 lib.
303 1210 369 1265 de
414 1207 760 1277 Correptione
803 1214 858 1263 et
901 1214 1063 1278 grat.,
1094 1221 1213 1277 cap.
1241 1206 1291 1271 8,
1324 1207 1378 1260 in
1424 1205 1544 1271 ﬁne,
1578 1213 1632 1260 et
1664 1204 1763 1259 hac

169 1303 290 1358 sola
336 1300 573 1357 discerni
618 1298 823 1355 electos
853 1314 881 1352 a
914 1313 1087 1352 massa
1120 1296 1435 1367 perditionis
1468 1297 1655 1365 probat
1697 1311 1761 1349 ex

166 1396 414 1467 professo
436 1409 558 1463 cap.
582 1395 614 1448 8
638 1403 691 1447 et
712 1391 745 1447 9
766 1392 907 1447 illius
930 1390 1070 1456 libri,
1087 1399 1141 1446 et
1160 1407 1345 1446 rursus
1374 1390 1510 1444 libro
1533 1389 1598 1444 de
1615 1390 1764 1444 Dono

165 1487 611 1559 perseverantius,
645 1501 764 1555 cap.
814 1484 995 1541 itidem
1040 1482 1073 1537 8
1113 1494 1167 1539 et
1216 1484 1268 1538 9.
1298 1482 1433 1537 Hinc
1462 1497 1580 1551 cap.
1623 1482 1654 1533 7
1697 1480 1764 1536 de

163 1579 520 1652 Correptione
542 1588 595 1633 et
624 1587 759 1649 grat.
796 1579 869 1632 ait
909 1596 924 1631 :
970 1595 990 1629 ι
1036 1580 1102 1631 At
1140 1591 1234 1645 per
1264 1574 1365 1629 hoc
1387 1584 1440 1629 et
1469 1575 1557 1644 qui
1587 1575 1763 1629 Evan-

164 1670 366 1739 gelium
392 1684 498 1725 non
520 1668 825 1734 audierunt,
847 1676 902 1723 et
927 1668 1017 1739 qui
1039 1680 1104 1722 eo
1125 1665 1307 1721 audito
1330 1668 1385 1720 in
1409 1665 1596 1721 melius
1618 1679 1765 1720 com-

163 1762 357 1817 mutati
402 1759 850 1831 perseverantiam
909 1774 1014 1814 non
1066 1766 1428 1828 acceperunt,
1475 1766 1616 1822 etc.,
1658 1772 1763 1812 non

164 1863 298 1909 sunt
325 1855 394 1909 ab
424 1854 514 1909 illa
545 1853 924 1924 conspersione
952 1852 1196 1919 discreti,
1225 1866 1382 1922 quam
1407 1857 1621 1906 constat
1643 1863 1764 1905 esse
1792 1855 1841 1917 Β

164 1949 505 2015 damnatam,
529 1948 781 2003 euntibus
800 1948 1048 2004 omnibus
1069 1962 1135 2002 ex
1158 1961 1264 2002 uno
1291 1947 1343 2001 in
1368 1946 1771 2003 condemnatio-

164 2055 316 2095 nem.
353 2060 371 2093 ι
408 2039 477 2095 Ει
510 2048 692 2110 postea
722 2039 901 2093 statim
932 2055 946 2093 :
983 2057 1003 2091 ι
1034 2038 1216 2093 Abilla
1240 2038 1764 2108 perditionismassa,

170 2146 296 2200 qua:
323 2130 462 2185 facta
489 2139 572 2186 est
596 2145 693 2200 per
723 2131 950 2201 primum
982 2131 1173 2198 Adam,
1193 2130 1447 2186 debemus
1470 2130 1768 2201 intelligere

169 2222 447 2275 neminem
477 2236 635 2290 posse
659 2222 915 2290 discerni,
942 2221 1040 2276 nisi
1073 2221 1213 2287 quod
1243 2222 1342 2276 hoc
1363 2222 1561 2276 donum
1586 2222 1767 2288 habet,

164 2313 415 2383 quisquis
473 2312 653 2381 habet,
714 2314 857 2384 quod
904 2313 1073 2384 gratia
1115 2312 1410 2368 Salvatoris
1462 2313 1687 2381 accepit.
1742 2328 1765 2365 ι

164 2407 337 2477 lgitur
362 2424 426 2464 ex
451 2409 750 2479 Augustino
780 2424 842 2465 ex
877 2408 1004 2464 Adae
1026 2417 1247 2478 peccato
1275 2406 1556 2462 incidimus
1579 2407 1632 2461 in
1664 2406 1769 2476 pri-

163 2499 442 2555 vationem
473 2500 598 2555 doni
645 2501 1079 2569 perseverantiae,
1111 2499 1254 2569 quod
1286 2499 1519 2568 gratuito
1563 2506 1768 2553 tantum

159 2606 190 2643 a
219 2592 507 2647 Salvatore
537 2591 927 2661 praedestinatis
966 2591 1215 2646 donatur.
1244 2591 1478 2646 Privatio
1510 2605 1640 2645 vero
1669 2590 1771 2644 ltu-

162 2684 257 2754 jus
282 2694 389 2741 tam
406 2686 582 2758 magni
606 2686 851 2742 beneﬁcii
874 2695 953 2740 est
972 2700 1131 2740 causa
1159 2685 1516 2740 damnationis
1536 2684 1767 2750 illativa;

164 2780 482 2849 quicunque
496 2779 639 2835 enim
655 2787 801 2834 caret
815 2779 958 2834 dono
971 2777 1383 2847 perseverantia:
1397 2776 1769 2842 damnabitur;

159 2874 314 2928 unde
335 2884 521 2943 aperte
538 2873 819 2929 deducitur
840 2881 1115 2943 peccatum
1134 2870 1393 2942 originale
1413 2885 1534 2926 esse
1554 2884 1772 2925 causam

161 2966 586 3035 reprobationis.
618 2965 736 3022 Uno
780 2966 945 3022 verbo
990 2964 1256 3020 concludo
1291 2983 1304 3017 :
1337 2963 1585 3018 Carentia
1642 2961 1771 3016 doni

164 3062 593 3131 perseverantia:
638 3071 722 3117 est
756 3075 917 3116 causa
959 3058 1338 3125 damnationis,
1370 3057 1462 3113 sed
1496 3066 1771 3128 peccatum

164 3155 442 3226 originale
492 3165 577 3211 est
629 3169 789 3211 causa
839 3154 1093 3210 carentia:
1139 3152 1269 3208 doni
1322 3152 1771 3219 perseverantiae,

165 3264 304 3320 ergo
320 3261 599 3319 peccatum
621 3248 885 3318 originale
912 3257 993 3303 est
1018 3261 1175 3302 causa
1205 3246 1583 3301 damnationis.

164 3351 252 3397 est
271 3342 580 3410 Augustini,
605 3349 659 3396 et
682 3341 933 3411 superius
960 3340 1119 3395 etiam
1150 3340 1372 3410 probata
1401 3351 1500 3405 εει,
1531 3338 1653 3408 quia
1679 3353 1773 3407 per

166 3442 459 3504 peccatum
488 3434 751 3504 originale
784 3434 943 3488 homo
964 3442 1047 3488 est
1077 3433 1322 3503 indignus
1354 3442 1463 3487 tota
1488 3431 1627 3485 serie
1653 3446 1775 3500 gra-

165 3529 392 3592 tiarum,
419 3537 473 3583 et
503 3526 630 3582 licet
658 3527 730 3581 sit
772 3526 1097 3596 baptizatus,
1122 3525 1297 3580 adhuc
1328 3525 1489 3579 habet
1519 3523 1775 3593 privatio-

168 3634 300 3674 nem
334 3619 461 3673 doni
499 3620 936 3689 perseverantiae,
970 3634 1087 3687 qua:
1115 3627 1195 3673 est
1224 3618 1455 3687 speciale
1490 3618 1580 3671 Dei
1611 3617 1775 3672 bene-

168 3710 380 3765 ﬁcium.
404 3708 573 3779 Major
594 3723 701 3764 non
718 3709 790 3763 ita
814 3709 1161 3779 intelligenda
1184 3718 1269 3764 eSt
1293 3708 1444 3779 quasi
1471 3709 1557 3763 illa
1582 3723 1774 3763 caren-

168 3802 239 3854 tia
272 3800 349 3856 sit
376 3815 536 3856 causa
560 3815 654 3870 per
680 3815 739 3855 se
767 3800 1145 3868 damnationis,
1171 3800 1263 3855 sed
1290 3809 1490 3856 tantum
1517 3814 1771 3871 tauquam

166 3907 277 3947 non
312 3905 597 3947 removens
626 3891 939 3962 prohibens,
972 3892 1136 3949 homo
1160 3894 1302 3949 enim
1345 3894 1701 3963 justiﬁcatus,
1725 3896 1773 3951 si

170 3990 484 4045 tentatione
511 3991 656 4059 gravi
702 3989 964 4059 pulsetur,
996 4000 1049 4045 et
1085 3998 1190 4044 stet
1219 3992 1319 4046 sub
1347 3992 1645 4061 privatione
1676 4009 1773 4062 po-

169 4084 360 4139 tentiae
390 4084 636 4153 proxime
665 4084 934 4154 expeditae
965 4085 1029 4139 ad
1063 4087 1540 4155 perseverandum,
1574 4088 1773 4143 inialli-

164 4176 357 4231 biliter
386 4176 721 4243 succumbet,
753 4178 804 4232 ni
833 4178 972 4234 Deus
1000 4177 1216 4248 speciali
1244 4179 1441 4235 auxilio
1468 4178 1634 4235 donet
1664 4180 1771 4236 vim

168 4270 590 4339 perseverandi,
621 4270 764 4340 quod
796 4272 1073 4335 auxilium,
1104 4286 1224 4326 cum
1254 4286 1320 4326 ex
1357 4273 1529 4341 primo
1557 4283 1774 4342 peccato

165 4378 275 4419 non
299 4363 563 4418 debeatur
593 4362 813 4427 homini,
834 4364 977 4434 juste
1006 4379 1035 4417 a
1068 4363 1180 4419 Deo
1200 4364 1381 4433 negari
1412 4372 1607 4434 potest.
1635 4364 1771 4421 Vide

164 4469 285 4524 quae
315 4451 431 4508 dixi
460 4454 727 4523 superius,
750 4468 869 4523 cap.
896 4455 949 4517 5,
986 4453 1013 4525 §
1047 4453 1097 4508 6.

235 4565 372 4619 Haec
406 4565 671 4619 sententia
698 4564 766 4620 de
806 4564 1184 4635 reprobatione
1233 4580 1299 4620 ex
1348 4575 1566 4635 peccato
1610 4567 1772 4638 origi-

1860 560 1947 613 nis
1972 567 2162 614 octavo
2204 561 2291 617 die
2334 564 2628 618 secundum
2673 570 2911 616 tenorem
2957 560 3149 615 divina:
3188 560 3448 615 constitu-

1862 652 2025 708 tionis
2055 664 2299 725 accepto,
2350 665 2499 712 reatu
2542 656 2747 725 peccati
2798 653 3073 724 originalis
3112 654 3307 720 caruit,
3354 652 3449 707 sed

1862 762 1958 817 per
1988 749 2284 819 nequitiam
2331 748 2510 804 cordis
2552 750 2603 804 in
2659 749 2889 805 hominis
2946 750 3142 804 terreni
3188 756 3452 804 vetustate

1862 843 2177 914 permansit,
2226 842 2369 899 illius
2415 842 2484 898 ibi
2535 842 2739 912 judicio
2788 842 3096 911 derelictus,
3148 842 3236 913 qui
3285 841 3452 911 gratis

1860 935 2033 991 salvat
2067 937 2320 1007 justeque
2350 935 2587 991 damnat.
2628 954 2648 988 ι
2681 938 2749 991 At
2778 936 2917 991 Esau
2960 949 3067 991 non
3095 943 3178 989 est
3205 934 3452 988 detentus

1862 1030 2109 1100 originali
2143 1037 2365 1099 peccato
2393 1027 2690 1083 secundum
2724 1036 2953 1095 reatum,
2987 1042 3115 1097 ergo
3156 1024 3449 1081 secundum

1863 1126 2063 1196 aliquid
2089 1128 2157 1181 ab
2204 1127 2319 1196 ipso
2347 1124 2593 1196 originali
2624 1128 2938 1194 ,causatum,
2969 1133 3052 1179 est
3083 1124 3226 1178 enim
3268 1123 3454 1177 dereli-

1865 1226 1977 1272 ctus
2001 1219 2205 1291 judicio
2255 1219 2351 1273 Dei
2372 1263 2386 1288 ,
2417 1217 2560 1287 quod
2589 1226 2674 1274 est
2719 1232 2908 1273 carere
2937 1217 3077 1272 dono
3107 1229 3455 1287 perseveran-

1864 1313 1954 1368 tia:
1980 1330 1995 1381 ;
2028 1329 2175 1381 nam,
2208 1322 2265 1368 ut
2294 1328 2458 1384 supra
2486 1312 2804 1379 inferebant,
2838 1313 3118 1383 permissio
3146 1312 3301 1381 primi
3330 1325 3456 1380 pec-

1864 1408 1965 1463 cati
2005 1408 2230 1463 actualis
2270 1407 2330 1463 fit
2379 1407 2524 1478 justo
2565 1408 2767 1476 judicio
2818 1406 2913 1462 Dei
2962 1407 3207 1479 negantis
3254 1404 3453 1458 donum

1864 1503 2286 1576 perseverantia:
2324 1503 2376 1558 in
2410 1504 2552 1559 bono
2596 1503 2821 1574 juStitia:
2874 1519 2966 1573 per
3002 1504 3322 1573 baptismum
3372 1515 3457 1554 ac-

1864 1607 2072 1669 ceptat;
2105 1608 2158 1653 at
2183 1613 2251 1653 ex
2278 1597 2577 1668 Augustino
2612 1597 2741 1653 illud
2770 1597 2968 1653 donum
3003 1606 3226 1668 negatur
3257 1596 3309 1650 in
3343 1610 3459 1663 pte-

1865 1706 1988 1747 nam
2039 1691 2242 1761 peccati
2286 1706 2395 1746 non
2446 1691 2691 1757 actualis,
2726 1704 2849 1745 nam
2896 1689 2962 1745 de
3018 1680 3461 1759 primopeccato

1866 1789 2057 1845 actuali
2091 1789 2311 1860 loquor;
2343 1803 2472 1858 ergo
2503 1789 2554 1842 in
2588 1802 2800 1856 pmnam
2850 1785 3147 1857 originalis.
3178 1784 3235 1838 In
3270 1783 3457 1839 eadem

1873 1884 2233 1954 explicatione
2260 1892 2340 1938 est
2373 1892 2590 1938 sanctus
2618 1882 2909 1952 Gregorius
2940 1896 3096 1952 papa,
3131 1880 3183 1934 in
3214 1879 3351 1952 psal.
3384 1893 3459 1945 Cl,

1870 1977 1938 2032 ad
1962 1977 2279 2033 versiculum
2308 1994 2322 2029 :
2352 1976 2490 2045 Quia
2510 1978 2730 2030 cinerem
2760 1983 3002 2046 tanquam
3034 1989 3217 2043 panem
3247 1971 3464 2026 mandu-

1871 2070 2087 2135 cabam;
2117 2070 2196 2125 sic
2222 2070 2363 2125 enim
2409 2068 2522 2123 ait:
2558 2088 2576 2120 t
2608 2068 2675 2123 Et
2716 2082 2835 2123 cum
2865 2067 3017 2137 juxta
3055 2065 3293 2135 Apostoli
3341 2080 3466 2118 sen-

1872 2162 2115 2227 tentiam,
2147 2160 2328 2231 Neque
2358 2162 2574 2216 volentis
2606 2176 2765 2230 neque
2794 2158 3070 2222 currentis,
3100 2156 3188 2210 sed
3221 2157 3465 2211 miseren-

1873 2252 1937 2305 tis
1959 2252 2024 2305 sit
2068 2251 2187 2317 Dei,
2220 2252 2355 2306 alios
2385 2252 2473 2322 qui
2507 2257 2823 2305 corruerant
2843 2248 3262 2304 misericorditer
3288 2246 3463 2317 erigit,

1873 2346 2010 2401 alios
2057 2344 2147 2415 qui
2198 2353 2345 2401 stare
2370 2344 2711 2407 videbantur,
2756 2341 2949 2397 cadere
2994 2341 3135 2410 juste
3186 2339 3465 2407 permittit.

1874 2437 1955 2493 Ex
1985 2446 2206 2507 peccato
2236 2451 2465 2506 namque
2494 2434 2650 2506 primi
2684 2434 2919 2506 parentis
2956 2432 3259 2503 accepimus
3306 2441 3363 2487 ut
3400 2446 3468 2487 ne

1876 2533 1930 2588 in
1970 2533 2085 2603 ipsa
2111 2533 2313 2602 justitia
2344 2530 2566 2587 stabiles
2596 2546 2716 2586 esse
2757 2531 3049 2600 possimus.
3090 2548 3108 2582 ι
3140 2529 3292 2596 Quod
3325 2529 3467 2585 idem

1873 2634 1957 2681 est
1994 2624 2134 2696 quod
2164 2623 2428 2691 dicebam,
2474 2623 2703 2679 subiisse
2744 2637 2842 2678 nos
2892 2622 3242 2691 privationem
3284 2631 3466 2690 poten-

1878 2721 1962 2775 tite
2008 2718 2251 2789 proxime
2280 2717 2544 2788 expeditae
2585 2716 2651 2772 ad
2698 2715 3171 2787 perseverandum,
3202 2730 3320 2785 quae
3361 2728 3467 2770 non

1874 2814 2115 2869 aufertur
2143 2813 2245 2868 nisi
2287 2828 2352 2869 ex
2392 2812 2603 2884 speciali
2646 2812 2845 2866 auxilio
2894 2810 3008 2868 Dei.
3040 2810 3179 2882 Lege
3224 2820 3467 2866 sanctum

1876 2906 2198 2976 Prosperum
2228 2907 2280 2961 in
2313 2907 2476 2976 Resp.
2510 2905 2576 2961 ad
2609 2907 2639 2960 7
2671 2904 2969 2961 Gallorum.

1948 3000 2111 3071 Igitur
2156 2998 2437 3069 praecipuae
2484 3013 2660 3068 paenae
2704 2998 2903 3054 relictae
2933 3012 2998 3054 ex
3051 3011 3273 3068 peccato
3302 2997 3467 3066 origi-

1878 3091 1985 3147 nali
2028 3100 2153 3145 sunt
2181 3090 2611 3159 concupiscentia
2650 3099 2703 3144 et
2751 3088 2978 3159 privatio
3006 3089 3257 3158 potentiae
3292 3090 3467 3159 proxi-

1878 3197 1967 3237 me
2015 3180 2278 3250 expeditaz
2331 3179 2397 3234 ad
2447 3180 2918 3251 perseverandum.
2972 3178 3468 3251 Concupiscentiam

1607 3244 1775 3345 Minor
1802 3253 1849 3318 ο
1879 3244 2120 3333 relictam
2146 3290 2267 3331 esse
2297 3275 2361 3330 ad
2389 3244 2613 3345 agonem
2644 3275 2833 3345 dogma
2865 3275 2987 3332 ﬁdei
3013 3287 3117 3345 est,
3150 3244 3216 3331 ex
3249 3275 3469 3331 Triden-

1877 3371 1991 3426 tino
2021 3370 2074 3425 in
2115 3368 2333 3425 decreto
2364 3370 2433 3424 de
2477 3369 2707 3425 Peccato
2734 3369 3001 3440 originali,
3036 3384 3141 3439 qua
3168 3369 3234 3425 de
3264 3385 3323 3425 re
3354 3370 3465 3425 ele-

1875 3475 2063 3535 ganter
2093 3465 2418 3535 Augustinus
2446 3464 2537 3518 lib.
2564 3480 2603 3520 tt
2637 3473 2824 3519 contra
2854 3462 2985 3529 Ju|.,
3010 3478 3129 3532 cap.
3149 3461 3180 3514 4
3202 3480 3247 3516 :t
3272 3464 3470 3519 Contra

1876 3573 2032 3629 quam
2084 3568 2451 3628 regeneratus,
2499 3556 2542 3611 si
2580 3556 2689 3627 jam
2739 3556 2944 3611 ratione
2976 3556 3161 3623 utitur,
3194 3556 3285 3611 illo
3313 3570 3470 3625 spec«

1878 3662 2024 3709 tante
2053 3661 2215 3721 atque
2246 3652 2534 3723 adjuvante
2561 3652 2710 3707 velut
2758 3652 2811 3706 in
2844 3666 3015 3721 agone
3055 3650 3318 3721 confligit,
3347 3648 3469 3720 quia

1877 3745 2046 3801 virtus
2076 3746 2127 3800 in
2179 3744 2486 3799 inﬁrmitate
2531 3744 2829 3815 perﬁcitur,
2869 3742 2995 3797 dum
3027 3751 3209 3798 contra
3240 3740 3341 3795 hoc
3371 3755 3470 3794 no-

1877 3850 2068 3908 strum,
2110 3841 2248 3911 quod
2298 3856 2326 3894 a
2370 3839 2574 3910 justitia
2615 3839 2813 3906 deﬁcit,
2864 3838 2956 3895 illo
2986 3848 3191 3905 nostro,
3223 3838 3363 3909 quod
3403 3838 3469 3894 ad

1872 3934 2132 4005 justitiam
2182 3934 2416 4004 proﬁcit,
2467 3932 2776 3997 dimicatur,
2830 3940 2886 3986 ut
2935 3932 3184 3987 vincente
3230 3929 3470 3999 profectu

1878 4037 2047 4085 totum
2078 4036 2264 4097 surgat
2303 4027 2357 4080 in
2389 4022 2604 4093 melius,
2638 4041 2745 4080 non
2779 4026 3026 4081 vincente
3056 4022 3267 4079 defectu
3301 4030 3470 4079 totum

1878 4130 2065 4191 vergat
2099 4120 2151 4175 in
2183 4119 2354 4191 pejus.
2394 4138 2411 4172 ι
2447 4118 2570 4175 Ideo
2602 4133 2730 4176 vero
2762 4118 2877 4174 hmc
2912 4134 3084 4190 pugna
3118 4117 3340 4186 pmualis
3376 4133 3470 4172 no-

1877 4214 1960 4269 bis
1991 4213 2084 4267 Dei
2106 4211 2308 4283 judicio
2342 4212 2530 4267 relicta
2557 4220 2661 4279 est,
2692 4220 2750 4267 ut
2777 4211 2960 4278 homo,
3009 4212 3276 4281 propriam
3324 4208 3471 4265 inﬁr-

1877 4306 2117 4363 mitatem
2147 4319 2501 4375 cognoscens,
2550 4303 2842 4360 elationem
2884 4304 3052 4369 illam,
3099 4319 3200 4372 qua
3240 4304 3366 4359 olim
3419 4304 3471 4360 in

1877 4402 2128 4474 paradiso
2164 4410 2349 4457 contra
2397 4401 2683 4457 Dominum
2739 4400 3055 4470 superbivit,
3109 4399 3469 4470 deprimeret,

1875 4506 2036 4567 atque
2083 4495 2320 4550 divinum
2371 4494 2629 4557 auxilium
2678 4492 2904 4563 supplex
2958 4493 3293 4563 imploraret.
3334 4492 3471 4547 Audi

1877 4589 2229 4659 Augustinum
2268 4588 2361 4642 lib.
2389 4602 2441 4641 tv
2461 4596 2644 4642 contra
2667 4586 2799 4651 Jul.,
2828 4601 2947 4656 cap.
2977 4585 3044 4639 2:
3080 4605 3097 4638 ι
3134 4584 3237 4641 Sed
3268 4586 3389 4656 quia
3416 4586 3469 4640 in

164 4658 274 4713 nali
310 4667 432 4713 orta
462 4656 745 4713 deducitur
788 4659 948 4713 etiam
988 4673 1054 4712 ex
1087 4657 1310 4727 epistola
1359 4660 1615 4729 synodica
1669 4659 1769 4716 Pa-
1798 4656 1852 4717 D
1878 4656 1984 4737 is”;
2022 4681 2254 4736 humana
2285 4681 2500 4736 miseria
2534 4681 2683 4750 pejor
2712 4680 2882 4737 hostis
2911 4688 2994 4737 εει
3017 4680 3253 4735 cavenda
3285 4695 3470 4749 super.

164 4761 309 4805 trum
348 4750 727 4805 Africanorum
777 4750 831 4805 in
880 4750 1122 4806 Sardinia
1161 4752 1437 4815 exsulum,
1470 4753 1558 4805 ubi
1589 4766 1706 4820 cap.
1737 4751 1770 4804 ti

164 4843 460 4912 inquiunt:
495 4861 513 4894 t
548 4842 969 4921 Dixistisitaque
1000 4842 1162 4912 quod,
1197 4842 1335 4896 Esau
1368 4852 1419 4897 et
1450 4842 1615 4898 Jacob
1646 4858 1771 4898 nec-

164 4935 293 4990 dum
328 4937 491 5000 natis,
523 4935 690 4990 Jacob
716 4950 810 5004 per
839 4934 1262 4989 misericordiam
1309 4934 1589 5003 gratuitam
1621 4934 1771 5004 eligi-

164 5041 272 5100 tur,
312 5033 456 5088 Esau
488 5040 668 5088 autem
699 5031 945 5099 originali
979 5040 1203 5100 peccato
1235 5030 1485 5084 detentus
1514 5030 1656 5096 justo
1682 5031 1771 5100 ju-

161 5126 311 5180 dicio
351 5124 448 5179 Dei
486 5133 571 5179 est
608 5124 732 5179 odio
775 5124 1007 5179 habitus.
1060 5122 1137 5177 llli
1188 5137 1219 5178 e
1270 5124 1542 5177 contrario
1587 5122 1772 5178 dicunt

163 5217 214 5271 in
257 5217 408 5273 Esau
456 5216 684 5289 ﬁguram
730 5231 851 5271 esse
898 5217 1081 5286 populi
1126 5214 1431 5271 Judaaorum
1477 5230 1541 5269 ex
1585 5216 1774 5271 futuris

162 5310 329 5365 malis
378 5308 633 5378 operibus
683 5308 1116 5373 condemnandi;
1169 5307 1222 5361 in
1275 5306 1442 5361 Jacob
1480 5322 1606 5362 vero
1641 5309 1773 5377 figu-

162 5416 278 5456 ram
315 5416 441 5457 esse
486 5402 670 5471 populi
716 5402 956 5471 gentium
1009 5417 1072 5456 ex
1107 5400 1297 5455 futuris
1338 5400 1590 5469 operibus
1619 5401 1771 5455 bonis

162 5494 436 5550 salvandi.
485 5494 613 5549 Hec
640 5495 769 5561 duo,
799 5511 919 5565 quae
967 5496 1173 5565 singula
1217 5498 1536 5565 proponitis,
1570 5496 1765 5552 bonum

161 5596 269 5651 cst,
301 5596 363 5641 ut
391 5586 659 5642 catholica
688 5587 1043 5642 consensione
1080 5589 1331 5657 jnngatis.
1386 5607 1406 5642 ι
1460 5589 1642 5658 Itaque
1672 5604 1769 5659 per

161 5681 317 5752 ipsos
364 5680 692 5737 catholicum
740 5681 1033 5737 estdicere
1084 5681 1219 5735 Esau
1251 5681 1494 5750 originali
1544 5690 1766 5751 peccato

163 5780 451 5835 detentum
499 5778 645 5848 justo
688 5777 891 5849 judicio
940 5779 1031 5834 Dei
1058 5793 1178 5834 esse
1225 5780 1349 5834 odio
1398 5780 1655 5835 habitum.
1696 5783 1767 5836 At

163 5881 336 5949 cap.7
368 5882 610 5939 scribunt
636 5898 649 5937 :
685 5899 703 5935 ι
735 5881 789 5936 1η
825 5881 962 5937 Esau
994 5892 1119 5936 vero
1143 5876 1401 5949 judicium
1429 5882 1583 5949 iusta:
1614 5892 1763 5939 seret

318 6076 346 6097 ο

1878 4775 1984 4839 bia,
2018 4776 2140 4830 ideo
2170 4774 2419 4830 nimirum
2452 4789 2558 4829 non
2596 4774 2811 4844 penitus
2838 4775 3195 4844 exstinguitur
3226 4774 3278 4829 in
3306 4788 3469 4829 carne

1878 4865 2264 4922 continentium
2310 4876 2616 4921 sanctorum
2648 4866 2736 4921 illa
2775 4866 3226 4935 concupiscentia,
3258 4873 3317 4920 ut
3343 4880 3465 4920 cum

1880 4970 2144 5032 pugnatur
2192 4961 2452 5018 adversus
2490 4976 2632 5027 eam,
2682 4962 3041 5033 periculorum
3087 4974 3306 5016 suorum
3346 4960 3466 5015 ani-

1878 5068 1998 5109 mus
2022 5054 2395 5121 admoneatur,
2425 5069 2491 5110 ne
2520 5068 2739 5110 securus
2768 5056 3000 5119 infletur,
3034 5053 3205 5109 donec
3236 5053 3467 5109 humana

1878 5146 2137 5216 fragilitas
2163 5146 2231 5201 ad
2278 5156 2479 5202 tantam
2526 5146 2910 5217 perfectionem
2956 5146 3231 5216 perveniat
3260 5148 3467 5204 sanita-

1880 5239 1966 5303 tis,
1993 5236 2082 5292 tibi
2113 5237 2258 5292 nulla
2298 5238 2525 5309 putredo
2560 5237 2815 5304 lascivire,
2860 5238 3037 5293 nullus
3070 5247 3249 5294 tumor
3275 5253 3468 5309 super-

1876 5330 1978 5384 bia:
2010 5330 2344 5386 formidetur.
2378 5351 2396 5383 ι
2426 5331 2569 5386 Idem
2598 5331 2800 5401 pariter
2828 5329 3111 5387 dicendum
3143 5340 3226 5387 est
3251 5332 3319 5388 de
3356 5330 3466 5402 pri-

1877 5422 2087 5477 vatione
2135 5422 2291 5492 hujus
2324 5421 2576 5492 potentite
2624 5422 2865 5490 proxime
2894 5422 3159 5492 expedita:
3187 5422 3253 5478 ad
3284 5438 3465 5494 perse-
3557 5451 3563 5461 -

1874 5514 2190 5580 verandum,
2231 5528 2425 5583 nempe
2480 5514 2718 5568 relictam
2770 5514 2912 5569 illam
2949 5515 3016 5569 ad
3060 5529 3285 5586 agonem
3313 5525 3369 5570 et
3398 5514 3465 5570 ad

1874 5607 2166 5664 humanam
2208 5607 2513 5677 superbiam
2559 5607 3028 5675 contundendam,
3083 5606 3223 5663 unde
3265 5622 3464 5663 concu-

1873 5700 2128 5771 piscentia
2160 5709 2213 5755 et
2254 5698 2481 5770 privatio
2508 5699 2608 5755 ista
2640 5699 2799 5755 veluti
2830 5700 3103 5756 foederata:
3135 5698 3338 5756 homini
3382 5699 3466 5753 in-

1872 5791 2156 5857 sidiantur,
2217 5806 2278 5847 ac
2320 5803 2507 5849 mutuo
2555 5807 2617 5850 se
2657 5793 2884 5864 juvant:
2916 5810 2981 5851 ex
3030 5791 3462 5863 concupiscentia

1875 5883 2017 5937 enim
2052 5881 2338 5939 inclinante
2358 5886 2422 5941 ad
2452 5893 2729 5952 peccatum
2754 5885 3064 5953 impotentia
3096 5896 3150 5941 et
3180 5879 3461 5940 infirmitas
