3962 6346
511 306 611 363 731

1402 304 1960 366 SUPPLEMENTIJM
1997 302 2090 362 AD
2129 302 2361 362 OPERA
2400 304 2461 362 S.
2504 301 2899 363 AUGUSTINI.

3705 313 3799 371 ⁸159.

511 424 687 481 standi
718 423 772 481 in
804 411 948 479 bono
974 422 1251 494 proposito
1275 421 1499 494 justitiaa
1541 421 1775 478 fovetur.
1809 422 1979 478 Docet
2010 421 2109 476 hoc
2135 425 2186 486 Α
2212 421 2385 488 ειιιιὶιει
2417 419 2475 473 li
2504 429 2557 476 et
2582 420 2647 476 ιε
2669 421 2925 491 scripsit;
2953 436 3111 480 unam
3142 432 3198 482 et
3222 424 3447 484 alteram
3479 433 3797 490 sententiam

510 524 783 592 eleganter
809 526 993 575 auctor
1016 512 1137 571 libri
1162 531 1199 570 ιι
1228 515 1295 571 de
1320 514 1613 573 Vocatione
1643 523 1817 587 gent.,
1844 530 1965 586 cap.
1995 513 2064 568 28
2092 525 2104 560 :

515 633 535 667 ι
570 613 626 670 in
652 612 859 674 caeteris
886 626 1039 679 vero,
1062 608 1258 682 inquit,
1290 610 1598 667 hominibus
1627 610 1799 668 donec
1823 626 1950 668 caro
1975 616 2105 667 cen-

510 708 735 775 cupiscit
757 704 1015 760 adversus
1044 705 1317 774 Spiritum,
1352 715 1405 760 et
1436 705 1659 775 Spiritus
1700 702 1958 761 adversus
1988 720 2107 761 car-

511 814 656 866 nem,
689 808 743 854 et
769 797 944 854 donec
988 796 1213 868 spiritus
1257 797 1475 867 quidem
1526 806 1802 868 proruptus
1830 807 1930 867 est,
1981 811 2108 853 caro

508 902 684 949 autem
727 892 959 961 infirma,
1003 890 1456 947 incommutabilis
1499 890 1663 953 animi
1704 888 1958 946 fortitudo
2000 902 2106 945 non

516 993 696 1058 potest
734 982 983 1055 reperiri,
1032 983 1283 1055 quoniam
1338 1000 1442 1038 non
1490 981 1683 1053 hujus,
1735 981 1830 1037 sed
1885 981 2124 1067 alterius

508 1080 629 1134 vitae
658 1086 741 1134 est
769 1092 895 1133 vere
945 1075 1180 1148 perfecta
1225 1084 1280 1132 et
1326 1090 1517 1133 secura
1569 1073 1819 1131 felicitas.
1866 1072 1923 1129 In
1971 1088 2108 1143 prae-

513 1173 682 1227 sentis
725 1178 901 1225 autcm
934 1170 1119 1240 agonis
1171 1168 1400 1235 incerto,
1454 1166 1543 1223 ubi
1591 1172 1698 1222 tota
1725 1167 1832 1221 vita
1882 1166 2107 1221 tentatid

506 1276 611 1333 est,
640 1275 699 1322 et
725 1266 791 1320 ab
822 1264 1096 1321 insidianti
1124 1263 1376 1334 superbia
1409 1278 1507 1318 nec
1545 1263 1660 1332 ipsa
1691 1272 1770 1316 est
1802 1270 1909 1317 tuta
1944 1262 2108 1316 victo-

507 1359 609 1427 ria,
659 1354 1026 1412 mutabilitatis
1069 1354 1308 1426 periculo
1358 1369 1462 1408 non
1503 1361 1739 1409 caretur.
1772 1352 1836 1408 Et
1869 1352 1994 1409 licet
2026 1351 2107 1408 in-

508 1449 747 1506 numeris
788 1448 987 1505 sanctis
1036 1448 1151 1504 suis
1206 1446 1368 1503 donet
1409 1447 1662 1503 virtutem
1728 1446 2107 1519 perseverandi

508 1557 674 1612 usque
720 1543 773 1597 in
816 1540 974 1599 finem
1006 1542 1182 1597 divina
1229 1542 1511 1612 proiectio,
1545 1557 1573 1596 a
1608 1542 1765 1598 nullis
1796 1549 1975 1599 tamen
2008 1560 2102 1598 au-

508 1632 630 1701 fert,
681 1634 820 1705 quod
864 1634 993 1705 ipsis
1044 1642 1305 1705 repugnat
1336 1651 1406 1691 ex
1465 1633 1617 1707 ipsis,
1652 1645 1710 1692 ut
1755 1636 1808 1691 in
1858 1636 2107 1695 omnibus

458 1766 459 1769 η
507 1724 699 1781 studiis
729 1742 916 1781 eorum
957 1735 1119 1798 atque
1162 1726 1443 1785 conatibus
1470 1744 1682 1801 semper
1710 1732 1848 1788 inter
1871 1746 1931 1788 se
1962 1728 2106 1789 nolle

2213 514 2371 581 dabo,
2402 530 2471 571 ne
2530 514 2780 572 universa
2812 516 2918 573 huc
2963 516 3282 575 transferam
3315 538 3328 575 :
3368 541 3385 573 c
3422 520 3495 580 Ut
3544 541 3702 598 ergo,
3731 529 3801 584 in.

2210 608 2347 679 quit,
2379 624 2486 665 non
2537 608 2805 681 acciperet
2836 609 2938 667 hoc
2966 610 3165 668 donum
3196 612 3313 681 Dei,
3339 615 3390 670 id
3444 626 3531 672 est
3564 605 3643 672 in.
3674 620 3801 677 bono

2212 700 2679 774 perseverantiam
2739 705 2943 776 primus
2981 702 3167 777 homo,
3196 707 3287 763 sed
3318 725 3682 778 perseverare
3730 716 3802 770 vel

2214 812 2316 852 non
2350 811 2698 867 perseverare
2725 797 2777 853 in
2818 797 2935 868 ejus
2966 796 3361 870 relinqueretur
3392 802 3649 871 arbitrio,
3684 803 3805 860 tales

2211 890 2352 951 vires
2389 890 2619 947 habebat
2660 890 2776 961 ejus
2816 892 3086 959 voluntas,
3119 909 3238 965 qua:
3289 896 3412 951 siue
3466 895 3583 953 ullo
3648 897 3809 955 fuerat

2214 983 2454 1038 instituta
2478 993 2719 1054 peccato,
2747 993 2801 1040 et
2826 983 2955 1039 nihil
2989 984 3061 1039 illi
3085 1000 3149 1039 ex
3199 1002 3258 1042 se
3285 986 3400 1057 ipsa
3424 990 3809 1062 concupiscen-

2214 1073 2409 1130 tialiter
2457 1074 2761 1142 resistebat,
2791 1086 2847 1131 ut
2883 1074 3041 1147 digne
3066 1086 3227 1133 tantae
3282 1078 3511 1136 bonitati
3566 1092 3625 1137 et
3683 1082 3811 1140 bene

2212 1168 2422 1223 vivendi
2456 1167 2692 1223 facilitati
2746 1170 3124 1238 perseverandi
3179 1173 3623 1230 committeretur
3677 1177 3813 1233 arbi-

2210 1258 2397 1326 trium;
2426 1276 2446 1312 ι
2498 1275 2618 1330 cap.
2649 1257 2734 1312 12.
2760 1258 2827 1313 Et
2851 1274 2969 1330 cap.
3004 1259 3064 1316 H
3099 1262 3318 1319 scribit:
3349 1284 3366 1316 ι
3398 1265 3553 1321 Tunc
3574 1283 3712 1339 ergo
3732 1269 3813 1326 de-

2211 1350 2364 1407 derat
2394 1350 2593 1406 homini
2618 1350 2759 1408 Deus
2789 1351 2983 1408 bonam
3016 1354 3371 1423 voluntatem,
3402 1358 3455 1413 in
3492 1359 3590 1415 illa
3623 1361 3813 1433 quippe

2210 1460 2335 1499 eum
2366 1442 2588 1511 fecerat,
2620 1448 2711 1515 qui
2733 1442 2940 1502 fecerat
2966 1457 3195 1505 rectum.
3223 1449 3459 1507 Dederat
3515 1463 3571 1508 et
3601 1455 3809 1525 adjuto-

2212 1536 2377 1605 rium,
2411 1537 2527 1594 sine
2552 1554 2661 1609 quo
2690 1539 2743 1593 in
2792 1554 2855 1595 ea
2890 1555 2997 1596 nou
3051 1551 3234 1611 posset
3256 1558 3607 1615 permanere,
3637 1548 3683 1603 si
3716 1548 3813 1603 vel-

2210 1631 2321 1699 let;
2356 1640 2411 1686 ut
2435 1642 2612 1688 autem
2636 1633 2819 1701 vellet,
2850 1634 2904 1690 in
2935 1635 3054 1705 ejus
3084 1636 3255 1695 libero
3281 1639 3499 1711 reliquit
3521 1642 3807 1699 arbitrio.»

2212 1727 2393 1798 itaque
2420 1727 2591 1784 Adam
2617 1744 2723 1785 non
2751 1729 3024 1802 indigebat
3066 1732 3214 1789 dono
3267 1736 3499 1792 actualis
3556 1753 3812 1807 perseve-

508 1826 564 1872 et
613 1815 749 1873 velle
796 1818 1092 1874 decerteut.
1136 1838 1152 1870 ι
1185 1818 1298 1875 Hoc
1353 1819 1530 1890 ipsum
1591 1820 1847 1879 docuerat
1889 1834 2107 1880 sanctus
2138 1830 2182 1889 Β
2212 1822 2423 1891 rantiae,
2453 1823 2578 1894 quia
2629 1824 2861 1881 habebat
2907 1825 3258 1899 adjutorium,
3287 1844 3393 1900 quo
3438 1846 3541 1901 per
3595 1832 3811 1890 modum

509 1912 669 1968 Pater
720 1913 815 1969 lib.
863 1913 931 1969 de
976 1910 1126 1969 Dono
1150 1916 1589 1984 perseverantiae,
1623 1931 1743 1987 cap.
1776 1914 1830 1982 8,
1865 1916 1978 1988 ubi,
2020 1933 2106 1973 re-

506 2005 779 2077 spondens
819 2000 1080 2077 quaerenti
1121 2019 1217 2062 cur
1258 2000 1400 2063 fideli
1452 2006 1592 2064 Deus
1633 2006 1865 2079 deneget
1905 2006 2104 2064 donum

511 2100 951 2172 perseverantiae,
982 2099 1057 2155 ait
1093 2121 1105 2156 :
1142 2110 1158 2153 ἀ
1204 2100 1343 2156 Deus
1381 2108 1559 2157 autem
1592 2102 1781 2158 melius
1810 2117 1933 2159 esse
1959 2102 2103 2173 judi-

508 2195 650 2251 cavit
710 2196 937 2250 miseere
990 2193 1251 2265 quosdam
1300 2208 1405 2250 non
1459 2204 1901 2266 perseveraturos
1955 2202 2107 2252 certo

508 2302 734 2343 numero
779 2296 1089 2343 sanctorum
1149 2294 1391 2356 Suorum,
1424 2298 1483 2344 ut
1510 2288 1706 2360 quibus
1736 2302 1845 2346 non
1889 2289 2106 2361 expedit

508 2378 564 2434 in
591 2375 748 2450 hujus
777 2379 900 2434 vitae
948 2379 1247 2435 tentatioue
1276 2381 1562 2449 securitas,
1597 2397 1701 2437 non
1749 2382 1956 2453 possint
1984 2397 2106 2439 esse

508 2470 705 2539 securi,
733 2468 930 2526 multos
963 2472 1105 2527 enim
1139 2488 1167 2526 a
1219 2474 1523 2543 perniciosa
1564 2474 1795 2531 elatione
1837 2474 2104 2547 reprimit,

506 2562 649 2633 quod
692 2561 767 2618 ait
818 2563 1107 2634 Apostolus
1150 2566 1521 2637 :Quapropter
1568 2568 1655 2638 qui
1703 2566 1900 2621 videtur
1943 2575 2101 2640 stare,

505 2652 758 2711 videatut:
784 2656 936 2711 cadat
961 2656 1011 2720 (Ι
1035 2656 1157 2713 Cor.
1195 2666 1251 2727 x,
1280 2657 1387 2729 12).
1415 2658 1701 2716 Voluntate
1725 2662 1870 2717 enim
1896 2674 1993 2717 sua
2011 2676 2104 2717 ca-

507 2743 586 2801 dit
615 2745 706 2819 qui
751 2746 915 2816 cadit,
959 2756 1011 2803 ει
1042 2747 1314 2805 voluntate
1358 2744 1452 2805 Dei
1491 2757 1597 2804 stat
1640 2749 1732 2821 qui
1777 2758 1904 2819 stat,
1944 2770 1961 2804 ι
1996 2760 2101 2809 etc.

506 2836 642 2894 Hinc
669 2848 1002 2913 quaecunque
1047 2849 1232 2897 contra
1278 2838 1417 2899 hanc
1450 2840 1800 2914 privationem
1830 2842 1990 2915 objiei
2020 2860 2105 2902 so-

507 2934 637 3002 lent,
670 2934 861 2990 eodem
894 2946 1113 3005 prorsus
1138 2937 1299 2992 modo
1323 2922 1575 2993 scivenda
1607 2942 1734 2994 sunt
1760 2951 1824 2995 ac
1865 2936 1954 2995 illa
1985 2953 2106 3011 quas

507 3039 695 3085 contra
749 3032 1117 3102 ptenalitatem
1171 3033 1621 3104 concupiscentia:
1675 3032 1948 3108 Pelagiani
1994 3035 2107 3094 Au-

506 3122 718 3191 gustino
749 3123 875 3179 olim
907 3120 1269 3197 opponebam.

2212 1917 2425 1973 habitus
2455 1919 2627 1973 inerat
2649 1918 2723 1973 illi
2754 1920 2999 1990 potentia
3030 1920 3278 1990 proxime
3311 1922 3569 1993 expedita
3600 1925 3672 1981 ad
3698 1940 3813 1996 per-

2209 2013 2600 2083 severandum;
2634 2013 2775 2071 unde
2804 2014 3133 2087 Augustinus
3179 2018 3234 2071 in
3284 2018 3391 2073 ﬁne
3445 2033 3572 2090 cap.
3598 2020 3671 2077 12
3698 2021 3811 2077 ait:

2215 2125 2233 2158 ς
2270 2107 2405 2163 Cum
2460 2117 2515 2163 et
2566 2108 2815 2164 voluntas
2860 2110 3020 2180 primi
3071 2109 3308 2167 hominis
3336 2110 3493 2168 fortis
3523 2124 3579 2169 et
3609 2128 3741 2169 sana
3765 2115 3813 2169 in

2210 2202 2352 2257 bono
2387 2202 2652 2272 ampliore
2699 2218 2807 2257 non
2841 2201 3277 2273 perseveraverit
3320 2203 3531 2260 habens
3562 2206 3813 2262 virtutem

2209 2294 2367 2351 liberi
2420 2294 2650 2364 arbitrii,
2674 2296 2918 2367 quamvis
2977 2311 3081 2351 non
3111 2296 3363 2352 dcfuturo
3388 2298 3676 2367 adjutorio
3703 2301 3812 2369 Dei,

2210 2389 2328 2443 sine
2356 2402 2465 2459 quo
2496 2403 2606 2444 non
2662 2398 2848 2459 posset
2877 2403 3234 2459 perseverare
3255 2392 3302 2446 si
3324 2392 3489 2447 vellet
3532 2410 3547 2445 :
3580 2409 3699 2447 non
3745 2402 3815 2447 ta-

2211 2494 2336 2535 men
2367 2480 2456 2535 tali
2480 2496 2586 2551 quo
2608 2482 2662 2536 in
2693 2480 2782 2536 illo
2809 2481 2949 2537 Deus
2977 2494 3295 2553 operaretur
3318 2493 3377 2540 ut
3404 2485 3594 2541 vellet.
3624 2487 3815 2543 Fortis

2209 2576 2348 2631 simo
2377 2576 2575 2646 quippe
2603 2574 2828 2643 dimisit,
2852 2586 3014 2647 atque
3042 2579 3287 2648 permisit
3317 2580 3495 2636 facere
3522 2582 3677 2651 quod
3712 2583 3815 2638 ve!-

2209 2667 2306 2725 let.
2336 2687 2355 2720 ι
2390 2667 2571 2737 Quare
2594 2668 2800 2724 Adamn
2854 2670 2929 2724 nil
2959 2668 3128 2726 defuit
3161 2687 3224 2728 ex
3276 2682 3431 2743 parte
3478 2672 3577 2730 Dei
3614 2674 3687 2729 ad
3722 2676 3813 2731 hoc

2210 2768 2271 2817 ut
2300 2770 2481 2831 posset
2508 2777 2878 2831 perseverare,
2906 2763 3001 2819 sed
3030 2764 3136 2819 sibi
3192 2767 3381 2822 nolens
3436 2766 3651 2834 defuit;
3696 2783 3809 2823 nam

2208 2855 2257 2912 si
2284 2855 2565 2925 voluisset,
2598 2856 2847 2912 facillime
2898 2868 3329 2928 perseverasset.
3351 2861 3519 2917 Addit
3560 2864 3816 2935 Augusti-

2210 2961 2334 3016 nus,
2363 2949 2408 3003 si
2459 2948 2602 3004 Deus
2630 2948 2734 3004 hoe
2784 2948 3113 3021 adjutorium
3164 2952 3511 3024 denegasset,
3538 2956 3808 3034 Adamnan

2208 3042 2445 3115 itemque
2467 3044 2689 3115 angelos
2712 3059 2819 3100 non
2848 3059 2945 3100 sua
2969 3047 3128 3118 culpa
3155 3062 3381 3103 casuros
3404 3050 3602 3119 fuisse,
3640 3053 3803 3109 ratio-

2211 3153 2334 3194 nem
2366 3140 2650 3210 assignans
2681 3156 2697 3194 :
2732 3158 2750 3192 ¢
2789 3139 3129 3211 Adjutorium
3159 3144 3358 3214 quippe
3387 3143 3666 3201 defuisset
3698 3148 3813 3203 sine

584 3210 929 3284 EXpedienda
952 3217 1039 3273 hic
1061 3226 1145 3273 est
1165 3216 1475 3289 difficultas,
1494 3217 1636 3276 unde
1676 3220 1870 3277 tradita
1887 3222 2099 3294 Augus-
2127 3229 2176 3294 (ζ
2207 3248 2317 3303 quo
2336 3247 2558 3289 manere
2587 3247 2693 3289 non
2723 3210 2958 3304 possent.
2995 3235 3147 3303 Nune
3406 3238 3612 3309 quibus
3660 3240 3810 3296 deest

396 3354 407 3357 κ
508 3303 731 3361 ιΙιιὶειιιεε
778 3305 1062 3363 sententiae
1107 3309 1402 3380 explicatio
1460 3312 1690 3374 maxime
1720 3312 2095 3371 illustrabitur.

507 3398 781 3468 Carentia,
806 3401 1073 3473 inquiunt,
1090 3403 1219 3459 doni
1251 3406 1661 3475 perseverantia:
1679 3406 1775 3462 fuit
1800 3406 1854 3463 in
1870 3402 2099 3479 Adamo,

508 3510 632 3551 nam
660 3497 1077 3566 perseverantiae
1099 3497 1325 3565 donum,
1361 3499 1439 3553 ait
1465 3498 1793 3570 Augustinus
1825 3503 1879 3555 ln
1911 3500 2003 3559 lib.
2034 3501 2102 3559 de

507 3582 861 3657 Correptione
884 3596 938 3642 et
965 3595 1128 3659 grat.,
1153 3603 1274 3659 cap.
1310 3586 1397 3658 ii,
1424 3591 1466 3644 si
1493 3589 1771 3657 habuisset,
1795 3606 2101 3663 perseveras-

506 3690 618 3745 set;
647 3690 774 3750 ergo
817 3678 1042 3750 privatio
1090 3680 1213 3736 doni
1239 3676 1653 3752 perseverantia
1701 3696 1807 3739 non
1833 3692 1917 3740 est
1944 3698 2101 3756 paena

506 3774 735 3845 peccati,
764 3775 961 3847 quippe
991 3791 1108 3845 quae
1138 3774 1235 3831 fuit
1296 3776 1455 3831 etiam
1506 3774 1560 3832 in
1588 3774 1802 3833 homine
1827 3787 1951 3835 ante
1981 3794 2104 3849 pec-

506 3878 703 3922 critum.
728 3866 839 3923 lloc
860 3877 1235 3937 argumentum
1257 3868 1389 3925 olim
1411 3866 1863 3941 Serui-Pelagiani
1888 3872 2100 3943 Augus-

509 3957 620 4014 tino
649 3959 972 4029 objieiebant
999 3958 1053 4016 in
1085 3960 1301 4018 laudato
1328 3961 1582 4034 lib.,cap.
1602 3960 1690 4031 10,
1710 3965 1798 4018 ubi
1818 3964 1884 4020 de
1899 3964 2104 4024 Adamo

514 4052 759 4123 inquiunt
787 4072 799 4108 :
823 4069 842 4105 ι
872 4050 987 4110 Non
1018 4068 1146 4124 ergo
1178 4050 1366 4110 habuit
1388 4054 1437 4109 in
1463 4048 1551 4110 illo
1580 4055 1722 4111 bono
1751 4064 2104 4127 perseVeran-

509 4146 659 4215 tiam,
691 4157 743 4203 et
773 4147 819 4203 si
848 4162 954 4202 non
986 4147 1190 4217 habuit,
1225 4162 1332 4204 non
1353 4147 1537 4219 utique
1566 4150 1796 4220 accepit.
1821 4149 2103 4220 Quomodo

510 4240 652 4294 enim
685 4247 741 4294 et
795 4240 1094 4309 accepisset
1125 4242 1603 4309 perseverantiam,
1629 4248 1683 4296 et
1712 4250 1817 4298 non
1851 4248 2103 4314 perseve-

514 4330 722 4385 rasset?
746 4329 936 4399 Porro,
967 4331 1011 4387 si
1042 4340 1325 4402 propterea
1356 4348 1461 4388 non
1493 4333 1680 4389 habuit
1707 4332 1828 4406 quia
1860 4350 1966 4392 non
2009 4350 2097 4392 ac-

511 4420 674 4492 cepit,
708 4420 831 4492 quid
861 4423 974 4491 ipse
1006 4437 1110 4478 non
1143 4424 1535 4494 perseverando
1569 4427 1832 4497 peccavit,
1859 4428 1951 4499 qui
1981 4442 2103 4502 per-

510 4516 869 4573 severantiam
898 4532 1003 4573 non
1026 4516 1269 4589 accepit?
1290 4517 1473 4590 Neque
1494 4517 1636 4576 enim
1660 4518 1769 4579 dici
1788 4530 1963 4592 potest
1982 4522 2104 4581 ideo

2208 3325 2317 3382 tale
2364 3325 2711 3395 adjutorium,
2730 3326 2841 3398 jam
2892 3341 3052 3395 ptena
3085 3330 3293 3400 peccati
3344 3341 3454 3400 est,
3485 3334 3695 3404 quibus
3724 3350 3813 3391 an.

2208 3427 2318 3477 tem
2344 3419 2522 3486 datur,
2553 3420 2853 3477 secundum
2878 3422 3104 3492 gratiam
3130 3423 3313 3493 datur,
3346 3440 3457 3481 non
3508 3430 3811 3484 secundum

2204 3512 2468 3569 debitum.
2501 3532 2521 3567 ι
2555 3513 2701 3586 Ergo
2726 3514 2928 3571 donum
2960 3516 3207 3587 praebens
3238 3521 3541 3589 potentiam
3570 3521 3813 3593 proxime

2206 3607 2514 3678 expeditam
2529 3608 2596 3664 ad
2614 3610 3070 3680 perseverandum
3086 3612 3341 3669 traditum
3360 3612 3465 3670 fuit
3484 3614 3728 3683 Adamn,
3746 3618 3811 3673 ita

2204 3711 2264 3757 ut
2286 3702 2523 3759 carentia
2550 3705 2969 3775 perseverantius
2995 3708 3218 3764 actualis
3260 3724 3366 3765 non
3414 3712 3695 3780 potuisset
3736 3712 3808 3767 illi

2205 3795 2458 3866 imputari
2491 3796 2685 3867 culpa,
2713 3796 2760 3852 si
2789 3811 2857 3853 eo
2897 3797 3169 3869 adjutorio
3221 3801 3510 3857 caruisset.
3545 3804 3807 3859 Craterum

2204 3908 2269 3949 ex
2299 3901 2523 3963 peccato
2556 3892 2788 3961 perdidit
2824 3893 2926 3949 sibi
2954 3904 3009 3950 et
3052 3895 3210 3950 nobis
3248 3894 3352 3951 hoc
3378 3896 3650 3951 auxilium
3679 3911 3808 3953 eon-

2204 3989 2433 4044 stituens
2461 3986 2760 4058 potentiam
2818 3989 3061 4057 proxime
3097 3989 3405 4059 expeditam
3453 3992 3523 4046 ad
3554 4006 3807 4061 perseve-

2204 4080 2455 4137 randum.
2489 4082 2669 4150 Quare
2691 4081 2924 4152 privatio
2949 4081 3107 4151 hujus
3135 4083 3390 4151 potentiae
3422 4083 3476 4138 in
3525 4084 3689 4140 nobis
3732 4092 3807 4139 est

2207 4188 2369 4245 poena
2392 4174 2548 4245 primi
2581 4174 2807 4244 peccati,
2840 4188 2961 4229 nam
3019 4176 3305 4230 secundum
3356 4177 3582 4249 gratiam
3631 4177 3804 4241 detur,

2204 4287 2309 4326 non
2360 4270 2648 4326 secundum
2692 4268 2939 4324 debitum.
2988 4268 3158 4324 Tanta
3200 4284 3331 4326 vero
3378 4285 3479 4340 per
3526 4278 3802 4340 peceatum

2204 4362 2337 4419 Ade
2365 4368 2641 4419 contracta
2663 4370 2750 4418 est
2771 4362 3086 4433 impotentia
3137 4362 3205 4416 ad
3257 4364 3505 4433 proxime
3556 4364 3803 4433 expedite

2205 4453 2684 4526 perseverandum,
2715 4461 2769 4508 ut
2802 4454 2846 4507 si
2892 4452 3036 4508 idem
3066 4453 3289 4508 omnino
3315 4453 3801 4525 adjutoriumquod

2204 4548 2385 4603 datum
2410 4546 2512 4602 fuit
2534 4546 2664 4602 Adae
2684 4544 2751 4602 ad
2771 4545 3255 4618 perseverandum,
3280 4548 3437 4602 nobis
3459 4547 3512 4602 in
3536 4556 3681 4602 statu
3711 4562 3801 4601 na-

509 4611 919 4709 "on‘accepiss‘?
975 4608 1097 4709 q‘f'a
1123 4624 1230 4666 non
1252 4618 1335 4667 ⁸⁸⁸
1356 4610 1627 4709 ,δίδωθιυὲ
1656 4626 1685 4667 ³
1718 4626 1894 4671 massa
1922 4615 2099 4687 perdi'
2126 4637 2180 4699 Ι)
2206 4648 2339 4696 turae
2370 4639 2536 4709 lapsae
2564 4608 2878 4704 donaretur,
2908 4653 3016 4693 non
3066 4648 3211 4695 esset
3243 4608 3525 4693 sufficiens
3557 4638 3624 4694 ad
3654 4652 3798 4692 amo-

510 4704 667 4762 tionis
689 4702 870 4777 gratiae
901 4704 1146 4777 largitate
1180 4721 1191 4757 :
1226 4706 1463 4761 nondum
1522 4705 1719 4779 quippe
1751 4717 1868 4765 erat
1923 4710 2009 4766 illa
2042 4711 2094 4766 in

510 4814 706 4871 genere
760 4798 995 4859 humano
1047 4800 1363 4872 perditionis
1393 4814 1588 4871 massa,
1623 4814 1912 4875 antequam
1968 4821 2094 4876 pec-

506 4900 700 4963 casset,
729 4909 793 4950 ex
822 4910 926 4964 quo
959 4904 1124 4951 tracta
1168 4905 1251 4952 est
1273 4896 1423 4967 origo
1454 4896 1657 4953 vitiata.
1691 4917 1708 4951 ι
1746 4898 1957 4957 Nullum
2010 4916 2095 4956 ar-

504 4996 816 5062 gumentum
841 5003 1018 5061 neque
1067 4988 1316 5047 subtilius
1343 5000 1517 5062 neque
1544 4994 1825 5063 Operosius
1866 4995 1970 5051 isto
2008 5009 2095 5053 so-

507 5085 678 5141 lutum
713 5098 944 5155 unquam
976 5082 1076 5140 fuit
1103 5084 1170 5141 ab
1222 5083 1542 5155 Augustino,
1571 5092 1625 5141 ut
1648 5088 1841 5143 summi
1896 5088 2095 5160 ingenii

508 5182 653 5236 vires
692 5186 878 5236 omnes
927 5174 1103 5236 eidem
1152 5176 1405 5236 diluendo
1438 5179 1768 5251 impendisse
1808 5178 2091 5240 videatur:

508 5268 609 5328 tria
637 5273 778 5329 enim
810 5272 985 5342 capita
1007 5273 1061 5327 in
1085 5270 1224 5328 libro
1250 5271 1316 5328 de
1345 5269 1702 5345 Correptione
1729 5280 1782 5330 et
1809 5277 1983 5345 gratia
2012 5272 2094 5331 iu-

510 5368 673 5438 tegrre
738 5365 1077 5437 responsioni
1134 5365 1437 5439 insumpsit,
1472 5382 1695 5437 quorum
1729 5383 1939 5424 summa
1967 5376 2051 5426 est
2080 5390 2092 5425 :

508 5459 771 5514 Adamum
803 5450 1054 5517 habuisse
1080 5458 1334 5518 auxilium
1368 5460 1483 5530 Dei,
1515 5477 1620 5531 quo
1655 5464 1897 5532 proxime
1925 5475 1979 5521 et
2004 5478 2097 5521 ex-

508 5550 687 5620 pedite
714 5559 922 5620 poterat
943 5565 1324 5623 perseverare,
1352 5554 1446 5610 sed
1488 5555 1558 5610 ita
1589 5558 1648 5611 ut
1696 5554 2096 5626 perseverantia

515 5644 742 5699 actualis
768 5645 999 5715 reposita
1023 5655 1168 5703 esset
1194 5645 1245 5703 in
1276 5662 1371 5702 usu
1394 5640 1565 5703 libero
1582 5648 1821 5718 ejusdem
1848 5647 2096 5720 ponendo

514 5735 580 5793 ab
610 5736 839 5809 ipsamet
869 5740 1145 5797 voluntate
1171 5739 1382 5806 Adami,
1416 5758 1574 5812 quam
1606 5758 1701 5814 per
1747 5744 1965 5800 modum
1998 5745 2094 5801 ha-

511 5831 654 5893 bitus
685 5832 993 5908 adjuvabat.
1024 5835 1104 5893 Ad
1135 5834 1238 5894 hoc
1265 5834 1638 5908 explicandum
1659 5836 1855 5894 ibidem
1870 5836 1977 5895 duo
2005 5838 2093 5895 illa

2203 4730 2433 4787 vendam
2464 4730 2610 4786 illam
2670 4730 3044 4800 impotentiam
3092 4729 3505 4800 perseverandi,
3538 4739 3598 4784 ut
3642 4729 3795 4784 docet

2204 4832 2422 4879 sanctus
2463 4822 2653 4880 doctor
2684 4837 2851 4893 prope
2881 4821 3040 4878 finem
3094 4837 3216 4891 cap.
3252 4823 3337 4889 i=2,
3368 4823 3485 4877 haec
3540 4822 3747 4878 tradens
3776 4839 3789 4872 :

2188 4933 2231 4968 ιι
2268 4917 2325 4972 Si
2352 4916 2409 4970 in
2461 4924 2604 4970 tanta
2659 4914 2976 4971 inﬁrmitate
3008 4915 3126 4970 vitae
3156 4913 3339 4985 hujus,
3372 4914 3427 4969 in
3458 4930 3563 4986 qua
3617 4924 3785 4970 tamen

2204 5009 2516 5064 infirmitate
2556 5016 2779 5079 propter
2832 5008 3118 5064 elationem
3164 5007 3568 5078 reprimendam
3617 5006 3792 5079 perfici

2204 5099 2455 5157 virtutem
2489 5098 2792 5170 oportebat,
2819 5100 2948 5171 ipsis
2976 5100 3373 5168 relinqueretur
3403 5099 3652 5155 voluntas
3675 5111 3790 5165 sua,

2202 5203 2257 5247 ut
2278 5192 2333 5248 in
2365 5192 2632 5263 adjutorio
2663 5192 2783 5263 Dei,
2814 5192 2933 5247 sine
2988 5206 3094 5261 quo
3144 5206 3497 5261 perseverare
3518 5206 3627 5248 non
3670 5205 3792 5264 pos-

2201 5297 2342 5353 sent,
2368 5297 2650 5343 manerent
2676 5288 2722 5343 si
2744 5287 2966 5355 vellent,
2995 5301 3096 5344 nec
3123 5288 3267 5345 Deus
3293 5289 3346 5344 in
3378 5290 3458 5345 eis
3482 5302 3791 5361 operaretur

2201 5394 2260 5440 ut
2289 5383 2515 5452 vellent,
2547 5382 2688 5440 inter
2714 5391 2789 5439 tot
2812 5392 2867 5439 et
2897 5392 3075 5439 tantas
3105 5384 3433 5440 tentationes
3484 5383 3789 5443 infirmitate

2202 5490 2298 5532 sua
2329 5475 2579 5530 voluntas
2610 5475 2726 5545 ipsa
2750 5475 3147 5543 succumberet,
3178 5483 3233 5531 et
3271 5475 3399 5535 ideo
3450 5492 3788 5551 perseverare

2207 5584 2311 5625 non
2335 5578 2575 5639 possent,
2599 5568 2720 5639 quia
2746 5567 3063 5624 deficientes
3094 5568 3416 5630 infirmitate
3444 5588 3547 5630 nec
3571 5572 3787 5635 vellent,

2199 5669 2295 5717 aut
2309 5675 2412 5716 non
2441 5661 2511 5715 ita
2540 5658 2743 5715 vellent
2770 5659 3078 5715 infirmitate
3098 5659 3399 5720 voluntatis
3420 5674 3483 5720 ut
3501 5670 3727 5735 possent.
3760 5680 3785 5715 ι

2201 5755 2278 5810 Ex
2310 5754 2392 5811 bis
2424 5761 2569 5824 patet
2600 5753 2796 5809 solutio
2848 5753 3112 5825 propositi
3139 5761 3459 5830 argumenti,
3494 5756 3786 5830 negandum

2198 5855 2280 5903 est
2308 5848 2452 5904 enim
2484 5846 2812 5904 antecedens
2834 5890 2851 5917 ,
2875 5855 2933 5904 ut
2956 5848 3295 5924 intelligatur
3338 5854 3407 5911 de
3434 5851 3651 5919 carentia
3680 5863 3778 5919 po
