3962 6346
156 347 255 404 θοι

1284 348 1603 409 ἮΝΒΙΟΙΕ
1641 352 2202 415 AUGUSTINIANE.

3318 359 3423 418 754

150 463 330 520 tentias
379 462 624 534 proxime
666 462 934 534 expeditae
985 464 1055 520 ad
1104 468 1578 537 perseverandum;
1612 468 1729 527 haec
1756 474 1811 535 Α
1833 471 1985 526 Δάαι.
2010 473 2067 527 ln
2097 471 2364 543 baptismo
2393 488 2519 532 vero
2558 477 2852 534 remittitur
2872 478 3030 551 culpa
3059 487 3116 539 et
3140 495 3298 553 poena
3327 480 3422 540 de-

149 558 291 616 enim
321 557 553 629 privatio
580 558 634 612 in
678 556 885 614 Adamo
914 573 1019 614 non
1047 559 1169 629 fuit,
1203 562 1297 633 qui
1327 562 1555 621 habebat
1580 563 1733 635 adju-

150 649 341 706 torium
371 647 884 705 sufﬁcientissimum
930 651 997 705 ad
1021 653 1507 721 perseverandum;
1529 654 1733 711 solum-

146 759 251 815 que
282 743 360 799 illi
384 743 522 798 velle
568 757 724 798 suum
746 742 938 799 deluit.
966 746 1036 798 At
1062 744 1176 813 ipse
1205 755 1258 800 et
1284 745 1389 801 sibi
1416 754 1471 801 et
1512 748 1613 802 toti
1639 761 1733 817 ge-

150 832 261 888 neri
308 834 541 888 humauo
589 833 875 889 subsecuto
903 834 1024 889 talis
1075 836 1330 905 potentia:
1380 837 1730 907 priVationem

148 924 350 994 intulit,
385 926 541 996 cujus
569 926 854 983 occasione
882 934 1027 981 tanta
1052 928 1275 983 crimina
1300 930 1726 986 committuntur.

146 1016 295 1072 llanc
333 1016 631 1074 doctrinam
687 1018 860 1075 fusius
915 1020 1172 1091 explicavi
1222 1024 1466 1091 superius
1528 1038 1646 1095 cap.
1672 1024 1726 1079 5.

144 1110 430 1181 Gregorius
457 1111 834 1182 Arimineusis,
866 1114 921 1170 in
948 1113 1007 1183 ‘2,
1033 1115 1160 1171 dist.
1191 1113 1284 1183 26,
1317 1132 1371 1190 q.
1400 1116 1423 1169 1
1448 1116 1571 1187 et2,
1589 1117 1728 1174 idem

144 1218 204 1260 ex
233 1202 538 1275 Augustino
563 1204 742 1265 docet.

207 1304 483 1375 Objieiunt
526 1307 710 1377 plures
736 1310 871 1379 ,qui
898 1313 1025 1366 licet
1071 1322 1350 1381 peccatum
1389 1313 1646 1384 originale
1674 1314 1729 1370 iu

141 1397 201 1453 iis
223 1398 423 1468 quibus
451 1413 558 1453 non
578 1409 663 1455 est
682 1401 969 1457 remissum
994 1402 1293 1459 concedant
1312 1418 1433 1461 esse
1457 1404 1728 1462 sufﬁciens

145 1490 405 1546 motivum
436 1493 856 1563 reprobationis,
876 1494 932 1550 in
963 1495 1243 1565 baptizatis
1275 1505 1452 1550 tamen
1484 1496 1538 1552 id
1582 1496 1727 1553 nullo

138 1590 293 1652 pacto
350 1583 456 1638 dici
503 1598 661 1654 posse
700 1586 1007 1642 existimant
1048 1604 1062 1640 :
1101 1602 1223 1642 nam
1282 1597 1559 1656 peccatum
1628 1604 1721 1643 re-

140 1681 369 1733 missum
398 1693 505 1733 non
535 1687 712 1748 potest
737 1694 859 1737 esse
888 1695 1046 1737 causa
1076 1695 1173 1737 cur
1201 1682 1364 1737 homo
1418 1684 1722 1749 damnetur,

138 1784 241 1827 non
298 1780 445 1828 esset
488 1772 633 1829 enim
682 1775 968 1831 remissum
1016 1776 1063 1831 si
1114 1785 1335 1847 propter
1390 1777 1520 1832 illud
1552 1786 1724 1834 morte

1836 562 1944 618 bita
1976 579 2219 633 personat
2251 583 2372 637 quae
2392 570 2781 639 peccavit,non
2809 573 3094 643 pmnalitas
3122 574 3325 630 inﬂicta
3354 590 3421 633 ex

1834 657 2009 727 primo
2041 668 2265 729 peccato
2295 661 2395 731 ipsi
2420 674 2649 730 naturai,
2673 665 2817 736 quod
2846 669 3094 738 exemplo
3141 669 3422 739 concupis-

1834 753 2027 808 centia:
2054 751 2289 810 diximus
2318 755 2435 811 ﬁeri
2488 759 2851 818 manifestum.
2882 762 3061 829 Quare
3088 762 3159 817 ob
3202 770 3421 832 peccata

1831 846 2062 902 actualia
2108 844 2355 903 homines
2405 848 2647 906 damnari
2704 852 2953 908 concedit
3006 863 3225 909 sanctus
3262 853 3421 910 Pater

1832 952 1953 1008 cap.
1988 937 2055 993 15
2080 938 2147 994 de
2174 937 2421 1008 Corrept.
2445 949 2499 995 et
2527 950 2691 1013 grat.,
2725 940 2780 997 in
2827 942 2933 998 ﬁne
2955 983 2973 1010 ,
3006 944 3095 999 ubi
3138 944 3205 1000 de
3237 958 3422 1014 repro-

1831 1032 1914 1088 bis
1938 1032 2161 1103 loquens
2191 1050 2205 1087 :
2243 1050 2261 1083 ι
2290 1033 2399 1089 Aut
2425 1034 2591 1102 enim,
2625 1035 2832 1107 inquit,
2862 1037 3041 1105 iacent
3070 1037 3170 1093 sub
3197 1050 3418 1109 peccato

1830 1124 1973 1196 quod
2000 1124 2327 1195 originaliter
2371 1125 2438 1180 de
2468 1128 2815 1197 generatione
2858 1137 3155 1198 traxerunt,
3187 1134 3243 1183 et
3294 1142 3418 1184 cum

1832 1215 1926 1271 illo
1956 1215 2300 1272 hmreditario
2329 1216 2507 1273 debito
2556 1216 2683 1272 hinc
2726 1227 2946 1286 exeunt,
2981 1218 3123 1289 quod
3180 1234 3286 1275 non
3336 1228 3419 1275 est

1830 1309 2233 1379 regeneratione
2254 1310 2533 1366 dimissum
2556 1352 2571 1379 ,
2595 1320 2687 1365 aut
2736 1325 2828 1378 per
2854 1310 3079 1366 liberum
3131 1310 3412 1366 arbitrium

1835 1401 1939 1456 alia
1968 1402 2187 1472 insuper
2209 1402 2547 1468 addiderunt,
2577 1414 2706 1460 etc..
2740 1402 2831 1458 alii
2879 1404 3068 1475 magis,
3103 1404 3190 1458 alii
3214 1405 3409 1473 minus,

1829 1494 1923 1549 Sed
1954 1508 2140 1549 omnes
2171 1494 2321 1559 mali,
2350 1504 2404 1551 et
2430 1511 2529 1565 pro
2560 1496 2674 1566 ipsa
2700 1493 3012 1552 diversitate
3037 1495 3264 1552 diversis
3286 1510 3416 1568 sup-

1830 1585 2003 1655 pliciis
2062 1585 2481 1652 iudicandi;aut
2528 1586 2623 1643 Dei
2677 1588 2903 1658 gratiam
2962 1585 3417 1657 suscipiunt,sed

1830 1677 2165 1747 temporales
2204 1687 2345 1743 sunt,
2377 1693 2477 1735 nec
2509 1687 2887 1748 perseverant;
2919 1676 3197 1746 deserunt,
3228 1686 3284 1736 et
3312 1678 3414 1734 de-

1828 1780 2099 1827 seruntur.
2131 1771 2351 1827 Dimissi
2374 1773 2514 1831 enim
2545 1781 2669 1829 sunt
2696 1770 2869 1830 libero
2898 1771 3119 1831 arbitrio
3142 1815 3157 1840 ,
3186 1788 3293 1829 non
3324 1788 3415 1829 ac-

140 1873 395 1933 perpetua
422 1865 777 1934 plecteretur;
812 1868 1080 1939 baptizata
1134 1884 1265 1926 vero
1312 1876 1396 1924 est
1444 1869 1725 1925 remissum
1759 1870 1803 1929 Β
1830 1875 1988 1936 cepto
2038 1864 2453 1935 perseverantia:
2513 1864 2677 1936 dono,
2709 1865 2909 1936 judicio
2943 1864 3033 1923 Dei
3070 1864 3218 1938 justo
3244 1871 3299 1921 et
3324 1880 3415 1922 oc-

141 1954 400 2024 originale
428 1965 729 2027 peccatum,
757 1967 812 2014 et
842 1969 1061 2030 propter
1107 1960 1236 2016 illud
1284 1960 1413 2015 nulli
1440 1976 1613 2031 poenae
1640 1969 1723 2016 est

136 2046 463 2118 subjectus;
520 2066 619 2107 nec
667 2060 843 2122 potest
903 2055 1149 2124 componi
1214 2054 1466 2111 voluntas
1537 2056 1724 2111 remit-

139 2142 283 2197 tendi
338 2154 613 2214 peccatum
666 2162 787 2203 cum
840 2149 1112 2205 voluntate
1168 2149 1476 2216 damnandi,
1506 2161 1560 2207 et
1592 2150 1721 2207 illud

138 2245 400 2292 aeternum
430 2239 707 2308 puniendi.
741 2240 882 2297 Sane
913 2240 1305 2321 Tridentinum,
1334 2243 1387 2298 in
1412 2244 1632 2299 decreto
1654 2244 1721 2301 de

135 2325 363 2382 Peccato
412 2326 693 2399 originali,
743 2330 928 2389 statuit
975 2329 1105 2385 nihil
1150 2334 1497 2388 damnationis
1518 2350 1637 2390 esse
1666 2335 1718 2390 iu

135 2420 443 2493 baptizatis;
466 2432 607 2480 esset
634 2433 813 2481 autem
840 2426 1065 2481 multum
1097 2425 1476 2496 damnationis,
1506 2429 1549 2484 si
1574 2428 1719 2485 ines-

134 2525 207 2571 set
237 2514 445 2586 aliquid
501 2515 721 2589 dignum
743 2519 920 2589 puniri
952 2534 1110 2590 poena
1151 2530 1370 2577 aeterna.
1408 2520 1518 2579 lloc
1562 2538 1719 2595 argu-

134 2620 374 2666 mentum
410 2611 612 2682 pariter
641 2611 1093 2684 Semi-Pelagiani
1122 2624 1308 2670 contra
1337 2626 1584 2673 sanctum
1611 2618 1719 2674 Au-

131 2706 399 2777 gustinum
431 2706 799 2775 adducebant;
830 2724 951 2763 nam
982 2709 1491 2767 cumilleassereret
1521 2726 1716 2781 pecca-

132 2809 235 2856 tum
270 2800 535 2872 originale
574 2816 696 2858 esse
743 2817 956 2858 causam
1005 2818 1101 2859 cur
1130 2804 1375 2861 homines
1423 2802 1717 2864 universim

130 2892 329 2949 tuer'int
357 2893 647 2964 reprobati,
670 2910 803 2965 quos
826 2894 1005 2951 divina
1032 2895 1430 2963 praedestinatio
1459 2911 1586 2953 suos
1613 2914 1719 2953 non

131 2983 353 3051 fecerat,
378 2983 684 3041 inferebant
730 2986 831 3041 hoc
859 2986 1150 3042 absurdum
1183 3002 1250 3044 ex
1280 2987 1565 3060 Augustini
1596 3004 1719 3045 seu-

133 3077 317 3145 tentia,
361 3078 501 3148 quod
529 3080 591 3132 ab
613 3077 686 3132 eis
701 3078 789 3146 qui
808 3095 907 3133 non
930 3091 1046 3133 sunt
1075 3080 1418 3150 pi‘wdestinati
1442 3081 1510 3134 ad
1540 3082 1715 3152 vitam,

129 3186 222 3223 non
250 3170 457 3241 auferat
486 3180 721 3242 percepta
758 3172 996 3241 baptismi
1034 3174 1201 3243 gratia
1250 3172 1503 3244 originale
1530 3190 1713 3244 pecca-

1825 1959 1989 2014 culto.
2026 1978 2045 2011 i
2078 1958 2218 2031 Lege
2248 1974 2367 2030 cap.
2401 1960 2469 2016 95
2498 1958 2817 2017 Enchiridii.
2854 1960 2933 2014 Ex
2979 1958 3172 2029 quibus
3214 1956 3414 2029 colligo

1826 2054 2151 2109 taxationem
2194 2067 2370 2124 poenae
2399 2052 2705 2125 dependere
2744 2069 2775 2109 a
2823 2054 3059 2124 peccatis
3114 2053 3413 2110 actualibus

1824 2147 1878 2201 in
1900 2162 2021 2217 qua:
2045 2146 2207 2203 homo
2240 2147 2437 2204 labitur
2450 2148 2574 2220 quia
2603 2147 2804 2205 deserit
2838 2146 3035 2215 Deum;
3061 2146 3407 2205 deseritvero

1822 2241 1942 2313 quia
1989 2250 2070 2296 est
2099 2240 2353 2297 dimissus
2379 2241 2550 2297 libero
2596 2240 2818 2297 arbitrio
2840 2282 2855 2308 ,
2882 2256 2989 2296 non
3018 2247 3243 2310 accepto
3270 2238 3413 2296 dono

1822 2333 2261 2402 perseverantiae,
2288 2331 2493 2404 judicio
2534 2331 2631 2389 Dei
2671 2330 2838 2404 justo,
2871 2348 3065 2403 nempe
3112 2333 3168 2389 in
3198 2348 3411 2403 pernam

1824 2426 2026 2496 peccati
2081 2425 2379 2497 originalis.
2412 2425 2677 2483 Craterum
2729 2425 2890 2481 homo
2942 2424 3258 2495 baptizatus,
3288 2424 3413 2482 licet

1822 2516 2015 2573 habeat
2032 2516 2176 2574 illam
2207 2518 2564 2589 privationem
2591 2517 2719 2575 doni
2744 2517 3185 2589 perseverantiae,
3216 2527 3268 2574 et
3305 2533 3408 2574 non

1820 2610 1889 2668 sit
1911 2613 2105 2685 dignus
2137 2614 2276 2669 hanc
2302 2612 2661 2685 habere,quia
2693 2628 2798 2669 non
2821 2612 2978 2667 datur
3007 2608 3297 2668 secundum
3320 2610 3412 2668 de-

1825 2705 2021 2775 bitum,
2055 2721 2160 2761 non
2219 2716 2302 2762 est
2354 2715 2528 2761 tamen
2560 2703 2818 2761 dicendus
2868 2703 2957 2759 illa
3020 2700 3291 2774 indignus,
3316 2716 3411 2760 seu

1823 2797 2024 2855 habere
2052 2798 2290 2855 debitum
2317 2814 2425 2854 non
2452 2796 2716 2865 habendi,
2740 2794 3008 2868 quomodo
3061 2803 3187 2851 sunt
3216 2809 3406 2867 pecca-

1823 2900 1989 2961 tores,
2019 2889 2113 2947 sed
2144 2898 2347 2946 tantum
2380 2906 2487 2946 non
2519 2890 2677 2946 habet
2714 2888 2954 2945 debitum
2996 2887 3246 2957 habendi,
3271 2889 3411 2957 quod

1821 2982 2057 3039 debitum
2124 2978 2353 3039 habebat
2398 2981 2589 3049 Adam,
2646 2980 2785 3039 unde
2823 2998 2927 3038 non
2952 2996 3071 3038 esse
3110 2979 3267 3051 hujus
3316 2996 3413 3051 po-

1824 3076 2002 3135 tentia:
2030 3076 2273 3149 proxime
2294 3077 2562 3149 expedita:
2591 3077 2657 3133 ad
2686 3076 3146 3149 perseverandum
3178 3092 3287 3133 non
3315 3092 3412 3148 po-

1824 3180 1926 3226 test
1954 3170 2059 3227 dici
2088 3173 2203 3229 sola
2229 3173 2463 3244 negatio,
2495 3168 2589 3228 sed
2613 3186 2737 3228 vera
2762 3168 3009 3242 privatio,
3043 3168 3167 3242 quia
3213 3180 3297 3229 est
3323 3186 3413 3228 ca-

130 3270 252 3317 tum.
291 3262 417 3318 llzec
471 3272 552 3318 est
581 3265 725 3319 enim
751 3263 985 3319 secunda
1013 3264 1239 3334 objectio
1267 3265 1573 3332 Gallorum,
1598 3280 1703 3337 qua
1744 3258 1791 3323 C
1824 3264 1992 3319 rentia
2021 3262 2145 3319 doni
2177 3263 2311 3320 alias
2342 3263 2506 3320 debiti
2538 3275 2745 3321 natura:
2782 3272 2941 3333 prout
2994 3262 3217 3320 elevatae
3245 3262 3311 3319 ad
3344 3262 3411 3318 ﬁ-

128 3357 425 3413 doctrinam
458 3356 631 3412 sancti
656 3356 851 3427 Patris,
880 3365 1010 3413 teste
1036 3355 1319 3427 Prospero,
1339 3359 1712 3428 suggiltabant.

130 3447 448 3519 ltespondeo
487 3460 759 3521 peccatum
794 3448 1053 3520 originale
1090 3449 1331 3505 intulisse
1362 3464 1548 3520 pmnas
1595 3464 1718 3520 pro-

129 3544 262 3611 prias
298 3543 467 3614 ipsius
514 3554 742 3612 naturae,
771 3554 825 3600 et
876 3544 971 3599 has
1001 3560 1095 3616 per
1124 3544 1444 3615 baptismum
1476 3558 1584 3599 non
1632 3556 1720 3599 re-

130 3628 286 3696 mitti,
324 3644 548 3698 quarum
582 3629 869 3700 prmcipuae
898 3640 1023 3685 sunt
1052 3629 1479 3701 concupiscentia
1507 3636 1560 3685 et
1612 3627 1720 3699 pri-

127 3721 265 3777 vatio
298 3721 550 3791 potentite
577 3721 819 3793 proxime
850 3721 1113 3791 expeditae
1162 3721 1225 3776 ad
1258 3720 1715 3793 perseverandum

129 3812 175 3865 in
208 3822 433 3883 accepta
460 3810 689 3884 justitia,
715 3823 767 3869 et
799 3814 876 3870 sic
901 3813 1035 3868 nihil
1077 3814 1437 3870 damnationis
1478 3822 1720 3871 remanet

128 3904 175 3958 in
199 3907 478 3976 baptizato
498 3948 512 3973 ,
540 3916 698 3977 prout
724 3907 997 3963 damnatio
1040 3908 1248 3979 culpam
1301 3908 1583 3980 signiﬁcat,
1614 3925 1718 3964 non

132 4015 253 4055 vero
318 4010 476 4071 prout
504 4001 631 4058 dicit
663 4018 896 4072 pinnam.
936 4003 1070 4058 Nam
1102 4003 1297 4060 ibidem
1347 4007 1504 4060 docet
1534 4014 1717 4060 sancta

127 4097 367 4168 synodus
400 4113 679 4154 remanere
709 4098 1234 4171 concupiscentiam,
1262 4116 1379 4170 quae
1427 4116 1489 4154 ea:
1516 4110 1719 4170 peccato

129 4204 192 4245 est
221 4202 272 4249 et
300 4194 368 4246 ad
390 4203 651 4264 peccatum
674 4194 908 4249 inclinat.
935 4194 1091 4249 Nullo
1113 4208 1240 4249 vero
1289 4202 1443 4264 pacto
1471 4193 1721 4249 concedi-

134 4296 213 4339 tur
239 4287 519 4342 hominem
563 4287 887 4357 baptizatum
929 4288 1169 4341 damnari
1200 4296 1417 4357 propter
1446 4278 1717 4357 peccatum

132 4379 397 4449 originale
446 4379 762 4447 formaliter,
789 4390 844 4436 et
894 4396 1012 4436 esse
1038 4380 1243 4436 ratione
1271 4381 1415 4436 illius
1443 4390 1499 4437 ut
1545 4396 1719 4437 causa;

132 4474 389 4537 proximae
445 4475 809 4542 reprobatum,
839 4474 933 4530 sed
986 4473 1211 4530 dicimus
1256 4475 1557 4532 radicaliter
1590 4490 1716 4546 pec-

129 4572 309 4619 catum
337 4565 596 4637 originale
622 4581 742 4622 esse
770 4581 983 4622 causam
1034 4566 1423 4637 reprobationis
1479 4567 1716 4625 ﬁdelium

1824 3372 1945 3413 nem
1976 3356 2461 3427 supernaturalem.

1896 3448 2168 3504 llactenus
2199 3447 2314 3504 haec
2344 3463 2442 3519 pro
2469 3446 2789 3520 explicanda
2821 3444 3083 3504 sententia
3115 3446 3285 3503 sancti
3306 3448 3410 3503 Au-

1822 3541 2018 3613 gustini
2061 3540 2329 3597 insinuata
2368 3540 2498 3608 sint,
2541 3539 2784 3613 pluribus
2815 3539 2957 3595 enim
2988 3536 3235 3596 eamdem
3277 3554 3405 3595 sen-

1823 3634 2043 3691 tentiam
2075 3641 2129 3690 et
2153 3643 2428 3706 exponunt
2468 3643 2524 3689 et
2566 3632 2866 3690 defendunt
2890 3630 3239 3689 eruditissimi
3262 3630 3413 3688 theo~

1823 3727 1927 3799 logi
1984 3726 2203 3782 Ruizius
2233 3737 2286 3782 et
2318 3726 2584 3782 Goneltus
2625 3726 2847 3781 laudati.
2880 3723 3039 3781 Unde
3078 3725 3263 3780 nescio
3306 3739 3414 3795 quo

1826 3820 2017 3891 panico
2067 3819 2263 3876 timore
2308 3818 2586 3889 perculsus
2629 3818 2773 3874 illam
2816 3816 3054 3873 Adamus
3108 3816 3406 3886 horruerit,

1823 3928 2085 3969 accusans
2109 3911 2355 3968 eamdem
2384 3920 2634 3981 tamquam
2666 3918 2892 3966 matrem
2935 3905 3262 3963 Calvinianae
3300 3907 3410 3962 hae-

1824 4020 2046 4073 reseos;
2080 4005 2221 4077 quod
2252 4003 2467 4076 quidem
2489 4002 2747 4060 attentius
2775 4001 3149 4072 considerans,
3179 3999 3411 4057 arbitror

1824 4096 1970 4153 illum
2020 4096 2346 4154 intellexisse
2394 4111 2635 4151 errorem
2684 4094 2815 4152 satis
2870 4103 3075 4163 notum,
3132 4109 3325 4166 nempe
3357 4096 3409 4149 in

1824 4188 2107 4263 baptizatis
2136 4204 2263 4245 vere
2292 4203 2574 4244 remanere
2604 4195 2886 4259 peccatum
2913 4184 3140 4256 originis
3166 4203 3180 4253 ;
3210 4183 3409 4241 etenim

1824 4285 1869 4341 si
1911 4293 2032 4355 post
2063 4281 2387 4354 baptismum
2417 4280 2591 4337 adhuc
2628 4280 2799 4336 ﬁdelis
2829 4286 3006 4349 potest
3034 4276 3309 4347 reprobari
3340 4277 3410 4333 oh

1824 4387 2101 4448 peccatum
2126 4374 2369 4448 originis,
2388 4392 2492 4431 non
2514 4374 2674 4447 igitur
2689 4373 3014 4431 estdeletum
3032 4382 3085 4429 et
3099 4370 3407 4439 remissum,

1822 4485 1943 4527 cum
1957 4469 2153 4543 aliquid
2172 4467 2513 4526 remaneatin
2530 4467 2731 4525 renatis
2745 4469 2814 4523 ob
2828 4467 2967 4539 quod
2984 4477 3243 4523 aeternum
3257 4465 3410 4521 dam-

1825 4571 2036 4619 nentur.
2092 4565 2159 4619 At
2202 4562 2316 4618 haec
2346 4572 2462 4618 erat
2499 4569 2651 4618 vetus
2680 4560 2972 4627 calumnia,
3023 4574 3183 4631 quam
3232 4556 3407 4614 Semi-

127 4656 211 4723 qui
242 4656 593 4723 damnantur,
625 4667 886 4727 quatenus
916 4676 979 4712 ex
1000 4659 1088 4713 illo
1116 4670 1291 4715 ortum
1324 4659 1507 4715 habuit
1537 4659 1713 4730 priva-
1741 4658 1795 4720 1)
1820 4656 2107 4727 Pelagiani,
2126 4663 2182 4710 ut
2203 4672 2268 4711 ex
2296 4656 2560 4726 Prospero
2582 4656 2837 4723 diximus,
2858 4651 3259 4724 Augustiniana:
3285 4666 3409 4706 sen-

129 4749 196 4801 tio
225 4749 485 4817 pmentia:
532 4750 773 4819 proxime
827 4753 1091 4822 expedita:
1122 4751 1187 4806 ad
1236 4752 1708 4823 perseverandum,

128 4840 223 4894 sub
274 4857 383 4912 qua
419 4841 644 4911 praeciso
693 4843 894 4899 auxilio
922 4844 1143 4913 speciali
1176 4845 1267 4900 Dei
1300 4844 1459 4901 homo
1488 4845 1711 4901 salutem

126 4950 226 4988 non
276 4936 671 5005 consequitur,
706 4936 799 4991 sed
860 4937 1052 4992 labitur
1102 4939 1156 4993 in
1209 4949 1421 5009 peccata
1472 4938 1541 4995 ob
1595 4955 1713 5009 quae

126 5028 371 5095 proxime
403 5036 457 5083 et
486 5025 785 5084 formaliter
822 5045 852 5084 a
879 5030 987 5084 Deo
1018 5029 1319 5086 damnatur.
1362 5030 1542 5099 Neque
1568 5030 1711 5087 enim

125 5132 385 5187 negamus
412 5118 580 5175 Deum
611 5121 901 5192 reprobare
932 5122 1165 5193 aliquem
1189 5123 1258 5177 ob
1291 5132 1505 5193 peccata
1533 5132 1714 5179 actua-

122 5209 209 5277 lia,
234 5227 414 5280 neque
463 5212 693 5267 dicimus
736 5211 925 5268 Deum-
959 5212 1106 5282 prius
1158 5213 1447 5285 reprobare
1494 5222 1713 5285 prOptcr

122 5305 404 5374 originale,
432 5306 628 5363 deinde
650 5306 809 5362 etiam
838 5306 908 5363 ob
941 5307 1194 5374 actualia,
1219 5319 1274 5363 ut
1302 5307 1526 5378 opponit
1545 5307 1712 5364 Joan-

125 5410 215 5449 nes
246 5411 278 5450 a
300 5397 501 5453 Sancto
517 5398 984 5471 Thoma,disp.10
1010 5400 1076 5455 de
1095 5398 1352 5469 Reprob.,
1368 5399 1537 5465 ιιι-ιλ,
1563 5416 1710 5455 num.

124 5488 223 5556 50;
250 5490 349 5545 sed
387 5493 681 5547 asserimus
729 5493 894 5549 Deum
925 5493 1237 5549 immediate
1276 5493 1529 5548 damnare
1559 5508 1712 5563 ptena

122 5587 327 5635 asterna
359 5580 629 5637 hominem
658 5583 726 5638 ob
776 5592 988 5654 peccata
1014 5584 1263 5652 actualia,
1298 5584 1346 5638 in
1380 5600 1498 5656 quae
1527 5584 1717 5640 incidit

121 5673 189 5727 ob
222 5672 599 5744 impotentiam
626 5674 1023 5747 perseverandi,
1043 5693 1135 5736 seu
1159 5678 1227 5734 ob
1248 5680 1599 5750 privationem
1622 5695 1720 5751 po-

68 5820 71 5841 ,
122 5769 316 5825 lentiae
343 5770 588 5842 proxime
614 5772 880 5843 estpedita:
909 5772 975 5828 ad
1001 5772 1606 5845 perseverandum,quae
1638 5782 1720 5830 cst

124 5873 291 5930 pcena
325 5860 570 5922 humana:
600 5876 806 5924 naturae
827 5865 1015 5923 relicta
1038 5865 1104 5923 ad
1151 5880 1376 5940 agonem
1403 5881 1467 5924 ex
1500 5876 1719 5938 peccato

1823 4750 2001 4804 lentiae
2032 4746 2360 4814 inferebant,
2392 4762 2420 4801 a
2448 4763 2552 4818 qua
2585 4748 2832 4802 eamdem
2868 4746 3053 4817 procul
3083 4759 3201 4801 esse
3230 4752 3409 4799 osten-

1819 4834 2017 4894 dimus.
2072 4837 2253 4910 Longe
2303 4853 2429 4895 vero
2468 4840 2622 4896 abest
2669 4847 2888 4894 sanctus
2937 4838 3123 4893 doctor
3163 4852 3191 4891 a
3238 4836 3409 4892 Calvi-

1820 4936 2079 4990 nistarum
2125 4934 2395 4991 sententia
2422 4951 2435 4989 :
2462 4934 2548 4990 isti
2580 4934 2725 4990 enim
2770 4940 2957 5004 putant
3005 4933 3176 5002 ipsam
3208 4945 3406 4987 concu-

1819 5025 2135 5097 piscentiam
2177 5040 2300 5083 esse
2344 5025 2641 5083 formaliter
2680 5033 2957 5097 peccatum
3006 5020 3244 5094 originis,
3289 5036 3408 5093 qua:

1819 5135 1940 5175 cum
1992 5131 2269 5176 remaneat
2297 5128 2420 5192 post
2454 5121 2803 5192 baptismum,
2856 5118 3043 5174 dicunt
3087 5131 3195 5172 non
3242 5114 3408 5172 fuisse

1819 5211 2054 5268 deletum
2097 5222 2395 5284 peccatum,
2443 5213 2539 5270 sed
2584 5221 2783 5269 tectum
2828 5220 2880 5268 et
2924 5226 3029 5267 non
3062 5210 3406 5281 imputatum.

1821 5306 1891 5363 At
1916 5316 2132 5363 sanctus
2152 5306 2341 5363 doctor
2368 5322 2475 5363 non
2500 5306 2778 5362 constituit
2802 5303 2855 5361 in
2884 5304 2997 5378 ipsa
3023 5306 3406 5376 concupiscen-

1822 5405 1894 5458 tia
1927 5403 2212 5459 essentiam
2259 5402 2462 5473 peccati
2494 5401 2789 5474 originalis,
2822 5398 2918 5457 scd
2949 5400 3004 5456 in
3029 5408 3182 5457 reatu
3212 5407 3266 5456 et
3292 5415 3408 5456 ma-

1823 5495 1966 5565 cula,
2004 5512 2124 5567 qua:
2169 5503 2278 5550 tota
2319 5494 2527 5551 deletur
2558 5494 2610 5549 in
2639 5494 2927 5566 baptismo.
2973 5491 3123 5550 Unde
3152 5490 3244 5549 lib.
3275 5507 3314 5548 ιι
3340 5491 3407 5549 de

1823 5598 2164 5659 peccatorum
2209 5586 2431 5653 Meritis,
2475 5602 2593 5657 cap.
2634 5586 2727 5654 28,
2773 5586 2998 5658 loquens
3029 5586 3096 5643 de
3126 5585 3408 5656 concupis-

1819 5683 2017 5749 centia,
2050 5683 2123 5735 ait
2150 5698 2164 5737 :
2201 5703 2217 5734 ι
2240 5681 2355 5736 Non
2388 5680 2465 5736 sic
2509 5690 2690 5737 manet
2737 5680 2791 5736 in
2824 5678 3080 5737 membris
3107 5696 3292 5737 eorum
3316 5680 3405 5751 qui

1820 5790 1884 5830 ex
1907 5789 2040 5844 aqua
2068 5783 2121 5829 et
2150 5772 2348 5845 Spiritu
2389 5774 2558 5831 renati
2593 5783 2740 5844 sunt,
2772 5784 3023 5848 tanquam
3053 5790 3161 5833 uon
3190 5775 3259 5830 sit
3287 5773 3403 5843 ejus

1824 5866 1960 5923 facta
2001 5867 2269 5937 remissio,
2320 5868 2407 5926 tibi
2454 5869 2672 5927 omnino
2714 5869 2871 5943 plena
2900 5878 2955 5927 et
2978 5867 3211 5943 perfecta
3234 5865 3293 5925 ﬁt
3314 5882 3402 5926 ro-
