3962 6346
633 325 737 386 735

1521 328 2082 390 SUPPLEMENTUM
2120 330 2213 385 AD
2249 328 2482 385 OPERA
2522 329 2583 387 S.
2626 330 3018 390 AUGUSTINI.
3716 360 3777 421 ηδ

583 454 591 483 ν
631 447 826 501 missio
876 454 1217 519 peccatorum
1270 448 1521 505 omnibus
1571 449 1873 506 inimicitiis
1926 450 2224 506 interfectis
2251 455 2302 513 Α
2330 450 2636 520 consultos,
2672 454 2811 521 apud
2844 467 2981 524 quos
3013 454 3134 523 plus
3163 456 3403 524 ponderis
3427 466 3560 521 unius
3591 472 3775 544 Augustini

630 538 827 609 quibus
868 540 1252 609 separabamnr
1307 556 1338 595 a
1398 542 1576 596 Deo.»
1637 542 1778 613 Lege
1834 543 2222 598 Bellarminum

574 682 575 685 η
631 639 767 688 tom.
809 630 896 695 IV,
947 630 1039 686 lib.
1075 647 1129 698 v,
1155 632 1224 688 de
1253 633 1559 688 Amissione
1588 635 1797 704 gratiae,
1826 650 1944 705 cap.
1978 636 2031 702 8,
2067 636 2119 690 id
2150 650 2221 691 ex

631 722 931 793 Augustino
950 725 1159 780 erudite
1188 727 1526 796 probantem.
1552 728 1665 783 Hoc
1697 730 1869 799 ipsum
1902 738 2081 785 tamen
2111 744 2224 787 me-

629 815 732 870 lius
757 831 821 872 ac
850 817 1022 873 fusius
1047 820 1287 889 explicat
1315 820 1374 875 P.
1411 822 1631 877 Macedo
1662 822 1750 878 lib.
1786 838 1841 877 1v
1871 823 1940 879 de
1969 822 2221 880 Clavibus

630 908 794 975 Petri,
836 926 954 982 cap.
984 912 1016 964 5
1042 921 1098 968 et
1129 914 1181 968 7.
1228 913 1345 969 Non
1377 926 1462 970 est
1489 914 1654 986 igitur
1682 932 1780 971 cur
1810 917 2049 972 Adamus
2075 917 2221 974 cele-

636 1000 923 1058 berrimam
971 1006 1141 1060 sancti
1173 1006 1347 1062 Patris
1378 1009 1701 1064 sententiam
1731 1010 2041 1065 Calvinismi
2083 1011 2233 1066 insit

629 1094 816 1161 mulet,
844 1111 963 1150 cum
989 1095 1243 1153 Calvinus
1266 1099 1365 1153 hac
1394 1100 1447 1154 in
1477 1115 1535 1155 re
1558 1101 1769 1171 longius
1801 1102 1868 1155 ab
1895 1102 2216 1170 Augustino,

627 1187 672 1241 si
704 1189 827 1259 quis
858 1189 997 1244 alius
1027 1190 1243 1245 abierit.
1275 1191 1381 1247 Sed
1415 1200 1751 1246 transeamus
1778 1192 1843 1247 ad
1875 1192 2003 1259 alia,
2028 1193 2217 1263 suique

626 1282 832 1337 consilii
859 1298 1049 1340 causas
1071 1284 1384 1340 adversario
1408 1284 1758 1341 dimittamus.

628 1393 655 1463 §
700 1393 789 1447 XI.
839 1398 919 1449 An
985 1398 1232 1451 erraverit
1288 1398 1605 1468 Augustinus
1664 1398 1854 1451 docens
1913 1398 2215 1452 occisionem

730 1469 1045 1537 grassatoris
1073 1470 1251 1523 mortis
1279 1470 1578 1524 intentantis
1607 1486 1709 1523 non
1747 1485 1856 1522 esse
1888 1470 2101 1522 licitam.

704 1580 962 1638 Ultimum
1004 1599 1160 1652 quem
1190 1593 1381 1637 sancto
1406 1584 1554 1638 Patri
1581 1599 1820 1637 errorem
1858 1582 2115 1654 objiciunt
2156 1584 2210 1639 in

622 1689 854 1730 examen
901 1691 1189 1743 vocamus;
1221 1678 1469 1747 inquiunt
1520 1679 1665 1733 enim
1714 1679 1962 1734 eumdem
2011 1678 2212 1736 dixisse

619 1766 759 1820 haud
800 1767 997 1821 licitum
1024 1785 1130 1823 esse
1157 1770 1387 1824 occidere
1414 1782 1755 1842 grassatorem
1782 1772 1868 1841 qui
1906 1771 2051 1825 nobis
2092 1772 2209 1825 velit

2331 543 2625 599 auctoritas
2675 546 2882 610 valuit,
2932 563 3091 616 quam
3153 551 3377 621 vulgaris
3421 557 3612 618 aliorum
3646 543 3774 637 opim

2328 638 2629 706 Antequam
2651 646 2828 694 tamen
2845 642 3015 695 sancti
3036 642 3270 699 doctoris
3285 652 3572 707 sententiam
3583 661 3773 731 explicem,

2326 743 2525 786 moneo
2571 730 2712 785 haud
2763 746 2899 802 opus
2951 733 3117 789 fuisse
3148 738 3419 796 nonnullos
3446 752 3572 800 tanta
3597 730 3775 821 diligentia

2326 822 2611 893 utriusque
2634 824 2776 893 juris
2807 827 3115 882 testimonia
3144 833 3470 904 conquirere,
3498 843 3622 908 queis
3642 846 3774 907 imas).

2323 914 2399 969 ris
2428 917 2627 972 occisio
2672 934 2793 974 cum
2839 920 3212 978 moderamine
3244 924 3515 997 inculpata:
3539 937 3678 993 tutela:
3701 956 3775 998 cou-

2320 1007 2552 1077 ceditur,
2583 1026 2693 1067 uno
2718 1014 2861 1069 enim
2884 1016 3053 1071 verbo
3079 1017 3191 1085 jam
3219 1018 3345 1074 olim
3392 1028 3682 1093 responderat
3704 1050 3775 1092 san.

2319 1111 2436 1159 ctus
2465 1106 2654 1161 doctor
2679 1121 2797 1177 cap.
2817 1107 2849 1161 5
2872 1109 3127 1166 laudato:
3161 1131 3180 1163 ι
3208 1113 3397 1183 Legem
3426 1118 3609 1185 quidem
3628 1127 3715 1180 satis
3733 1132 3777 1186 ii-

2320 1197 2422 1252 deo
2444 1212 2563 1253 esse
2587 1201 2844 1256 munitam
2867 1213 3057 1258 contra
3082 1204 3441 1274 hujuscemodi
3470 1217 3773 1286 accusationem,

2317 1305 2436 1360 quae
2467 1292 2521 1347 in
2545 1308 2612 1347 eo
2641 1294 2840 1365 p0pu|o
2866 1310 3026 1365 quem
3058 1297 3217 1368 regit,
3252 1299 3535 1357 minoribus
3560 1308 3773 1381 malefactis,

2325 1398 2396 1437 ne
2439 1385 2643 1456 majora
2676 1390 3166 1459 committerentur,
3203 1392 3349 1448 dedit
3384 1395 3773 1465 licentiam;multo

2317 1477 2462 1532 enim
2490 1480 2672 1535 mitius
2693 1490 2778 1537 est
2799 1497 2920 1538 eum
2948 1484 3041 1554 qui
3061 1485 3253 1541 alienae
3274 1488 3394 1542 vita:
3416 1488 3663 1561 insidiatur,
3681 1513 3776 1565 quam

2316 1585 2436 1625 eum
2470 1574 2561 1639 qui
2606 1589 2759 1630 suam
2788 1585 2992 1643 tuetur,
3018 1580 3214 1634 occidi.
3246 1599 3265 1631 ›
3302 1580 3397 1636 Ubi
3428 1586 3659 1655 quaeritan
3674 1590 3778 1646 humi-

2315 1678 2409 1720 nes
2446 1665 2639 1735 quibus
2678 1668 2863 1725 civiles
2907 1671 3056 1741 leges
3105 1671 3370 1728 invasoris
3411 1675 3676 1733 occisionem
3706 1698 3778 1749 per-

2315 1759 2568 1826 mittunt,
2623 1763 2799 1833 aliqua
2860 1766 3231 1823 vehementiore
3289 1787 3348 1824 ac
3391 1774 3671 1829 secretissima
3708 1781 3775 1851 lege

617 1864 771 1917 vitam
794 1866 1008 1935 eripere.
1038 1866 1134 1920 Est
1162 1866 1353 1921 Adami
1385 1875 1571 1923 contra
1598 1866 1954 1936 Augusﬁnum
1983 1880 2199 1921 accusa-

2314 1858 2582 1906 teneantur
2612 1854 2744 1910 tales
2775 1871 2883 1913 non
2909 1860 3183 1917 occidere.

616 1958 691 2011 tio
720 1973 837 2027 cap.
874 1958 926 2023 5,
956 1974 1079 2029 pag.
1114 1959 1238 2014 583.
1274 1960 1516 2031 Disputat
1565 1958 1917 2028 Augustinus,
1966 1958 2059 2013 lib.
2095 1974 2110 2012 ι
2141 1958 2208 2034 de

615 2046 811 2105 Libero
859 2051 1118 2117 Arbitrio,
1164 2067 1283 2121 cap.
1326 2068 1375 2117 v,
1412 2052 1689 2122 possintne
1718 2052 1851 2105 citra
1884 2051 2092 2120 culpam
2126 2052 2207 2107 in-

616 2144 785 2200 terﬁci
823 2145 982 2200 hostis
1020 2149 1237 2213 irruens,
1279 2148 1358 2201 vel
1388 2148 1662 2201 insidiator
1701 2148 1938 2213 sicarius,
1979 2147 2083 2200 sive
2111 2163 2207 2218 pro

615 2238 742 2304 vita,
785 2239 889 2293 sive
917 2255 1007 2307 pro
1040 2239 1292 2307 libertate,
1324 2240 1427 2293 sive
1455 2256 1546 2308 pro
1580 2239 1871 2310 pudicitia?
1915 2237 2203 2307 Postquam

622 2330 756 2384 dixit
784 2330 900 2399 lege
942 2331 1183 2386 Romana
1211 2342 1542 2403 grassatores
1574 2346 1730 2400 posse
1759 2332 1979 2401 impune
2008 2332 2200 2401 occidi,

619 2423 747 2477 dum
791 2425 955 2479 vitam
1003 2427 1160 2481 alteri
1203 2427 1389 2481 stricto
1430 2442 1691 2482 mucrone
1731 2428 1941 2482 auferre
1973 2436 2201 2499 tentant,

614 2514 690 2568 ait
720 2531 734 2569 :
770 2534 789 2565 ι
815 2516 1011 2585 Legem
1045 2516 1260 2587 quidem
1289 2534 1391 2572 non
1415 2518 1754 2588 reprehendo
1779 2535 1897 2590 qua:
1920 2519 2053 2574 tales
2084 2536 2205 2589 per-

611 2606 775 2661 mittit
825 2608 1075 2675 interﬁci,
1127 2610 1220 2663 sed
1271 2625 1375 2681 quo
1418 2620 1573 2680 pacto
1622 2611 1756 2665 istos
1801 2610 2084 2666 delendam
2114 2611 2203 2681 qui

613 2698 962 2769 interﬁciunt,
1009 2716 1117 2756 non
1166 2701 1402 2757 invenio.
1434 2722 1453 2754 ι
1490 2701 1567 2756 Ex
1602 2702 1684 2757 his
1715 2703 1995 2773 Augustini
2024 2703 2202 2760 verbis

609 2791 661 2848 in
721 2794 897 2848 varias
946 2795 1244 2850 sententias
1296 2796 1599 2867 gravissimi
1652 2796 1944 2865 scriptores
1996 2797 2199 2854 abiere.

610 2883 759 2939 Multi
788 2893 1045 2953 putarunt
1073 2888 1432 2957 Augustinum
1466 2901 1693 2959 negasse
1721 2901 1842 2943 esse
1873 2888 2079 2945 licitum
2110 2904 2204 2945 oc-

611 2977 793 3034 cidere
820 2980 1123 3035 invasorem
1155 2981 1316 3036 etiam
1348 2996 1469 3038 cum
1509 2982 1881 3038 moderamine
1915 2982 2203 3054 inculpata:

613 3072 813 3135 tutelae,
847 3089 1075 3143 quorum
1110 3076 1375 3143 nonnulli,
1406 3078 1553 3147 gtanti
1599 3077 1837 3133 doctoris
1882 3081 2205 3137 auctoritate

613 3166 745 3219 moti
774 3209 788 3231 ,
823 3168 1067 3223 eamdem
1100 3170 1425 3225 sententiam
1454 3170 1848 3241 subscripsere,
1888 3173 1971 3228 vel
2012 3178 2201 3230 saltem

2386 1954 2616 2012 Sanctus
2647 1958 2905 2027 Thomas,
2937 1963 3058 2033 2-2,
3083 1980 3139 2036 q.
3169 1963 3262 2034 64,
3290 1975 3389 2023 art.
3419 1969 3470 2036 7,
3500 1973 3654 2030 nolens
3674 1976 3779 2035 disce-

2312 2048 2442 2105 dere
2467 2067 2496 2106 a
2521 2054 2692 2109 sancti
2720 2054 3003 2126 Augustini
3029 2062 3319 2130 sententia,
3349 2079 3509 2135 neque
3531 2067 3633 2123 item
3655 2086 3779 2126 acom-

2310 2146 2459 2199 muni
2510 2147 2784 2216 opinione,
2835 2150 3114 2224 diStinguit
3157 2171 3319 2212 unum
3346 2166 3399 2213 et
3426 2160 3621 2216 alterum
3642 2166 3779 2221 modum

2310 2254 2417 2308 quo
2446 2242 2564 2311 quis
2606 2258 2666 2298 se
2710 2243 3009 2303 defendens
3055 2259 3231 2318 potest
3282 2252 3565 2310 invasorem
3606 2259 3779 2313 occidere.

2310 2332 2495 2389 Potest
2523 2335 2667 2391 enim
2708 2339 2825 2407 quis
2855 2340 3056 2397 habere
3088 2352 3294 2399 tantum
3326 2347 3635 2405 intentionem
3664 2366 3706 2406 se
3727 2353 3780 2407 de-

2310 2424 2585 2497 fendendi,
2619 2429 2747 2486 licet
2778 2431 2903 2488 inde
2939 2448 3008 2488 ex
3052 2436 3315 2492 accidenti
3357 2450 3591 2510 sequatur
3613 2445 3780 2498 morsiu-

2310 2522 2515 2577 vasoris
2539 2542 2551 2587 ;
2584 2524 2669 2578 vel
2694 2533 2867 2593 potest
2896 2528 3177 2585 intendere
3198 2532 3513 2588 occisionem
3538 2537 3779 2605 aggressoris,

2309 2613 2393 2668 vel
2428 2623 2681 2684 tanquam
2712 2617 2946 2675 medium
2974 2622 3059 2674 vel
3090 2630 3345 2691 tanquam
3389 2626 3554 2694 tinent,
3576 2638 3622 2681 ut
3645 2630 3781 2696 exponit

2309 2707 2382 2762 ibi
2428 2708 2739 2778 Cajetanus.
2797 2710 2984 2767 Potest
3031 2713 3131 2770 hoc
3179 2716 3437 2787 explicari
3472 2721 3676 2791 exemplo
3708 2722 3783 2775 satis

2308 2807 2453 2871 apto.
2504 2800 2754 2874 Praecipit
2796 2804 3037 2860 medicus
3089 2806 3267 2862 scindi
3318 2825 3501 2865 venam
3552 2811 3717 2874 inﬁrmi,
3750 2822 3783 2863 ut

2313 2894 2604 2950 emissione
2641 2896 2917 2965 sanguinis
2946 2910 3186 2966 curetur,
3220 2900 3345 2957 licet
3370 2902 3499 2957 sciat
3526 2903 3731 2957 inﬁrmum
3748 2918 3783 2956 ex

2311 2987 2401 3041 tali
2429 2987 2719 3043 emissione
2742 3003 3023 3058 passurum
3048 2990 3366 3062 deliquium,
3398 2995 3526 3064 quod
3554 3010 3695 3049 revera
3717 2996 3785 3062 ipse

2309 3080 2476 3135 nollet
2507 3083 2551 3135 si
2582 3080 2736 3136 aliter
2773 3081 3015 3139 inﬁrmus
3053 3087 3230 3140 curari
3280 3096 3476 3156 posset.
3517 3086 3564 3141 In
3600 3087 3679 3143 hoc
3710 3100 3785 3139 casu

2312 3174 2552 3229 medicus
2590 3176 2705 3229 vult
2748 3177 2979 3233 salutem
3017 3178 3216 3234 inﬁrmi
3250 3190 3309 3235 ut
3340 3182 3516 3248 ﬁnem,
3542 3181 3785 3236 emissionem

614 3258 943 3326 probabilem
970 3260 1365 3316 existimarunt.
1392 3234 1725 3331 Augustinus
1742 3262 2070 3334 Triumphus
2094 3269 2203 3321 An-
2229 3234 2278 3299 ο
2311 3264 2583 3335 sanguinis
2612 3276 2670 3320 ut
2700 3268 2959 3337 medium,
2991 3270 3295 3341 deliquium
3342 3273 3481 3329 nullo
3515 3284 3644 3344 pacto
3676 3274 3785 3328 inten-

615 3353 921 3419 conitanus,
953 3353 1176 3423 insignis
1208 3356 1486 3425 theologus
1510 3358 1953 3427 Augusﬁnianus,
1987 3361 2041 3415 in
2066 3361 2205 3419 libro

618 3442 686 3497 de
728 3442 998 3500 Potestate
1046 3447 1407 3501 ecclesiastica
1428 3488 1445 3515 ,
1491 3457 1681 3519 quaest.
1715 3450 1803 3516 52,
1835 3459 1940 3505 art.
1967 3452 2020 3519 '5,
2051 3453 2204 3524 ponit

617 3543 671 3589 et
699 3536 887 3603 probat
922 3537 1058 3593 hanc
1085 3538 1488 3596 conclusionem
1516 3558 1529 3594 :
1568 3561 1585 3593 ι
1616 3542 1749 3597 Ριιιο
1778 3543 1921 3614 quod
1947 3546 2105 3615 culpa
2134 3548 2203 3603 sit

617 3624 890 3681 hominem
942 3627 1189 3684 occidere
1236 3645 1301 3685 ne
1350 3631 1464 3701 ipse
1513 3632 1823 3701 occidatur,
1882 3650 2202 3709 quacunque

611 3716 906 3774 inevitabili
960 3722 1285 3778 necessitate
1331 3722 1434 3778 hoc
1466 3724 1577 3779 ﬁat.
1623 3726 1703 3779 Ad
1744 3727 1847 3781 hoc
1886 3737 1973 3785 est
2002 3730 2198 3803 (addit)

610 3814 902 3867 auctoritas
943 3814 1225 3883 Augustini
1256 3816 1306 3870 in
1338 3816 1578 3885 pluribus
1614 3819 1776 3885 locis;
1810 3822 1987 3891 primo
2016 3825 2084 3880 de
2111 3826 2200 3880 Li-

609 3902 741 3957 bero
770 3904 1006 3960 Arbitrio
1032 3906 1282 3976 dicentis,
1315 3929 1333 3959 ι
1367 3917 1470 3964 etc.
1507 3910 1785 3977 Testatus,
1811 3914 1939 3970 illud
1968 3916 2202 3989 ingenio-

605 4011 721 4052 rum
760 4009 1080 4067 monstrum,
1114 4001 1166 4055 in
1199 4018 1318 4072 cap.
1351 4019 1383 4057 v
1410 4004 1666 4073 Matthxi,
1706 4023 1756 4062 v.
1786 4008 1839 4073 9,
1869 4025 1916 4079 p.
1950 4012 2074 4081 109,
2104 4028 2197 4069 re-

609 4090 767 4145 citata
803 4094 1070 4148 sententia
1107 4095 1413 4167 Trinmphi,
1445 4106 1499 4153 et
1523 4101 1766 4169 Opposita
1796 4118 1915 4173 qua:
1942 4115 2025 4160 est
2049 4122 2199 4163 com-

606 4189 839 4253 munior,
876 4190 990 4244 ait:
1022 4190 1297 4262 «Utraque
1344 4193 1565 4248 iStaruin
1615 4196 1938 4265 positionum
1984 4201 2198 4259 videtur

608 4279 913 4347 aliqualiter
962 4282 1315 4351 rationabilis,
1371 4288 1605 4341 maxime
1643 4303 1765 4343 cum
1805 4291 1905 4345 ista
1954 4295 2193 4350 secunda

605 4370 914 4441 aliqualiter
950 4373 1197 4429 videatur
1227 4390 1349 4431 esse
1388 4378 1454 4431 de
1501 4380 1800 4435 intentione
1830 4381 2135 4455 Augustini.
2169 4406 2190 4442 ι

609 4462 874 4535 V’asquez,
915 4481 1037 4536 cap.
1078 4465 1111 4518 2
1140 4467 1205 4522 de
1235 4469 1455 4537 Restit,,
1480 4469 1606 4525 dub.
1637 4471 1689 4536 6,
1716 4489 1865 4529 num.
1897 4475 1987 4541 18,
2014 4479 2195 4551 Angu-

602 4559 800 4614 stinum
859 4576 975 4614 eam
1023 4562 1344 4618 sententiam
1419 4574 1660 4620 secutum
1714 4567 1881 4625 fuisse
1936 4571 2190 4642 afﬁrmat,

600 4669 773 4723 quam,
806 4651 995 4723 inquit,
1025 4654 1237 4725 quidam
1264 4674 1325 4711 ea:
1352 4660 1630 4714 canonistis
1655 4666 2060 4732 amplectuntur.
2090 4668 2191 4723 Mo-

598 4745 729 4813 lina,
760 4746 959 4817 disput.
994 4746 1028 4799 3
1057 4746 1175 4814 cit.,
1220 4767 1366 4805 num.
1397 4752 1449 4817 5,
1489 4752 1560 4807 ait
1588 4772 1598 4807 :
1631 4754 1912 4812 Vehemens
1961 4762 2188 4829 suspicio

596 4846 691 4903 est,
725 4838 1073 4908 Augustinum
1096 4842 1209 4911 ejus
1239 4842 1399 4911 fuisse
1419 4848 1699 4901 sententiw.
1734 4848 1940 4904 Gerson
1975 4867 2072 4919 pro
2097 4868 2187 4907 ca-

598 4930 720 4986 dem
778 4932 1044 4987 sententia
1105 4932 1335 4988 refertur
1384 4936 1436 4989 in
1489 4947 1644 4995 tract.
1695 4940 1763 4997 de
1808 4942 2183 5009 Eucharistia;

594 5033 745 5081 certe
799 5034 942 5096 part.
1001 5041 1035 5081 ll
1082 5026 1382 5096 Compend.
1440 5031 1699 5104 theolog.,
1752 5037 1803 5090 in
1846 5039 2186 5108 expositione

595 5119 762 5187 quinti
822 5121 1098 5191 praecepti,
1126 5123 1201 5176 ait
1238 5139 1251 5177 :
1304 5142 1320 5175 ι
1348 5123 1543 5181 Dicunt
1586 5130 1799 5195 quidam
1846 5136 1985 5202 quod
2038 5137 2185 5194 nullo

598 5210 760 5265 modo
792 5210 918 5267 licet
948 5213 1196 5269 occidere
1237 5216 1396 5270 ctiam
1437 5216 1793 5289 defendendo,
1830 5228 2063 5284 maxime
2089 5246 2184 5287 au-

598 5310 704 5355 tem
737 5301 853 5356 viro
883 5302 1144 5372 perfecto,
1192 5312 1247 5361 et
1287 5306 1403 5363 haec
1450 5311 1660 5365 videtur
1688 5328 1809 5370 esse
1840 5318 2022 5385 opinio
2068 5322 2182 5377 An-

594 5390 770 5444 selmi.
802 5410 821 5443 ι
867 5392 970 5448 Ubi
1023 5397 1181 5477 etiam
1238 5399 1431 5456 recitat
1473 5405 1799 5460 contrariam
1848 5408 2177 5481 opinionem,

596 5492 839 5538 neutram
870 5501 997 5540 vero
1026 5488 1219 5557 rejicit.
1258 5493 1572 5562 Sequuntur
1604 5499 1893 5557 Accursius
1915 5512 1970 5558 et
1994 5503 2181 5562 Glossa

593 5589 754 5644 super
775 5575 813 5630 l.
851 5574 967 5631 Vim
1002 5583 1071 5647 vi,
1104 5580 1161 5634 ii.
1193 5582 1262 5638 de
1282 5584 1421 5642 Just.
1455 5596 1511 5642 et
1531 5587 1677 5659 jure.
1710 5590 2013 5651 Richardus
2036 5598 2181 5654 insu-

592 5682 688 5737 per
711 5682 739 5723 a
772 5670 971 5725 Sancto
1010 5671 1225 5731 Victore
1258 5685 1315 5732 et
1361 5678 1655 5751 Almaynus
1687 5685 1919 5742 citantur
1940 5704 1968 5742 a
1994 5701 2180 5748 nostro

594 5762 832 5819 Salonio.
862 5763 1039 5834 Quare
1065 5782 1170 5823 non
1196 5770 1346 5826 solus
1373 5772 1471 5828 fuit
1510 5774 1562 5828 in
1600 5791 1665 5833 ea
1704 5782 1973 5836 sententia
1998 5783 2179 5855 Augu-

596 5855 787 5919 stinus,
821 5858 915 5912 sed
946 5857 1131 5915 habuit
1178 5870 1472 5919 sectatores
1507 5874 1563 5918 et
1603 5866 1880 5937 theologos
1927 5882 1981 5927 et
2015 5872 2177 5942 juris-

2307 3356 2405 3423 dit,
2442 3358 2543 3412 nisi
2593 3369 2651 3413 ut
2697 3358 2825 3429 quid
2873 3373 3223 3419 consecutum
3276 3381 3344 3422 ex
3394 3368 3625 3423 accidenti
3664 3374 3785 3436 praeter

2308 3465 2459 3506 suam
2496 3452 2871 3520 intentionem,
2907 3457 2960 3510 in
2991 3457 3131 3526 quod
3162 3466 3373 3515 tantum
3395 3460 3689 3517 materialiter
3709 3472 3787 3513 cou-

2308 3545 2491 3601 sentit.
2523 3546 2599 3600 lta
2634 3546 2735 3603 hoc
2763 3549 2998 3605 secundo
3027 3551 3186 3607 modo
3222 3563 3403 3622 potest
3442 3567 3677 3625 aggressus
3697 3551 3784 3605 occi-

2304 3636 2434 3692 dere
2483 3638 2811 3705 invasorem,
2864 3641 3010 3696 nullo
3060 3658 3187 3699 vero
3219 3656 3376 3715 pacto
3406 3655 3567 3716 potest
3598 3643 3787 3700 intendere

2305 3737 2532 3784 mortem
2562 3731 2878 3801 grassatoris
2926 3734 3179 3791 irruentis
3224 3753 3399 3807 neque
3427 3749 3479 3793 ut
3506 3738 3785 3801 medium,ne-

2304 3837 2408 3892 que
2441 3827 2514 3876 uti
2546 3824 2728 3878 ﬁnem.
2762 3825 2827 3879 Et
2857 3825 2998 3882 hanc
3019 3842 3142 3883 esse
3170 3842 3410 3885 mentem
3448 3830 3597 3885 sancti
3631 3825 3788 3883 doctoris

2305 3926 2451 3969 recte
2495 3916 2729 3970 ostendit
2772 3916 3023 3973 Salonius
3068 3920 3120 3974 in
3170 3920 3281 3977 ﬁne
3311 3932 3415 3978 art.
3443 3923 3495 3989 7,
3538 3920 3787 3987 eamdemque

2302 4006 2533 4076 explicat
2562 4009 2817 4064 Tostatus
2846 4010 3059 4067 citatus.
3085 4012 3264 4080 Quare
3295 4024 3506 4069 sanctus
3531 4014 3726 4075 Thomas,
3754 4010 3786 4061 in

2302 4114 2450 4170 resp.
2479 4100 2546 4155 ad
2580 4104 2632 4169 1,
2678 4102 2867 4157 scribit
2915 4106 3273 4173 Augustinum
3323 4106 3684 4178 intelligendum
3715 4116 3788 4156 esse

2299 4193 2368 4248 de
2418 4193 2714 4249 intentione
2743 4195 3022 4259 occidendi
3063 4212 3458 4269 aggressorem,
3509 4216 3599 4255 non
3642 4194 3785 4252 verosi

2300 4288 2543 4343 intendat
2593 4289 2797 4344 directe
2841 4306 3177 4349 conservare
3222 4298 3490 4367 propriam
3535 4297 3681 4357 vitam,
3711 4305 3786 4345 nam

2299 4380 2420 4436 talis
2446 4390 2598 4436 actus
2626 4398 2725 4435 non
2752 4382 2922 4449 habet,
2948 4386 3139 4455 inquit,
3171 4390 3425 4442 rationem
3442 4387 3613 4453 illiciti,
3635 4384 3785 4439 Cttntltot

2298 4476 2363 4529 sit
2394 4475 2598 4529 cuilibet
2640 4478 2904 4544 naturale,
2948 4480 3089 4548 quod
3118 4496 3171 4533 se
3199 4492 3458 4536 conservet
3490 4486 3537 4535 in
3562 4491 3786 4545 esse,qttan-

2298 4579 2407 4624 tum
2448 4578 2630 4641 potest.
2672 4572 2876 4627 Omitto
2932 4572 3068 4627 hanc
3116 4579 3441 4632 sententiam
3484 4579 3567 4631 vix
3612 4587 3725 4644 posse
3756 4571 3785 4619 in

2300 4664 2511 4731 praxim
2547 4664 2728 4719 reduci
2757 4683 2771 4731 ;
2803 4666 2922 4735 quis
2945 4668 3086 4722 enim
3118 4680 3374 4739 surgente
3397 4673 3490 4738 ira,
3521 4672 3739 4735 animoque
3755 4664 3785 4714 in

2293 4760 2374 4813 sui
2427 4758 2797 4815 defensionem
2848 4763 3029 4817 subito
3078 4775 3283 4830 erecto,
3334 4766 3478 4820 illam
3527 4762 3782 4819 intentionem

2294 4851 2493 4909 habere
2526 4853 2739 4921 potest?
2769 4853 2909 4923 quod
2943 4853 3131 4925 Salon,
3183 4856 3380 4913 Molina
3424 4858 3605 4927 aliique
3640 4854 3785 4907 adnuta-

2292 4954 2437 5000 runt.
2470 4945 2627 4999 Certe
2656 4944 2747 4997 illa
2785 4945 3074 5014 explicatio
3124 4963 3229 5002 non
3273 4959 3361 5005 est
3387 4951 3451 5004 ad
3491 4957 3683 5005 mentem
3719 4946 3784 4995 Au-

2292 5037 2513 5108 gustini,
2545 5052 2667 5091 cum
2700 5046 2900 5103 tamen,
2931 5038 3103 5108 inquit
3134 5039 3333 5096 Molina
3368 5052 3493 5098 tom.
3526 5041 3603 5106 ιν,
3631 5039 3732 5101 disp.
3752 5034 3783 5091 5.

2288 5148 2438 5188 num.
2478 5132 2532 5198 5,
2568 5127 2815 5186 Fortasse
2853 5133 3131 5204 Augustini
3172 5137 3465 5191 testimonia
3512 5136 3573 5189 υ.
3614 5132 3784 5185 Thomam

2286 5227 2588 5298 impulerint
2619 5228 2687 5279 ad
2716 5229 3047 5283 asserendum
3079 5248 3381 5304 aggressum
3410 5251 3509 5288 non
3534 5247 3656 5305 posse
3676 5230 3786 5281 intert-

2287 5318 2408 5373 dere
2457 5327 2673 5374 mortem
2715 5322 3035 5391 aggressoris
3065 5338 3086 5377 :
3116 5339 3239 5378 nam
3282 5324 3595 5396 Augustinus
3632 5316 3785 5376 occisio'

2288 5427 2410 5467 nem
2456 5413 2790 5483 aggressoris
2824 5412 2951 5468 inde
2981 5428 3102 5471 esse
3133 5417 3327 5471 malam
3363 5418 3561 5487 probat,
3600 5415 3692 5485 quia
3714 5408 3782 5462 ori-

2289 5517 2376 5563 tur
2420 5523 2485 5562 ex
2516 5507 2810 5577 cupiditate
2856 5509 3104 5564 servandi
3162 5511 3351 5577 vitam,
3401 5525 3515 5580 quae
3558 5523 3643 5562 non
3680 5501 3784 5556 debet

2285 5600 2476 5667 amari,
2523 5599 2618 5654 sed
2664 5600 2939 5655 contemni
2981 5616 2997 5652 :
3050 5619 3069 5652 ‹
3103 5602 3385 5669 Quomodo
3428 5603 3595 5666 enim,
3643 5594 3782 5666 inquit.

2283 5691 2424 5761 apud
2454 5705 2571 5747 eam
2603 5690 2864 5763 (divinam
2910 5691 3326 5767 providentiam)
3369 5704 3493 5749 sunt
3518 5693 3594 5748 isti
3630 5693 3784 5760 peccato

2284 5783 2463 5848 liberi,
2507 5783 2597 5853 qui
2624 5798 2721 5853 pro
2752 5785 2818 5840 iis
2843 5784 3005 5842 rebus
3038 5801 3175 5857 quas
3202 5788 3469 5843 contemni
3508 5793 3687 5859 oportet
3716 5780 3778 5833 hu-

2284 5890 2438 5932 mana
2491 5876 2638 5931 ctede
2682 5877 2872 5945 polluti
2933 5882 3097 5934 sunt?
3122 5899 3141 5931 ι
3177 5880 3240 5937 Et
3288 5886 3480 5936 antea:
3513 5899 3530 5932 ι
3556 5877 3651 5935 Νοη
3685 5874 3783 5925 enim
