3962 6346
130 409 235 465 737

1294 398 1620 456 VINDICUE
1660 390 2220 454 ΑυῦυδτιΝιΑΝΑε.

3293 380 3400 436 758

130 537 211 579 .ex
241 535 336 578 eos
364 519 510 591 cogit
548 516 817 581 occidere,
866 513 960 569 sed
1011 512 1269 584 relinquit
1317 513 1370 568 in
1415 520 1719 583 potestate;
1750 514 1797 573 Α
1829 518 1972 565 esset
1997 503 2478 565 ordinatissimum,
2510 506 2567 555 ut
2609 496 2986 569 impotentiora
3017 472 3407 566 potentioribus

129 616 359 671 .iberum
388 615 465 670 eis
495 616 676 684 itaque
701 622 782 667 est
816 612 1087 666 neminem
1115 626 1309 666 necare
1336 626 1432 681 pro
1460 611 1527 664 iis
1559 609 1723 664 rebus

130 724 266 777 quas
296 707 447 763 inviti
479 712 703 777 possunt
736 706 1004 773 amittere,
1037 712 1093 759 et
1128 704 1198 759 ob
1239 704 1343 759 hoc
1388 717 1572 757 amare
1615 716 1748 756 non-

130 802 352 857 debent.
385 820 404 853 )
456 800 527 856 At
566 807 785 854 sanctus
835 796 1070 853 Thomas
1100 797 1215 852 vult
1244 813 1308 852 ex
1342 796 1594 852 instinctu
1626 810 1723 850 na-

132 908 271 953 tura:
324 912 508 952 amare
565 909 1001 965 unumquemque
1046 908 1199 949 suam
1246 893 1414 948 vitam
1466 899 1724 961 quantum

132 1002 337 1062 potest,
390 1006 456 1047 ex
508 1005 615 1061 quo
662 1004 845 1045 amore
894 989 1135 1059 sequitur
1182 987 1426 1043 defensio
1471 986 1538 1040 ad
1577 985 1724 1041 illam

132 1081 566 1138 conservandam
609 1080 768 1135 etiam
813 1095 933 1136 cum
973 1088 1146 1134 morte
1187 1077 1510 1134 insidiantis.
1559 1077 1729 1131 Porro

136 1174 283 1232 inter
309 1175 399 1230 illa
424 1189 543 1245 quae
574 1172 847 1229 contemni
879 1172 1098 1240 debent,
1136 1170 1331 1225 ibidem
1363 1170 1527 1224 vitam
1570 1184 1729 1238 repo-

136 1272 219 1325 nit
256 1270 582 1341 Augustinus
602 1309 617 1332 ,
660 1284 724 1323 eo
756 1275 911 1322 utens
943 1265 1253 1320 dilemmate
1283 1265 1350 1318 de
1378 1265 1480 1320 vita
1507 1264 1728 1325 animm,

138 1359 271 1417 dum
315 1374 510 1429 corpus
547 1358 911 1413 interimitur:
946 1356 1006 1413 Si
1041 1357 1234 1425 auferri
1269 1363 1449 1423 potest,
1493 1363 1718 1408 contem-

140 1456 315 1507 nenda
341 1462 445 1517 est;
476 1454 521 1506 si
550 1468 652 1505 non
679 1459 866 1520 potest,
912 1450 1045 1504 nihil
1086 1449 1430 1503 metuendum.
1464 1448 1531 1501 Et
1560 1450 1735 1516 Ange-

140 1545 286 1601 licus
314 1545 505 1600 doctor
538 1543 686 1599 illam
721 1542 1072 1597 intentionem
1100 1558 1163 1596 ex
1190 1543 1266 1596 ira
1297 1550 1481 1596 contra
1524 1539 1734 1594 hostem

140 1638 292 1693 inﬁci
328 1637 533 1692 malitia
566 1637 843 1705 opinatur,
877 1645 932 1689 at
962 1635 1289 1704 Augustinus
1331 1632 1494 1687 nimia
1534 1645 1736 1687 concu-

142 1728 410 1797 piscentia
460 1735 515 1783 et
554 1726 908 1781 immoderato
934 1740 1121 1780 amore
1160 1739 1286 1795 erga
1317 1739 1375 1780 se
1412 1722 1735 1779 occisionem

145 1820 297 1875 illam
322 1819 498 1875 vitiari
527 1819 872 1875 existimavit.

236 1911 343 1967 Sed
365 1911 474 1981 jam
519 1910 808 1965 videndum
859 1917 944 1965 est
996 1908 1263 1964 undenam
1315 1906 1642 1979 Augustinus
1682 1904 1737 1960 in

154 2019 279 2061 eam
310 2005 632 2060 sententiam
663 2003 1026 2059 descenderit.
1078 2004 1172 2058 llle
1206 2002 1443 2073 quidem,
1486 2016 1605 2056 cum
1638 2000 1745 2056 ori-

150 2099 340 2169 ginem
371 2097 517 2164 mali,
551 2111 709 2166 quam
734 2108 924 2152 contra
974 2095 1299 2151 Manichaaos
1326 2095 1607 2166 disputans
1661 2094 1746 2149 iu-

152 2188 409 2258 dagabat,
437 2202 465 2239 a
494 2185 714 2242 libidine
742 2201 836 2241 seu
863 2201 1021 2255 prava
1054 2186 1348 2255 cupiditate
1376 2184 1607 2240 derivari
1639 2194 1749 2239 sta-

151 2282 370 2349 tuisset,
396 2281 570 2334 omnia
594 2280 888 2350 malefacta,
916 2279 1160 2348 inquiens
1177 2318 1192 2343 ,
1226 2294 1328 2331 non
1351 2278 1412 2331 ob
1434 2278 1579 2331 aliud
1609 2276 1750 2330 mala

150 2390 263 2429 esse
294 2375 394 2428 nisi
420 2375 557 2445 quod
599 2373 829 2439 libidine,
875 2373 931 2426 id
971 2381 1043 2426 cst
1092 2372 1429 2443 intprobanda
1468 2371 1750 2440 cupiditate

152 2467 311 2535 ﬁunt,
335 2482 452 2536 cap.
488 2464 542 2531 4,
576 2474 758 2535 postea
782 2464 971 2535 quaerit
1000 2479 1120 2535 cap.
1163 2462 1196 2517 5
1224 2482 1236 2517 :
1274 2462 1461 2517 Utrum
1483 2462 1562 2516 vel
1589 2463 1749 2516 hostis

152 2560 383 2628 irruens,
430 2562 507 2614 vel
546 2560 818 2613 insidiator
862 2559 1075 2613 sicarius
1117 2559 1220 2612 sive
1258 2574 1350 2629 pro
1376 2559 1498 2621 vita,
1530 2556 1631 2610 sive
1658 2571 1752 2624 pro

154 2652 411 2719 libertate,
438 2653 541 2705 sive
566 2669 660 2724 pro
681 2650 934 2722 pudicitia
977 2652 1088 2703 sine
1132 2648 1243 2702 ulla
1264 2648 1607 2715 interﬁciatur
1634 2645 1754 2700 libi-

157 2746 326 2802 dine?
380 2745 689 2815 Respondet
734 2744 1005 2799 occisores
1049 2743 1358 2797 iuvasorum
1390 2754 1497 2795 non
1538 2752 1658 2794 esse
1686 2738 1755 2793 ab

156 2838 263 2895 hac
285 2855 447 2910 prava
470 2838 760 2907 cupiditate
786 2836 1053 2892 immunes
1083 2851 1095 2886 :
1119 2832 1388 2899 Quomodo
1408 2848 1637 2902 possum,
1654 2830 1750 2894 ait,

157 2936 399 2990 arbitrari
428 2949 600 2988 carere
628 2934 751 2986 istos
773 2930 1000 2992 libidine,
1032 2928 1122 2998 qui
1149 2941 1242 2998 pro
1288 2926 1352 2979 iis
1397 2926 1547 2978 rebus
1586 2921 1756 2992 digla-

159 3031 394 3095 dientur,
441 3045 567 3098 quas
602 3035 816 3098 possunt
864 3023 1095 3078 amittere
1135 3021 1316 3075 inviti?
1346 3030 1451 3077 etc.
1477 3019 1547 3074 At
1574 3018 1754 3072 statim

161 3124 358 3194 objicit
397 3124 503 3178 sibi
533 3123 802 3176 Romanas
833 3120 980 3189 leges
1025 3116 1341 3186 permittere
1389 3126 1755 3185 aggressorem

161 3218 392 3286 impune
420 3214 616 3280 occidi,
648 3212 791 3284 quod
824 3219 1002 3266 autem
1050 3210 1169 3277 lege
1216 3207 1419 3262 licitum
1445 3213 1531 3260 est.
1560 3218 1752 3274 pecca-

1826 601 2174 671 imperarent.
2205 595 2379 664 Quare
2409 606 2631 649 necesse
2658 590 2891 647 arbitror
2905 604 3027 646 esse
3051 597 3108 643 ut
3129 588 3248 658 plus
3275 601 3408 657 pos-

1825 694 1899 750 sit
1927 706 2080 747 mens
2101 705 2259 760 quam
2291 686 2578 757 cupiditas,
2604 699 2669 741 eo
2692 686 2811 754 ipso
2833 698 2939 754 quo
2965 680 3247 754 cupiditati
3268 688 3414 737 recte

1823 786 2077 854 justeque
2124 781 2449 845 dominatur,
2490 797 2510 831 ι
2545 791 2664 849 cap.
2700 777 2783 832 10.
2818 776 2897 830 Ex
2954 774 3037 830 his
3088 773 3416 843 Augustinus

1829 878 2095 932 intentum
2123 873 2340 929 deducit
2372 888 2387 925 :
2410 870 2543 925 Nam
2575 883 2695 924 cum
2718 868 2845 937 quis
2866 879 3238 938 aggressorem
3266 863 3413 918 occi-

1829 968 1929 1035 dit,
1955 984 2063 1041 non
2086 966 2247 1035 ratio,
2278 963 2373 1019 sed
2420 961 2684 1031 cupiditas
2722 960 2799 1015 illi
2828 959 3133 1014 dominatur
3164 974 3178 1010 :
3213 974 3233 1009 ι
3271 955 3418 1023 Quo-

1830 1062 1995 1118 modo
2018 1074 2236 1132 possum
2266 1057 2535 1123 arbitrari,
2568 1055 2763 1125 inquit,
2793 1068 2980 1111 carere
3014 1054 3148 1109 istos
3175 1049 3417 1115 libidine,

1832 1156 1921 1226 qui
1950 1171 2047 1225 pro
2076 1155 2142 1210 iis
2164 1154 2324 1209 rebus
2352 1149 2733 1221 digladiantur,
2761 1162 2892 1218 quas
2922 1156 3147 1218 possunt
3173 1146 3423 1199 amittere

1834 1247 2006 1312 inviti,
2038 1254 2130 1300 aut
2160 1245 2205 1299 si
2259 1260 2364 1298 non
2415 1250 2663 1314 possunt,
2709 1240 2835 1310 quid
2892 1255 3027 1310 opus
3071 1250 3152 1295 est
3203 1253 3298 1305 pro
3339 1236 3425 1289 his

1834 1354 2003 1411 usque
2044 1338 2113 1394 ad
2164 1336 2399 1392 hominis
2448 1349 2634 1390 necem
2683 1332 2965 1403 progredi?
2996 1350 3016 1384 ι
3045 1331 3227 1399 Neque
3281 1328 3427 1383 enim

1838 1441 2015 1488 actum
2047 1429 2327 1487 occidendi
2354 1428 2515 1495 ratio,
2551 1425 2645 1481 sed
2666 1424 2930 1495 cupiditas
2961 1423 3120 1492 regit,
3146 1435 3267 1476 cum
3290 1422 3427 1476 ratio

1839 1528 2006 1584 dictet
2035 1526 2199 1580 vitam
2234 1538 2340 1579 non
2371 1537 2492 1577 esse
2517 1535 2702 1575 verum
2741 1518 2941 1573 bonum
2976 1516 3276 1579 hominum,
3300 1515 3427 1584 quia

1838 1624 1981 1679 illam
2011 1631 2221 1694 possunt
2248 1621 2480 1674 amittere
2508 1617 2674 1673 inviti.
2738 1614 2889 1683 Quod
2920 1615 3062 1669 enim
3095 1611 3363 1683 inquiunt,
3396 1626 3426 1667 a

1841 1726 2029 1774 natura
2063 1717 2277 1771 insitam
2308 1729 2427 1769 esse
2474 1713 2556 1767 sui
2578 1711 3068 1778 conservationem,
3114 1723 3176 1762 ac
3221 1705 3425 1777 proprii

1843 1812 1968 1867 boni
1998 1810 2387 1877 defensionem,
2413 1807 2545 1861 nihil
2568 1807 2753 1876 juvat;
2777 1819 2898 1859 nam
2926 1803 3037 1858 vita
3057 1800 3298 1871 corporis
3322 1814 3429 1854 non

1769 1904 1816 1966 Β
1842 1914 1922 1960 est
1947 1902 2221 1974 proprium
2274 1902 2472 1956 bonum
2534 1898 2788 1965 hominis,
2829 1896 2923 1951 sed
2957 1894 3174 1951 hominis
3202 1908 3321 1964 pars
3351 1891 3427 1947 ui-

1848 1998 2066 2062 lissima,
2098 2010 2217 2065 cap.
2246 1992 2335 2049 16.
2360 1994 2504 2047 Bene
2526 1990 2741 2061 quidem
2774 1988 2901 2042 feras
2923 1985 3153 2040 naturali
3172 1984 3429 2039 instinctu

1849 2091 2010 2145 etiam
2042 2102 2164 2143 cum
2194 2084 2529 2157 aggressoris
2552 2081 2823 2138 occisione
2852 2079 3016 2133 vitam
3050 2086 3282 2139 tuentur,
3309 2075 3434 2145 quia

1849 2183 1964 2238 haec
1994 2182 2209 2237 unicum
2241 2193 2507 2233 summum
2539 2176 2736 2230 bonum
2765 2173 2873 2228 illis
2903 2180 3003 2236 est,
3038 2170 3197 2240 idque
3224 2167 3434 2237 cupidi-

1851 2284 1961 2332 tate
1984 2276 2069 2330 sui
2101 2271 2459 2329 conservandi
2493 2270 2711 2332 iaciunt,
2744 2281 2813 2322 ne
2846 2264 3094 2320 amittant
3114 2276 3255 2318 esse.
3286 2262 3352 2314 At
3390 2258 3439 2314 si

1852 2367 2037 2434 homo,
2062 2375 2123 2420 ut
2156 2378 2215 2419 se
2245 2362 2513 2421 defendat,
2561 2356 2903 2413 invadentem
2951 2352 3186 2424 perimit,
3225 2348 3438 2419 cupidi-

1854 2468 1961 2515 tate
1989 2466 2234 2514 movetur
2264 2470 2366 2525 qua
2397 2463 2451 2508 et
2482 2451 2676 2507 belluas
2724 2451 2777 2502 in
2808 2462 2903 2503 eos
2930 2455 3107 2500 motus
3146 2442 3439 2511 impellun-

1857 2563 1965 2620 tur,
2014 2550 2331 2607 existimans
2389 2555 2591 2601 tantum
2626 2545 2826 2599 bonum
2871 2541 3034 2594 vitam
3084 2537 3351 2606 corporis,
3383 2542 3443 2589 ut

1855 2660 1955 2715 pro
1984 2644 2073 2698 illa
2104 2655 2327 2698 necesse
2356 2645 2507 2709 putet
2538 2650 2696 2707 usque
2741 2634 2810 2687 ad
2850 2632 3073 2686 hominis
3119 2645 3287 2683 necem
3318 2642 3443 2707 pro-

1856 2736 2020 2808 gredi,
2053 2749 2172 2804 cap.
2199 2733 2254 2787 5.
2279 2731 2589 2786 Belluarum
2621 2727 2764 2782 enim
2797 2725 3072 2795 proprium
3095 2730 3180 2777 est
3206 2730 3445 2791 appetere

1856 2827 2142 2896 voluptates
2169 2824 2424 2894 corporis,
2470 2830 2517 2875 et
2555 2822 2713 2874 vitare
2741 2818 3020 2882 molestias,
3055 2828 3174 2883 cap.
3203 2813 3255 2867 8.
3308 2812 3447 2881 Ergo

1857 2929 1986 2975 tunc
2015 2928 2195 2972 movet
2250 2915 2499 2970 homines
2526 2913 2592 2967 ad
2634 2909 2983 2966 occidendum
3015 2905 3295 2975 cupiditas,
3342 2918 3446 2971 qua

1859 3012 2031 3068 bestiis
2057 3011 2291 3066 meliores
2318 3024 2424 3063 non
2449 3014 2597 3071 sunt,
2626 3019 2801 3073 neque
2846 3012 2975 3056 tunc
3010 2999 3145 3053 ratio
3171 2998 3449 3051 irrationa-

1860 3106 1936 3160 les
1964 3104 2125 3159 animi
2155 3111 2326 3157 motus
2346 3100 2500 3172 regit,
2535 3097 2752 3153 ibidem.
2801 3095 2944 3165 Ergo
2983 3094 3147 3148 homo
3169 3105 3277 3145 non
3304 3088 3451 3144 ordi-

1862 3208 1988 3255 nate
2009 3198 2139 3268 agit,
2174 3205 2230 3252 et
2254 3210 2351 3265 per
2377 3205 2713 3261 consequens
2755 3196 2944 3243 contra
2995 3186 3165 3256 legem
3196 3192 3450 3238 aeternam

165 3273 280 3363 tum
315 3308 466 3363 nullo
490 3273 649 3361 modo
666 3273 797 3359 'esse
823 3311 1016 3373 potest.
1041 3273 1353 3369 Respondet
1380 3296 1513 3351 tales
1538 3273 1754 3366 quidem
1785 3290 1833 3354 (Ξ
1862 3293 1991 3362 agit,
2032 3305 2154 3361 qua:
2194 3288 2308 3345 vult
2333 3286 2504 3341 omnia
2551 3298 2656 3339 esse
2684 3278 3103 3344 ordinatissime,
3144 3282 3202 3331 ut
3246 3273 3446 3328 ibidem

168 3417 282 3458 non
315 3401 487 3457 teneri
519 3414 641 3455 reos
666 3400 783 3468 lege
811 3396 1109 3466 principum
1135 3390 1437 3461 temporali,
1468 3388 1563 3445 sed
1585 3389 1759 3459 aliqua

167 3493 530 3550 vehementiori
577 3507 637 3544 ac
659 3488 998 3545 secretissima
1021 3487 1146 3559 lege.
1175 3483 1443 3550 Quomodo
1467 3483 1602 3537 enim
1622 3481 1762 3551 apud

169 3602 285 3642 eam
307 3596 424 3641 sunt
446 3586 531 3639 isti
564 3591 769 3652 peccato
795 3581 964 3646 liberi,
989 3580 1075 3648 qui
1100 3595 1194 3651 pro
1218 3579 1286 3633 iis
1311 3577 1461 3632 rebus
1490 3594 1617 3647 quas
1642 3592 1764 3630 con-

170 3679 330 3733 temni
358 3684 580 3749 oportet,
602 3675 829 3729 humana
851 3673 989 3728 caede
1010 3672 1194 3745 polluti
1224 3673 1386 3725 sunt?
1418 3671 1510 3727 llis
1536 3671 1605 3724 ita
1636 3684 1765 3725 con-

170 3771 407 3837 stitutis,
436 3779 546 3826 tota
574 3769 651 3824 rei
682 3767 969 3823 difﬁcultas
1013 3767 1065 3820 in
1113 3778 1178 3819 eo
1208 3771 1324 3819 erat
1352 3772 1410 3817 ut
1435 3760 1767 3833 Augustinus

174 3866 447 3921 rationem
471 3863 622 3917 daret
650 3875 743 3915 cur
767 3857 908 3929 apud
939 3857 1083 3926 leges
1112 3853 1295 3911 civiles
1325 3853 1531 3908 occisor
1550 3852 1768 3906 invaso-

174 3959 254 4013 ris
295 3972 402 4011 non
454 3961 597 4009 esset
638 3949 920 4007 homicidii
961 3961 1106 4013 reus,
1141 3945 1236 4001 sed
1266 3947 1401 4029 bene
1432 3942 1571 4014 apud
1600 3943 1769 4014 legem

176 4060 443 4106 aeternam
503 4056 556 4103 et
587 4042 995 4102 immutabilem.
1022 4040 1103 4097 Ad
1144 4040 1244 4093 hoc
1284 4054 1411 4093 vero
1438 4037 1770 4108 probandum

178 4151 407 4197 sanctus
428 4139 617 4195 doctor
641 4138 907 4207 reliquum
948 4132 1096 4188 illius
1138 4131 1259 4186 libri
1308 4129 1586 4200 impendit,
1620 4129 1772 4197 cujus

180 4248 397 4290 summa
424 4242 506 4289 est
543 4248 557 4285 :
590 4231 701 4286 Lex
732 4238 937 4285 aeterna
966 4224 1080 4279 vult
1104 4224 1277 4279 omnia
1305 4239 1409 4277 esse
1447 4222 1775 4276 ordinatissi-

180 4345 288 4398 ma,
315 4342 438 4397 cap.
468 4326 536 4393 6;
566 4324 709 4380 unde
737 4322 797 4379 ﬁt
822 4334 1161 4391 consequens
1203 4327 1261 4373 ut
1302 4318 1464 4373 homo
1492 4323 1547 4371 tn
1587 4333 1638 4372 se
1665 4318 1776 4386 ipso

182 4420 603 4476 ordinatissimus
647 4418 736 4483 sit,
782 4431 904 4485 cap.
939 4415 992 4469 7.
1021 4412 1156 4468 Cum
1197 4427 1326 4467 vero
1378 4410 1573 4465 habeat
1615 4411 1777 4465 homo

182 4515 369 4583 plures
410 4521 590 4568 motus
619 4526 739 4567 cum
774 4509 963 4566 belluis
1012 4521 1352 4570 communes,
1385 4520 1507 4560 nam
1537 4512 1777 4575 appetere

184 4606 479 4675 voluptates
530 4605 798 4675 corporis,
851 4611 898 4657 et
946 4602 1106 4655 vitare
1143 4599 1401 4653 molestias
1447 4598 1625 4668 ferinae
1666 4598 1779 4651 vita:

1864 3382 2221 3454 praemiserat.

1936 3506 2093 3561 Dices
2134 3503 2287 3559 :Non
2317 3503 2480 3574 igitur
2525 3501 2657 3557 citra
2700 3497 2884 3553 vitium
2942 3492 3238 3564 poterimus
3265 3502 3449 3546 amare

1865 3597 2030 3653 vitam
2060 3599 2323 3667 corporis.
2358 3592 2673 3665 Respondet
2705 3597 2924 3645 sanctus
2950 3586 3154 3649 doctor,
3208 3598 3328 3653 cap.
3358 3580 3451 3649 15,

1867 3709 1967 3749 nos
2009 3708 2173 3764 posse
2220 3706 2400 3745 amare
2447 3688 2609 3743 vitam
2664 3702 2726 3741 ac
2773 3684 2981 3753 reliqua
3022 3682 3160 3736 bona
3190 3677 3456 3748 corporis,

1872 3784 2072 3840 utendo
2090 3764 2231 3850 illis,
2265 3795 2371 3835 non
2394 3777 2649 3843 fruendo,
2676 3775 2819 3846 quod
2851 3770 3065 3843 egregie
3092 3770 3169 3825 sic
3189 3766 3455 3837 explicat:

1877 3896 1897 3930 ι
1925 3875 2055 3931 Cum
2080 3875 2239 3946 igitur
2265 3872 2467 3928 eisdem
2492 3870 2653 3925 rebus
2676 3868 2812 3921 alius
2835 3864 2995 3930 male,
3024 3863 3158 3917 alius
3186 3859 3321 3915 bene
3345 3867 3464 3912 uta-

1875 3979 1981 4034 tur,
2038 3978 2092 4022 et
2142 3966 2189 4021 is
2238 3964 2458 4035 quidem
2490 3962 2581 4032 qui
2628 3960 2767 4015 male
2805 3971 2989 4012 amore
3019 3954 3277 4010 inhaereat
3305 3960 3465 4020 atque

1875 4062 2199 4132 implicetur,
2230 4059 2440 4114 scilicet
2467 4054 2712 4111 subditus
2742 4052 2821 4107 eis
2861 4050 3021 4106 rebus
3044 4062 3175 4119 quas
3205 4044 3306 4100 sibi
3337 4042 3466 4099 sub-

1880 4156 2019 4211 ditas
2040 4168 2161 4210 esse
2187 4150 2492 4221 oportebat,
2518 4158 2572 4204 et
2592 4163 2654 4204 ea
2681 4147 2821 4202 bona
2844 4143 2949 4199 sibi
2977 4141 3328 4205 constituens,
3352 4136 3468 4206 qui-

1877 4248 1978 4303 bus
2006 4244 2323 4302 ordinandis
2364 4243 2613 4313 beneque
2650 4235 2940 4294 tractandis
2970 4235 3085 4304 ipse
3124 4247 3245 4289 esse
3286 4229 3471 4300 utique

1878 4339 2108 4394 deberet
2130 4337 2357 4393 bonum.
2388 4335 2481 4391 ille
2502 4344 2680 4389 autem
2704 4331 2794 4400 qui
2817 4336 2965 4385 recte
2991 4325 3075 4382 his
3101 4325 3267 4381 utitur
3287 4330 3474 4380 ostena

1880 4430 1973 4486 dat
2003 4429 2219 4501 quidem
2249 4429 2388 4483 bona
2441 4440 2585 4493 esse,
2610 4424 2705 4479 sed
2737 4436 2845 4477 non
2875 4419 3011 4484 sibi;
3043 4432 3150 4473 non
3177 4416 3320 4471 enim
3350 4427 3475 4470 eum

1882 4524 2085 4580 bonum
2128 4522 2478 4578 melioremve
2522 4518 2749 4583 faciunt,
2782 4514 2879 4571 sed
2923 4512 2992 4568 ab
3018 4526 3084 4568 eo
3115 4511 3291 4580 potius
3320 4509 3473 4564 ﬁunt.

1884 4617 1955 4674 Et
1984 4619 2105 4676 ideo
2148 4630 2258 4671 non
2303 4616 2383 4671 eis
2428 4627 2612 4668 amore
2660 4608 3081 4679 conglutinetur,
3112 4618 3285 4674 neque
3315 4601 3465 4658 velut

193 4701 360 4756 omnis
384 4700 528 4754 actio
549 4706 653 4763 est,
685 4712 804 4765 cap.
837 4696 890 4760 8,
925 4714 942 4745 ι
982 4695 1139 4748 Hisce
1173 4692 1406 4748 motibus
1433 4694 1626 4746 animae
1654 4705 1775 4745 cum
1803 4689 1860 4750 D
1896 4713 2135 4769 membra
2164 4712 2247 4767 sui
2298 4709 2465 4765 animi
2510 4707 2695 4772 faciat,
2727 4705 2868 4775 quod
2900 4703 2960 4757 ﬁt
2984 4700 3242 4768 amando,
3268 4713 3333 4753 ne
3355 4710 3479 4753 cum

188 4794 331 4847 ratio
354 4790 685 4854 dominatur,
730 4787 1012 4843 ordinatus
1040 4787 1206 4841 homo
1244 4784 1504 4841 dicendus
1528 4792 1631 4839 est.
1660 4782 1741 4837 No

191 4888 337 4943 enim
367 4886 505 4942 ordo
533 4893 738 4953 rectus,
769 4892 862 4938 aut
885 4882 1019 4937 ordo
1055 4880 1408 4951 appellandus
1431 4889 1515 4935 est
1542 4875 1782 4947 omnino}

102 5029 115 5040 .
192 4981 282 5035 ubi
299 4979 667 5036 deterioribus
689 4977 918 5032 meliora
940 4975 1319 5044 subjiciuntur.
1338 4973 1493 5027 Ratio
1514 4970 1616 5025 ista
1636 4983 1785 5039 ergo,

197 5077 285 5132 vel
310 5090 491 5142 mens,
526 5074 608 5129 vel
641 5072 863 5143 spiritus
887 5086 1011 5127 cum
1060 5068 1397 5125 irrationales
1422 5064 1585 5121 animi
1614 5075 1789 5120 mutus

195 5170 358 5241 regit,
386 5169 443 5223 id
475 5167 691 5223 scilicet
722 5164 1100 5241 dominaturin
1120 5161 1359 5228 homine,
1391 5159 1478 5214 cui
1499 5156 1793 5213 dominatio

144 5335 153 5348 ἤ
197 5263 313 5332 lege
358 5260 590 5317 debetur
619 5274 680 5315 ea
711 5272 869 5329 quam
928 5236 1187 5311 aeternam
1244 5266 1364 5309 esse
1411 5246 1788 5320 comperimus.

150 5344 153 5359 ⁵
198 5356 329 5410 Cum
364 5369 500 5426 ergo
532 5354 604 5409 ita
634 5352 797 5408 homo
827 5350 1154 5408 constitutus
1184 5357 1348 5418 atque
1375 5344 1650 5400 ordinatus
1684 5349 1790 5410 est,

200 5463 382 5505 nonne
433 5447 531 5503 tibi
581 5447 796 5517 sapiens
849 5443 1099 5501 videtur?
1136 5461 1156 5494 ι
1202 5455 1320 5510 cap.
1368 5440 1421 5495 8.
1460 5456 1479 5490 ι
1524 5437 1626 5492 Eos
1655 5434 1796 5489 enim

201 5546 480 5614 sapientes
501 5556 639 5598 voco
661 5555 796 5612 quos
821 5540 1022 5596 veritas
1037 5537 1219 5594 vocari
1244 5534 1416 5605 jubet,
1447 5531 1500 5586 id
1530 5539 1612 5585 est
1633 5542 1799 5599 regno

204 5639 404 5692 mentis
435 5630 1261 5701 omnislibidinis’subjugatione
1288 5623 1512 5697 peccati,
1549 5641 1568 5674 ι
1596 5636 1713 5692 cap.
1739 5620 1793 5675 9.

209 5749 225 5782 ι
258 5731 501 5786 Putasne
531 5727 637 5783 ista
658 5734 842 5783 mente
865 5723 953 5780 cui
982 5736 1206 5792 regnum
1239 5719 1291 5774 in
1324 5717 1573 5771 libidines
1597 5714 1799 5769 aeterna

208 5823 327 5892 lege
356 5834 681 5877 concessum
711 5830 832 5873 esse
860 5814 1264 5886 cognOscimus,
1296 5807 1655 5879 potentiorem
1678 5816 1799 5859 esse

209 5915 531 5974 libidinem?
564 5913 679 5983 Ego
726 5912 869 5969 enim
901 5910 1052 5967 nullo
1090 5916 1244 5980 pacto
1274 5913 1429 5977 puto;
1460 5915 1637 5971 neque
1657 5899 1801 5955 enim

1746 4798 1797 4907 τι
1890 4808 2127 4866 resecari
2152 4807 2440 4877 coeperint,
2473 4819 2594 4860 eum
2625 4801 2866 4858 cruciatu
2901 4813 2965 4854 ac
2988 4797 3111 4854 tabe
3140 4796 3361 4861 foedent,
3388 4794 3482 4850 sed

1892 4902 1971 4955 eis
2004 4906 2147 4954 totus
2172 4897 2564 4967 superlcratur,
2587 4903 2641 4949 et
2671 4893 2873 4948 habere
2914 4890 3005 4945 illa
3034 4903 3098 4945 ac
3124 4902 3334 4957 regere,
3360 4900 3484 4941 cum

1895 5012 2030 5069 opus
2060 5006 2144 5052 est
2169 5003 2387 5065 paratus
2415 5002 2467 5047 et
2490 4991 2766 5056 amittere,
2800 4997 2891 5042 aut
2943 5001 3050 5041 non
3099 4983 3302 5039 habere
3332 4993 3486 5052 para-

1896 5091 2021 5145 tior.
2060 5108 2078 5141 ι
2109 5087 2262 5144 Unde
2292 5086 2382 5155 qui
2404 5083 2600 5139 occidit
2626 5092 2998 5152 aggressorem
3023 5091 3132 5133 non
3154 5072 3487 5145 superfertur

1898 5193 2068 5249 totus,
2096 5196 2268 5254 neque
2298 5180 2432 5251 regit
2460 5180 2658 5235 bonum
2677 5177 2800 5232 vita:
2826 5173 3091 5244 corporis,
3108 5170 3202 5227 sed
3225 5170 3275 5227 ei
3304 5183 3490 5224 amore

1898 5278 2318 5349 conglutinetur,
2359 5290 2423 5331 ac
2467 5274 2765 5329 membrum
2814 5269 2895 5326 sui
2926 5268 3091 5325 animi
3118 5266 3271 5333 facit,
3299 5264 3492 5321 dolens

1900 5396 2021 5437 cum
2054 5380 2295 5437 cruciatu
2339 5390 2457 5431 eam
2504 5372 2610 5429 sibi
2638 5369 2901 5437 resecari,
2934 5383 3105 5440 neque
3154 5368 3389 5438 paratior
3410 5372 3494 5420 est

1904 5486 2047 5540 illam
2079 5498 2184 5539 non
2230 5481 2452 5549 habere,
2504 5476 2601 5533 sed
2630 5475 2758 5531 totis
2808 5472 3012 5529 viribus
3058 5469 3381 5527 colluctatur
3432 5474 3494 5523 ut

1905 5586 2126 5653 habeat,
2152 5590 2346 5655 putans
2365 5596 2485 5638 eam
2513 5593 2668 5635 suum
2699 5577 2901 5633 bonum
2930 5588 3074 5641 esse,
3105 5587 3203 5644 pro
3231 5585 3338 5642 quo
3362 5584 3495 5625 eon-

1904 5686 2168 5746 scrvando
2213 5682 2553 5756 digladiatur,
2609 5694 2730 5751 quae
2771 5688 2953 5734 tamen
2996 5674 3107 5732 vita
3155 5672 3224 5728 ad
3283 5673 3496 5727 beatam

1903 5790 2070 5843 vitam
2103 5786 2238 5841 nihil
2267 5785 2414 5852 iacit,
2439 5798 2563 5839 nam
2588 5784 2729 5838 beate
2762 5779 2924 5835 vivere
2965 5784 3039 5832 cst
3079 5776 3212 5831 veris
3253 5772 3499 5841 certisque

1906 5891 2052 5951 bonis
2080 5889 2321 5961 gaudere,
2354 5900 2477 5956 cap.
2510 5884 2606 5951 115;
2636 5883 2776 5940 inter
2818 5896 2941 5951 quae
2983 5878 3090 5933 vita
3120 5874 3364 5947 corporis
3390 5886 3498 5930 non
