3962 6346
542 372 646 434 789

1438 362 1998 429 SUPPLEMENTUM
2034 364 2130 422 AD
2167 363 2399 423 OPERA
2438 364 2496 420 S.
2536 360 2925 421 AUGUSTINI.
3720 361 3805 421 740

538 490 837 562 reponitur,
856 499 936 547 tot
958 488 1125 547 variis
1140 484 1369 545 subinde
1390 486 1769 545 aliectionihus
1790 484 2126 558 perturbata,
2154 483 2203 545 Α
2230 484 2429 541 Lihero
2476 483 2719 541 Arbitrio
2756 492 2809 540 et
2856 482 2971 553 ipse
3023 482 3401 555 philosophum
3438 495 3634 553 agens,
3666 495 3803 551 supra

538 600 672 655 quas
701 584 911 641 erudite
936 584 1181 652 congerit
1206 589 1422 640 sanctus
1451 579 1644 636 doctor
1670 593 1790 650 cap.
1825 579 1912 637 ll.

566 738 569 741 _
610 676 845 732 Tandem
876 675 1227 746 Augustinus,
1258 689 1382 742 cap.
1418 672 1505 739 l5,
1540 681 1660 741 post
1704 671 1914 742 longam
1948 669 2129 739 dispu-

539 770 791 827 tationem
820 768 1187 839 disparitatem
1216 768 1458 840 assignat
1484 781 1581 822 cur
1634 765 1722 822 lex
1762 764 1935 821 civilis
1982 764 2130 835 prin-

537 862 711 929 cipum
736 860 1010 931 permittat
1041 861 1216 917 occidi
1251 862 1555 916 invasorem
1603 856 1752 924 vitae,
1800 855 2021 913 honoris
2044 854 2128 911 vel

536 951 862 1019 divitiarum,
897 961 952 1008 et
1008 951 1061 1007 id
1094 952 1195 1008 alia
1227 968 1289 1008 ex
1322 958 1472 1021 parte
1504 949 1590 1004 lex
1618 959 1816 1005 aeterna
1851 956 2012 1004 vetet.
2064 946 2127 1002 Et

537 1044 681 1099 enim
728 1044 810 1099 lex
858 1043 1031 1100 civilis
1063 1043 1370 1115 reipublicae
1404 1042 1713 1116 temporalis
1754 1059 1775 1094 ι
1815 1038 1946 1094 nihil
1978 1036 2121 1093 aliud
2161 1065 2165 1068 ~

531 1136 686 1208 jubet
714 1138 817 1193 nisi
849 1147 907 1194 ut
938 1137 1053 1194 hazc
1080 1153 1201 1207 qua:
1218 1138 1284 1192 ad
1312 1147 1526 1209 tempus
1547 1144 1731 1193 nostra
1752 1134 1856 1191 dici
1879 1142 2125 1205 possunt,

537 1232 757 1301 quando
786 1231 865 1287 eis
916 1230 1167 1287 homines
1214 1230 1506 1301 cupiditate
1555 1229 1843 1294 inhaerent,
1893 1242 1958 1283 eo
2005 1226 2129 1299 jure

536 1324 872 1393 possideant,
902 1338 1011 1393 quo
1049 1339 1148 1394 pax
1202 1332 1259 1379 et
1301 1323 1530 1378 societas
1581 1321 1816 1377 humana
1860 1326 2124 1385 servetur,

534 1425 736 1488 quanta
768 1416 822 1473 in
850 1416 939 1479 bis
970 1414 1132 1471 rebus
1152 1414 1359 1473 servari
1385 1422 1586 1485 potest.
1623 1432 1642 1464 ι
1681 1411 1912 1471 Postea:
1942 1429 1960 1465 ι
1990 1410 2128 1480 Ergo

536 1522 590 1571 et
640 1511 710 1568 ad
741 1512 796 1568 id
825 1510 969 1582 quod
997 1512 1112 1566 vult
1154 1519 1370 1581 torquet
1393 1524 1458 1564 ac
1500 1517 1777 1580 retorquet
1804 1506 2126 1569 miserorum

537 1606 983 1675 animos,quibus
1006 1603 1255 1675 regendis
1271 1601 1673 1659 accommodata
1698 1610 1799 1658 est.
1826 1599 1958 1655 Dum
1982 1597 2125 1665 enim

536 1696 654 1755 hinc
683 1698 931 1754 amittere
962 1695 1171 1761 timent,
1198 1702 1386 1753 tenent
1413 1694 1467 1750 in
1492 1693 1578 1753 his
1602 1691 1820 1749 utendis
1839 1691 2124 1764 quemdam

531 1790 754 1851 modum
783 1798 968 1860 aptum
1016 1786 1234 1843 vinculo
1286 1785 1538 1855 civitatis,
1570 1783 1746 1855 qualis
1780 1799 1843 1840 ex
1876 1782 2125 1852 hujusce-

531 1882 677 1939 modi
706 1881 1015 1939 hominibus
1039 1880 1294 1937 constitui
1324 1889 1523 1951 potest,
1552 1894 1658 1935 non
1687 1885 1869 1934 autem
1911 1874 2124 1932 ulcisci-
2153 1870 2200 1932 Β

529 1986 614 2035 tur
644 1982 925 2047 peccatum
955 1990 1076 2033 cum
1102 1985 1351 2031 amantur
1389 1974 1512 2039 ista,
1540 1974 1633 2029 sed
1682 1989 1806 2029 cum
1852 1971 1974 2027 aliis
2022 1986 2118 2042 per

527 2069 924 2139 improbitatem
953 2068 1289 2125 auferuntur.
1327 2085 1348 2123 ι
1398 2065 1470 2122 At
1496 2078 1555 2129 ut
1582 2080 1979 2138 consequamur
2002 2062 2127 2119 ulti-

533 2177 681 2219 mum
706 2161 892 2229 tinem,
916 2160 1001 2217 lex
1021 2168 1222 2217 eterna
1245 2166 1394 2217 vetat
1418 2159 1588 2214 amari
1613 2158 1702 2213 illa
1729 2173 1847 2229 qua:
1867 2172 1976 2214 non
2001 2164 2125 2212 sunt

527 2261 706 2319 media
732 2261 799 2316 ad
830 2260 977 2317 illum
1005 2257 1385 2322 obtinendum,
1419 2267 1477 2313 ut
1502 2272 1622 2327 quae
1664 2257 1914 2313 homines
1951 2275 1969 2309 ι
2004 2269 2126 2325 pos-

527 2362 654 2411 sunt
680 2363 738 2410 et
765 2353 1011 2409 volentes
1041 2367 1147 2408 non
1198 2350 1445 2418 adipisci,
1477 2358 1533 2407 et
1580 2349 1826 2407 amittere
1875 2347 2055 2417 inviti,
2092 2367 2113 2404 ι

526 2459 649 2516 cap.
678 2445 764 2501 l5.
801 2463 823 2497 ε
877 2444 1042 2502 Jubet
1070 2443 1231 2514 igitur
1254 2452 1456 2501 aeterna
1493 2442 1578 2500 lex
1605 2450 1854 2499 avertere
1879 2456 2123 2498 amorem

526 2553 557 2594 a
608 2540 1019 2610 temporalibus,
1071 2549 1128 2595 et
1173 2556 1297 2596 eum
1340 2539 1654 2597 mundatum
1708 2548 2027 2596 convertere
2055 2538 2123 2594 ad

525 2642 747 2699 alterna,
779 2652 799 2686 ι
835 2632 1055 2689 ibidem.
1105 2633 1150 2687 Ο
1179 2632 1396 2703 dignam
1450 2631 1748 2701 Augustino
1778 2632 2118 2688 doctrinam!

526 2724 640 2780 Lex
673 2724 848 2781 civilis
878 2724 1183 2796 principum
1217 2740 1324 2781 non
1369 2724 1646 2780 ulciscitur
1688 2733 1971 2794 peccatum
1999 2738 2121 2780 cum

523 2828 737 2875 amatur
759 2817 868 2873 vita
897 2816 1168 2888 corporis,
1224 2817 1318 2874 sed
1360 2832 1483 2874 cum
1521 2817 1644 2875 aliis
1674 2832 1770 2888 per
1800 2816 2121 2887 improbita-

444 2974 449 2979 γ
524 2918 636 2967 tem
670 2910 927 2977 aufertur,
959 2920 1013 2966 et
1043 2925 1230 2979 parum
1258 2920 1412 2967 curat
1440 2911 1509 2967 de
1557 2910 1649 2967 illa
1702 2912 1863 2967 noxia
1914 2910 2122 2982 cupidi-

522 3011 658 3071 tate,
690 3018 812 3059 cum
842 3002 915 3058 de
940 3002 1171 3060 internis
1219 3003 1354 3061 nihil
1395 3011 1613 3059 statuat.
1669 3006 1738 3059 At
1786 3003 1872 3061 le’x
1917 3012 2122 3061 aeterna

522 3097 664 3153 hanc
690 3094 1039 3166 cupiditatem
1086 3096 1328 3165 damnat,
1379 3111 1502 3152 cum
1532 3095 1586 3152 in
1616 3096 1835 3153 homine
1862 3095 2121 3157 domina-

524 3201 633 3259 tur,
663 3204 728 3245 ac
768 3191 1035 3247 rationem
1077 3189 1236 3259 regit,
1270 3190 1402 3246 dum
1431 3189 1555 3259 quis
1593 3189 1888 3247 arbitratur
1915 3198 2118 3245 tantum

2232 578 2415 633 omnia
2473 592 2732 649 corporea
2782 576 3017 632 animum
3050 576 3281 632 hominis
3322 576 3385 631 ad
3413 575 3533 632 veri
3563 574 3651 630 sui
3702 574 3804 630 boni

2230 670 2588 742 cognitionem
2612 669 2810 739 evexit,
2833 684 3094 740 suumque
3111 669 3304 725 rationi
3336 667 3631 740 imperium
3650 682 3805 737 prima

2229 761 2537 831 cupiditatis
2594 762 2827 817 motibus
2876 761 3111 817 subactis
3160 762 3408 818 asseruit.
3462 761 3616 817 Sane
3646 759 3808 816 dicat

2230 853 2381 911 nihili
2433 854 2679 910 habenda
2710 869 2830 909 esse
2860 854 3251 926 qualiacunque
3302 856 3415 909 hrcc
3446 853 3590 908 bona
3625 862 3806 921 tenam-

2230 950 2390 1019 ralia,
2424 966 2542 1023 quae
2573 950 2759 1007 miseri
2785 950 3039 1005 mortales
3070 950 3136 1005 ad
3166 948 3427 1005 insaniam
3475 960 3659 1018 usque
3684 945 3803 1001 mille

2230 1045 2370 1101 votis
2391 1053 2674 1116 expetunt,
2706 1059 2879 1115 neque
2910 1044 3052 1100 enim
3082 1043 3174 1099 illa
3200 1042 3267 1097 ad
3290 1042 3482 1098 summi
3518 1040 3652 1095 boni
3685 1054 3805 1094 asse-

2230 1139 2501 1195 cutionem
2525 1137 2666 1193 viam
2696 1136 2964 1204 muniunt,
2999 1136 3091 1192 sed
3130 1135 3446 1207 impediunt.
3481 1133 3623 1203 Quae
3643 1131 3688 1186 si
3708 1148 3808 1187 vera

2229 1242 2377 1303 sunt,
2411 1231 2735 1303 culpandam
2787 1231 2922 1286 dixit
2971 1230 3113 1285 illius
3160 1227 3535 1299 cupiditatem,
3588 1224 3686 1297 qui
3732 1241 3807 1295 pro

2230 1324 2377 1381 bulla
2428 1324 2527 1398 (ita
2569 1325 2711 1380 enim
2737 1323 3008 1394 sapientes
3051 1320 3281 1377 hominis
3312 1320 3472 1376 vitam
3506 1333 3806 1389 corpoream

2229 1418 2436 1487 dixere)
2462 1416 2795 1473 defendenda
2818 1430 3131 1471 mucronem
3154 1412 3388 1485 stringit,
3404 1422 3575 1486 atque
3596 1412 3807 1466 humana

2229 1511 2375 1568 caede
2406 1510 2683 1584 polluitur.
2734 1510 3067 1581 Augustinus
3115 1507 3510 1576 Anconitanus,
3554 1503 3654 1578 qui
3697 1505 3808 1560 hanc

2230 1607 2401 1663 sancti
2434 1604 2674 1660 doctoris
2699 1602 3022 1659 sententiam
3046 1616 3114 1657 ex
3152 1601 3400 1673 professo
3429 1598 3702 1660 defendit,
3723 1598 3809 1652 alio

2231 1718 2295 1759 ac
2315 1702 2477 1774 plane
2507 1701 2724 1758 diverso
2754 1706 3074 1770 argumento
3105 1695 3249 1751 illam
3279 1692 3651 1761 conﬁrmavit,
3678 1708 3808 1747 nem-

2231 1809 2297 1865 pe
2320 1795 2444 1864 quia
2480 1811 2493 1846 :
2523 1792 2774 1848 Animam
2801 1789 3032 1861 proximi
3062 1788 3181 1861 plus
3208 1799 3393 1847 teneor
3419 1787 3654 1860 diligere
3672 1801 3811 1858 quam

2228 1902 2425 1958 corpus
2456 1884 2755 1959 proprium,
2786 1883 2930 1957 quod
2960 1898 3048 1939 me
3100 1883 3267 1938 invito
3315 1896 3540 1953 possum
3576 1880 3807 1954 perdere.

2227 1978 2449 2037 Planum
2480 1986 2562 2034 est
2591 1984 2767 2034 autem
2796 1976 2937 2050 quod
2970 1975 3147 2032 anima
3177 1975 3410 2046 proximi
3440 1973 3719 2045 perditur,
3752 1988 3811 2029 ex

2227 2087 2332 2145 quo
2376 2071 2515 2127 idem
2547 2072 2602 2127 in
2648 2079 2771 2127 actu
2798 2071 3011 2143 injusta:
3058 2069 3355 2129 invasionis
3382 2083 3479 2141 per
3514 2083 3610 2125 me
3636 2066 3814 2125 occidi

2229 2176 2344 2231 tur;
2376 2165 2462 2221 cui
2484 2172 2801 2234 argumento
2829 2162 2977 2220 cedit
2996 2162 3286 2219 cardinalis
3315 2161 3486 2232 Lugo,
3544 2160 3735 2217 tomol
3762 2161 3813 2215 de

2225 2259 2366 2319 Just.
2396 2266 2448 2315 et
2475 2258 2618 2329 jure,
2647 2257 2783 2329 disp.
2812 2256 2899 2324 10,
2932 2265 3063 2311 sect.
3091 2255 3145 2325 6,
3168 2271 3319 2311 num.
3366 2256 3495 2327 145,
3530 2254 3585 2311 si
3612 2254 3814 2311 restrin-

2223 2362 2379 2427 gatur
2401 2352 2469 2409 ad
2492 2352 2769 2409 hominem
2801 2351 3008 2409 ebrium
3054 2350 3422 2417 invadentem,
3468 2357 3532 2406 et
3561 2366 3626 2406 se
3651 2349 3815 2405 delen-

2227 2447 2359 2503 dens
2383 2454 2531 2516 putet
2560 2444 2916 2517 probabiliter
2943 2458 3005 2499 se
3031 2458 3153 2499 esse
3198 2444 3253 2501 in
3309 2442 3503 2514 gratia,
3545 2441 3619 2498 de
3645 2457 3740 2513 qua
3769 2457 3814 2496 re

2226 2539 2469 2612 pluribus
2498 2538 2608 2609 agit
2633 2538 2907 2593 Tostatus.
2938 2536 3048 2593 Sed
3098 2544 3342 2592 nostrum
3368 2543 3455 2592 est
3480 2535 3815 2605 Augustiuia-

2226 2648 2349 2690 nam
2380 2640 2588 2687 tantum
2617 2629 2944 2687 sententiam
2967 2628 3267 2703 explicare,
3282 2643 3407 2700 qua:
3436 2616 3813 2700 philosophica

2223 2726 2426 2783 rationi
2457 2726 2727 2781 innititur.

2299 2818 2585 2885 Cmterum,
2617 2816 2744 2873 licet
2768 2815 3121 2887 Augustinus,
3146 2813 3305 2885 juxta
3333 2812 3646 2871 subtilioris
3664 2813 3815 2886 philo-

2222 2908 2431 2982 sophiae
2469 2908 2769 2979 principia,
2820 2908 3097 2980 negaverit
3140 2905 3340 2963 licitam
3380 2920 3509 2963 esse
3567 2905 3817 2963 invaseris

2225 3003 2573 3069 occisionem,
2601 3001 2840 3073 nunquid
2888 3010 3075 3057 contra
3124 3000 3292 3071 legem
3342 2999 3504 3055 etiam
3542 2999 3643 3056 Dei
3691 2998 3817 3058 illam

2223 3112 2343 3156 esse
2369 3096 2730 3154 existimavit?
2754 3104 2811 3151 ut
2836 3095 2995 3166 plane
3017 3094 3179 3151 homo
3202 3110 3233 3151 a
3252 3103 3569 3167 grassatore
3590 3094 3818 3161 invasus,

2224 3206 2346 3248 cum
2378 3193 2526 3248 nulla
2558 3190 2627 3247 sit
2651 3189 2756 3247 alia
2783 3190 2867 3245 via
2896 3205 2998 3261 qua
3028 3191 3240 3260 evadat,
3268 3190 3317 3247 si
3348 3192 3660 3249 iiivasorem
3687 3190 3817 3247 occi-

526 3286 728 3342 bonum
752 3300 874 3341 esse
901 3286 1006 3341 sibi
1032 3287 1196 3342 vitam
1224 3284 1491 3356 corporis,
1544 3294 1603 3341 ut
1631 3300 1801 3355 usque
1827 3287 1895 3341 ad
1926 3300 2114 3343 necem
2146 3260 2191 3324 Ο
2221 3286 2332 3354 dat,
2366 3284 2640 3343 homicidii
2666 3299 2792 3341 reus
2819 3260 3122 3341 censendus
3148 3284 3238 3350 sit,
3270 3283 3411 3356 quod
3452 3292 3647 3340 contra
3677 3298 3815 3339 com-

529 3377 769 3433 hominis
791 3393 888 3447 pro
916 3379 1005 3434 illa
1022 3378 1362 3436 defendenda
1385 3378 1780 3449 progrediatur,
1799 3395 1923 3435 cum
1940 3388 2117 3437 tamen
2219 3396 2439 3438 munem
2470 3379 2839 3451 theologorum
2870 3378 3193 3436 sententiam
3223 3392 3345 3435 esse
3372 3380 3447 3434 ita
3476 3388 3694 3435 certum
3726 3388 3816 3445 est,

530 3471 681 3529 illius
710 3472 910 3528 bonum
942 3487 1130 3529 verum
1159 3472 1383 3528 minime
1434 3472 1523 3541 sit,
1583 3487 1756 3541 neque
1803 3474 1945 3529 enim
1995 3472 2121 3528 facit
2225 3485 2282 3529 ut
2311 3474 2495 3539 Salon,
2522 3472 2614 3529 cit.
2644 3471 2885 3529 conclus.
2919 3472 2974 3537 2,
3009 3470 3184 3527 dicat:
3225 3490 3243 3523 t
3298 3470 3560 3541 Opposita
3607 3480 3817 3527 senten-

526 3564 677 3623 illum
700 3566 1007 3637 meliorem,
1035 3564 1178 3637 quod
1215 3562 1491 3637 pr0prium
1546 3565 1719 3622 solum
1744 3576 1827 3621 est
1857 3566 2117 3623 bonorum

526 3660 714 3729 animi,
749 3674 869 3730 quae
896 3659 1081 3716 nullus
1110 3668 1294 3731 potest
1322 3660 1573 3716 amittere
1595 3659 1815 3727 invitus,
1846 3668 1899 3716 ct
1918 3660 1963 3714 si
1984 3660 2116 3727 vult,

526 3751 707 3809 habet.
740 3751 817 3809 De
853 3767 956 3824 qua
986 3767 1045 3809 re
1069 3752 1177 3808 late
1222 3750 1333 3823 agit
1362 3767 1393 3807 a
1422 3766 1542 3824 cap.
1578 3749 1665 3807 12.
1699 3752 1830 3821 Quis
1856 3767 1983 3808 vero
2011 3768 2119 3808 non

528 3845 709 3903 videat
737 3860 842 3917 quo
884 3844 1010 3917 jure
1047 3844 1380 3916 Augustinus
1420 3846 1607 3901 datum
1654 3847 1793 3902 inter
1837 3856 2122 3917 utramque

524 3938 700 4010 legem
727 3939 1016 3997 discrimen
1046 3941 1372 4009 nuncuparit
1410 3939 1649 3994 sublimia
1694 3939 1928 4011 quwdam
1950 3949 2123 4009 peten-

529 4041 631 4089 tem
648 4033 1067 4089 distinctionem?
1094 4047 1209 4103 cap.
1243 4032 1298 4099 5,
1330 4032 1381 4087 in
1411 4031 1535 4089 line.

600 4125 717 4183 Hoc
768 4125 984 4197 quidem
1013 4134 1332 4199 argumento
1363 4133 1539 4180 motus
1569 4124 1621 4180 in
1650 4140 1768 4179 eam
1801 4125 2121 4180 sententiam

527 4218 624 4274 ivit
662 4227 883 4277 sanctus
931 4218 1115 4286 Pater,
1160 4217 1216 4272 in
1243 4230 1348 4288 qua
1376 4215 1635 4271 tradenda
1670 4224 1723 4271 et
1752 4216 2121 4271 continuanda

528 4322 632 4367 nec
654 4324 819 4365 unum
842 4324 874 4367 e
895 4310 1064 4365 sacris
1095 4308 1293 4364 litteris
1338 4305 1704 4363 testimonium
1734 4305 2000 4377 adhibuit,
2026 4305 2123 4363 scd

526 4401 675 4474 quod
697 4417 817 4459 cum
839 4401 1149 4461 Manichesis
1181 4415 1271 4459 res
1299 4410 1441 4472 erat,
1461 4401 1659 4456 rationi
1685 4409 1888 4455 tantum
1911 4400 2124 4456 innixus

525 4494 936 4567 philosophatus
985 4503 1087 4551 est.
1137 4493 1268 4562 Quae
1317 4501 1496 4549 tamen
1544 4508 1678 4550 nova
1718 4493 1917 4549 nemini
1949 4493 2119 4550 videri

528 4588 747 4655 debent,
774 4603 840 4644 eo
868 4587 1014 4647 enim
1044 4588 1097 4643 in
1121 4596 1439 4658 argumento
1493 4586 1664 4644 Stoici
1690 4602 1753 4646 ac
1781 4596 1990 4645 veteres
2012 4590 2122 4658 ple-

2224 3565 2295 3621 tia
2318 3576 2401 3622 est
2428 3566 2609 3621 forsan
2640 3565 2945 3629 temeraria,
2978 3573 3055 3619 tot
3076 3564 3312 3620 textihus
3332 3572 3387 3620 et
3414 3563 3694 3621 communi
3718 3578 3820 3620 om-

2222 3659 2369 3714 nium
2395 3659 2505 3715 tere
2536 3658 2821 3713 doctorum
2877 3655 3088 3727 placitis
3136 3670 3461 3727 repugnans.
3505 3675 3526 3709 ι
3567 3655 3681 3726 Ego
3711 3654 3819 3725 qui-

2223 3750 2345 3806 dem
2366 3750 2549 3821 judico
2586 3760 2828 3806 sanctum
2878 3747 3233 3819 Augustinum
3283 3764 3351 3803 ex
3394 3747 3568 3805 sacris
3610 3747 3820 3814 litteris,

2224 3857 2357 3913 quas
2384 3857 2504 3898 cum
2534 3842 2798 3897 scriberet
2825 3840 3018 3897 librum
3050 3841 3285 3909 primum
3313 3838 3383 3894 de
3410 3839 3613 3895 Libero
3664 3839 3819 3894 Arhi-

2226 3932 2347 4000 trio,
2384 3947 2571 4001 parum
2600 3947 2660 3987 se
2704 3931 2955 3987 calluisse
2986 3939 3246 3997 testatur,
3289 3938 3479 4001 postea
3520 3932 3821 4008 oppositam

2224 4024 2543 4081 sententiam
2557 4020 2863 4079 tradidisse.
2888 4022 3221 4094 Hanclegem
3238 4021 3483 4078 Hebraeis
3502 4023 3645 4080 Deus
3682 4021 3821 4077 Exo-

2225 4116 2275 4170 di
2304 4131 2414 4170 λιιι
2442 4114 2626 4170 dedit:
2660 4115 2720 4169 Si
2749 4113 3028 4189 effringens
3053 4115 3138 4185 fur
3168 4115 3380 4168 domum
3402 4115 3508 4169 sive
3540 4113 3821 4183 sufodietu

2226 4210 2380 4281 fuerit
2402 4210 2652 4275 inventus,
2684 4218 2731 4263 et
2756 4216 2965 4279 accepto
2991 4209 3196 4265 vulnere
3219 4217 3455 4263 mortuus
3490 4209 3667 4279 fuerit,
3713 4225 3817 4281 per-

2226 4316 2401 4355 cussor
2430 4316 2533 4355 non
2555 4301 2652 4355 erit
2681 4315 2799 4353 rens
2829 4300 3141 4371 sanguinis;
3170 4300 3309 4372 quod
3352 4300 3400 4354 si
3432 4308 3548 4356 orto
3588 4302 3695 4355 sole
3733 4302 3819 4355 hoc

2226 4391 2421 4462 fecerit,
2444 4390 2779 4446 homicidium
2818 4392 3145 4463 perpetravit,
3198 4398 3247 4445 et
3290 4392 3400 4459 ipse
3432 4394 3699 4448 morietur.
3746 4393 3817 4448 Ex

2227 4484 2419 4555 quibus
2447 4494 2629 4554 aperte
2665 4483 2947 4540 deducitur
2984 4498 3092 4539 non
3123 4498 3244 4540 esse
3282 4492 3470 4539 contra
3519 4486 3687 4555 legem
3730 4483 3817 4539 Dei

2228 4578 2472 4633 occidere
2495 4578 2824 4644 invasorem,
2840 4592 2961 4631 cum
2984 4576 3085 4632 hoc
3108 4576 3250 4631 Deus
3277 4577 3392 4646 ipse
3409 4578 3732 4647 permiserit,
3759 4590 3818 4629 ac

526 4684 681 4753 rique
708 4680 803 4737 alii
831 4679 1137 4753 philosophi
1165 4694 1377 4736 summa
1402 4694 1524 4735 cum
1556 4680 1712 4737 laudo
1736 4683 1932 4738 vei-sm
1956 4683 2114 4736 sum}
2147 4659 2203 4722 D
2226 4669 2497 4726 hominem
2529 4670 2867 4726 occidentem
2898 4670 3174 4741 negaverit
3201 4685 3356 4726 reum
3379 4683 3506 4726 esse
3532 4669 3815 4727 homicidii.

528 4774 796 4846 siquidem
837 4789 943 4843 quo
968 4774 1184 4829 celebre
1202 4773 1334 4828 illud
1358 4773 1586 4843 apathiae
1607 4774 1798 4845 dogma
1830 4774 2119 4843 persuade-

524 4878 664 4936 rent,
696 4882 759 4924 ac
788 4882 950 4924 omne
987 4869 1186 4924 bonum
1231 4868 1463 4925 hominis
1491 4870 1544 4923 in
1574 4868 1770 4925 mentis
1797 4884 1923 4926 arce
1954 4870 2119 4925 collo-

521 4975 732 5031 carent,
765 4963 901 5021 nihil
931 4972 1083 5020 extra
1109 4964 1360 5019 virtutem
1391 4963 1445 5018 in
1476 4963 1636 5019 bonis
1669 4963 1971 5019 habendum
1997 4979 2117 5021 esse

523 5058 766 5130 pluribus
789 5056 1122 5131 argumentis
1148 5055 1564 5112 contendebant.
1618 5057 1728 5112 Hoc
1756 5056 1961 5113 Seneca
1985 5072 2113 5127 pro-

519 5151 666 5206 bavit
715 5150 992 5207 luculento
1047 5164 1235 5219 opere,
1292 5150 1436 5219 quod
1488 5150 1592 5205 hoc
1640 5152 1795 5206 titulo
1827 5152 2114 5206 exaravit:

524 5245 674 5309 Quod
702 5245 756 5297 in
776 5244 1058 5317 sapientem
1074 5242 1239 5297 virum
1270 5258 1371 5298 non
1397 5243 1535 5309 cadit
1582 5243 1800 5312 injuria.
1825 5243 1937 5300 Hoc
1966 5244 2120 5300 Philo

525 5334 757 5390 intendit
810 5349 910 5390 suo
956 5334 1051 5389 illo
1102 5334 1363 5407 opusculo
1411 5334 1719 5404 inscripto:
1754 5334 1904 5400 Quod
1957 5338 2119 5391 omnis

519 5426 708 5498 probus
731 5426 875 5482 liber.
901 5425 1047 5481 ldem
1078 5426 1311 5484 astruxit
1341 5426 1653 5483 Lactantius
1686 5427 1740 5483 in
1772 5428 1928 5483 tertio
1961 5428 2118 5485 lnsti-

522 5519 807 5587 tutionum,
838 5518 933 5574 sed
954 5519 1167 5574 caeteris
1198 5517 1445 5574 Patribus
1485 5517 1731 5574 subtilius
1764 5526 1924 5588 atque
1952 5533 2115 5575 orna-

520 5610 626 5668 tius
651 5610 887 5667 Joannes
921 5609 1343 5682 Chrysostomus
1365 5613 1419 5666 in
1446 5612 1688 5667 oratione
1713 5613 1797 5667 cui
1830 5612 1971 5668 hunc
1989 5611 2116 5669 titu-

519 5708 628 5763 lum
670 5705 820 5763 dedit
852 5723 866 5758 :
899 5703 1067 5760 Nemo
1107 5705 1315 5760 laeditur
1345 5706 1449 5760 nisi
1486 5723 1519 5760 a
1539 5722 1595 5762 se
1620 5706 1758 5774 ipso.
1785 5706 1956 5775 Quam
1985 5720 2112 5763 sen-

519 5800 744 5857 tentiam
795 5797 884 5853 alii
931 5794 1138 5852 diliusis
1182 5797 1590 5854 commentariis
1645 5806 1833 5868 postea
1878 5785 2113 5855 illustra-

520 5900 666 5951 runt.
702 5891 883 5961 Itaque
911 5896 1098 5946 noster
1130 5888 1463 5961 Augustinus
1492 5889 1549 5970 in
1576 5903 1645 5948 eo
1674 5890 1849 5960 primo
1876 5891 2015 5950 libro
2041 5890 2113 5949 de

2222 4764 2295 4817 At
2324 4772 2542 4819 sanctus
2563 4762 2771 4828 doctor,
2799 4774 2926 4818 tatu.
2949 4761 3037 4829 ιγ,
3056 4778 3110 4833 q.
3130 4760 3200 4818 84
3224 4764 3278 4817 in
3306 4764 3578 4827 Exortum,
3603 4766 3813 4833 dispari-

2194 4854 2195 4857 “
2224 4864 2388 4911 tatem
2413 4856 2649 4926 assignat
2673 4870 2768 4910 cur
2795 4865 3090 4910 nocturnus
3112 4853 3199 4909 fur
3224 4856 3355 4911 citra
3382 4856 3724 4912 homicidium
3750 4856 3799 4910 in

2224 4946 2393 5003 terlici
2408 4947 2595 5016 possit,
2620 4963 2726 5003 non
2752 4962 2881 5003 vero
2893 4947 3135 5010 diurnus,
3151 4948 3223 5002 ita
3234 4947 3515 5020 inquiens(
3529 4948 3813 5018 Vid.Epist.

2228 5039 2296 5095 ad
2318 5038 2623 5109 Macedon.)
2650 5054 2661 5091 :
2702 5058 2719 5091 ι
2750 5036 3065 5109 lntelligitur
3093 5054 3220 5110 ergo
3260 5050 3386 5097 tunc
3418 5056 3527 5096 non
3560 5042 3814 5111 pertinere

2227 5135 2294 5191 ad
2342 5133 2689 5191 homicidium
2736 5134 2781 5189 si
2816 5133 2901 5188 fur
2929 5142 3226 5189 nocturnus
3256 5134 3541 5199 occiditur,
3576 5136 3619 5190 si
3648 5144 3812 5189 autem

2225 5230 2471 5297 diurnus,
2505 5229 2796 5298 pertinere,
2830 5235 2937 5284 etc.
2960 5226 3179 5282 Poterat
3196 5227 3394 5298 quippe
3424 5229 3656 5286 discerni
3677 5229 3812 5297 quod

2225 5322 2292 5379 ad
2322 5321 2627 5389 furandum,
2660 5335 2764 5377 non
2810 5320 2875 5377 ad
2904 5319 3255 5377 occidendum
3301 5322 3567 5392 venisset,
3604 5332 3655 5379 et
3693 5322 3813 5375 ideo

2224 5431 2333 5473 non
2359 5413 2583 5470 deberet
2604 5412 2797 5468 occidi.
2832 5412 2946 5468 Hoc
2974 5421 3027 5469 et
3057 5413 3111 5468 in
3140 5412 3346 5481 legibus
3374 5414 3608 5486 antiquis
3647 5429 3811 5468 5.13m:-

2225 5510 2431 5565 laribus
2461 5504 2540 5577 (if.
2568 5506 2634 5561 ad
2665 5506 2770 5574 leg.
2797 5504 2999 5576 Aquil.,
3030 5504 3134 5575 leg.
3169 5501 3253 5575 4),
3283 5504 3477 5576 quibus
3512 5514 3679 5560 tamen
3711 5505 3812 5556 ista

2221 5598 2329 5659 est‘
2346 5599 2637 5670 antiquior,
2686 5597 2984 5663 invenitur,
3036 5610 3233 5667 nempe
3278 5596 3453 5653 occidi
3502 5604 3811 5653 nocturnum

2219 5698 2391 5754 iurem
2422 5694 2817 5767 quoquomodo,
2855 5692 3103 5748 diurnum
3129 5701 3311 5748 autem
3333 5732 3348 5758 ,
3398 5691 3443 5746 si
3473 5706 3533 5748 se
3561 5706 3669 5746 cum
3695 5689 3812 5743 telo

2222 5789 2543 5856 defenderit,
2571 5788 2683 5859 jam
2712 5787 2854 5843 enim
2907 5785 3026 5858 plus
3055 5795 3138 5842 est
3165 5800 3324 5857 quam
3368 5785 3471 5842 tur.
3506 5804 3523 5837 ι
3560 5785 3706 5855 Igitur
3757 5783 3805 5836 si

2220 5890 2278 5947 in
2298 5884 2461 5944 dubio
2491 5898 2560 5940 an
2586 5882 2673 5941 fur
2699 5896 2787 5940 me
2818 5880 2944 5939 velit
2970 5880 3239 5950 occidere,
3291 5893 3510 5951 possum
3544 5877 3683 5948 juxta
3728 5876 3811 5957 les
