3962 6346
155 376 256 432 7H

1337 376 1660 435 VlNBlCle
1702 371 2258 434 AUGUSTINIANE.

3330 381 3436 439 742

147 513 273 566 gem
297 495 532 552 divinam
560 513 629 554 ex
663 497 962 570 Augustino
990 499 1124 557 citra
1152 509 1429 572 peccatum
1475 496 1750 554 homicidii
1776 501 1830 561 Α
1855 496 2112 564 Thomas,
2141 495 2258 564 2-2,
2283 508 2337 566 q.
2371 493 2497 562 123,
2525 503 2631 552 art.
2659 495 2717 565 6,
2746 498 2891 556 unde
2931 498 3007 556 ait
3025 509 3241 560 sanctus
3276 499 3436 559 Pater

145 587 300 644 illum
331 591 597 657 occidere,
632 593 825 663 potiori
847 593 971 664 jure
999 592 1423 654 eumdem'licite
1451 602 1636 663 potero
1664 590 1748 647 iu-

150 686 402 740 teriicere
424 686 468 742 si
493 695 696 742 certam
725 687 854 742 milii
882 693 1108 745 mbrtem
1157 689 1342 744 atriolo
1371 701 1628 742 mucrone
1668 685 1750 740 in-

147 786 346 834 tcntet.
382 780 561 851 Neque
593 781 735 837 enim
780 782 860 838 fas
887 791 968 838 est
1011 782 1191 839 dicere
1230 782 1398 838 Deum
1440 778 1750 851 permisisse

149 884 434 940 peccatum
458 916 471 936 ,
530 881 586 930 et
627 875 788 930 veluti
818 876 920 930 lata
962 877 1077 946 lege
1121 891 1226 932 non
1262 874 1634 945 improbasse:
1669 881 1751 930 et-

151 963 299 1017 enim
333 964 456 1019 licet
487 967 569 1022 lex
597 967 682 1022 illa
715 967 836 1022 data
884 977 1027 1024 esset
1070 967 1136 1022 ad
1166 967 1481 1023 firmandam
1537 966 1748 1022 civilem

149 1059 540 1127 rempublicam
566 1061 934 1127 Hebraeorum,
967 1061 1136 1132 patuit
1167 1070 1340 1117 tamen
1370 1060 1602 1116 divinam
1651 1073 1747 1114 vo-

155 1149 417 1207 luntatem
477 1151 784 1221 permisisse
861 1152 1252 1219 homicidium,
1318 1153 1393 1206 uti
1452 1150 1750 1222 permisere

157 1246 421 1301 mundani
445 1246 803 1316 legislatores,
837 1256 891 1304 et
935 1248 1088 1304 sicuti
1143 1246 1394 1303 occidens
1445 1246 1749 1302 invasorem

161 1351 270 1392 non
302 1338 410 1409 agit
459 1350 646 1394 contra
697 1340 1025 1397 voluntatem
1074 1339 1395 1412 lcgislatoris
1434 1338 1624 1407 civilis,
1678 1339 1750 1394 ita

156 1444 335 1500 neque
366 1439 552 1486 contra
584 1432 906 1503 legislatoris
958 1433 1060 1490 Dei
1091 1434 1421 1489 voluntatem
1463 1446 1625 1503 agere
1669 1431 1751 1487 di-

157 1523 368 1579 cendus
391 1532 492 1579 est.
525 1523 638 1578 Non
667 1534 750 1580 est
777 1533 956 1582 tamen
981 1540 1202 1582 necesse
1223 1533 1282 1580 ut
1309 1525 1552 1581 dicamus
1595 1538 1751 1581 sanc-

161 1627 278 1673 tum
311 1619 583 1676 doctorem
629 1621 858 1690 priorem
898 1621 1216 1677 sententiam
1246 1627 1587 1684 retractasse,
1629 1633 1751 1674 cum

161 1713 436 1782 praecipue
465 1713 532 1769 ab
561 1713 761 1783 scripto
791 1713 928 1770 libro
974 1713 1147 1784 primo
1188 1713 1256 1770 de
1294 1712 1488 1770 Libero
1517 1711 1752 1767 Arbitrio

163 1814 292 1874 post
330 1807 545 1878 triginta
575 1814 628 1862 et
651 1807 879 1876 amplius
907 1821 1076 1863 annos
1102 1805 1268 1862 libros
1291 1805 1750 1863 Retractationum

1847 589 1941 645 cit.
1971 603 2089 660 cap.
2120 590 2226 645 1'5:
2264 608 2284 643 ‹
2321 589 2460 659 Quid
2486 591 2784 649 fortitudo?
2814 593 3001 654 Nonne
3031 606 3114 654 est
3127 596 3216 654 illa
3242 613 3438 656 animae

1851 682 2066 740 affectio
2094 697 2198 755 qua
2221 682 2403 740 omnia
2435 683 2777 742 incommoda
2805 696 2861 744 et
2889 687 3082 746 damna
3123 705 3303 749 rerum
3333 707 3439 747 non

1849 775 1907 830 in
1956 783 2138 831 nostra
2169 783 2436 846 potestate
2475 778 2895 836 constitutarum
2933 785 3374 840 contemnimus?
3413 803 3433 838 ι

1851 869 2074 939 insuper
2100 879 2306 925 eertum
2335 880 2420 926 est
2441 870 2753 929 excellentis
2777 872 3057 932 charitatis
3082 886 3258 934 actum
3288 876 3440 933 illum

1851 963 2087 1020 futurum
2130 979 2237 1036 quo
2262 964 2386 1034 quis
2431 973 2662 1022 mortem
2712 966 2888 1024 libens
2942 977 3221 1040 oppeteret
3267 971 3446 1040 potine

1851 1073 2012 1128 quam
2042 1059 2338 1114 irruentem
2369 1059 2581 1115 hostem
2611 1060 2927 1118 interimens
2965 1063 3208 1132 ejusdem
3256 1080 3444 1133 perpe-

1850 1159 1956 1207 tuae
1985 1151 2348 1208 damnationis
2377 1165 2595 1208 causam
2617 1166 2758 1219 esse,
2786 1163 2844 1210 ut
2871 1155 3065 1211 docent
3085 1156 3317 1227 Aragon,
3347 1156 3446 1214 Sa.

1851 1243 1962 1309 lon,
1991 1244 2297 1314 Cajetanus,
2326 1246 2525 1316 aliique
2550 1246 2615 1301 ad
2639 1262 2694 1316 q.
2741 1246 2810 1303 64
2846 1247 2940 1303 cit.
2987 1251 3159 1304 sancti
3203 1249 3445 1306 Thomas.

1853 1335 2035 1393 Potest
2059 1336 2172 1392 hac
2201 1337 2488 1407 explicatio
2531 1339 2707 1409 colligi
2746 1340 2908 1394 exiis
2957 1355 3076 1411 quae
3104 1340 3243 1398 idem
3276 1343 3328 1398 in
3378 1357 3447 1399 eo

1853 1428 1991 1486 libro
2042 1430 2218 1499 primo
2267 1429 2336 1486 de
2386 1431 2578 1488 Libero
2624 1431 2863 1488 Arbitrio
2908 1433 3110 1488 scribit.
3157 1434 3290 1488 Nam
3324 1451 3443 1490 cum

1853 1519 2083 1577 dixisset
2109 1521 2434 1578 occisionem
2468 1524 2728 1580 invasuris
2758 1525 2902 1579 nulla
2933 1526 3050 1595 lege
3078 1525 3222 1580 civili
3265 1527 3445 1597 plecti,

1855 1617 2070 1686 aitcap.
2104 1616 2171 1671 5:
2205 1635 2223 1669 ι
2254 1617 2364 1672 Illae
2393 1633 2522 1674 vero
2549 1619 2722 1690 culpae
2769 1618 2898 1674 alias
2938 1634 3125 1690 pmnas
3157 1629 3310 1691 aptas
3351 1621 3449 1675 ha-

1857 1708 2006 1775 bent,
2039 1726 2069 1766 a
2098 1710 2292 1780 quibus
2314 1711 2428 1766 sola
2464 1711 2595 1766 mihi
2630 1711 2846 1768 videtur
2876 1727 3035 1782 posse
3081 1713 3314 1770 liberare
3359 1727 3451 1770 sa-

1856 1803 2077 1872 pientia.
2119 1821 2138 1855 »
2170 1804 2240 1858 At
2261 1818 2366 1858 non
2392 1804 2498 1873 agit
2519 1804 2669 1876 juxta
2699 1808 2912 1876 regulas
2940 1805 3218 1876 sapientia:
3253 1807 3342 1876 qui
3385 1807 3454 1862 ob

158 1899 406 1955 scribens
452 1901 597 1956 illam
627 1902 860 1970 priorem
909 1901 1230 1957 sententiam
1273 1916 1378 1956 non
1411 1913 1754 1970 expungens,
1789 1897 1836 1958 Β
1862 1900 2142 1955 vilissimae
2171 1900 2250 1956 rei
2279 1915 2398 1972 quae
2429 1901 2500 1955 sit
2531 1900 2585 1957 in
2618 1900 2834 1956 homine
2860 1902 3327 1958 conservationem
3371 1903 3453 1958 in-

159 1989 358 2046 iterum
404 1991 733 2062 approbasse
780 1993 1084 2049 censendus
1126 1993 1211 2049 sit.
1260 1993 1441 2064 Itaque
1472 2002 1756 2062 utrumque

159 2085 367 2141 dictum
400 2094 483 2141 est
511 2086 941 2158 componendum
972 2102 1040 2142 ex
1085 2086 1324 2158 ejusdem
1371 2083 1541 2140 sancti
1584 2085 1758 2140 Patris

159 2178 324 2234 effatu
371 2179 513 2234 lib.t
562 2179 630 2235 de
662 2179 777 2235 Lib.
834 2179 990 2246 Arb.,
1038 2193 1088 2234 c.
1134 2177 1189 2245 5,
1223 2178 1310 2234 ubi
1353 2177 1464 2231 ait:
1525 2194 1546 2228 ‹
1577 2175 1760 2232 Potest

155 2288 293 2343 ergo
316 2272 392 2328 illi
421 2273 547 2345 legi,
576 2289 694 2344 quae
719 2274 1039 2354 tuendorum
1069 2273 1267 2329 civium
1306 2287 1466 2330 causa
1493 2273 1601 2327 vim
1627 2271 1760 2328 hos—

161 2367 316 2422 tilem
345 2370 532 2423 eadem
560 2368 609 2422 vi
635 2367 824 2438 repelli
845 2369 1020 2439 jubet,
1039 2368 1157 2424 sine
1179 2367 1395 2424 libidine
1423 2367 1762 2438 obtempera-

156 2460 231 2514 ri.
274 2479 294 2512 ι
329 2461 674 2531 Augustinus,
710 2471 776 2517 ut-
795 2462 964 2517 hostis
995 2460 1196 2518 occisio
1230 2463 1300 2518 sit
1329 2461 1493 2532 licita,
1522 2463 1623 2518 hoc
1650 2471 1763 2516 tan-

165 2562 282 2608 tum
314 2554 427 2609 vult
457 2563 513 2609 ut
542 2555 683 2610 actio
721 2555 999 2611 occidendi
1045 2556 1112 2610 ab
1145 2555 1230 2618 illa
1278 2555 1442 2611 noxia
1475 2554 1765 2625 cupiditate

159 2662 519 2720 sequeretur;
551 2669 715 2723 quare
737 2696 752 2720 ,
799 2655 842 2709 si
875 2656 994 2725 quis
1018 2670 1078 2711 se
1105 2654 1400 2712 defendens
1430 2656 1484 2710 id
1509 2665 1630 2728 agat
1660 2669 1766 2712 non

157 2755 346 2800 motus
377 2745 464 2800 illa
510 2748 802 2815 cupiditate
847 2764 948 2818 qua
977 2748 1043 2803 ad
1073 2749 1156 2804 sui
1196 2749 1564 2805 defensionem
1610 2749 1768 2805 bruta

155 2839 332 2893 ctiam
355 2839 721 2909 impelluntur,
739 2841 832 2896 sed
858 2854 1046 2912 pacato
1066 2842 1287 2898 rationis
1307 2842 1554 2916 imperio,
1575 2857 1770 2913 nempe

154 2933 234 2988 ob
265 2935 466 2991 bonum
497 2937 829 3008 reipublicae,
863 2939 948 2994 vel
979 2938 1218 3008 familias,
1251 2941 1332 2996 vel
1361 2950 1420 2996 ut
1465 2941 1728 2996 moriatur
1752 2978 1767 3006 ,

153 3040 289 3081 cum
315 3029 504 3098 majori
537 3029 909 3100 probabilitate
939 3033 1146 3100 salutis,
1172 3048 1291 3104 qua:
1340 3034 1573 3089 maxime
1612 3033 1770 3089 Chri-

154 3120 404 3176 stianum
430 3123 791 3180 consideratio
821 3123 999 3192 decet,
1046 3126 1130 3182 vel
1173 3142 1496 3198 quocunque
1537 3128 1642 3184 alio
1685 3127 1768 3182 di-

155 3213 343 3281 gniori
374 3213 478 3269 fine
528 3215 714 3284 procul
742 3216 810 3271 ab
841 3217 933 3272 illo
961 3217 1268 3287 cupiditatis
1307 3219 1633 3276 irrationalis
1677 3220 1774 3275 im—

1857 1991 2002 2062 genti
2023 2004 2082 2047 se
2103 1991 2257 2048 laude
2275 1991 2468 2062 privat,
2499 1993 2639 2048 unde
2669 1992 2963 2049 secundum
2993 1993 3210 2049 easdem
3234 1995 3451 2063 sapien-

1861 2085 1948 2140 tia:
1993 2086 2208 2154 regulas
2253 2084 2566 2141 defectuose
2611 2087 2743 2156 agit;
2773 2087 2916 2155 quod
2946 2095 3029 2141 est
3053 2099 3296 2156 peccare.
3347 2085 3454 2142 Sed

1861 2180 1982 2250 plus
2023 2179 2223 2250 aliquid
2268 2179 2406 2236 velle
2446 2178 2624 2236 fateor
2670 2189 2914 2235 sanctum
2970 2179 3277 2244 doctorem,
3335 2193 3458 2234 nam

1861 2284 1981 2340 cap.
2006 2271 2099 2325 illo
2122 2270 2155 2324 5
2180 2271 2288 2326 ait:
2314 2289 2333 2324 ε
2356 2271 2638 2340 Quomodo
2667 2271 2810 2326 enim
2836 2270 2979 2342 apud
3003 2285 3122 2327 eam
3145 2271 3458 2342 (providen-

1865 2367 1995 2420 tiam
2025 2365 2288 2435 divinam)
2313 2374 2438 2420 sunt
2467 2367 2552 2422 isti
2582 2375 2804 2436 peccato
2827 2366 3001 2432 liberi,
3027 2365 3118 2437 qui
3147 2382 3242 2437 pro
3283 2368 3346 2422 iis
3376 2383 3462 2423 re-

1866 2458 1967 2514 bus
1989 2473 2119 2528 quas
2147 2460 2415 2515 contemni
2437 2464 2652 2529 Oportet
2679 2458 2912 2514 humana
2929 2457 3076 2515 caede
3102 2460 3287 2529 polluti
3314 2460 3464 2515 sunt?

1868 2554 2092 2610 Videtur
2108 2569 2237 2628 ergo
2265 2554 2397 2609 mihi
2421 2565 2474 2611 et
2495 2554 2668 2626 legem
2700 2554 2880 2622 istam,
2908 2570 3026 2626 qua:
3049 2553 3249 2626 populo
3270 2568 3464 2623 regen-

1869 2651 1938 2706 do
1965 2652 2237 2716 scribitur,
2273 2663 2418 2708 recte
2449 2653 2548 2707 ista
2601 2652 2934 2723 permittere,
2981 2661 3034 2707 et
3082 2667 3179 2722 per
3225 2651 3464 2708 divinam

1869 2742 2262 2815 providentiam
2290 2743 2576 2800 vindicari.
2617 2763 2636 2796 ι
2681 2744 2811 2814 Quae
2841 2759 2970 2800 sane
3001 2744 3164 2800 verba
3197 2743 3466 2800 invaseris

1873 2835 2169 2893 occisorem
2194 2837 2313 2906 plus
2335 2853 2494 2908 quam
2521 2838 2648 2892 dicti
2673 2837 2914 2893 defectus
2941 2839 3160 2893 moralis
3185 2838 3317 2893 citra
3342 2852 3466 2908 pec-

1872 2931 2048 2980 catum
2074 2925 2127 2978 in
2157 2925 2431 2994 onerando
2470 2941 2621 2981 reum
2649 2925 3004 2982 constituunt.
3046 2925 3210 2996 Igitur
3251 2933 3467 2982 senten-

1875 3019 1945 3073 tia
1970 3020 2139 3075 sancti
2161 3019 2399 3074 doctoris
2411 3033 2476 3074 ex
2495 3019 2789 3075 subtilioris
2801 3018 3156 3090 philosophiae
3191 3019 3470 3089 principiis

1876 3110 2104 3167 deducta
2127 3112 2462 3182 generosiori
2502 3112 2692 3184 suique
2737 3113 3063 3168 aestimatore
3101 3113 3281 3167 animo
3312 3111 3472 3184 digna

1877 3219 1987 3260 non
2012 3205 2117 3260 nisi
2143 3205 2342 3274 injuste
2365 3205 2686 3275 reprehendi
2707 3215 2901 3276 potest,
2922 3205 3200 3262 cumillam
3221 3204 3476 3260 Hebraeo-

160 3305 354 3374 pulsu,
388 3321 674 3376 aggressus
698 3309 834 3364 citra
862 3309 1072 3381 culpam
1105 3321 1276 3381 potest
1300 3311 1444 3367 licite
1470 3312 1768 3367 invasorem

1879 3308 2024 3362 rum,
2082 3293 2393 3351 Graecorum
2441 3311 2505 3351 ac
2549 3296 2864 3352 Latinorum
2915 3296 3292 3367 sapientissimi
3350 3304 3476 3352 ante

156 3395 448 3452 occidere.
507 3397 637 3464 Quae
690 3398 908 3469 quidem
962 3400 1342 3469 consideratio,
1395 3402 1523 3457 licet
1570 3402 1674 3456 illis
1719 3401 1773 3458 in

157 3495 430 3564 angustiis
458 3511 564 3550 non
594 3495 665 3551 ita
708 3497 760 3552 in
803 3507 1053 3568 promptu
1099 3515 1219 3555 esse
1269 3499 1532 3570 videatur,
1584 3501 1775 3557 eadem

160 3586 554 3656 probabilitate
567 3586 874 3645 defenditur
894 3606 995 3660 qua
1019 3601 1234 3646 sanctus
1251 3591 1492 3648 Thomas
1525 3595 1779 3650 intentio-

161 3695 301 3736 nem
331 3681 608 3736 occidendi
665 3683 833 3738 hostis
866 3683 950 3737 vel
999 3693 1057 3738 ut
1106 3683 1265 3740 finem
1297 3685 1382 3740 vel
1435 3694 1492 3740 ut
1537 3687 1776 3745 medium

164 3771 448 3839 distinxit,
482 3773 549 3827 ad
580 3773 681 3829 hoc
709 3784 768 3829 ut
797 3775 913 3845 quis
945 3784 1122 3844 posset
1152 3776 1295 3832 licite
1342 3778 1644 3834 invasorem
1689 3779 1774 3836 in-

161 3863 455 3931 terimere,
489 3874 546 3919 ut
575 3882 668 3932 per
691 3881 749 3921 se
779 3867 1144 3922 consideranti
1170 3869 1390 3937 patebit.

242 3957 348 4012 Est
373 3957 509 4012 alius
533 3957 694 4013 etiam
726 3957 933 4014 facilior
963 3959 1153 4015 modus
1195 3962 1602 4032 Augustiniana:
1648 3975 1775 4016 sen-

164 4055 362 4109 tentiae
389 4053 740 4124 exponendas,
774 4055 816 4110 si
847 4055 1090 4110 dicamus
1133 4057 1511 4126 Augustinum,
1565 4055 1778 4127 quando

161 4145 503 4202 occisionem
551 4148 883 4218 aggressoris
931 4157 1204 4218 peccatum
1248 4150 1576 4220 appellavit,
1619 4148 1780 4204 intel-

165 4242 384 4298 lexisse
407 4242 664 4298 moralem
697 4243 960 4298 defectum
1005 4244 1236 4299 actionis
1284 4244 1335 4299 in
1384 4259 1543 4315 quem
1589 4243 1781 4299 incidit

164 4339 290 4407 qui,
327 4337 515 4392 relicto
567 4345 687 4392 actu
732 4337 888 4408 longe
939 4339 1262 4408 perfectiori,
1328 4338 1780 4410 imperfectiorem

170 4434 356 4506 eligit,
413 4433 554 4490 unde
586 4450 656 4489 ex
688 4434 992 4505 insipientia
1020 4434 1227 4505 operari
1258 4434 1472 4490 dicitur.
1497 4436 1565 4490 At
1593 4434 1680 4504 qui
1721 4447 1782 4492 se

167 4527 448 4598 permittit
480 4526 673 4594 occidi,
708 4541 808 4582 nec
835 4535 1010 4598 curat,
1042 4541 1162 4582 cum
1194 4528 1384 4598 possit,
1426 4541 1558 4583 nece
1609 4524 1782 4582 hostis

167 4621 346 4676 vitam
368 4620 651 4690 redimere,
677 4621 1111 4677 excellentiorem
1135 4621 1323 4692 quovis
1344 4620 1636 4677 infortunio
1663 4620 1780 4676 ani-

1879 3390 2238 3459 Augustinum
2263 3388 2627 3460 defenderint,
2659 3392 2750 3464 qui
2781 3391 2945 3447 vitam
2974 3391 3119 3446 inter
3143 3390 3475 3462 contempti-

1880 3481 2006 3538 bilia
2030 3482 2168 3539 bona
2192 3483 2455 3555 rejecere,
2478 3485 2621 3541 unde
2649 3485 2818 3541 nostri
2864 3485 3042 3542 Patris
3079 3494 3342 3542 assertum
3384 3484 3478 3541 de-

1879 3579 2041 3648 rivat,
2070 3589 2130 3635 ut
2155 3593 2221 3636 ex
2252 3581 2370 3649 ipso
2397 3579 2698 3637 luculenter
2726 3579 3079 3637 ostendimus.

1951 3673 2075 3729 Haec
2097 3674 2314 3746 quidem
2337 3674 2684 3745 scripseram,
2708 3689 2828 3744 qua:
2852 3674 2938 3729 ubi
2963 3673 3104 3745 typis
3125 3672 3266 3728 edita
3287 3671 3477 3728 Roma:

1878 3768 1962 3823 vir
1988 3768 2339 3824 doctissimus
2372 3767 2608 3838 legisset,
2644 3768 2788 3822 illico
2818 3783 2904 3823 me
2933 3767 3205 3832 convenit,
3233 3765 3349 3822 fere
3397 3765 3477 3821 in-

1880 3861 2130 3932 dignatus
2170 3861 2310 3932 quod
2345 3861 2667 3917 sententiam
2701 3860 3020 3930 antiquioris
3055 3858 3310 3913 Ecclesiae
3365 3857 3472 3912 Pa-

1882 3954 2056 4010 tribus
2088 3953 2404 4009 familiarem
2432 3963 2538 4007 tam
2570 3952 2882 4007 meticulose
2912 3949 3268 4005 defenderim.
3305 3946 3478 4005 Simul

1885 4048 2141 4118 pleraque
2177 4047 2399 4103 Patrum
2431 4046 2736 4102 tcSIimonia
2768 4045 3020 4100 indicavit
3069 4060 3174 4114 quo
3202 4058 3288 4099 me
3332 4043 3480 4099 inani

1883 4150 2030 4198 metu
2059 4142 2333 4198 liberaret.
2365 4141 2422 4196 In
2454 4140 2640 4211 primis
2689 4139 3019 4210 Augustinus
3062 4137 3224 4193 etiam
3275 4137 3482 4205 episco-

1885 4251 1983 4308 pus
2026 4237 2078 4291 in
2103 4235 2292 4292 eadem
2317 4235 2581 4292 sententia
2609 4243 2918 4289 constanter
2945 4232 3111 4297 stetit,
3143 4245 3300 4302 quam
3323 4230 3483 4287 etiam

1885 4328 2206 4384 militaribus
2237 4326 2508 4399 praefeCtis
2553 4326 2859 4396 persuasit:
2895 4324 3192 4393 Publicola,
3225 4324 3310 4378 vir
3335 4322 3484 4379 illus-

1886 4420 2007 4489 tris,
2038 4421 2129 4491 qui
2157 4420 2212 4475 in
2234 4418 2556 4490 Arzugitana
2585 4419 2803 4490 regione
2825 4416 3010 4473 limitis
3033 4433 3214 4473 curam
3242 4417 3481 4488 gerebat,

1887 4514 2068 4585 plures
2099 4523 2284 4570 sancto
2329 4514 2533 4569 doctori
2583 4513 2910 4582 quaestiones
2944 4510 3228 4566 solvendas
3273 4525 3366 4578 per
3399 4510 3484 4562 lit~

1891 4618 2034 4666 teras
2070 4608 2238 4674 misit,
2267 4623 2490 4679 quarum
2527 4605 2842 4661 duodecima
2882 4605 2932 4658 in
2984 4604 3096 4658 haec
3122 4605 3273 4671 plane
3323 4602 3483 4657 verba

170 4731 331 4770 mum
365 4715 566 4772 habere
595 4731 652 4770 se
706 4724 989 4782 monstrat,
1044 4691 1186 4770 haud
1219 4716 1272 4769 ίη
1325 4715 1476 4771 bonis
1526 4691 2330 4785 reputansDconcipiebatur':
2380 4701 2436 4757 Si
2466 4700 2806 4756 Christianus
2859 4695 3037 4753 videat
3079 4712 3136 4752 se
3181 4711 3207 4748 a
3257 4695 3485 4751 barbaro

168 4810 370 4876 vitam,
402 4825 560 4880 quam
590 4810 837 4866 amittere
863 4819 1076 4880 paratus
1106 4818 1207 4879 est,
1241 4818 1292 4864 et
1316 4824 1421 4866 non
1458 4807 1660 4862 habere
1687 4822 1780 4878 pa-

171 4903 388 4967 ratior;
422 4902 560 4957 unde
592 4916 798 4958 summa
833 4901 986 4958 laude
1005 4899 1643 4965 commendandusvenit,
1678 4915 1783 4970 quo

174 5004 342 5064 pacto
373 4994 753 5061 Anaxarchus,
789 4992 980 5063 Stilpo,
1009 4993 1210 5063 aliique
1246 5003 1484 5048 veterum
1519 4989 1783 5062 praeconia

173 5087 532 5143 demeruere.
588 5085 754 5142 Secus
785 5101 913 5142 vero
963 5102 1126 5158 agens
1172 5086 1326 5141 exilis
1367 5085 1529 5140 animi
1580 5099 1638 5139 se
1663 5099 1784 5141 esse

172 5182 448 5250 ostendit,
484 5192 539 5236 ut
563 5197 720 5252 quem
754 5181 1002 5236 vilissimi
1051 5180 1175 5235 boni
1230 5181 1498 5251 possessio
1538 5180 1779 5251 impleat,

171 5291 241 5330 ac
300 5273 436 5330 tanti
485 5275 646 5329 vitam
679 5274 834 5329 faciat
865 5283 918 5328 ut
949 5274 1196 5329 omnibus
1245 5273 1447 5328 viribus
1493 5289 1589 5344 pro
1643 5273 1783 5328 illius

171 5370 603 5424 conservatione
642 5369 740 5424 sibi
782 5367 1140 5424 dimicandum
1196 5376 1364 5438 putet.
1422 5366 1597 5437 Quare
1643 5367 1783 5438 apud

177 5481 268 5520 vei
288 5480 374 5518 am
408 5466 728 5534 sapientiam
759 5465 922 5521 stulte
949 5463 1034 5520 hic
1058 5463 1322 5535 posterior
1348 5478 1504 5536 agere
1522 5461 1783 5532 judicabi-

175 5570 297 5623 tur,
332 5558 566 5627 vilisque
596 5560 758 5614 animi
787 5573 973 5628 poenas
1002 5557 1134 5627 luet,
1183 5557 1384 5627 ingenti
1420 5556 1513 5611 illo
1565 5555 1780 5613 laudum

171 5651 412 5707 cumulo
441 5650 701 5720 privatus,
730 5666 849 5720 quae
880 5651 1001 5706 vita:
1033 5650 1276 5720 corporis
1303 5645 1662 5717 contemptori
1693 5645 1784 5703 de-

171 5746 408 5800 bentur.
433 5741 1052 5801 Accedit-fortitudinem
1102 5743 1359 5813 majorem
1411 5742 1560 5797 excri
1602 5739 1669 5796 ab
1718 5754 1785 5797 eo

177 5843 278 5910 qui
319 5856 580 5908 generose
611 5840 746 5896 mala
780 5841 996 5911 patitur,
1022 5855 1182 5912 quam
1214 5840 1280 5896 ab
1302 5853 1368 5895 eo
1399 5839 1490 5910 qui
1523 5837 1702 5906 infert,
1730 5845 1786 5892 ut

176 5942 320 6004 post
354 5934 694 5992 Aristotelem
727 5949 783 5989 in
836 5933 1012 5990 Etliic.
1061 5947 1178 6002 cap.
1231 5932 1282 5995 9,
1329 5931 1516 6002 probat
1571 5939 1786 5986 sanctus

1887 4799 1971 4854 vel
2003 4798 2246 4852 Romano
2276 4795 2412 4850 velle
2446 4794 2695 4860 interfici,
2744 4793 2902 4848 debet
2931 4807 3026 4848 eos
3059 4793 3172 4861 ipse
3217 4789 3482 4845 Christia-

1888 4909 1988 4949 nus
2018 4892 2340 4954 interficere,
2375 4905 2441 4944 ne
2468 4891 2536 4944 ab
2564 4889 2670 4944 illis
2692 4885 3063 4943 interficiatur.
3111 4885 3208 4940 Cui
3256 4884 3484 4940 difﬁcul-

1890 4987 1984 5040 tati
2006 4987 2082 5040 sic
2112 4983 2400 5053 respondet
2422 4990 2640 5037 sanctus
2667 4981 2854 5036 doctor
2883 4978 3110 5048 epistola
3138 4977 3203 5032 ad
3237 4975 3484 5032 eumdem

1892 5079 1994 5137 154
2039 5098 2051 5134 :
2091 5097 2109 5130 ε
2151 5079 2227 5132 De
2277 5075 2586 5133 occidendis
2620 5073 2925 5129 hominibus
2951 5087 3018 5128 ne
3046 5071 3115 5126 ab
3166 5071 3231 5126 iis
3260 5070 3487 5140 quisque

1892 5173 2192 5239 occidatur,
2227 5185 2333 5226 non
2367 5169 2498 5224 mihi
2529 5169 2703 5237 placet
2742 5165 3048 5230 consilium,
3082 5163 3183 5218 nisi
3228 5161 3368 5218 forte
3417 5160 3487 5216 sit

1890 5267 2067 5334 miles,
2101 5276 2192 5321 aut
2222 5264 2430 5336 publica
2464 5262 2740 5317 functione
2771 5267 3020 5315 teneatur
3040 5303 3053 5326 ,
3087 5267 3145 5313 ut
3174 5273 3272 5314 nec
3298 5269 3395 5327 pro
3428 5270 3487 5313 se

1891 5365 1994 5421 hoc
2016 5364 2196 5430 faciat,
2232 5362 2326 5417 sed
2359 5374 2454 5430 pro
2477 5359 2598 5412 aliis
2637 5357 2721 5412 vel
2754 5369 2852 5427 pro
2899 5353 3132 5422 civitate,
3185 5352 3277 5408 ubi
3323 5351 3486 5407 etiam

1887 5459 2004 5530 ipse
2033 5467 2136 5525 est,
2169 5462 2390 5524 accepta
2436 5451 2668 5522 legitima
2707 5456 2988 5519 potestate,
3021 5447 3067 5503 si
3095 5446 3209 5517 ejus
3241 5443 3488 5515 congruit

1893 5564 2158 5621 personae.
2200 5566 2217 5598 ›
2256 5545 2403 5600 Hanc
2453 5544 2610 5613 plane
2656 5541 2955 5597 doctrinam
2984 5539 3052 5595 ab
3082 5537 3345 5595 Africanis
3384 5534 3488 5592 Pa-

1894 5646 2065 5701 tribus
2096 5640 2422 5711 Augustinus
2453 5645 2752 5708 acceperat.
2788 5635 3146 5692 'fertullianus
3187 5635 3240 5689 in
3285 5631 3485 5702 Apoloo

1893 5742 2067 5814 getico
2115 5741 2363 5795 dixerat:
2398 5757 2416 5790 ι
2461 5736 2609 5807 Apud
2651 5737 2832 5802 istam,
2880 5750 3070 5806 nempe
3119 5733 3484 5790 Christianam

1894 5831 2232 5903 disciplinam
2257 5832 2426 5901 magis
2448 5829 2618 5886 occidi
2648 5829 2774 5885 licet
2796 5844 2953 5899 quam
2979 5826 3243 5883 occidere.
3280 5845 3296 5876 ι
3325 5823 3485 5879 Certe

1897 5929 2139 5986 Christus
2161 5935 2438 5982 exarmato
2472 5925 2627 5980 Petro
2667 5940 2878 5981 omnem
2911 5921 3274 5980 Christianum
3300 5919 3482 5978 docuit
