3962 6346
585 324 704 396 με

1488 330 2045 391 SUPPLEMENTUM
2073 329 2166 385 Al)
2208 328 2438 387 OPERA
2475 332 2532 389 S.
2575 331 2969 392 AUGUSTINI.
3690 356 3754 417 τη

592 474 662 515 ne
699 458 806 514 vim
836 457 887 513 vi
926 456 1231 528 repelleret.
1264 455 1394 513 Cum
1424 456 1752 513 Tertulliano
1797 456 2032 515 concinit
2072 452 2175 525 Cy-
2200 450 2657 514 Acomburendae
2685 472 2824 513 unus
2846 467 2903 514 et
2942 456 3175 513 securim
3217 465 3273 514 et
3315 459 3473 518 facem
3514 465 3755 537 Augustinus

592 554 816 625 prianus
839 554 994 624 epist.
1022 552 1114 619 56,
1156 551 1244 607 tibi
1271 551 1465 607 clamat
1498 570 1512 605 :
1544 570 1562 603 ι
1600 552 1859 609 Occidere
1907 566 2015 605 non
2032 550 2178 614 licet,

591 652 684 705 sed
714 648 884 704 occidi
912 661 1131 704 necesse
1156 658 1270 714 est;
1306 665 1325 701 ι
1346 655 1402 704 et
1441 648 1497 703 in
1524 647 1767 720 sequenti
1794 648 1955 719 epist.
1991 645 2081 713 57,
2112 644 2179 700 ad

592 744 938 802 Corneliam:
975 762 993 794 ι
1030 743 1291 801 Occidere
1338 744 1713 801 innocentibus
1760 760 1859 801 nec
1895 751 2177 799 nocentem

592 838 767 893 liceat.
806 857 827 891 ι
857 836 1083 894 Accedit
1102 837 1407 895 Lactantius
1436 838 1527 895 lib.
1554 854 1608 895 vt
1636 837 1805 894 divin.
1836 838 2033 904 lnstit.,
2053 852 2174 906 cap.

588 929 678 994 2U,
713 930 800 987 ubi
825 947 946 987 cum
969 932 1237 989 dixisset:
1277 952 1297 985 ‹
1332 935 1408 990 Ea
1448 950 1660 1006 quoque
1686 950 1756 989 ne
1799 935 1949 1000 fiant,
1996 943 2179 991 monet

588 1040 707 1095 quae
730 1026 871 1095 apud
898 1026 1145 1083 homines
1174 1042 1271 1096 pro
1302 1028 1460 1084 licitis
1485 1029 1813 1095 habenturp
1850 1028 1966 1084 hac
1989 1026 2173 1083 addit:
2213 1049 2215 1052 ⁴

594 1136 612 1169 ι
650 1117 831 1188 Itaque
862 1119 915 1173 in
947 1119 1049 1175 hoc
1078 1120 1171 1176 Dei
1202 1130 1470 1191 praecepto
1492 1121 1697 1176 nullum
1730 1134 1954 1191 prorsus
1985 1134 2178 1190 exper-

590 1222 697 1269 tem
722 1213 836 1269 fleri
867 1223 1099 1283 oportet,
1133 1214 1257 1286 quin
1288 1215 1537 1272 occidere
1566 1214 1833 1270 hominem
1864 1214 1937 1268 sit
1964 1228 2179 1283 semper

586 1306 760 1361 nefas.
799 1324 818 1359 ι
854 1306 965 1361 lmo
991 1306 1129 1363 hanc
1156 1307 1327 1377 ipsam
1355 1296 1652 1362 doctrinam
1683 1306 1943 1364 didicerat
1966 1308 2179 1376 Augus-

591 1397 734 1454 tinus
762 1414 794 1454 a
822 1402 1089 1471 magistro
1120 1396 1403 1457 Ambrosio
1432 1400 1845 1467 Mediolaneusi,
1883 1399 1979 1455 lib.
2020 1415 2077 1454 Ill
2107 1398 2177 1456 de

588 1494 818 1563 Officiis,
851 1509 971 1563 cap.
1000 1495 1055 1562 4,
1100 1495 1217 1551 haec
1244 1496 1552 1552 scribente:
1592 1514 1612 1547 ε
1648 1496 1846 1550 Tamen
1878 1510 1983 1550 non
2030 1494 2177 1549 vide-

590 1594 676 1641 tur
701 1586 846 1657 quod
870 1588 950 1642 vir
976 1587 1333 1655 Christianus,
1365 1600 1420 1645 et
1442 1588 1638 1659 justus,
1681 1596 1734 1644 et
1761 1588 2000 1658 sapiens,
2030 1602 2177 1657 qua:-

583 1694 708 1734 rere
763 1680 862 1734 sibi
913 1679 1073 1734 vitam
1125 1679 1297 1735 aliena
1348 1688 1521 1735 morte
1577 1678 1816 1735 debeat:
1850 1687 2035 1749 utpote
2084 1678 2175 1747 qui

583 1772 798 1827 etiamsi
825 1771 877 1827 in
916 1772 1179 1828 latronem
1206 1784 1470 1827 armatum
1500 1771 1701 1827 incidat
1728 1771 2011 1827 ferientem
2035 1768 2175 1825 refe-

2281 548 2541 607 admovit.
2574 549 2727 606 Nunc
2766 551 2911 607 enim
2939 549 3233 618 Manichaei,
3263 554 3416 608 modo
3442 554 3597 613 Ariani
3632 567 3756 621 contu.

2281 642 2429 701 tandi
2456 651 2637 709 erant;
2669 656 2811 699 nunc
2838 643 2891 699 in
2920 640 3227 698 Donatistas
3275 644 3752 718 scribendum,"statim
3846 712 3847 717 η

2279 747 2469 795 contra
2504 738 2817 810 Pelagianos
2859 737 3126 804 eundum;
3159 752 3303 810 saepe
3340 739 3491 796 simul
3515 757 3662 799 omnes
3688 748 3754 804 im.

2281 832 2541 903 probandi
2574 850 2587 886 :
2619 848 2792 905 neque
2816 832 2919 890 hoc
2957 832 3176 905 quidem
3202 834 3475 892 commode
3498 836 3596 893 fieri
3617 851 3757 909 potem

2279 925 2351 982 ob
2378 927 2691 983 innumeras
2717 934 2831 983 tum
2861 942 2997 983 voce
3038 936 3149 983 tum
3190 942 3285 997 per
3325 928 3517 985 litteras
3554 940 3599 984 et
3632 936 3758 1002 petitas

2279 1027 2336 1077 et
2362 1020 2589 1077 subinde
2618 1020 2770 1077 datas
2797 1021 3237 1077 consultationes.
3270 1020 3420 1076 Haud
3445 1022 3495 1077 in
3520 1037 3674 1080 nonum
3701 1044 3759 1082 an-

2280 1129 2410 1170 num
2431 1113 2704 1169 volumina
2734 1128 2981 1184 premere
3004 1114 3082 1169 illi
3111 1114 3281 1181 licuit,
3303 1114 3396 1170 sed
3434 1113 3634 1184 impolita
3656 1129 3757 1189 atque

2280 1204 2593 1277 imperfecta
2644 1207 2895 1264 emittere
2938 1206 3253 1279 wgebatur,
3300 1207 3549 1277 tantisque
3587 1216 3759 1281 temporis

2280 1300 2541 1369 angustiis
2568 1301 2930 1369 premebatur,
2973 1310 3031 1354 ut
3077 1315 3176 1356 nec
3218 1299 3445 1355 dictatos
3488 1301 3625 1355 libros
3654 1310 3761 1362 semel

2280 1394 2524 1465 relegere
2550 1406 2752 1466 posset,
2784 1404 2843 1451 ut
2883 1396 3113 1465 ipsemet
3158 1404 3384 1450 testatur
3425 1395 3475 1449 in
3515 1397 3687 1466 epistola
3720 1402 3761 1455 ad

2282 1486 2677 1544 Marcellinum.
2706 1487 3068 1555 Quamobrem
3092 1487 3139 1543 si
3162 1487 3290 1558 quid
3313 1488 3510 1543 veritati
3534 1488 3763 1546 minuscon-

2282 1578 2456 1635 forme
2477 1581 2651 1636 eidem
2672 1582 2980 1648 excidisset,
3000 1580 3122 1651 jure
3142 1583 3336 1636 merito
3351 1583 3764 1643 excusandusestet.

2281 1673 2415 1728 lllud
2438 1689 2568 1730 vero
2592 1676 2824 1731 maxime
2844 1675 3137 1731 notandum
3168 1675 3339 1740 venit,
3363 1675 3498 1745 quod
3513 1679 3764 1748 Augustinus,

2282 1778 2405 1820 cum
2432 1766 2713 1822 universos
2734 1782 2766 1822 a
2800 1781 2861 1823 se
2885 1767 3233 1824 elucubratus
3265 1766 3432 1823 libros
3472 1772 3669 1824 censoria
3686 1787 3767 1841 gra-

582 1864 692 1919 rire
720 1880 820 1920 nos
852 1879 1052 1932 possm,
1084 1881 1174 1932 ne,
1200 1866 1328 1921 dum
1356 1867 1583 1922 salutem
1630 1865 1891 1929 defendit,
1917 1866 2175 1935 pietatem
2207 1860 2259 1921 B
2284 1860 2448 1915 male
2479 1870 2808 1926 recensent.
2834 1875 2897 1915 ac
2928 1875 3072 1930 sape
3097 1861 3376 1932 spongiam
3406 1860 3657 1925 adhiberet,
3686 1878 3767 1918 en-

583 1956 932 2011 contaminet.
976 1975 995 2007 ι
1031 1955 1161 2023 Quis
1188 1964 1369 2012 autem
1409 1972 1513 2012 non
1547 1956 1723 2013 videat
1765 1965 2020 2028 quantum
2056 1956 2178 2012 huic

582 2048 865 2103 sententia:
896 2046 1229 2103 auctoritatis
1276 2048 1484 2117 pondus
1527 2048 1780 2119 adjiciam
1827 2048 2174 2119 Ambrosius,

583 2140 887 2211 Cyprianus
906 2149 962 2195 et
990 2141 1319 2210 Augustinus
1339 2141 1362 2195 ?
1386 2141 1574 2197 Nonne
1603 2142 1688 2197 illa
1717 2141 2177 2197 sanctissimorum

585 2246 649 2286 ac
670 2230 1103 2287 doctissimorum
1137 2233 1353 2287 Patrum
1387 2234 1519 2288 trias
1559 2235 1934 2304 praeponderat
1956 2235 2179 2305 integras

584 2324 843 2379 centuria:
902 2324 1290 2392 casuistarum,
1346 2339 1483 2395 quos
1522 2325 1866 2393 Guimenius,
1928 2326 2176 2393 Pirotus,

582 2416 780 2486 aliique
809 2416 1284 2473 Probabilistarum
1332 2419 1585 2488 primipili
1630 2420 1789 2491 longo
1818 2419 2007 2475 ordine
2042 2419 2180 2475 reci-

530 2526 533 2529 λ
587 2517 720 2576 tant,
751 2522 858 2578 quo
890 2509 1126 2575 testium,
1161 2509 1204 2563 si
1236 2524 1343 2563 non
1364 2510 1704 2575 auctoritate,
1729 2510 1921 2566 saltem
1952 2526 2178 2566 numero

586 2616 680 2656 eas
709 2600 992 2671 Opiniones
1020 2602 1350 2667 suffulciant,
1380 2617 1512 2673 quas
1539 2604 1614 2658 uti
1661 2604 2035 2675 sanguinarias
2078 2620 2179 2658 an-

588 2692 847 2761 tiquiores
875 2693 1129 2750 Ecclesia:
1174 2695 1415 2764 magistri
1460 2696 1886 2767 praescripsere?
1930 2696 2178 2753 Profecto

583 2798 737 2839 novae
786 2785 1067 2856 theologia:
1113 2786 1375 2856 magistri,
1427 2788 1520 2859 qui
1572 2803 1678 2844 non
1725 2788 1845 2844 siue
1891 2788 2179 2859 proborum

584 2876 840 2932 seandalo
877 2877 1113 2933 docuere
1144 2879 1349 2935 licitum
1378 2895 1499 2935 esse
1528 2880 1780 2937 occidere
1808 2880 2173 2938 detractorem

581 2982 781 3025 nostrae
810 2971 986 3037 famae,
1021 2973 1254 3029 immane
1282 2989 1346 3028 ac
1374 2974 1597 3031 crudele
1629 2984 1899 3031 assertum
1926 2975 2051 3032 inde
2080 2976 2177 3032 de-

582 3062 804 3127 ducunt,
834 3065 976 3133 quod
1004 3063 1177 3119 honor
1206 3066 1373 3129 pluris
1406 3065 1683 3122 faciendus
1723 3076 1809 3141 est
1837 3083 1995 3137 quam
2045 3069 2174 3135 vita,

582 3164 637 3211 et
665 3170 787 3210 cum
818 3171 914 3225 pro
942 3156 1100 3226 hujus
1130 3157 1447 3213 defensione
1475 3158 1679 3214 licitum
1707 3160 1779 3214 sit
1829 3159 2171 3216 insidiantem

2280 1960 2397 2008 rata
2420 1952 2679 2008 adversus
2702 1952 3021 2024 Pelagianos
3040 1954 3316 2009 volumina
3338 1968 3690 2024 recognoscens,
3702 1957 3769 2013 duo

2282 2043 2401 2101 hanc
2458 2055 2661 2100 tantum
2709 2044 3027 2117 corrigenda
3072 2046 3228 2111 dixit,
3285 2062 3473 2117 nempe
3510 2048 3630 2118 quod
3663 2050 3727 2104 lib.
3754 2069 3771 2103 γ

2281 2145 2471 2192 contra
2492 2137 2763 2193 Julianum
2789 2138 2983 2195 medici
3011 2140 3294 2209 cujusdam
3331 2139 3488 2196 veluti
3528 2149 3689 2195 certum
3714 2158 3773 2196 no-

2283 2244 2408 2285 men
2437 2232 2729 2301 posuisset,
2774 2232 2918 2302 quod
2948 2242 3125 2289 tamen
3157 2234 3375 2303 penitus
3402 2235 3615 2306 ignotum
3651 2245 3772 2304 postea

2283 2323 2763 2390 animadverterat,
2795 2325 3007 2393 quodve
3036 2326 3089 2381 in
3120 2325 3263 2381 libro
3294 2326 3361 2383 de
3383 2327 3566 2382 Natura
3601 2339 3645 2382 et
3667 2329 3773 2398 gratia

2284 2414 2482 2470 librum
2526 2417 2814 2487 quemdam
2840 2416 2994 2474 Sixto
3036 2418 3281 2489 pontifici
3328 2419 3627 2489 ascripserit,
3647 2419 3775 2488 Pelagii

2283 2506 2447 2562 fidem
2477 2518 2719 2574 secutus,
2744 2510 2832 2580 qui
2863 2518 3041 2567 tamen
3073 2526 3104 2565 a
3136 2513 3306 2570 Sexto
3355 2510 3642 2581 philosopho
3663 2511 3775 2566 editus

2282 2597 2481 2655 fuerat.
2507 2599 2775 2656 Caeterum
2804 2603 3008 2657 nullum
3036 2604 3142 2659 illis
3163 2605 3216 2659 in
3247 2604 3399 2659 libris
3421 2613 3588 2660 contra
3614 2604 3777 2672 Pelagia-

2283 2710 2385 2752 nos
2414 2706 2682 2751 assertum
2710 2698 2902 2768 dogma
2932 2699 3268 2767 recantavit,
3302 2698 3496 2755 nullam
3537 2713 3626 2754 non
3664 2698 3775 2752 dicam

2282 2791 2609 2847 sententiam
2638 2792 2898 2857 correxit,
2928 2792 3024 2849 sed
3056 2808 3231 2863 neque
3256 2809 3418 2849 unum
3445 2792 3639 2848 verbum
3670 2790 3775 2845 veluti

2284 2882 2465 2940 minus
2496 2894 2677 2955 aptum
2701 2887 2886 2953 erasit,
2920 2888 3016 2943 sed
3068 2888 3319 2942 universa
3367 2902 3428 2942 ac
3473 2886 3646 2957 singula
3677 2882 3777 2940 senili

2284 2978 2601 3034 auctoritate
2648 2979 2987 3050 approbavit,
3046 2989 3104 3035 ut
3156 2981 3243 3036 vel
3301 2980 3424 3035 hinc
3470 2980 3626 3033 divina
3650 2977 3775 3046 gratia,

2286 3085 2448 3140 quam
2482 3070 2698 3142 triginta
2728 3081 2783 3127 et
2808 3073 3040 3143 amplius
3073 3072 3227 3129 libris
3258 3084 3445 3128 contra
3474 3070 3778 3141 Pelagianorum

2284 3161 2516 3217 insultus
2541 3164 2803 3221 acerrime
2834 3167 3209 3235 propugnavit,
3254 3166 3468 3237 dignam
3511 3164 3647 3221 veluti
3685 3171 3780 3215 tanto

582 3257 740 3318 atque
772 3248 880 3301 vim
913 3247 1232 3304 inferentem
1262 3249 1531 3316 occidere,
1579 3251 1774 3320 potiori
1817 3252 2024 3307 ratione
2069 3267 2174 3307 non
2207 3254 2252 3317 C
2286 3252 2474 3309 labore
2518 3254 2691 3310 vicem
2720 3256 3043 3325 rependens,
3080 3258 3345 3313 scribenti
3388 3255 3602 3311 adfuisse
3643 3253 3779 3309 credin

582 3342 683 3397 erit
703 3356 830 3397 reus
858 3341 1099 3398 criminis
1118 3344 1209 3413 qui
1232 3360 1329 3413 pro
1361 3343 1567 3400 honore
1597 3345 1954 3410 defensando,
1987 3346 2033 3401 si
2057 3346 2173 3401 nul-

583 3435 669 3490 lus
696 3436 767 3490 sit
791 3436 926 3491 alius
972 3437 1236 3493 evadendi
1268 3438 1481 3505 modus,
1510 3440 1922 3497 calumniantem
1950 3439 2174 3497 obtrun-

583 3535 691 3581 cat.
718 3527 845 3584 Ilaec
865 3527 1039 3584 aliave
1067 3529 1226 3599 longe
1252 3530 1402 3599 plura
1432 3532 1516 3585 vir
1544 3531 1634 3587 ille
1657 3531 1897 3588 eruditus
1921 3534 2171 3603 protulit,

582 3635 706 3691 qua:
732 3620 949 3691 quidem
978 3621 1131 3678 alteri
1162 3624 1322 3678 etiam
1345 3637 1405 3679 se
1444 3624 1746 3680 insinuasse
1798 3634 2022 3681 testatus
2065 3635 2168 3693 est,

582 3712 673 3781 qui
696 3728 759 3769 ea
792 3725 974 3783 postea
1004 3728 1215 3783 quoque
1241 3716 1380 3786 typis
1404 3730 1603 3770 excusa
1634 3714 1887 3786 vulgavit.
1917 3715 2172 3789 Facessat

584 3804 744 3876 igitur
768 3822 1028 3861 novorum
1047 3808 1398 3863 casuistarum
1418 3808 1598 3874 timor,
1622 3821 1750 3862 suos
1779 3807 1883 3862 illis
1904 3807 2173 3878 relinqua-

582 3912 701 3953 mus
730 3897 1088 3953 Tamburinos
1115 3907 1169 3954 et
1200 3898 1453 3969 Bannios,
1482 3914 1579 3955 nos
1602 3900 1944 3957 Ambrosium
1983 3908 2039 3956 et
2065 3900 2173 3956 Au-

582 3991 849 4060 gustinum
880 3991 1179 4061 audiemus,
1204 4007 1325 4049 cum
1356 3994 1548 4063 quibus
1572 3994 1758 4064 gloria:
1792 4002 2031 4049 vertetur
2068 4010 2171 4049 non

582 4084 744 4140 modo
790 4099 1010 4156 sapere,
1054 4102 1240 4144 verum
1294 4086 1456 4143 etiam
1487 4075 1755 4157 iudicibus
1790 4088 2039 4145 casuistis
2081 4101 2171 4143 er-

584 4190 725 4233 rare.

585 4294 614 4364 §
665 4294 779 4349 ΧΙΙ.
812 4295 1036 4349 Sanctus
1082 4280 1397 4365 Augustinus
1446 4295 1499 4348 in
1541 4294 1684 4349 libris
1734 4294 2173 4350 Rctractationum

656 4365 784 4438 nihil
805 4367 893 4420 abs
915 4382 969 4420 se
996 4366 1059 4418 de
1082 4367 1260 4438 divina
1282 4367 1449 4438 gratia
1471 4374 1722 4423 assertum
1746 4366 1801 4420 in
1828 4367 1972 4420 libris
1994 4378 2172 4423 contra

656 4434 962 4508 Pelagianos
990 4437 1192 4507 scriptis
1218 4434 1485 4509 expunxit.

654 4553 763 4608 llos
789 4557 1087 4623 Augustino
1130 4569 1340 4610 errores
1376 4553 1615 4613 Adamus
1643 4571 1706 4611 ac
1736 4555 2003 4612 Moraines
2028 4554 2168 4626 obji-

2282 3349 2377 3414 sit,
2408 3364 2514 3419 quo
2544 3351 2729 3419 procul
2758 3367 2787 3404 a
2814 3352 3057 3422 quolibet
3083 3354 3169 3409 vel
3202 3354 3477 3409 levissimo
3502 3366 3657 3409 errore
3682 3350 3780 3403 voln-

2281 3440 2429 3496 mina
2468 3442 2556 3497 illa
2584 3442 2749 3497 cedro
2776 3444 2933 3513 digna
2959 3444 3345 3514 perscriberet.
3390 3445 3456 3499 Et
3501 3452 3649 3499 tamen
3686 3441 3781 3495 hisee

2282 3533 2338 3589 in
2373 3535 2525 3591 libris
2552 3546 2797 3591 recentes
2826 3536 3124 3594 Aristarchi
3151 3547 3232 3593 tot
3260 3552 3529 3604 excessus,
3552 3545 3619 3593 tot
3653 3534 3782 3587 antilo-

2278 3629 2418 3699 gias,
2454 3637 2531 3684 tot
2560 3644 2773 3685 errores
2815 3644 2873 3685 se
2904 3630 3328 3699 deprehendisse
3354 3629 3580 3701 iactant!
3606 3624 3784 3696 Augusti-

2281 3733 2382 3773 nus
2411 3719 2795 3776 modestissimi
2819 3720 2902 3776 vir
2928 3721 3127 3791 ingenii
3152 3736 3283 3779 suos
3318 3722 3479 3779 hosce
3520 3716 3781 3777 censoresita

2278 3810 2514 3866 monitos
2564 3812 2677 3867 vult
2728 3812 2781 3867 in
2837 3812 2942 3869 fine
2974 3812 3095 3869 libri
3119 3815 3188 3870 de
3233 3815 3389 3872 Dono
3409 3808 3782 3885 perseverantia:

2285 3924 2304 3958 ι
2332 3906 2434 3975 Qui
2462 3922 2592 3964 vero
2618 3922 2804 3964 errare
2831 3924 2919 3964 me
2946 3909 3278 3980 existimant,
3314 3913 3475 3967 etiam
3518 3918 3652 3979 atque
3672 3906 3782 3960 etiam

2279 4014 2401 4069 qua:
2426 4009 2550 4055 sunt
2571 3998 2711 4057 dicta
2741 4002 3110 4067 considerent,
3140 4017 3211 4059 ne
3250 4002 3493 4060 fortassis
3517 4000 3604 4071 ipsi
3640 4004 3782 4054 errent.

2279 4092 2397 4165 Ego
2422 4102 2601 4150 autem
2627 4108 2749 4151 cum
2777 4110 2871 4165 per
2892 4110 2985 4153 eos
3009 4096 3102 4166 qui
3126 4111 3278 4153 meos
3302 4097 3510 4154 labores
3534 4095 3697 4165 legunt,
3714 4103 3783 4144 non

2278 4186 2452 4241 solum
2482 4187 2714 4256 doctior,
2747 4202 2934 4245 verum
2964 4188 3128 4244 etiam
3171 4188 3506 4246 emendatior
3546 4187 3626 4255 fio,
3664 4180 3784 4254 propi-

2278 4278 2409 4332 tium
2438 4278 2569 4333 mihi
2602 4278 2768 4335 Deum
2795 4294 3049 4351 agnosco,
3077 4289 3133 4335 et
3181 4280 3288 4336 hoc
3321 4294 3416 4349 per
3444 4276 3671 4335 Ecclesia:
3691 4273 3781 4326 doc-

2277 4380 2423 4428 tores
2450 4372 2683 4428 maxime
2708 4381 2997 4443 exspecto,
3028 4372 3074 4428 si
3106 4378 3162 4427 et
3190 4371 3244 4427 in
3276 4372 3513 4442 ipsorum
3532 4379 3689 4424 manus
3719 4374 3782 4415 ve-

2276 4466 2374 4531 nit,
2410 4464 2804 4536 dignenturque
2833 4480 2993 4520 nosse
3036 4464 3179 4535 quod
3231 4464 3436 4520 scribo.
3473 4480 3494 4517 ι
3523 4461 3637 4527 Quae
3670 4451 3783 4509 verba

2274 4574 2397 4614 cum
2460 4556 2678 4628 legisset
2729 4571 2969 4613 summus
3018 4555 3519 4612 Ecclesiasticorum
3566 4545 3781 4606 Annalium

581 4649 751 4715 ciunt,
782 4648 876 4703 sed
905 4664 1042 4705 vano
1070 4663 1288 4719 prorsus
1318 4660 1550 4715 eventu;
1582 4665 1704 4705 nam
1734 4666 1800 4707 eo
1823 4652 2064 4721 improbo
2094 4652 2170 4706 la-
2197 4649 2253 4711 D
2279 4651 2530 4720 scriptor,
2564 4664 2628 4704 ac
2661 4630 2906 4706 Vaticani
2936 4657 3156 4705 senatus
3187 4646 3492 4705 immortale
3518 4645 3677 4707 decus,
3710 4635 3786 4691 C24

582 4740 713 4811 bore
752 4756 858 4797 non
886 4739 1243 4811 Hipponensis
1269 4742 1509 4811 praesulis
1537 4742 1731 4798 famam
1764 4744 1847 4799 vel
1876 4744 2167 4799 auctorita-

582 4846 687 4892 tem
738 4836 1107 4903 decurtarunt,
1154 4836 1247 4891 sed
1292 4852 1449 4907 quam
1486 4839 1718 4894 maxime
1765 4847 2166 4907 promoverttnt.

580 4929 709 4997 Quis
751 4940 929 4985 autem
958 4928 1113 4984 initio
1141 4944 1316 4985 causm
1348 4946 1455 4985 non
1504 4930 1690 4987 fuisset
1718 4932 1917 4987 veritus
1949 4947 2015 4989 ne
2056 4932 2168 4989 Au-

578 5026 841 5097 gustinus,
877 5027 929 5079 in
974 5025 1220 5081 ducentis
1257 5036 1311 5081 et
1356 5025 1587 5095 amplius
1627 5026 1776 5082 libris
1802 5042 1937 5098 quos
1968 5027 2134 5083 edidit

582 5122 635 5174 in
669 5130 746 5177 tot
773 5119 1016 5190 epistolis
1036 5133 1169 5191 quas
1191 5118 1502 5189 publicavit,
1536 5121 1586 5174 in
1619 5120 1915 5175 innumeris
1942 5120 2163 5176 concio-

582 5212 739 5266 nibus
791 5226 924 5281 quas
953 5210 1021 5266 ad
1050 5211 1303 5281 populum
1337 5211 1543 5278 habuit,
1576 5212 1628 5266 in
1661 5221 1735 5266 tot
1766 5213 2166 5268 commentariis

580 5320 643 5359 ac
664 5304 1045 5373 quaestionibus
1067 5305 1261 5373 quibus
1290 5319 1471 5360 sacras
1498 5305 1702 5360 litteras
1728 5306 2002 5375 explicuit,
2032 5320 2061 5360 a
2089 5309 2165 5363 ri-

580 5396 877 5467 giilioribus
904 5397 1051 5452 hisce
1076 5396 1391 5453 censoribus
1416 5395 1647 5466 alicujus
1676 5398 1839 5453 errati
1863 5412 1988 5455 reus
2017 5408 2168 5457 tene-

580 5498 750 5556 retur,
778 5507 898 5546 cum
941 5493 1024 5548 vel
1047 5492 1243 5547 bonum
1288 5494 1462 5562 ipsum
1509 5491 1800 5549 Homerum
1847 5496 2168 5565 quandoque

581 5581 871 5637 dormitare
914 5582 968 5637 in
1011 5583 1215 5653 adagiis
1265 5584 1375 5641 sit?
1421 5584 1605 5655 Neque
1632 5586 1776 5642 enim
1806 5589 1983 5644 omnia
2023 5590 2163 5647 dicta

581 5671 672 5727 illa
702 5672 849 5729 licuit
878 5676 1239 5746 perpendere;
1271 5677 1557 5749 aliquoties
1599 5680 1759 5736 etiam
1801 5682 2019 5752 scripsit
2042 5684 2163 5738 ani-

582 5779 672 5839 mo
696 5766 971 5834 distracto,
997 5783 1059 5823 ac
1088 5768 1296 5824 calamo
1335 5770 1402 5826 ad
1429 5752 1537 5828 alia
1584 5785 1928 5843 properante.
1977 5777 2164 5847 Adjice

582 5854 895 5918 immensam
919 5862 1057 5919 illam
1087 5862 1350 5920 haeresum
1372 5865 1565 5921 silvam
1587 5868 1672 5925 cui
1700 5870 2081 5931 exscindenda:
2099 5888 2161 5933 ac

2282 4758 2373 4797 sar
2399 4741 2684 4809 Baronius,
2715 4742 2769 4798 in
2818 4743 2937 4798 haec
2962 4741 3335 4811 Augustiniani
3368 4739 3557 4812 ingenii
3593 4728 3788 4807 ρηοοηίι

2279 4836 2494 4906 erupit:
2535 4854 2553 4887 ι
2593 4835 2718 4891 Haec
2761 4835 2878 4905 ipsa
2906 4834 3067 4906 digna
3098 4834 3314 4906 quidem
3365 4832 3533 4890 sancti
3578 4820 3788 4899 Augustini

2279 4927 2565 4995 modestia,
2592 4926 2865 4997 animique
2895 4926 3013 4997 ejus
3034 4926 3341 4983 admirabili
3362 4941 3483 4982 cum
3507 4918 3788 4981 submissione

2277 5018 2626 5088 verecundia,
2654 5026 2713 5075 ut
2734 5020 2898 5090 plane
2920 5020 3023 5075 nisi
3050 5020 3287 5077 aliunde.
3318 5036 3389 5078 ex
3429 5020 3510 5075 his
3537 5016 3699 5074 saltem
3732 5009 3786 5063 in-

2276 5116 2521 5186 telligere
2549 5116 2751 5184 valeas,
2776 5114 3014 5172 afflatum
3037 5116 3130 5172 illo
3150 5116 3332 5172 divino
3370 5113 3561 5186 Spiritu
3597 5111 3668 5166 illa
3691 5102 3767 5162 scri

2274 5208 2469 5277 psisse,
2497 5222 2619 5263 cum
2652 5222 2760 5263 non
2790 5221 2953 5278 super
2991 5208 3297 5279 quempiam
3328 5207 3492 5264 alium
3519 5218 3656 5277 quam
3674 5209 3791 5267 super

2273 5300 2555 5367 humilem,
2577 5302 2820 5375 quietum
2843 5310 2897 5358 et
2928 5310 3254 5359 trementem
3281 5316 3582 5360 sermonem
3619 5292 3697 5352 Dei
3734 5287 3789 5344 di-

2271 5395 2455 5451 vinum
2476 5394 2645 5451 affore
2670 5411 2893 5465 numen,
2914 5394 3056 5453 Deus
3081 5412 3180 5468 per
3204 5398 3516 5468 prophetam
3542 5390 3679 5449 fuerit
3699 5399 3789 5443 eon-

2272 5494 2521 5543 testatus.
2557 5506 2575 5540 ι
2611 5486 2683 5543 At
2710 5487 2973 5545 Ecclesia:
2999 5488 3251 5546 doctores
3278 5498 3482 5545 tantum
3511 5486 3647 5541 abest
3669 5489 3713 5535 ut
3731 5474 3786 5530 vel

2271 5594 2374 5635 una
2404 5579 2565 5636 litura
2593 5581 2764 5635 sancti
2802 5580 3086 5653 Augustini
3109 5581 3178 5638 de
3225 5582 3400 5637 divina
3448 5580 3603 5651 gratia
3640 5566 3789 5628 doctri-

2271 5696 2393 5737 nam
2420 5681 2782 5749 emendarint,
2805 5691 2865 5737 ut
2884 5682 3052 5739 veluti
3082 5700 3111 5739 e
3133 5684 3411 5740 sacratiori
3438 5681 3629 5738 cortina
3654 5676 3783 5730 datam

2269 5784 2513 5839 eamdem
2539 5793 2883 5851 venerantes,
2914 5793 3102 5840 contra
3129 5782 3606 5855 Semi-Pelagianos
3652 5772 3788 5832 defen-

2271 5876 2466 5945 derint,
2500 5892 2560 5933 ac
2590 5876 2832 5934 Romana
2868 5877 2981 5949 ipsa
3029 5878 3276 5936 Ecclesia
3325 5878 3564 5936 fidelibus
3607 5883 3784 5941 sequen-
