3962 6346
160 285 277 364 745'

1340 300 1666 362 VINDICLE
1705 302 1845 364 AUG
1857 301 2262 364 USTINIANAE.

3327 305 3434 361 746

163 420 287 475 datu
316 416 674 490 proposuerit.
704 415 860 486 Quod
887 416 934 474 si
964 401 1319 485 recentiores,
1341 424 1422 473 tot
1448 426 1594 474 retro
1644 431 1748 473 sae-
1772 423 1827 483 Α
1851 434 1914 474 ea:
1947 417 2224 487 Hispania,
2271 433 2336 473 ex
2364 412 2642 471 Germania
2664 430 2687 483 ;
2713 405 2884 474 miror
2906 427 3004 476 cur
3025 407 3140 474 non
3168 418 3327 475 etiam
3369 436 3437 477 ex

164 513 410 566 culorum
455 511 839 581 approbatione
885 509 1201 579 repudiata,
1259 522 1355 564 eos
1397 521 1457 563 se
1508 508 1754 562 Ecclesiae

163 605 398 659 doctores
429 602 630 668 dicant,
662 600 856 672 quibus
897 615 996 656 sua
1026 600 1224 669 scripta
1249 597 1604 655 examinanda
1633 612 1759 667 per-

162 695 678 766 misitAugustinus,
700 693 883 750 saeculi
913 694 1134 763 hujusce
1160 694 1329 748 nostri
1355 700 1626 747 tantorum
1655 690 1756 747 ho-

163 788 369 844 minum
392 787 667 843 nutritoris
696 786 935 842 felicitati
959 783 1399 857 adgratulandum
1431 783 1554 852 erit,
1579 784 1624 838 si
1646 783 1759 837 Au-

165 879 365 950 gustini
395 887 570 935 tamen
601 894 814 934 errores
857 879 1052 935 melius
1106 877 1428 948 persuadere
1473 884 1755 948 poterunt,

165 985 330 1041 quam
360 971 633 1042 hucusque
678 971 876 1027 fecere.
908 970 976 1026 At
1010 970 1289 1027 meliorem
1320 969 1449 1038 ipsis
1501 977 1757 1036 mentem,

164 1063 446 1118 meliorem
479 1063 533 1119 in
561 1063 920 1134 Augustinum
949 1077 1128 1118 meum
1175 1063 1412 1116 animum
1472 1077 1502 1115 a
1549 1061 1758 1130 superis

164 1167 382 1224 precor,
415 1163 471 1208 ut
496 1155 794 1225 praedicatio
825 1168 986 1209 suum
1017 1168 1068 1207 IN
1112 1153 1377 1207 ECCLESIA
1406 1167 1514 1206 vim
1566 1151 1757 1222 (Pros-

163 1245 285 1314 peri
320 1244 482 1299 verba
512 1254 636 1299 sunt
659 1245 725 1300 de
756 1245 988 1313 antiquis
1033 1243 1314 1314 Augustini
1365 1241 1759 1296 calumniatori-

165 1334 268 1390 bus
281 1335 350 1389 ad
379 1334 632 1390 Ruﬁnum
664 1334 1000 1404 scribentis),
1028 1335 1180 1388 etiam
1207 1334 1270 1388 ab
1300 1334 1401 1401 his,
1428 1349 1461 1388 a
1486 1332 1666 1403 quibus
1691 1331 1761 1387 ad

165 1441 392 1498 presseris
422 1429 714 1497 revellitur,
745 1428 1034 1498 adjuvetur.

790 1543 1016 1600 CAPUT
1064 1542 1131 1598 ν.

170 1658 500 1714 Recentiores
570 1657 782 1729 triginta
851 1658 1071 1729 quinque
1125 1656 1390 1710 doctorum
1447 1654 1758 1729 testimonia,

241 1743 420 1800 nentpe
447 1727 774 1800 pontiﬁcum,
808 1727 1172 1794 rardinalium,
1221 1729 1598 1796 episcoporum,
1629 1727 1761 1779 alio-

1859 509 2082 580 Japonia
2105 511 2118 563 ι
2144 508 2277 564 Cum
2305 509 2656 580 Augustinum
2684 525 2716 566 a
2746 509 2957 568 Baianis
2984 511 3310 568 vindicatum
3337 530 3439 568 no—

1859 601 1942 656 bis
1970 609 2308 656 ostensurum
2331 603 2618 671 promittis,
2643 602 2890 658 eumdem
2919 603 3117 660 misere
3145 603 3439 660 laceratum

1859 693 2102 750 exhibes.
2131 694 2272 749 Sane
2300 709 2548 764 magnum
2597 694 2746 750 illum
2797 694 2990 751 ducem
3041 695 3442 766 Hipponensem

1859 786 1926 839 ab
1960 784 2204 840 hostibus
2228 792 2319 839 tua
2348 784 2545 840 virtute
2570 771 2853 841 defensum
2883 787 2938 841 in
2958 787 3223 857 Capitolio
3248 787 3440 843 trium-

1861 876 2113 947 phantem
2137 889 2363 933 cernere
2401 877 2773 947 sperabamus,
2823 878 2899 938 illi
2929 878 3143 950 quidem
3180 881 3441 945 lauream,

1861 971 1957 1026 tibi
1985 987 2111 1028 vero
2139 972 2363 1027 civicam
2392 986 2647 1027 coronam
2677 973 2951 1041 intexturi,
2983 987 3103 1028 cum
3130 984 3353 1044 repente
3379 989 3446 1028 cx

1861 1063 2144 1120 defensore
2170 1063 2341 1120 hostis
2368 1064 2684 1129 acerrimus,
2732 1078 2763 1119 a
2791 1064 3045 1120 Jansenio
3094 1067 3147 1120 in
3191 1065 3445 1133 Angusti-

1862 1173 1990 1214 num
2030 1143 2199 1214 aciem
2231 1157 2495 1223 deﬂectis,
2537 1172 2599 1211 ac
2640 1157 2953 1211 innumeros
3003 1166 3178 1212 tecum
3227 1155 3448 1210 trahens

1862 1252 2108 1308 eumdem
2131 1265 2427 1322 oppugnas.
2458 1249 2610 1306 Scire
2627 1250 2817 1305 vellem
2840 1266 2959 1320 quae
2987 1257 3038 1306 te
3060 1251 3216 1317 ratio,
3242 1251 3450 1304 Annate

1864 1342 1932 1415 (si
1959 1358 2077 1412 quae
2102 1345 2155 1397 in
2184 1343 2332 1398 hisce
2361 1341 2468 1396 ulla
2499 1356 2620 1397 esse
2642 1341 2863 1411 potest),
2895 1342 2962 1396 ad
2993 1342 3284 1409 longiorem
3311 1341 3448 1395 hanc

1863 1441 1919 1489 et
1947 1434 2279 1489 acerbiorem
2303 1448 2584 1489 censuram
2605 1432 2942 1489 scribendam
2973 1432 3286 1500 impulerit?
3317 1433 3450 1488 Res-

1863 1527 2070 1597 pondes
2095 1541 2214 1596 cap.
2242 1525 2300 1593 4,
2331 1542 2454 1598 pag.
2482 1527 2585 1581 877
2610 1545 2624 1582 :
2654 1545 2672 1579 ι
2704 1527 2829 1581 Haec
2849 1525 2975 1581 duxi
2999 1526 3369 1596 proponenda,
3392 1537 3452 1582 ut

1864 1620 2227 1690 intelligamus
2256 1636 2362 1676 non
2393 1622 2554 1677 nimis
2584 1619 2975 1676 inverecundos
2996 1618 3110 1674 fore
3137 1615 3182 1675 si
3204 1621 3296 1690 qui
3317 1620 3453 1675 forte

1865 1726 1971 1767 non
2002 1712 2073 1767 ita
2100 1727 2157 1767 se
2186 1711 2373 1768 faciles
2404 1712 2692 1768 exhibeant
2711 1711 2766 1766 in
2797 1711 2860 1765 iis
2883 1709 3134 1766 omnibus
3157 1710 3452 1765 admitten-

239 1817 456 1870 rumque
511 1811 693 1876 contra
746 1807 975 1876 sanctum
1032 1800 1378 1868 Augustinum
1425 1801 1761 1866 producunt;

1868 1805 1949 1862 dis
1976 1821 2094 1876 quae
2120 1806 2290 1862 videri
2327 1806 2557 1876 cuipiam
2589 1805 2796 1876 possint
2846 1804 3119 1874 proposita
3172 1803 3334 1859 fuisse
3384 1804 3452 1860 ab

237 1887 458 1939 quorum
497 1871 626 1940 ﬁdes
653 1871 981 1940 expenditur.

243 1982 596 2038 Recentiores
623 1982 887 2048 nonnulli,
914 1996 981 2036 ne
1017 1982 1188 2038 sancti
1219 1981 1502 2052 Augustini
1532 1979 1764 2036 auctori-

169 2081 340 2130 tatem
372 2074 566 2128 alicubi
589 2073 925 2140 deserentes,
972 2073 1233 2128 bonorum
1260 2073 1495 2127 omnium
1522 2071 1764 2141 indigna—

169 2166 376 2222 tionem
407 2167 684 2233 :subirent,
731 2165 783 2220 in
825 2166 876 2220 id
916 2165 1128 2220 consilii
1171 2165 1587 2229 descenderunt,
1633 2163 1765 2218 scri-

170 2267 387 2328 ptorum
415 2259 651 2313 omnium
683 2256 913 2312 schedas
943 2257 1044 2312 sibi
1075 2255 1426 2311 excutiendas
1456 2269 1599 2321 esse,
1625 2261 1680 2309 et
1718 2253 1765 2308 si

169 2351 303 2421 quid
330 2352 382 2407 in
413 2351 518 2407 illis
549 2352 725 2407 minus
756 2351 1049 2406 honoriﬁce
1077 2351 1143 2405 de
1171 2351 1466 2420 Augustino
1498 2357 1764 2404 assertum

168 2445 264 2509 sit,
310 2444 365 2499 ir.
409 2443 676 2514 publicum
722 2442 1124 2513 proferendum.
1174 2441 1306 2496 Nam
1355 2441 1447 2496 ubi
1488 2455 1553 2496 eo
1589 2440 1764 2496 stadio

169 2538 403 2592 aliorum
426 2537 666 2608 vestigiis
695 2551 754 2592 se
778 2537 1056 2591 inhaesisse
1081 2534 1520 2601 monstraverint,
1546 2547 1760 2587 omnem

169 2629 302 2686 facti
329 2630 582 2684 invidiam
625 2644 684 2684 se
711 2629 1075 2684 declinaturos
1101 2627 1498 2682 existimarunt.
1529 2626 1765 2680 Joannes

169 2723 411 2778 Adamus
443 2738 503 2778 ac
533 2722 850 2778 Franciscus
877 2721 1119 2776 Annatus
1151 2720 1202 2774 id
1244 2733 1436 2790 magno
1482 2717 1660 2773 studio
1703 2731 1766 2772 ac

169 2813 377 2884 ingenti
406 2813 589 2868 labore
633 2814 872 2869 exsecuti
912 2821 1078 2867 sunt:
1126 2811 1216 2866 ille
1259 2819 1396 2881 part.
1452 2825 1507 2864 ιιι
1559 2808 1765 2864 Calvini

169 2908 460 2973 destructi,
495 2923 614 2979 cap.
649 2909 704 2975 7,
729 2922 780 2976 p.
815 2907 912 2961 65-1
939 2925 951 2971 ;
983 2905 1068 2960 hic
1098 2914 1275 2961 autem
1308 2919 1372 2960 eo
1393 2904 1495 2959 loci
1522 2903 1612 2959 ubi
1640 2915 1765 2971 erga

168 3000 534 3070 Augustinum
566 3000 826 3055 debuerat
855 3012 976 3054 esse
1018 2999 1376 3053 reverentior.
1418 2995 1627 3051 Etenim
1656 2998 1766 3050 An-

169 3101 356 3159 natus,
393 3101 451 3147 ut
477 3077 902 3148 Jansenistarum
929 3091 1268 3160 jactantiam,
1299 3089 1389 3159 qui
1446 3097 1614 3144 totum
1663 3086 1765 3140 sibi

1864 1902 2183 1972 Augustino.
2222 1920 2240 1953 ι
2287 1901 2456 1956 Addis
2500 1917 2621 1972 pag.
2669 1901 2775 1958 874
2802 1919 2816 1955 :
2846 1920 2865 1953 ‹
2899 1902 3031 1970 Quae
3071 1900 3311 1972 plerique
3347 1913 3453 1954 non

1864 1996 2114 2052 videntur
2163 1996 2295 2051 satis
2341 1994 2680 2061 advertisse,
2737 1995 2864 2049 dum
2920 1993 3129 2048 Molinae
3177 1992 3454 2046 audaciam

1865 2096 2207 2159 exaggerant,
2239 2087 2531 2143 indicantis
2570 2086 2771 2156 aliquid
2800 2085 2936 2141 lucis
2964 2085 3221 2150 defuisse,
3247 2085 3456 2155 Augus-

1867 2181 1981 2236 tino
2013 2182 2066 2235 in
2101 2179 2438 2236 concilianda
2469 2194 2591 2233 cum
2631 2187 2808 2233 creata
2864 2178 3111 2233 libertate
3153 2177 3456 2231 divinorum

1865 2273 2206 2328 decretorum
2237 2279 2291 2326 et
2316 2270 2637 2326 auxiliorum
2666 2268 2930 2324 efﬁcacia.
2962 2286 2981 2320 ›
3016 2269 3229 2338 Ergone
3258 2277 3315 2322 ut
3349 2268 3456 2323 Mo-

1866 2367 1992 2422 linae
2013 2366 2304 2431 audaciam,
2329 2380 2488 2435 quam
2513 2372 2845 2437 exaggerant,
2873 2378 3179 2430 excusares,
3201 2364 3457 2435 Augusti-

1866 2473 1988 2524 nus,
2033 2459 2267 2513 eximius
2291 2457 2382 2512 ille
2421 2457 2679 2512 Ecclesiae
2707 2457 2917 2526 doctor,
2953 2465 3030 2511 tot
3072 2471 3317 2512 errorum
3359 2471 3458 2525 pu-

1865 2549 2005 2605 blice
2034 2565 2213 2604 coram
2239 2548 2370 2603 orbe
2391 2547 2659 2603 catholico
2685 2548 2886 2617 ingenti
2913 2547 3130 2602 testium
3156 2548 3309 2603 turba
3330 2561 3457 2602 con-

1867 2642 2025 2698 ducta
2054 2641 2386 2697 accusandus
2412 2641 2618 2696 fuerat?
2663 2641 2728 2696 Et
2775 2640 2991 2711 quidem
3031 2643 3274 2696 Annatus
3323 2655 3458 2695 non-

1868 2735 2016 2789 nulla
2042 2741 2231 2790 contra
2265 2733 2616 2802 Augustinum
2650 2732 2958 2787 testimonia
2988 2732 3234 2801 producit
3262 2732 3457 2802 quibus

1869 2839 1970 2879 nec
2001 2824 2115 2892 ipse
2159 2823 2424 2894 integram
2457 2821 2616 2877 ﬁdem
2658 2830 2914 2892 praestare
2961 2821 3107 2877 dicit.
3152 2822 3289 2877 Hinc
3336 2831 3461 2878 sunt

1869 2918 1970 2986 piae
1998 2918 2102 2972 illa:
2142 2917 2384 2986 ejusdem
2415 2931 2575 2972 voces
2604 2915 2760 2972 initio
2786 2930 2903 2987 cap.
2937 2917 2991 2984 5,
3042 2932 3161 2988 pag.
3193 2916 3319 2972 864.
3364 2917 3461 2972 Re-

1866 3011 1977 3078 fero
2032 3019 2252 3076 tantum,
2298 3026 2400 3062 non
2441 3008 2634 3077 probo;
2680 3023 2801 3078 quae
2840 3008 3038 3077 repetit
3079 3023 3196 3078 cap.
3227 3011 3290 3074 4,
3334 3024 3458 3080 pag.

1870 3101 1974 3158 876
2005 3120 2018 3155 :
2053 3103 2178 3168 Quae
2218 3103 2424 3173 quidem
2471 3119 2562 3175 ego
2591 3102 2780 3172 refero,
2829 3102 2918 3156 sed
2963 3118 3064 3156 non
3097 3103 3254 3170 probo
3277 3119 3297 3168 ;
3352 3103 3460 3157 imo

169 3186 534 3255 Augustinum
565 3185 930 3250 vindicabant,
959 3190 1347 3252 compesceret,
1396 3182 1530 3237 satis
1556 3181 1760 3249 justum

1868 3197 2087 3263 alicubi,
2115 3198 2244 3253 dum
2276 3198 2511 3267 pessime
2539 3197 2842 3267 Augustino
2864 3197 3213 3268 obloquentes
3258 3199 3459 3268 produ-

169 3280 426 3334 volumen
456 3280 724 3349 procudit,
747 3293 852 3347 quo
875 3278 1226 3347 Augustinum
1247 3284 1430 3331 contra
1452 3275 1765 3330 Jansenium

170 3379 320 3426 stare
350 3373 723 3428 demonstrare
753 3380 998 3436 conatus,
1049 3370 1209 3424 unius
1257 3366 1537 3437 Augustini
1586 3365 1765 3420 verbis

169 3474 362 3521 contra
393 3465 759 3521 adversarium
786 3464 1041 3534 loquitur,
1072 3471 1126 3518 et
1158 3461 1316 3516 sicuti
1335 3474 1488 3516 venae
1516 3459 1610 3513 toti
1639 3473 1762 3513 cor-

172 3558 297 3628 pori
329 3557 589 3627 inspersa:
618 3565 766 3625 sunt,
794 3557 862 3611 ita
891 3563 944 3611 et
974 3555 1062 3609 illa
1091 3562 1203 3609 toto
1224 3569 1289 3608 eo
1319 3567 1480 3622 opere
1509 3552 1767 3608 oberrant

172 3662 566 3722 resonantque.
590 3651 706 3718 Quo
727 3663 855 3706 vero
881 3648 1157 3718 Augustini
1184 3661 1243 3702 se
1269 3646 1535 3701 vindicem
1556 3659 1617 3699 ac
1643 3659 1766 3713 pro-

170 3757 528 3818 pugnatorem
555 3746 887 3809 ostenderet,
940 3745 1080 3798 hunc
1126 3742 1336 3797 titulum
1388 3740 1525 3794 libro
1573 3737 1762 3793 dedit:

170 3839 517 3896 AUGUSTINUS
535 3856 565 3893 Α
590 3839 804 3893 ΒΑιΑΝιε
825 3848 1161 3900 VINDICATUS,
1186 3831 1516 3888 Jansenistas
1540 3830 1766 3884 Baianos

171 3932 492 4001 ignominiae
529 3945 690 3986 causa
719 3944 939 3995 vocans,
988 3928 1130 3998 quod
1172 3926 1446 3982 Michaelis
1491 3925 1601 3979 Baii
1646 3939 1768 3994 pro-

170 4023 409 4092 scriptas
437 4039 466 4076 a
498 4023 626 4079 sede
655 4023 951 4093 apostolica
982 4021 1162 4076 theses
1188 4019 1478 4075 defendere
1510 4017 1769 4073 diceban-

173 4123 281 4168 tur.
317 4115 431 4180 Qua
463 4113 567 4169 ﬁde
599 4113 652 4169 id
690 4124 896 4182 septem
937 4111 1206 4182 prioribus
1248 4110 1398 4165 libris
1428 4109 1766 4180 praestiterit,

172 4206 418 4262 viderint
446 4207 516 4261 illi
549 4217 733 4263 contra
755 4221 890 4276 quos
919 4205 990 4260 ibi
1018 4206 1278 4270 decertat,
1302 4219 1332 4258 a
1355 4217 1580 4273 quorum
1606 4216 1768 4256 causa

173 4299 367 4368 procul
394 4315 534 4353 sum.
580 4298 811 4354 Octavus
853 4296 1093 4366 ejusdem
1125 4295 1410 4350 voluminis
1441 4293 1579 4348 liber
1626 4300 1768 4346 totus

174 4405 364 4451 contra
401 4396 752 4466 Augusﬁnum
775 4403 855 4449 est
880 4402 938 4448 ut
962 4393 1190 4447 alterum
1212 4406 1342 4450 sane
1362 4398 1520 4460 atque
1550 4387 1769 4443 omnino

174 4488 486 4558 oppositum
515 4488 680 4556 priori
709 4486 921 4540 titulum
955 4499 1179 4556 poscere
1206 4483 1477 4549 videatur,
1506 4480 1766 4551 siquidem

1868 3292 1962 3354 cit,
1987 3291 2138 3359 quasi
2196 3290 2369 3345 sancti
2398 3289 2636 3345 doctoris
2685 3290 2834 3345 vices
2861 3290 3070 3356 dolens,
3107 3290 3223 3345 haec
3252 3290 3463 3360 publice

1868 3383 2020 3438 initio
2041 3397 2162 3452 cap.
2187 3384 2222 3438 '5
2250 3391 2582 3438 contestatur
2608 3401 2622 3439 :
2662 3382 2860 3438 Vellem
2886 3391 2935 3438 et
2964 3384 3078 3451 hoc,
3111 3391 3159 3438 et
3187 3385 3292 3438 alia
3317 3401 3463 3454 quae-

1870 3474 2010 3536 dam,
2041 3487 2155 3540 quia
2186 3473 2529 3544 subjungam,
2563 3473 2737 3527 mitius
2767 3483 3053 3543 concepta;
3078 3483 3131 3529 et
3160 3490 3282 3545 pag.
3333 3473 3464 3544 8'26,

1869 3580 1987 3635 cap.
2018 3565 2075 3633 4,
2108 3565 2333 3620 dicteria
2366 3564 2539 3635 Pighii
2571 3567 2624 3620 in
2655 3567 3014 3636 Augustinum
3057 3567 3311 3631 recitans,
3339 3567 3414 3622 ait
3445 3585 3461 3622 :

1875 3657 2066 3711 Omitto
2113 3657 2325 3711 honoris
2351 3673 2531 3723 causa,
2563 3659 2703 3727 quod
2730 3659 2794 3711 de
2821 3659 3107 3728 Augustino
3154 3660 3419 3731 subjungit
3439 3703 3455 3727 ,

1869 3755 2053 3818 etpag.
2075 3749 2374 3818 insequenti
2400 3766 2412 3801 :
2438 3747 2492 3802 Ν
2496 3765 2562 3803 οη
2587 3749 2805 3818 referant
2832 3765 2944 3818 qua:
2956 3749 3085 3803 dixit
3115 3751 3204 3806 lib.
3229 3767 3302 3817 v1,
3325 3761 3459 3821 etc.,

1871 3843 2010 3911 quod
2057 3841 2181 3895 mihi
2222 3841 2492 3896 videantur
2544 3844 2598 3896 in
2652 3850 2883 3896 sanctum
2932 3844 3186 3898 doctorem
3229 3844 3461 3900 acerbius

1871 3949 2025 4004 quam
2050 3934 2230 3988 vellem
2256 3950 2364 3988 esse
2392 3934 2554 3987 dicta.
2586 3933 2774 3988 Mirum
2821 3935 2936 3989 haec
2984 3937 3196 3990 Annato
3240 3937 3292 3991 in
3335 3937 3463 3999 reli:

1873 4027 2085 4098 gionem
2129 4029 2374 4082 venisse!
2411 4027 2524 4095 Ego
2551 4026 2766 4095 quidem
2812 4026 2970 4096 hujus
2994 4029 3271 4098 scriptoris
3296 4044 3461 4086 voces

1873 4121 2036 4178 surda
2063 4135 2192 4176 aure
2232 4119 2565 4191 pertransire
2593 4119 2982 4185 decreveram;
3010 4120 3129 4190 quis
3153 4122 3294 4176 enim
3320 4123 3460 4177 adeo

1873 4227 1997 4283 erga
2037 4227 2260 4282 superos
2286 4211 2618 4282 irreligiosus
2648 4225 2768 4266 esse
2791 4219 2982 4282 potest,
3009 4221 3063 4267 ut
3100 4213 3296 4270 dicenti
3319 4216 3462 4271 velle

1873 4320 1935 4362 se
1949 4315 2133 4360 contra
2155 4305 2509 4375 Augustinum
2540 4303 2907 4359 testimonium
2929 4303 3130 4376 dicere,
3155 4321 3313 4363 aures
3326 4323 3464 4378 prae-

1875 4397 2019 4464 beat,
2068 4412 2131 4453 ac
2161 4412 2266 4453 non
2297 4397 2475 4466 pctius
2500 4395 2675 4451 audax
2707 4397 2940 4452 hominis
2985 4400 3267 4456 consilium
3309 4417 3464 4458 exse-

1873 4500 2072 4558 cratus,
2097 4491 2283 4562 procul
2307 4491 2457 4547 abire
2483 4505 2604 4546 eum
2624 4490 2842 4561 jubeat?
2869 4490 2946 4546 Ne
2989 4502 3165 4548 tamen
3210 4495 3466 4565 Augusti—

175 4590 462 4648 postremo
485 4578 581 4634 illo
613 4578 749 4642 libro
773 4578 1024 4633 universa
1056 4577 1110 4631 in
1141 4584 1382 4631 sanctum
1415 4573 1764 4643 Augustinum

1874 4600 1972 4641 nus
1993 4586 2441 4655 qualiumcunque
2462 4583 2742 4640 hominum
2767 4584 3091 4641 testimoniis
3108 4587 3462 4643 succumbere

174 4669 404 4725 dicteria
433 4669 559 4723 hinc
580 4669 704 4724 inde
732 4683 922 4738 magna
965 4666 1223 4722 industria
1248 4681 1310 4720 ac
1336 4665 1521 4720 labore
1544 4664 1768 4720 collecta

173 4760 449 4829 producit.
477 4760 830 4828 Augustinum
860 4759 1118 4825 judicem,
1152 4758 1382 4821 Annate,
1410 4756 1671 4826 appellas,
1702 4754 1770 4810 ad

174 4853 292 4922 ejus
321 4852 556 4906 tribunal
585 4868 705 4906 cum
728 4851 1064 4906 Jansenianis
1094 4850 1287 4919 litigas,
1322 4849 1464 4903 illius
1491 4847 1769 4903 sententia:

172 4954 323 5001 stare
353 4955 408 4999 te
433 4944 588 5011 dicis,
620 4959 738 5000 cum
761 4944 837 4998 nil
866 4944 1020 4999 nobis
1049 4943 1116 4998 de
1148 4950 1233 4996 tua
1257 4941 1360 4997 ﬁde
1389 4939 1766 5005 metuentibus,

175 5037 540 5107 Augustinum
566 5050 674 5090 non
706 5042 972 5106 suspectae
1001 5033 1216 5103 quidem
1242 5031 1368 5086 ﬁdei
1387 5030 1622 5100 judicem
1647 5044 1769 5099 pro-

172 5127 399 5183 nuntias
430 5126 554 5196 (hoc
581 5127 726 5182 enim
772 5133 1044 5195 utcunque
1071 5124 1290 5180 tolerari
1317 5123 1543 5193 posset),
1577 5123 1671 5177 sed
1700 5137 1766 5178 ex

172 5218 359 5290 judice
388 5234 540 5274 reum
573 5219 722 5288 iacis,
756 5232 819 5274 ac
845 5227 1032 5274 contra
1062 5217 1309 5273 eumdem
1333 5215 1549 5286 triginta
1573 5223 1628 5270 et
1656 5229 1768 5269 am-

173 5312 320 5381 plius
345 5319 516 5366 testes
553 5311 826 5381 producis,
856 5310 1158 5366 vociferans
1185 5316 1243 5365 te
1271 5307 1552 5364 nominare
1582 5307 1767 5377 princi-

175 5418 309 5470 puos
352 5401 601 5457 Ecclesia:
647 5403 900 5474 principes
929 5411 1256 5473 pastoresque
1303 5400 1671 5467 celeberrimos,
1722 5407 1771 5453 et

174 5494 419 5548 doctores
445 5494 809 5550 scientissimus
833 5511 1072 5550 sensuum
1103 5494 1589 5560 ecclesiasticarum,
1619 5492 1772 5545 mini-

174 5600 362 5654 meque
390 5593 673 5654 suspectos,
709 5585 802 5640 lib.
853 5601 968 5654 VIII,
1018 5585 1191 5640 initio.
1248 5585 1315 5639 Et
1362 5597 1766 5666 ne’paucorum

173 5697 372 5745 contra
399 5688 752 5758 Augustinum
777 5702 840 5745 ea
879 5687 1206 5759 conspiratio
1229 5694 1533 5754 censeatur,
1564 5694 1769 5756 protes-

174 5790 318 5846 taris
346 5805 468 5861 cap.
492 5791 528 5847 5
550 5799 602 5846 te
625 5790 919 5847 advocasse
939 5797 1103 5848 testes
1143 5805 1208 5846 ea:
1236 5788 1429 5858 Gallia,
1478 5803 1542 5845 ex
1587 5787 1767 5855 Italia,

470 5903 747 5965 ΡΑτιοι..
777 5902 1032 5966 XLVII.

1876 4676 2141 4742 videatur,
2173 4677 2335 4732 libeat
2374 4675 2560 4732 eadem
2590 4685 2873 4745 repetere;
2926 4678 3120 4732 etenim
3164 4679 3462 4734 adversarii

1877 4770 2183 4826 testimonia
2229 4769 2505 4824 inﬁrmare
2543 4767 2899 4835 velrejicere,
2947 4766 3074 4822 boni
3119 4768 3358 4824 advocati
3407 4779 3463 4823 et

1876 4862 2030 4917 bonae
2059 4874 2258 4928 causae,
2291 4846 2589 4929 praesertim
2615 4871 2736 4912 cum
2770 4855 3027 4925 plurimos
3049 4867 3231 4912 contra
3259 4858 3463 4929 Augus-

1875 4951 2045 5007 tinum
2077 4958 2239 5007 testes
2270 4949 2536 5019 producit,
2567 4947 2659 5017 qui
2689 4946 3062 5017 Augustiniani
3089 4948 3321 5004 nominis
3349 4960 3465 5006 stu-

1876 5043 2167 5102 diosissimi
2199 5056 2411 5111 semper
2441 5040 2615 5097 fuere.
2647 5039 2806 5094 Initio
2835 5046 3014 5094 autem
3039 5053 3134 5096 eos
3164 5047 3328 5095 testes
3359 5055 3458 5095 no-

1871 5137 2041 5192 minat
2089 5133 2281 5205 quibus
2324 5132 2535 5202 judices
2585 5131 2685 5202 ipsi
2739 5139 3062 5202 assurgunt,
3107 5132 3460 5190 Caelestinum

1871 5245 2087 5302 papam,
2114 5229 2222 5299 {qui
2269 5229 2320 5283 in
2368 5226 2594 5296 epistola
2637 5223 2705 5281 ad
2751 5225 3035 5296 episcopos
3083 5225 3300 5294 Gallice,
3351 5243 3458 5283 non
3506 5247 3525 5286 ξ·

1875 5323 2201 5390 universam,
2233 5327 2292 5375 ut
2333 5327 2503 5389 putat,
2543 5316 2824 5387 Augustini
2854 5316 3148 5372 doctrinam
3193 5319 3461 5388 approba-
3523 5352 3528 5358 ρ

1872 5413 1967 5480 vit,
1999 5413 2094 5469 sed
2124 5421 2300 5467 certas
2327 5417 2534 5464 tantum
2560 5407 2814 5479 quasdam
2840 5406 3133 5466 sententias
3162 5409 3227 5465 de
3267 5410 3463 5479 quibus

1875 5505 2018 5560 nulla
2061 5505 2222 5560 modo
2263 5503 2631 5559 controversia
2661 5511 2762 5558 est.
2810 5502 3008 5558 Verum
3060 5504 3302 5573 pluribus
3343 5504 3462 5560 haec

1876 5612 1976 5654 suo
1999 5598 2218 5652 inferius
2240 5597 2360 5651 loco
2387 5612 2506 5668 cap.
2531 5594 2564 5648 8
2587 5597 2739 5651 nobis
2760 5595 3120 5652 examinanda
3145 5608 3286 5651 sunt.
3315 5597 3458 5652 Idem

1877 5701 2066 5762 postea
2088 5691 2355 5746 subnectit
2384 5697 2704 5760 purpuratos
2731 5690 2972 5746 Vaticani
2997 5698 3211 5745 senatus
3251 5690 3459 5755 Patres,

1881 5797 2074 5855 nempe
2104 5785 2415 5850 Baronium,
2444 5781 2779 5855 Sadoletum,
2827 5784 3273 5846 Bonaventuram,
3307 5779 3460 5848 Caje-

2982 5897 3060 5957 21s
