3962 6346
523 379 626 433 7η

1402 364 1969 428 SUPPLEMENTUM
2012 362 2102 422 AD
2138 364 2364 421 OPERA
2407 365 2466 422 S.
2505 364 2901 424 AUGUSTINI.
3609 378 3686 434 7t8

523 503 706 545 tonum
724 531 740 556 ,
774 487 1086 543 Perronium
1111 489 1167 539 et
1196 481 1494 548 Valerium;
1517 482 1585 538 de
1613 481 1805 552 quibus
1827 477 2096 549 sigillatim
2127 481 2184 541 Α
2211 484 2373 542 serte,
2401 476 2717 545 clarissime,
2762 478 2894 532 citra
2943 474 3191 548 ambages
3218 476 3485 536 cardinalis
3505 495 3686 550 pronun-

521 581 867 654 judicantlum
897 586 997 633 est.

523 702 551 772 §
583 701 628 772 Ι1
649 697 857 772 Baronii
877 710 936 747 ac
957 691 1204 772 :Sadoleti
1251 691 1533 772 testimonia
1562 704 1805 772 expensa.
1840 684 2094 772 Ludovici

590 770 750 822 Dsnii
799 781 893 836 pro
949 764 1192 819 Sadoleto
1239 771 1418 817 contra
1469 771 1703 816 sanctum
1755 761 2095 828 Augustinum

590 841 724 894 dicta
746 836 894 906 refell
901 847 1070 890 untur.

587 976 752 1045 Igitur
795 975 1054 1037 Annatus,
1103 970 1192 1025 lib.
1219 985 1331 1036 vm,
1377 983 1497 1040 cap.
1542 969 1599 1036 2,
1657 969 1731 1023 ait
1785 965 2094 1031 Baronium,

515 1079 800 1141 postquam
831 1079 973 1123 tomo
1005 1065 1068 1131 V,
1093 1065 1159 1120 ad
1190 1079 1390 1118 annum
1421 1063 1547 1131 451,
1581 1063 1765 1118 retulit
1803 1063 1892 1116 illa
1935 1061 2094 1116 verba

516 1161 789 1218 leeStini
820 1160 872 1214 in
895 1159 999 1213 ﬁne
1024 1157 1266 1226 epistolae
1296 1155 1362 1210 ad
1388 1155 1573 1212 Galliae
1610 1155 1889 1224 episcopos
1917 1172 1928 1205 :
1965 1151 2098 1207 Pro-

518 1253 778 1324 fundiores
807 1259 993 1315 autem,
1018 1256 1146 1313 etc.,
1165 1246 1344 1301 dicere
1373 1264 1384 1297 :
1423 1264 1439 1297 ι
1462 1245 1573 1311 His,
1605 1245 1840 1314 inquam,
1875 1244 2096 1312 proﬁte-

514 1356 602 1401 tur
632 1343 1004 1413 profundiores
1029 1341 1354 1412 quaestiones
1383 1338 1500 1392 illas
1527 1338 1592 1392 de
1621 1337 2096 1406 praedestinatione

514 1447 821 1492 sanctorum
865 1447 1200 1503 nequaquam
1230 1431 1297 1485 ab
1328 1429 1619 1500 apostolica
1648 1429 1774 1483 sede
1823 1427 2094 1492 delinitas,

513 1529 736 1597 illasque
765 1536 967 1580 tantum
990 1538 1109 1578 esse
1133 1522 1414 1588 stabilitas,
1439 1536 1558 1591 quae
1588 1519 1653 1574 ad
1689 1519 2098 1574 condemnatio-

513 1636 636 1675 nem
669 1633 911 1673 errorum
939 1617 1069 1671 satis
1094 1629 1249 1683 posse
1277 1614 1524 1668 sufﬁcere
1552 1612 1888 1668 viderentur.
1915 1632 1932 1664 ι
1969 1611 2099 1680 Qui-

513 1713 613 1769 bus
642 1712 877 1766 recitatis
923 1708 1070 1763 addit
1109 1708 1387 1761 Annatns:
1429 1724 1447 1757 ‹
1475 1707 1572 1760 llic
1622 1721 1749 1775 ergo
1775 1721 1957 1775 quaero
1979 1719 2099 1774 quae

513 1792 620 1859 sint
651 1803 757 1857 illa:
787 1809 1060 1855 auctorum
1113 1797 1438 1867 quaestiones
1482 1797 1550 1853 de
1600 1797 2094 1867 praedestinatione,

511 1911 738 1966 quarum
772 1898 992 1952 liberam
1043 1897 1344 1953 afﬁrmandi
1376 1907 1471 1952 aut
1519 1897 1742 1968 negandi
1786 1896 2091 1952 facultatem

511 1986 831 2043 leestinus
877 1988 1020 2054 facit,
1067 1989 1359 2060 interprete
1401 1990 1650 2045 Baronio.
1680 2009 1698 2042 ›
1735 1989 2094 2045 Allucinatum

509 2089 640 2150 puto
679 2080 818 2136 hunc
860 2083 1236 2153 recentiorem,
1279 2085 1371 2154 qui
1414 2099 1477 2139 ea
1505 2085 1572 2139 de
1605 2084 1833 2140 Baronio
1863 2085 2097 2154 publicat

511 2189 631 2244 quae
680 2175 768 2228 ille
818 2191 1079 2245 nusquam
1131 2177 1383 2232 asseruit.
1437 2177 1646 2232 Etenim
1701 2177 2096 2232 eruditissimus

517 2265 748 2334 scriptor
777 2267 948 2334 capita
979 2267 1067 2320 illa
1099 2266 1371 2322 Coelestini
1398 2268 1639 2336 epistolae
1660 2281 1865 2322 annexa
1894 2281 2096 2336 nequa-

512 2373 672 2428 quam
713 2358 1006 2414 leestino
1056 2358 1160 2429 ipsi
1207 2359 1473 2428 ascripsit,
1530 2359 1625 2415 sed
1683 2359 1930 2429 Prosperi
1976 2373 2097 2414 esse

518 2449 676 2516 dixit,
708 2453 779 2504 ita
807 2451 949 2505 enim
991 2450 1065 2506 ibi
1109 2451 1185 2505 ait
1215 2469 1228 2504 :
1281 2470 1299 2504 ‹
1329 2451 1586 2506 Putantur
1616 2451 1705 2506 illa
1754 2452 1925 2521 capita
1974 2466 2098 2509 esse

511 2540 782 2611 Prosperi,
797 2544 909 2613 qui,
930 2553 986 2599 ut
1000 2544 1243 2614 proﬁteri
1263 2545 1494 2612 videtur,
1510 2561 1570 2600 ea
1586 2544 1799 2615 collegit
1815 2561 1880 2602 ex
1910 2546 2099 2603 decre-

511 2635 582 2689 tis
611 2634 976 2690 Romanorum
1015 2636 1346 2706 pontiﬁcum,
1381 2637 1648 2707 simulque
1677 2637 1920 2694 conciliis
1950 2637 2095 2694 Afri-

511 2729 682 2795 canis,
711 2727 799 2782 ubi
849 2729 990 2784 idem
1021 2738 1206 2784 auctor
1246 2729 1362 2784 haec
1400 2728 1559 2785 habet
1591 2729 1642 2783 in
1675 2728 1780 2785 ﬁne
1810 2747 1823 2782 :
1857 2729 2095 2800 Profun-

511 2821 680 2875 diores
703 2837 820 2875 vero
844 2821 1261 2892 difﬁcilioresque
1290 2831 1477 2892 partes,
1510 2827 1650 2878 etc.)
1683 2821 1749 2876 Et
1777 2829 1955 2878 tamen
1983 2823 2096 2876 An-

511 2918 668 2965 natus
697 2910 858 2965 audet
903 2909 1174 2966 afﬁrmare
1216 2911 1504 2966 Baronium
1530 2911 1602 2966 ita
1623 2910 1902 2967 lecstini
1935 2911 2096 2966 verba

511 3001 940 3073 interpretatum,
972 3021 1092 3061 cum
1117 3005 1306 3060 eadem
1337 3003 1604 3076 Prospero
1632 3004 1960 3069 attribuerit,
1988 3004 2098 3058 imo

511 3111 609 3150 nec
648 3097 781 3151 citra
823 3097 1040 3152 dubium
1087 3097 1229 3152 illius
1259 3097 1449 3166 capitis
1498 3095 1639 3151 hunc
1671 3109 1792 3151 esse
1820 3103 2096 3151 auctorem

511 3199 756 3242 asserere
809 3203 970 3242 ausus
1017 3188 1108 3254 sit,
1169 3188 1337 3257 putari
1368 3196 1572 3242 tantum
1612 3186 1774 3241 dixit.
1839 3187 1921 3239 An
1968 3199 2098 3240 vero

2196 569 2314 633 tiet,
2337 569 2650 638 appellanda
2672 579 2754 623 est
2785 569 2872 624 hic
2897 569 3094 623 Annati
3125 569 3272 636 ﬁdes,
3299 571 3381 640 qui
3401 573 3476 626 vel
3494 571 3540 628 in
3560 578 3690 645 primo

2197 668 2338 716 teste
2369 662 2712 730 producendo
2741 664 3079 733 apertissime
3118 672 3278 718 errat.
3311 667 3560 736 Augustini
3582 670 3688 726 salva

2195 765 2286 805 res
2328 761 2430 819 est,
2455 753 2764 810 adversario
2813 753 2967 809 initio
3018 768 3194 811 causae
3223 753 3460 812 falsitatis
3485 761 3691 821 convicto.

2198 844 2256 902 lu
2280 845 2460 902 limine
2490 847 2709 918 impegit
2738 851 3014 915 Annatus;
3052 849 3338 905 infaustum
3376 865 3534 907 omen.

2271 937 2420 992 Alter
2448 941 2596 994 testis
2627 950 2949 1011 purpuratus
2980 941 3290 1010 producitur
3329 942 3536 999 Jacobus
3569 945 3694 1004 Sado-

2198 1029 2358 1097 letus,
2391 1032 2480 1100 qui
2503 1031 2598 1088 lib.
2630 1049 2668 1087 ll
2701 1035 2753 1088 in
2782 1035 2952 1104 Epist.
2979 1035 3045 1090 ad
3079 1035 3258 1100 Rom.,
3289 1035 3610 1104 interpretans
3635 1040 3695 1096 illa

2198 1119 2387 1177 Pauli:
2423 1124 2567 1188 Quos
2618 1127 2894 1194 praesciuit,
2934 1133 3066 1195 etc.,
3107 1127 3222 1182 haec
3251 1127 3322 1181 ait
3359 1126 3591 1184 referente
3625 1131 3699 1186 Au—

2200 1221 2326 1268 nato
2357 1228 2474 1284 pag.
2502 1214 2607 1271 860
2632 1233 2646 1270 :
2683 1235 2700 1268 ι
2725 1219 2801 1272 Ex
2830 1218 2997 1274 altera
3040 1234 3252 1290 quoque
3281 1227 3444 1290 parte,
3473 1229 3521 1275 et
3540 1222 3576 1275 si
3597 1223 3702 1280 abet

2199 1316 2306 1362 stat
2345 1309 2535 1364 doctor
2577 1311 2862 1374 maximus,
2898 1313 3146 1383 idemque
3176 1313 3505 1382 gravissimus
3543 1325 3586 1370 et
3620 1331 3702 1372 sau-

2200 1401 2468 1454 ctissimus
2489 1403 2572 1457 vir
2603 1404 2622 1472 (
2647 1405 3043 1476 Augustinus),
3071 1412 3253 1460 tamen
3282 1407 3461 1460 durum
3487 1406 3701 1465 admodum

2203 1492 2333 1546 mihi
2363 1494 2596 1559 videtur,
2627 1496 2877 1566 quodque
2907 1496 3055 1552 illabi
3087 1512 3195 1553 non
3225 1498 3375 1552 facile
3396 1501 3606 1567 queatad
3621 1515 3704 1555 sen-

2201 1601 2293 1641 sus
2323 1597 2556 1655 nostros,
2592 1589 2636 1642 si
2667 1589 2887 1645 omnino
2909 1604 2940 1644 a
2977 1592 3134 1644 nobis
3164 1590 3300 1645 nihil
3327 1590 3396 1645 sit
3419 1592 3545 1660 quod
3581 1594 3706 1649 valeat

2203 1677 2271 1732 ad
2316 1679 2664 1736 obtinendam
2691 1681 2917 1751 gratiam
2959 1683 3015 1737 in
3063 1683 3179 1753 pari
3226 1683 3518 1739 conditione
3539 1695 3704 1742 cuncto-

2203 1784 2343 1838 rum,
2398 1771 2467 1824 ita
2511 1774 2770 1842 quosdam
2823 1775 2949 1844 eligi
2979 1784 3039 1828 ut
3066 1776 3247 1830 caeteri
3283 1777 3333 1830 in
3379 1777 3638 1832 calamitate
3669 1786 3706 1832 et

2127 1867 2177 1928 Β
2205 1862 2400 1918 damno
2424 1866 2799 1936 destituantur,
2829 1887 2845 1920 ι
2865 1877 2971 1923 etc.
2999 1869 3196 1924 Verum
3228 1871 3313 1924 ubi
3345 1869 3394 1923 in
3423 1869 3601 1924 Baronii
3633 1880 3704 1927 tes-

2204 1956 2430 2013 timonio
2475 1960 2750 2015 recitando
2779 1959 2971 2016 falsum
3012 1963 3285 2016 Annatum
3330 1962 3558 2025 vidimus,
3585 1961 3650 2017 hic
3679 1963 3709 2018 si

2203 2068 2310 2109 non
2352 2053 2609 2119 invidum,
2659 2054 2848 2110 saltem
2892 2054 3248 2126 negligentem
3301 2054 3450 2110 liceat
3488 2054 3711 2124 appellare,

2203 2149 2294 2218 qui
2347 2147 2552 2203 delatas
2583 2163 2613 2202 a
2655 2148 2910 2205 Sadoleto
2953 2150 3254 2218 Augustino
3299 2147 3473 2202 laudes
3511 2147 3711 2214 decurtat,

2208 2242 2357 2296 testis
2383 2239 2552 2310 ipsius
2585 2240 2764 2295 verbis
2794 2239 2934 2294 haud
2959 2239 3192 2294 ﬁdeliter
3221 2241 3472 2310 repetitis.
3497 2239 3601 2294 llaec
3622 2238 3713 2294 scri-

2204 2329 2282 2385 bit
2315 2329 2596 2386 Sadoletus
2631 2347 2642 2384 :
2676 2329 2780 2385 Sed
2810 2346 2872 2385 ex
2893 2333 3058 2384 altera
3081 2346 3284 2400 quoque
3311 2340 3464 2399 parte,
3489 2339 3530 2383 et
3555 2330 3590 2382 si
3611 2329 3657 2382 ab
3677 2344 3716 2382 ea

2205 2430 2304 2474 stat
2330 2435 2534 2476 noc'ron
2577 2436 2777 2476 omku
2833 2436 3088 2489 uulnus,
3129 2421 3362 2490 idemque
3389 2421 3666 2490 gravissimus
3685 2428 3717 2472 et

2204 2514 2556 2568 sanctissimus
2600 2515 2696 2580 vir,
2725 2523 2829 2570 etc.
2867 2513 3028 2569 Vides
3052 2513 3202 2568 verbi
3235 2513 3374 2568 illius
3403 2528 3580 2568 ouxtuu
3606 2526 3716 2568 enen

2209 2605 2373 2676 giam,
2394 2621 2497 2676 qua
2531 2605 2812 2663 Sadoletus
2844 2605 3054 2663 caeteris
3077 2606 3334 2662 Ecclesiae
3371 2606 3636 2661 doctoribus
3649 2606 3718 2660 Au-

2164 2749 2169 2752 _
2206 2699 2478 2766 gustinum
2511 2699 2825 2768 anteponit?
2858 2699 2925 2752 At
2955 2698 3084 2753 illud
3110 2697 3308 2753 Annali
3354 2699 3542 2752 calamo
3585 2695 3715 2764 hasit,

2204 2788 2348 2858 quod
2375 2803 2508 2844 sane
2548 2803 2696 2856 casu,
2731 2803 2838 2844 non
2869 2790 3097 2844 consilio
3127 2789 3391 2851 accidisse
3414 2788 3718 2857 concederem,

2205 2883 2309 2938 nisi
2348 2883 2638 2938 adversarii
2668 2881 2721 2938 in
2750 2884 3110 2955 Augustinum
3161 2885 3372 2939 animus
3415 2885 3464 2938 in
3507 2884 3635 2936 aliam
3658 2898 3717 2938 me

2207 2976 2529 3029 sententiam
2577 2975 2837 3031 traheret.
2869 2975 3187 3040 Enimvero,
3230 2976 3278 3032 si
3307 2975 3504 3031 diceres
3531 2974 3721 3030 Suarium
3758 2985 3760 2988 ·

2207 3065 2484 3122 doctorem
2528 3066 2847 3133 maximum,
2896 3067 3256 3138 eumdemque
3298 3068 3650 3139 gravissimum,
3675 3065 3721 3119 li-

2204 3156 2396 3213 benler
2442 3157 2496 3212 id
2539 3158 2838 3214 audiretur.
2870 3161 2939 3214 At
2969 3160 3014 3215 si
3059 3159 3290 3214 adderes
3337 3173 3452 3214 esse
3499 3158 3621 3212 illum
3654 3170 3723 3210 oa-

513 3275 744 3347 Prosper
764 3288 820 3334 et
845 3249 1103 3334 Baronius
1124 3249 1479 3349 quaestionem
1527 3279 1675 3334 illam
1721 3278 1790 3334 de
1815 3277 2096 3348 prmdesti-
2125 3257 2174 3321 ο
2203 3266 2333 3307 "1"“
2369 3251 2662 3306 maximum
2693 3267 2756 3307 ³ο
2792 3252 3495 3349 Βῗθῗίθδξωυωιξηεθ¹ηεῖ¹ξ
3526 3250 3588 3305 "li
3623 3249 3723 3304 ἰπὶ·

509 3371 729 3427 natione
756 3372 822 3426 ad
852 3373 1077 3442 gloriam
1109 3373 1225 3427 sine
1257 3374 1571 3428 meritorum
1605 3371 1926 3442 praevisione
1965 3387 2096 3428 con-

513 3467 598 3516 tra
655 3471 900 3518 sanctum
955 3464 1309 3533 Augustinum
1368 3462 1564 3518 resolvi
1615 3463 1786 3533 possit
1827 3464 1958 3518 citra
2007 3478 2094 3519 re-

513 3552 928 3624 prehensionem
956 3555 1296 3621 afﬁrmarint,
1340 3554 1501 3610 iidem
1551 3569 1648 3610 nos
1677 3554 1926 3611 doceant.
1958 3555 2099 3611 San-

512 3652 632 3700 ctus
681 3645 930 3716 Prosper,
961 3646 1028 3701 ad
1057 3646 1183 3703 dub.
1225 3645 1292 3702 10
1321 3645 1708 3715 Genuensium,
1738 3646 1815 3700 ait
1840 3661 1852 3699 :
1886 3645 2101 3716 Augus-

515 3737 659 3793 tinus
686 3756 707 3790 ι
731 3737 816 3808 pia
847 3741 1026 3794 tamen
1067 3741 1442 3808 constantique
1487 3736 1728 3793 doctrina
1761 3737 2101 3794 abundanter

513 3831 764 3902 probavit
791 3832 1184 3902 praedicandam
1216 3845 1336 3887 esse
1369 3831 1628 3887 Ecclesiae
1667 3830 2097 3901 praedestinatio-

514 3935 658 3991 nem,
693 3925 747 3978 in
777 3939 880 3993 qua
909 3931 994 3980 est
1045 3922 1230 3994 gratiae
1277 3922 1622 3994 praeparatio,
1671 3930 1726 3978 et
1771 3923 1997 3993 gratiam
2045 3923 2099 3977 in

515 4029 618 4086 qua
637 4023 721 4071 est
747 4015 1230 4086 praedestinationis
1267 4014 1516 4082 effectus,
1549 4025 1602 4070 et
1635 4013 1968 4085 praescientia
2003 4014 2099 4070 Dei

516 4123 622 4178 qua
649 4118 774 4164 ante
803 4110 996 4166 saecula
1041 4118 1239 4166 aeterna
1283 4107 1478 4182 quibus
1507 4117 1652 4166 esset
1679 4108 1973 4164 collaturus
2002 4121 2100 4164 sua

517 4200 655 4256 dona
681 4201 972 4270 praescivit,
1000 4201 1153 4273 cujus
1182 4203 1577 4273 praedicationis
1606 4202 1846 4273 quisquis
1887 4209 1971 4257 est
2000 4201 2104 4256 im-

516 4304 801 4364 pugnator,
825 4295 1196 4365 apertissimus
1226 4307 1308 4353 est
1335 4298 1640 4369 Pelagianae
1666 4297 1914 4353 elationis
1943 4296 2099 4366 adju-

518 4391 626 4439 tor.
657 4403 676 4437 ι
706 4384 964 4440 Baronius
989 4401 1136 4454 vero,
1173 4395 1306 4442 tom.
1338 4388 1425 4454 Vl,
1463 4388 1529 4443 ad
1549 4402 1748 4442 annum
1793 4386 1919 4456 490,
1952 4392 2102 4455 post-

521 4492 681 4548 quam
725 4477 863 4534 dixit
901 4495 1090 4535 omnes
1131 4479 1315 4536 Patres
1365 4481 1626 4538 adversus
1674 4480 1855 4536 Fausti
1903 4479 2101 4549 scripta

517 4570 879 4640 conspirasse,
913 4571 1028 4626 hac
1067 4570 1250 4627 addit:
1287 4572 1460 4628 «Cum
1487 4571 1647 4644 igitur
1675 4571 1855 4627 Fausti
1883 4579 2100 4627 senten-

2206 3349 2350 3404 diam
2381 3349 2670 3414 conﬁarcs,
2699 3346 2852 3417 quasi
2882 3346 3165 3415 Aquinate,
3201 3344 3386 3410 Scoto,
3418 3343 3629 3409 Alberto,
3650 3356 3725 3397 caa-

2203 3443 2441 3510 terisque
2467 3439 2793 3510 principibus
2830 3437 3172 3494 scholasticis
3207 3435 3530 3509 superiorem
3553 3432 3722 3492 faceres.

2207 3533 2317 3590 Sed
2343 3533 2412 3587 ad
2438 3532 2751 3590 Sadoletum
2785 3534 3081 3588 veniamus.

2277 3647 2376 3703 Hic
2403 3647 2636 3717 scriptor
2684 3661 2790 3701 non
2841 3646 3016 3701 solum
3064 3652 3255 3702 contra
3287 3644 3632 3717 Augustinum,
3657 3639 3724 3698 sed

2204 3747 2260 3794 et
2284 3748 2471 3794 contra
2501 3739 2770 3794 Annatum
2796 3739 2970 3808 ipsum
3003 3737 3326 3794 sententiam
3356 3738 3501 3794 dicit.
3521 3737 3726 3800 Annatus,

2205 3845 2322 3900 cap.
2357 3832 2374 3883 l
2404 3841 2459 3887 et
2483 3829 2537 3898 2,
2570 3831 2734 3886 tradit
2763 3831 3010 3887 homines
3039 3830 3412 3901 praedestinari
3434 3829 3541 3884 sine
3567 3825 3725 3883 meritis

2205 3923 2273 3978 ad
2300 3927 2550 3996 gratiam,
2595 3924 2946 3994 dicamusque,
2993 3922 3165 3993 inquit
3215 3939 3342 3994 pag.
3373 3923 3491 3991 860,
3515 3930 3615 3975 ante
3637 3933 3732 3990 pra:-

2205 4018 2312 4071 visa
2360 4017 2542 4070 merita
2591 4015 2820 4070 homines
2870 4015 2938 4070 ad
2986 4016 3207 4086 gratiam
3262 4015 3613 4086 prwdestinari,
3652 4019 3732 4080 post

2206 4111 2477 4183 prccvisum
2520 4119 2688 4164 autent
2720 4113 2910 4164 bonum
2941 4127 3090 4165 usum
3122 4111 3308 4182 gratia:
3339 4105 3656 4181 praedestinari
3688 4102 3733 4156 ad

2208 4205 2450 4275 gloriam,
2483 4212 2588 4258 etc.
2615 4205 2684 4258 At
2713 4203 3005 4260 Sadoletus
3035 4202 3236 4274 aliquid
3265 4203 3440 4258 meriti
3469 4201 3530 4257 ad
3556 4199 3732 4256 obtinen-

2217 4295 2340 4350 dam
2373 4295 2598 4366 gratiam
2630 4295 2794 4367 exigit
2823 4313 2836 4362 ;
2871 4296 3066 4352 fatetur
3090 4296 3234 4352 enim
3261 4295 3455 4350 durum
3475 4293 3564 4349 sibi
3584 4288 3731 4354 videri,

2213 4387 2260 4440 si
2291 4387 2500 4440 omnino
2525 4404 2556 4439 α
2579 4387 2722 4442 nobis
2747 4387 2878 4441 nihil
2903 4388 2968 4441 sit
3005 4387 3141 4458 quod
3187 4388 3356 4442 t'aleat
3383 4387 3448 4439 ad
3476 4382 3734 4438 obtinendam

2209 4493 2469 4536 GRATIAM.
2502 4480 2717 4548 Audin,
2765 4481 2988 4552 gratiam
3039 4479 3192 4546 dixit,
3235 4495 3343 4536 non
3388 4479 3605 4551 gloriam,
3652 4487 3735 4544 qua:

2211 4588 2342 4629 sane
2370 4575 2545 4630 fuerat
2584 4575 2832 4629 damnata
2882 4574 3469 4644 Semi-Pelagianorum
3510 4569 3676 4642 opinio,
3699 4564 3735 4619 iu

519 4661 608 4717 tia
637 4663 832 4734 ubique
860 4663 928 4718 ab
970 4664 1212 4720 Ecclesia
1257 4663 1420 4721 fuerit
1446 4665 1856 4731 contradictum,
1885 4663 2103 4720 videant
2129 4647 2185 4709 Ῐ)
2210 4683 2370 4736 quam
2425 4667 2710 4723 Sadoletus
2759 4667 2940 4722 minus
2979 4676 3138 4722 caute
3180 4665 3423 4736 impegit.
3456 4665 3520 4718 At
3543 4658 3734 4732 quoniam

517 4763 718 4823 quanto
764 4755 1004 4824 periculo
1051 4755 1267 4826 quidam
1313 4770 1380 4812 ex
1421 4756 1833 4821 recentioribus,
1879 4755 2006 4811 dum
2047 4755 2100 4811 in

515 4854 801 4903 novatores
840 4848 1120 4919 insurgunt
1149 4857 1209 4904 ut
1238 4863 1332 4904 eos
1372 4849 1670 4923 confutent,
1699 4863 1728 4902 a
1776 4849 1946 4903 sancti
1994 4850 2101 4903 Au-

515 4938 714 5006 gustini
743 4937 812 4994 de
853 4939 1328 5009 praedestinatione
1373 4940 1640 4996 sententia
1668 4939 1947 5009 recedunt,
1980 4956 2102 4996 cum

516 5033 711 5104 alioqui
736 5047 881 5087 arma
914 5047 1022 5088 non
1053 5033 1232 5090 desint
1260 5033 1452 5104 quibus
1479 5035 1774 5090 adversarii
1816 5034 2102 5106 proﬁigen-

517 5130 626 5179 tur.
651 5142 671 5176 ι
703 5125 768 5178 Et
797 5132 976 5180 tamen
1005 5125 1072 5180 de
1103 5125 1368 5181 sententia
1400 5126 1570 5181 sancti
1600 5125 1842 5181 doctoris
1870 5125 1938 5180 de
1967 5141 2104 5195 prac-

517 5215 881 5273 destinatione
907 5217 972 5273 ad
1002 5217 1224 5289 gloriam
1255 5217 1624 5274 baccAnnatus
1652 5217 1844 5282 tradit;
1865 5236 1884 5269 ‹
1903 5219 2107 5283 Quam-

515 5310 598 5364 vis
642 5311 973 5381 Augustinus
1022 5311 1078 5366 in
1126 5311 1452 5367 contrarium
1501 5311 1849 5382 propendeat,
1884 5309 2107 5379 permit-

517 5400 676 5456 tenda
708 5411 886 5458 tamen
927 5403 1030 5458 erit
1068 5403 1232 5474 hujus
1272 5404 1585 5474 quastionis
1627 5402 2007 5458 determinatio
2037 5401 2105 5456 li-

517 5495 662 5551 berae
690 5496 1075 5564 disputantium
1104 5497 1376 5562 electioni,
1398 5497 1540 5567 quod
1563 5496 1772 5552 censuit
1796 5496 1956 5551 etiam
1985 5507 2105 5547 car-

518 5589 714 5644 dinalis
745 5589 1024 5658 Baronius,
1048 5607 1068 5642 ι
1101 5605 1219 5660 cap.
1247 5591 1298 5658 1,
1331 5605 1452 5661 pag.
1482 5591 1607 5645 857.
1638 5589 1694 5645 Si
1731 5589 1884 5644 nobis
1923 5586 2103 5642 nullus

517 5691 660 5737 esset
689 5681 967 5737 oculorum
1011 5695 1164 5747 usus,
1199 5697 1262 5737 ac
1291 5697 1353 5738 ea
1377 5691 1583 5738 tantum
1615 5683 1681 5737 de
1723 5681 1954 5736 Baronio
1984 5693 2101 5734 cre-

517 5775 769 5831 deremus
805 5791 922 5844 quae
951 5775 1018 5832 de
1047 5774 1237 5831 eodem
1283 5778 1554 5832 recentior
1576 5777 1667 5832 ille
1696 5775 1954 5845 publicat,
1983 5772 2115 5826 Au-'

514 5867 763 5936 gustinus
786 5867 920 5923 forte
945 5874 1108 5927 causa
1137 5867 1375 5940 caderet,
1401 5869 1497 5926 sed
1518 5884 1638 5925 cum
1669 5865 1976 5938 oppositum
2005 5865 2100 5920 di-
2127 5943 2139 5956 ς

2211 4761 2502 4818 Sadoletus
2533 4769 2657 4830 post
2685 4759 2888 4815 editum
2922 4758 3119 4815 Annali
3153 4758 3349 4813 librum
3376 4757 3644 4827 elegantem
3669 4746 3735 4801 ad.

2209 4861 2457 4909 vocatum
2489 4851 2711 4918 invenit,
2746 4851 3075 4906 Ludovicum
3120 4850 3347 4904 Donium
3395 4858 3521 4903 tom.
3546 4844 3602 4899 Ill
3635 4840 3735 4895 Hist.

2211 4946 2280 5002 de
2301 4944 2699 5012 Cardinalibus,
2726 4959 2845 5013 pag.
2878 4941 3004 5009 206,
3039 4942 3128 5013 qui
3159 4958 3264 4997 non
3294 4942 3453 4997 modo
3483 4935 3734 4994 Sadoletum

2211 5035 2472 5102 defendit,
2507 5049 2694 5090 verum
2726 5033 2886 5089 etiam
2929 5049 3079 5087 num.
3114 5032 3217 5087 110
3263 5038 3498 5086 sanctum
3538 5020 3736 5095 Augusti-

2217 5144 2345 5184 num
2375 5125 2549 5197 arguit
2572 5124 2712 5194 quod
2737 5124 2822 5179 hic
2849 5143 2868 5176 ‹
2890 5124 3014 5178 dum
3046 5132 3155 5179 toto
3185 5123 3409 5192 spiritus
3430 5136 3488 5177 ac
3508 5117 3736 5173 verborum

2217 5220 2411 5274 ardore
2459 5233 2556 5288 pro
2585 5217 2904 5272 defensione
2932 5215 3131 5271 divinae
3158 5213 3343 5286 gratia:
3373 5220 3562 5284 pugnat
3594 5207 3738 5261 adver-

2217 5327 2310 5368 sus
2360 5311 2677 5381 Pelagianos
2729 5309 2958 5364 liberum
3004 5308 3284 5364 arbitrium
3316 5321 3436 5364 cum
3479 5299 3648 5372 injuria
3679 5293 3737 5348 di-

2215 5407 2356 5461 vinas
2405 5403 2588 5474 gratiae
2640 5403 2984 5469 extollentes,
3019 5401 3072 5455 in
3119 5400 3340 5454 alteram
3396 5393 3540 5468 quasi
3579 5391 3739 5446 faveam

2218 5496 2395 5552 delabi
2435 5495 2665 5558 videtur,
2698 5493 2983 5564 minusque
3031 5491 3300 5548 interdum
3343 5489 3581 5550 tribuere,
3619 5492 3738 5551 quam

2209 5601 2309 5656 par
2338 5588 2426 5653 sit,
2460 5587 2642 5640 liberae
2671 5584 2905 5639 hominis
2941 5584 3227 5638 voluntati.
3250 5602 3271 5636 ι
3299 5582 3466 5649 Quam
3512 5583 3740 5634 censuram

2210 5680 2278 5734 ad
2322 5681 2542 5734 verbum
2600 5679 2801 5733 Donius
2852 5677 3138 5746 exscripsit
3179 5691 3244 5732 ex
3295 5662 3443 5730 Sixto
3483 5664 3675 5727 Senensi
3699 5663 3737 5715 in

2209 5773 2423 5842 praefat.
2455 5772 2548 5829 lib.
2582 5787 2614 5825 v
2639 5770 2778 5825 Bibl.
2811 5777 3046 5836 sanctae;
3070 5771 3179 5824 imo
3209 5782 3276 5824 ex
3313 5763 3514 5821 Juliano
3541 5753 3732 5814 infensis-

2211 5865 2352 5923 simo
2397 5865 2489 5921 illo
2534 5863 2818 5934 Augustini
2849 5863 3006 5920 hoste
3043 5860 3184 5918 apud
3229 5865 3468 5918 sanctum
3512 5851 3737 5909 doctorem
