3962 6346
215 419 319 480 ’149

1389 431 1710 488 VlNDlClIE
1749 427 2311 491 AUGUSTINIANIE.

3375 451 3477 510 750

213 541 307 595 lib.
341 555 379 594 ιι
417 539 486 594 de
510 538 669 611 Nupt.
694 551 748 595 et
767 555 1014 612 concup.,
1050 558 1170 615 cap.
1199 545 1250 600 5.
1285 547 1486 616 Quare,
1527 559 1584 604 ut
1627 551 1788 619 hujus
1816 547 2064 612 Alnstit.
2113 547 2387 616 monach.,
2436 562 2554 619 cap.
2604 551 2690 611 18.
2723 553 2814 609 ubi
2857 555 2974 611 ait:
3022 557 3178 616 «Non
3225 567 3476 624 omnibus

215 631 366 684 testis
409 630 476 685 ab
513 634 720 687 Annato
762 632 1011 689 condumi
1043 645 1099 691 et
1127 652 1155 691 a
1198 638 1367 694 Donio
1393 640 1596 695 defensi
1638 657 1792 696 error

212 722 499 790 aperiatur,
529 723 766 793 ejusdem
805 715 1068 783 sententia
1122 729 1189 784 de
1212 731 1376 786 initiis
1405 732 1529 788 ﬁdei
1569 747 1632 788 ac
1663 733 1793 789 reli-

210 827 438 884 quarum
463 815 716 872 virtutum
764 818 918 874 nobis
947 823 1297 878 monstranda
1345 835 1426 880 est
1451 843 1465 878 :
1496 840 1618 881 nam
1651 825 1697 881 si
1726 840 1792 882 ea

209 905 268 961 in
314 908 564 978 opinione
593 909 848 964 eumdem
873 912 939 966 ad
972 911 1456 985 Semi-Pelagianos
1497 917 1790 973 accessisse

209 1001 650 1070 monstrabimus,
677 1003 795 1073 quis
821 1006 1001 1060 statim
1025 1021 1131 1062 non
1155 1008 1415 1081 intelliget
1443 1011 1638 1066 nullius
1663 1011 1789 1067 ﬁdei

206 1089 454 1161 ejusdem
507 1093 874 1160 testimoni-um
927 1096 1135 1165 haberi,
1168 1100 1362 1170 quippe
1408 1102 1496 1171 qui
1527 1116 1647 1157 cum
1674 1102 1788 1158 Au-

206 1185 404 1253 gustini
440 1186 686 1243 hostibus
715 1190 1082 1259 conspiravit?
1107 1192 1335 1263 Scripsit
1361 1194 1590 1251 Jacobus
1618 1197 1788 1253 Sado-

204 1273 346 1330 letus
373 1275 801 1335 Commentarios
830 1281 882 1335 in
906 1281 1196 1352 Epistolam
1227 1284 1375 1339 Pauli
1404 1283 1472 1340 ad
1496 1286 1782 1358 Romanos,

202 1367 299 1422 ubi
331 1381 454 1424 eum
482 1371 556 1425 ab
585 1372 868 1442 Augustini
898 1375 1166 1430 sententia
1211 1375 1278 1431 de
1316 1378 1788 1446 praedestinatione

201 1459 463 1516 recedere
483 1462 665 1530 vellet,
693 1465 760 1519 ad
788 1465 1278 1538 Semi-Pclagianos
1321 1470 1515 1526 misere
1545 1472 1785 1529 declina-

199 1551 296 1605 vit.
330 1552 390 1607 ln
434 1554 566 1610 illud
593 1555 835 1626 Apostoli
889 1574 1005 1630 cap.
1049 1573 1166 1628 vm,
1199 1578 1342 1619 vers.
1386 1563 1494 1619 29:
1532 1567 1786 1630 Quoniam

198 1655 332 1710 quos
357 1646 599 1711 prwnovit
634 1655 681 1700 et
705 1649 1067 1720 prmdeﬁnivt't,
1097 1661 1228 1723 etc.,
1255 1654 1369 1710 haec
1398 1657 1587 1713 scribit
1610 1675 1623 1712 :
1649 1677 1667 1710 ι
1691 1659 1782 1716 Sic

197 1734 332 1790 illud
356 1738 516 1804 addo,
545 1755 612 1795 ne
632 1742 686 1795 in
716 1743 906 1798 eodem
938 1747 1150 1815 quidem
1183 1749 1324 1804 facto
1369 1751 1591 1822 intelligi
1622 1769 1653 1808 a
1681 1769 1782 1809 no-

197 1824 286 1880 bis
305 1827 422 1896 ejus
454 1832 791 1901 sapientiam,
820 1834 863 1889 si
892 1837 1033 1890 nulla
1077 1852 1240 1894 causa
1271 1855 1331 1896 ac
1355 1844 1561 1898 ratione
1592 1837 1782 1900 discri-

1895 654 1997 693 una
2025 641 2193 708 gratia
2226 639 2455 710 Spiritus
2492 646 2665 700 sam-ti
2708 648 2976 717 tribuitur,
3005 654 3096 708 sed
3137 655 3200 710 ad
3231 673 3388 727 quam
3415 679 3474 717 se

1894 731 2255 802 unusquisque
2280 735 2455 788 studio
2485 739 2567 792 vel
2600 739 2860 796 industria
2894 759 2984 798 sua
3011 747 3230 818 dignum
3253 762 3436 821 aptum
3453 777 3478 798 -·

1891 839 1993 894 que
2018 825 2322 894 prazbuerit.
2352 847 2371 878 ›
2410 827 2672 886 Praeterea
2697 833 2979 891 Sadoletus
3009 838 3059 893 in
3084 851 3322 910 caputrx
3353 862 3465 902 tne-

1892 926 2158 973 moratum
2188 918 2303 974 haec
2324 919 2524 976 habet:
2566 943 2584 975 (
2613 923 2744 980 Nam
2773 941 2894 982 cum
2936 931 3034 986 sub
3063 935 3320 991 servitute
3349 954 3474 1007 pec-

1891 1011 1994 1065 cati
2017 1012 2126 1066 nati
2163 1028 2260 1068 nos
2294 1014 2482 1082 simus,
2511 1031 2684 1088 neque
2711 1029 2893 1075 nostra
2917 1037 3017 1091 ope
3042 1040 3106 1080 ex
3137 1027 3226 1082 illo
3250 1033 3474 1087 nostris-

1890 1117 1995 1172 que
2041 1103 2244 1159 viribus
2318 1119 2594 1178 emergere
2662 1119 2822 1179 atque
2871 1114 3067 1182 ejicere
3116 1121 3473 1190 nosmetipsos

1889 1210 2164 1264 queamus,
2200 1199 2447 1253 volumus
2487 1201 2701 1271 quidem
2744 1220 2810 1260 sx
2840 1222 2993 1262 NUBIS
3017 1210 3202 1278 etiam,
3231 1221 3285 1266 et
3313 1214 3472 1268 adni-

1891 1286 2074 1354 timur,
2103 1300 2475 1345 verumtamen
2521 1292 2588 1347 ad
2612 1297 3040 1366 consurgendum
3080 1299 3175 1355 Dei
3201 1319 3302 1372 ope
3332 1305 3473 1360 indi-

1887 1393 2096 1448 gemus,
2135 1381 2226 1450 qui
2273 1397 2580 1439 mansuras
2629 1403 2853 1443 nnacnu
2900 1390 2964 1444 ad
3008 1406 3130 1446 sese
3175 1410 3474 1466 corpusque

1888 1470 2174 1539 agitantes,
2228 1481 2283 1527 ut
2313 1475 2648 1544 evolvantur,
2684 1479 3054 1536 misericordia
3100 1497 3194 1538 sua
3234 1485 3486 1556 adjuvat,-

1887 1556 2108 1628 ignavos
2151 1576 2278 1616 vero
2306 1570 2360 1617 et
2401 1563 2637 1631 desides,
2682 1583 2857 1637 neque
2900 1573 3191 1642 quidquam
3231 1588 3480 1645 agentes,
3520 1609 3522 1612 -

1885 1653 2235 1719 quamobrem
2265 1653 2499 1710 debeant
2541 1659 2832 1728 sublevari,
2865 1661 2918 1716 in
2961 1662 3075 1731 ipso
3116 1665 3226 1719 luto
3260 1667 3474 1734 inﬁxos,

1885 1737 2226 1810 perditosque
2270 1744 2591 1814 relinquit.»
2638 1747 2696 1802 In
2746 1750 2939 1818 quibus
2982 1754 3199 1822 egregie
3240 1757 3475 1812 concinit

1885 1830 2082 1886 Fausto
2112 1832 2692 1905 Semi-Pelagianorum
2729 1844 3036 1910 coryphaeo,
3070 1843 3159 1898 lib.
3193 1861 3206 1899 ι
3245 1847 3313 1902 de
3342 1848 3472 1902 Gra-

194 1930 322 1972 men
369 1921 614 1988 faeiente,
649 1926 782 1979 alios
816 1927 1080 1996 improbet
1126 1929 1437 2003 rejiciatque
1481 1934 1546 1988 ad
1594 1936 1776 1992 interi-

1887 1924 1957 1978 tia
1987 1933 2040 1979 et
2079 1925 2249 1981 libero
2277 1927 2420 1994 arb.,
2454 1943 2574 1998 cap.
2605 1931 2668 1983 17
2700 1947 2716 1986 :
2755 1949 2774 1982 ι
2804 1933 2866 1986 Et
2912 1933 2984 1986 ita
3032 1950 3112 1998 se,
3144 1936 3333 2006 inquit,
3367 1939 3474 1994 duo

193 2015 332 2075 tum,
366 2011 500 2066 alios
522 2013 588 2066 ad
620 2016 846 2071 salutem
875 2027 928 2072 et
952 2021 1176 2091 gratiam
1208 2037 1358 2077 suam
1390 2027 1633 2096 recipiat,
1657 2043 1779 2084 cum

191 2101 300 2155 isto
343 2117 501 2173 agere
543 2107 702 2162 modo
750 2118 908 2179 atque
954 2115 1170 2181 onerari
1202 2130 1357 2171 casus
1395 2121 1573 2187 ponus
1619 2137 1780 2190 quam

188 2195 401 2249 consilii
431 2211 557 2253 esse
593 2200 857 2256 videatur.
885 2223 908 2256 ι
934 2205 1011 2258 Ita
1041 2208 1154 2262 vult
1181 2223 1244 2264 ex
1277 2221 1425 2278 parte
1454 2212 1608 2269 liberi
1638 2215 1781 2271 arbi-

190 2289 283 2341 trii
336 2290 539 2360 aliquid
574 2292 700 2348 boni
743 2298 1073 2367 praecedere,
1108 2310 1165 2356 ut
1212 2305 1382 2370 gratia
1432 2305 1555 2361 huic
1604 2309 1781 2376 potius

186 2391 350 2446 quam
377 2381 535 2436 alteri
557 2382 807 2440 donetur.
832 2387 959 2443 Haec
982 2387 1140 2458 plane
1170 2390 1460 2451 Cassianus
1490 2398 1778 2467 sentiebat,

187 2467 344 2537 cujus
385 2470 454 2526 de
503 2471 614 2528 Deo
659 2475 818 2531 verba
849 2488 975 2533 sunt
1020 2482 1206 2537 collat.
1241 2484 1327 2551 15,
1355 2501 1476 2556 cap.
1520 2488 1626 2542 12:
1663 2487 1780 2547 «Ne

187 2560 406 2627 penitus
433 2561 724 2620 dormienti
762 2578 854 2623 aut
882 2569 1043 2626 inerti
1074 2572 1185 2628 otio
1226 2573 1487 2632 dissoluto
1517 2592 1609 2631 sua
1640 2581 1779 2636 dona

184 2651 446 2708 conferre
465 2655 731 2726 videatur,
760 2661 1074 2718 occasiones
1103 2665 1503 2734 quodammodo
1531 2685 1780 2741 quaerens

182 2743 384 2811 quibus
412 2746 659 2804 humana:
687 2754 935 2821 segnitiei
965 2769 1188 2825 corpore
1211 2758 1454 2816 discusso
1494 2777 1601 2817 non
1631 2743 1779 2820 irra-

181 2836 401 2892 tionalis
446 2841 833 2900 muniﬁcentiae
883 2861 995 2903 suae
1045 2850 1263 2920 largitas
1311 2854 1595 2926 videatur,
1648 2859 1774 2916 dum

181 2942 306 2984 eam
330 2932 433 2986 sub
458 2935 639 2992 colore
668 2938 946 3007 cujusdam
977 2940 1232 2999 desiderii
1260 2960 1321 3000 ac
1352 2947 1552 3005 laboris
1580 2950 1778 3021 imper-

179 3021 265 3078 tit.
299 3043 319 3074 ι
370 3025 621 3082 Afﬁrmat
667 3038 847 3086 tamen
896 3032 1097 3090 ibidem
1150 3035 1437 3096 Sadoletus
1466 3040 1581 3097 haec
1626 3043 1776 3100 initia

178 3116 342 3173 bonae
385 3122 697 3191 voluntatis,
726 3141 845 3196 qua:
897 3141 995 3184 nos
1040 3144 1140 3200 per
1179 3146 1277 3187 nos
1318 3132 1465 3204 ipsos
1506 3137 1772 3207 ponimus,

177 3224 304 3266 esse
330 3213 471 3269 bona
512 3217 757 3285 quaedam
790 3219 1124 3290 imperfecta,
1159 3241 1282 3280 nam
1313 3228 1562 3285 concedit
1606 3232 1775 3288 virtu-

1885 2014 1984 2069 ista
2032 2017 2386 2087 conjungunl,
2431 2019 2751 2076 attrahentis
2780 2023 2950 2078 virtus
2980 2034 3035 2079 et
3061 2026 3356 2083 obedientis
3391 2031 3472 2084 af-

1883 2106 2077 2175 fectus,
2109 2112 2378 2179 quomodo
2408 2113 2455 2167 si
2485 2127 2629 2184 aeger
2676 2115 2871 2186 aliquis
2896 2131 3178 2188 assurgere
3227 2132 3474 2189 conetur,

1881 2208 1934 2255 et
1963 2201 2186 2257 facultas
2231 2203 2467 2258 animum
2514 2220 2621 2260 non
2652 2217 2928 2276 sequatur,
2957 2220 3011 2265 et
3038 2222 3322 2282 propterea
3372 2215 3472 2272 eiii

1881 2292 2077 2363 porrigi
2105 2294 2383 2350 dexteram
2411 2298 2751 2368 deprecetur.
2777 2318 2798 2352 ι
2829 2300 3026 2357 Addit:
3066 2322 3085 2354 ί
3107 2304 3398 2361 Assistenti
3418 2317 3474 2363 et

1883 2384 2093 2438 vocanti
2126 2383 2356 2442 Domino
2384 2387 2619 2446 famulus
2641 2405 2825 2446 unum
2848 2391 2995 2459 ﬁdei,
3019 2408 3126 2463 qua
3148 2397 3486 2470 attrahatur,

1880 2479 2166 2544 zxrsnnir,
2187 2487 2292 2536 etc.
2319 2499 2339 2532 ›
2362 2483 2431 2535 At
2459 2481 2769 2550 Sadoletus,
2798 2500 2867 2540 ne
2898 2485 3088 2555 positis
3116 2486 3288 2543 initiis
3318 2489 3474 2546 bona

1879 2566 2170 2624 voluntatis
2197 2583 2284 2635 ;ex
2314 2571 2518 2628 viribus
2561 2582 2766 2631 natura:
2795 2585 2991 2646 praeter
3054 2577 3148 2634 Dei
3189 2580 3474 2648 auxilium,

1879 2667 2115 2716 statuere
2154 2661 2448 2730 videretur,
2478 2665 2704 2733 gratiam
2746 2667 3086 2736 perfectioris
3117 2669 3332 2726 virtutis
3355 2671 3474 2728 dari

1878 2766 1942 2807 ex
1992 2754 2218 2822 meritis,
2263 2756 2456 2812 addit:
2495 2758 2624 2814 «Sic
2668 2768 2914 2816 nostrum
2969 2763 3193 2819 credere
3241 2764 3473 2834 simplex

1877 2842 2009 2898 illud
2035 2854 2089 2900 et
2131 2846 2459 2920 inchoatum,
2489 2864 2596 2920 quo
2623 2850 2692 2906 ad
2731 2852 3090 2910 obediendum
3132 2855 3244 2912 Deo
3273 2857 3468 2926 incipi-

1878 2951 1998 2992 mus
2021 2937 2292 3007 inclinari,
2325 2956 2434 2997 non
2457 2943 2714 2998 continuo
2737 2944 3058 3016 mereriest,
3083 2948 3180 3003 sed
3208 2957 3334 3004 tunc
3360 2963 3471 3005 me—

1876 3043 2057 3084 remur
2076 3045 2196 3086 cum
2220 3033 2414 3089 ﬁrmati
2429 3034 2484 3090 in
2507 3035 2646 3091 bona
2661 3037 2939 3094 voluntate
2953 3040 3022 3094 ab
3042 3039 3158 3110 ipso
3181 3041 3478 3109 Deo,etc.s

1877 3120 1992 3176 Hoc
2022 3125 2224 3192 pariter
2256 3124 2707 3199 Semi-Pelagiani
2738 3130 3294 3202 tradebant,.quorum
3326 3136 3472 3205 prin-

1875 3225 2022 3282 ceps,
2041 3211 2223 3269 collat.
2250 3214 2336 3283 15,
2356 3230 2476 3287 cap.
2496 3218 2584 3275 15.
2608 3219 2712 3275 ait:
2736 3239 2756 3274 ‹
2775 3220 2911 3277 Dum
2940 3224 3352 3296 eam_(gratiam)
3370 3227 3473 3284 sub

178 3310 294 3359 tem
343 3308 638 3364 secundum
668 3309 762 3366 sui:
786 3312 1171 3382 perfeclionem
1223 3317 1341 3375 sine
1384 3321 1552 3391 gratia
1585 3321 1773 3380 haberi
1799 3308 1846 3378 ο
1879 3306 2061 3363 colore
2087 3306 2366 3378 cujusdam
2389 3308 2640 3367 desiderii
2669 3322 2726 3370 et
2751 3314 2948 3370 laboris
2973 3316 3231 3387 impertit,
3255 3329 3310 3374 et
3331 3319 3473 3377 nihi-

177 3408 291 3447 non
317 3409 496 3463 posse.
533 3416 554 3450 ‹
577 3398 719 3455 Nihil
740 3402 908 3471 enim,
937 3403 1128 3474 inquit,
1153 3405 1446 3476 perfectum
1475 3425 1594 3466 esse
1622 3427 1654 3467 a
1678 3427 1774 3468 no-

176 3486 268 3542 bis
297 3484 494 3556 potest.
526 3491 631 3548 Sed
659 3509 864 3551 nos'rna
886 3505 1011 3553 sunt
1033 3499 1201 3554 ιιιιτιιι
1224 3508 1278 3555 et
1306 3501 1575 3572 cogitandi
1600 3512 1654 3559 et
1681 3520 1774 3561 vo-

175 3576 349 3632 lendi.
384 3581 555 3650 Atque
585 3583 656 3638 ita
699 3598 906 3658 nostra,
949 3597 1008 3644 ut
1045 3605 1292 3661 magnam
1323 3605 1534 3665 quoque
1564 3606 1771 3666 partem

176 3667 230 3722 in
278 3671 392 3725 illis
415 3671 650 3730 obtineat
674 3675 835 3733 Deus.
869 3678 1046 3749 Ipsum
1074 3683 1216 3738 enim
1238 3688 1552 3743 necessario
1581 3703 1776 3760 propo-

174 3757 344 3812 situm
372 3761 528 3815 nobis
559 3763 839 3834 habemus,
870 3782 992 3823 cum
1036 3769 1210 3840 ipsum
1259 3773 1505 3830 volumus
1534 3757 1597 3832 et
1622 3757 1772 3850 cogi-

173 3855 382 3915 tamus,
412 3859 470 3905 ut
489 3854 562 3907 sit
584 3853 699 3922 ipse
729 3857 884 3924 prius
915 3869 1223 3917 nostrarum
1262 3864 1645 3935 cogitationum
1676 3885 1772 3926 vo-

172 3937 560 4013 luntatumque
585 3946 1019 4017 invitamentum,
1043 3952 1112 4008 ad
1142 3968 1301 4024 quem
1331 3970 1454 4012 cum
1484 3957 1774 4017 inclinave-

173 4033 377 4099 rimus,
409 4037 552 4105 quod
595 4037 804 4095 bonum
829 4045 1163 4114 propositum
1189 4056 1351 4103 vocat
1387 4048 1609 4121 Paulus,
1634 4051 1776 4111 velle

170 4121 382 4180 deinde
419 4135 475 4181 et
501 4131 712 4198 operari
742 4145 810 4188 ex
848 4133 941 4188 illo
964 4134 1108 4192 bono
1136 4141 1410 4209 proposito
1450 4158 1774 4204 rsnrsc'nus

172 4229 204 4270 a
235 4218 356 4274 Deo
389 4221 543 4278 nobis
573 4232 680 4294 est,
713 4241 834 4284 cum
858 4230 1028 4300 ipsius
1045 4247 1147 4303 ope
1172 4242 1228 4291 et
1263 4238 1504 4296 subsidio
1531 4242 1597 4297 ad
1626 4253 1776 4303 recte

169 4312 450 4381 agendum
507 4325 924 4393 constanterque
971 4325 1256 4383 volendum
1299 4341 1352 4386 et
1393 4330 1680 4391 fulciamur
1720 4337 1784 4393 et

171 4417 632 4471 praemoveamur.
659 4431 678 4464 ι
724 4413 837 4470 Hoc
887 4417 1070 4487 ipsum.
1111 4420 1375 4479 docebant
1435 4425 1773 4486 Semi-Pela-

170 4498 349 4566 giani,
382 4503 471 4570 qui
518 4503 672 4560 initia
722 4517 778 4561 et
808 4508 932 4564 boni
975 4519 1181 4568 tantum
1226 4515 1525 4585 imperfecti
1556 4518 1775 4579 inchoa-

170 4592 387 4648 tionem
435 4597 641 4654 viribus
687 4600 844 4657 liberi
890 4603 1097 4661 arbitrii
1129 4607 1478 4677 deputabant.
1510 4614 1774 4672 Audiatur

168 4684 323 4740 idem
347 4686 638 4746 Cassianus
666 4692 761 4748 lib.
785 4709 858 4749 xu
900 4695 968 4752 de
1012 4697 1188 4756 lnstit.
1222 4705 1495 4770 monach.,
1525 4720 1647 4776 cap.
1680 4707 1767 4761 ii:
1801 4696 1856 4758 D
1880 4685 2060 4742 Sicana
2104 4689 2344 4759 Syl'Odus
2366 4705 2407 4746 ¹¹
2438 4690 2542 4746 hoc
2579 4706 2790 4749 canone
2813 4694 2846 4749 5
2869 4695 3184 4754 ἀθωηθνίιε
3224 4698 3317 4755 ‘Si
3345 4700 3465 4771 quis
3562 4743 3568 4759 --

179 4793 197 4825 ι
224 4777 340 4831 Sed
383 4777 542 4846 plane
565 4786 1000 4843 constantissime
1027 4804 1132 4845 non
1181 4804 1322 4858 mea,
1354 4795 1448 4849 sed
1495 4797 1768 4854 seniorum

164 4869 448 4923 sententia
473 4869 696 4938 deﬁnio,
726 4890 1132 4935 PBRFECTIONEM
1161 4883 1376 4952 quidem
1405 4887 1520 4942 sine
1546 4889 1629 4945 his
1654 4905 1768 4946 om-

169 4959 306 5014 nino
331 4963 455 5031 capi
487 4978 592 5019 non
621 4981 802 5036 posse,
834 4969 918 5026 his
946 4982 1126 5029 autem
1154 4976 1287 5034 solis
1319 4977 1437 5035 sine
1470 4983 1638 5051 gratia
1671 4979 1764 5041 Dei

169 5068 338 5122 posse
377 5071 496 5111 eam
526 5074 556 5113 a
597 5061 812 5118 nemine
838 5071 1222 5124 consummari.
1254 5068 1323 5125 Ut
1353 5072 1496 5126 enim
1537 5071 1767 5131 dicimus

168 5158 407 5204 conatus
435 5161 649 5210 nostros
676 5157 1084 5225 apprehendere
1116 5175 1233 5217 eam
1264 5176 1360 5232 per
1389 5177 1447 5220 se
1474 5166 1618 5236 ipsos
1649 5169 1767 5225 sine

170 5238 267 5294 Dei
293 5241 565 5310 adjutorio
590 5261 698 5301 non
723 5262 903 5319 posse,
929 5251 1441 5322 ita'pronuntiamus
1479 5259 1769 5317 laboranti-

165 5331 269 5385 bus
306 5342 512 5390 tantum
538 5351 601 5392 ac
643 5339 1030 5401 desudantibus
1053 5345 1480 5407 misericordiam
1521 5352 1617 5409 Dei
1641 5370 1765 5424 gra-

166 5424 418 5495 tiamque
464 5429 722 5488 conferri.
751 5454 772 5488 ›
799 5435 932 5502 Quae
956 5452 1075 5509 cap.
1117 5437 1187 5491 25
1221 5440 1291 5497 de
1319 5442 1470 5498 Dono
1513 5460 1768 5515 perseve-

165 5518 368 5573 rantiae
392 5532 612 5581 sanctus
641 5525 805 5584 Pater
833 5529 1095 5600 explodit.
1123 5530 1267 5588 Idem
1289 5532 1574 5592 Sadoletus
1604 5538 1657 5592 in
1677 5535 1766 5595 illa

161 5625 294 5682 cap.
333 5616 410 5679 ix,
439 5632 580 5675 vers.
631 5621 744 5680 22:
779 5624 842 5680 Si
887 5636 1058 5682 autem
1102 5631 1272 5686 volens
1325 5632 1466 5689 Deus
1502 5637 1768 5694 ostendere

156 5705 330 5775 iram,
361 5718 493 5781 etc.,
525 5715 709 5772 scribit
739 5733 754 5772 :
792 5737 811 5770 ι
833 5721 876 5774 Α
906 5723 1060 5778 nobis
1082 5723 1255 5796 aliqua
1286 5726 1438 5781 initia
1472 5729 1628 5786 bona:
1667 5747 1764 5788 vo-

157 5796 420 5871 luntatis,
450 5811 511 5858 ut
537 5810 827 5878 prteparari
862 5813 929 5867 ad
978 5815 1400 5873 misericordiam
1428 5819 1538 5890 apti
1570 5821 1759 5891 simus,

157 5890 617 5961 proﬁciscuntur;
644 5919 663 5952 ›
700 5899 814 5958 Non
858 5904 1109 5961 dissentit
1134 5922 1165 5962 a
1194 5908 1449 5968 Cassiano
1485 5910 1581 5968 lib‘.
1613 5929 1664 5970 vr
1693 5890 1763 5972 de

1877 3395 2109 3452 lominus
2150 3400 2322 3468 gratia
2354 3399 2452 3457 Dei
2491 3418 2763 3460 cauum
2808 3416 3143 3477 perseveret,
3176 3409 3303 3464 dum
3349 3413 3468 3468 exi-

1877 3490 1996 3560 guis
2025 3491 2346 3562 quibusdam
2373 3496 2660 3568 parvisque
2693 3500 2977 3556 conatibus
3013 3509 3218 3558 tantam
3249 3503 3472 3561 immor-

1876 3581 2098 3639 talitatis
2141 3584 2392 3656 gloriam,
2436 3595 2581 3644 tanta
2631 3595 2886 3660 perennis
2927 3592 3275 3651 beatitudinis
3329 3596 3471 3655 dona

1875 3672 2231 3731 inaestimabili
2287 3677 2474 3734 tribuit
2521 3679 2830 3751 largitate.)
2871 3682 3043 3739 Irrisit
3072 3684 3469 3743 hocsubterfu-

1874 3763 2019 3834 gium
2041 3767 2372 3837 Augustinus
2408 3769 2504 3824 lib.
2532 3771 2600 3827 de
2629 3774 3107 3834 Prasdestinatione
3135 3787 3466 3850 sanctorum,

1876 3870 1996 3926 cap.
2025 3857 2061 3910 9.
2092 3874 2107 3912 :
2137 3876 2157 3910 ι
2178 3859 2308 3927 Quis
2333 3869 2536 3929 autem,
2565 3863 2762 3934 inquit,
2787 3865 2930 3922 dicat
2958 3883 3081 3924 eum
3111 3869 3202 3939 qui
3226 3871 3338 3940 jam
3357 3885 3470 3927 cm-

1875 3947 1953 4018 pit
1978 3949 2220 4017 credere,
2265 3949 2455 4007 abillo
2502 3953 2556 4008 in
2595 3970 2752 4025 quem
2785 3957 3014 4014 credidit
3061 3959 3194 4014 nihil
3233 3960 3469 4018 mereri?

1875 4039 2030 4097 Unde
2056 4041 2113 4097 ﬁt
2138 4050 2197 4097 ut
2217 4043 2328 4114 jam
2369 4048 2598 4102 merenti
2626 4056 2822 4105 caetera
2849 4049 3104 4108 dicantur
3148 4052 3270 4108 addi
3312 4054 3470 4112 ret-ri-

1875 4130 2108 4190 butione‘
2143 4135 2342 4202 divina,
2382 4151 2446 4194 ac
2487 4147 2584 4208 per
2611 4139 2714 4196 hoc
2755 4142 2978 4212 gratiam
3029 4143 3126 4200 Dei
3172 4146 3471 4203 secundum

1876 4224 2068 4281 merita
2113 4236 2294 4283 nostra
2328 4228 2464 4284 dari.
2489 4248 2508 4282 ι
2543 4224 2678 4288 Vide
2709 4233 2960 4290 eumdem
2986 4234 3082 4290 lib.
3110 4251 3164 4292 IV
3202 4238 3270 4294 ad
3309 4239 3470 4295 Boni-

1877 4315 2099 4385 facium,
2127 4334 2250 4390 cap.
2285 4320 2337 4376 6.
2371 4323 2448 4378 Ex
2479 4323 2563 4379 his
2594 4332 2740 4395 patet
2760 4325 3095 4398 Sadoletnm,
3117 4330 3243 4388 dum
3266 4332 3471 4402 impru-

1879 4409 2072 4466 denter
2111 4412 2178 4466 ab
2221 4413 2503 4484 Augustini
2544 4419 2809 4474 sententia
2853 4419 3111 4490 deﬂectit,
3137 4423 3469 4483 Semi-Pela-

1877 4502 2047 4571 gianis
2086 4504 2399 4573 adhaesisse,
2428 4509 2516 4578 qui
2565 4509 2717 4566 initia
2760 4513 3006 4582 quaedam
3036 4515 3158 4572 ﬁdei
3208 4533 3272 4574 ac
3313 4519 3468 4575 bonae

1878 4593 2166 4650 voluntatis
2198 4597 2252 4651 in
2280 4597 2433 4653 nobis
2476 4614 2544 4654 ex
2575 4600 2731 4656 nobis
2761 4604 3095 4674 asserebant,
3125 4622 3261 4676 quos
3291 4609 3467 4663 Arau-

1879 4781 2018 4836 sicut
2045 4789 2413 4851 augmentum,
2456 4783 2524 4838 ita
2567 4785 2730 4840 etiam
2769 4802 2977 4843 mrum
3007 4789 3152 4860 ﬁdei,
3181 4792 3467 4865 ipsumque

1879 4885 2262 4928 CREDULITATIS
2307 4890 2611 4942 arrscruu,
2646 4893 2752 4947 quo
2795 4879 2852 4934 in
2895 4895 3016 4936 eum
3046 4882 3336 4952 credimus,
3371 4886 3464 4954 qui

1873 4963 2130 5034 justiﬁcat
2163 4965 2406 5034 impium,
2437 4974 2492 5022 et
2523 4966 2591 5023 ad
2617 4972 3081 5040 regenerationem
3131 4973 3465 5046 baptismatis

1876 5057 2238 5126 pervenimus,
2269 5072 2378 5114 non
2417 5075 2514 5130 per
2538 5063 2726 5130 gratia:
2756 5063 2979 5134 donum,
3003 5065 3056 5122 id
3078 5075 3160 5122 est
3179 5082 3276 5138 per
3299 5070 3466 5139 inspi-

1875 5149 2135 5205 ratiOnem
2194 5150 2427 5221 Spiritus
2490 5157 2660 5209 sancti
2719 5156 3078 5228 corrigentem
3133 5160 3462 5218 voluntatem

1871 5252 2108 5300 nostram
2151 5246 2218 5300 ab
2260 5241 2577 5303 inﬁdelitate
2618 5248 2686 5304 ad
2731 5249 2915 5318 ﬁdem,
2970 5252 3038 5308 ab
3072 5252 3348 5321 impietate
3395 5256 3464 5312 ad

1869 5335 2146 5406 pietatem,
2167 5337 2260 5393 sed
2289 5353 2667 5394 mrumursn
2690 5341 2845 5397 nobis
2867 5342 3046 5398 inesse
3069 5343 3220 5412 dicit,
3244 5355 3465 5416 aposte-

1870 5426 1989 5484 licis
2017 5423 2357 5500 dogmatibus
2385 5430 2728 5487 adversarius
2758 5434 3108 5504 approbatur,
3131 5454 3152 5490 ι
3173 5445 3280 5493 etc.

1941 5542 2040 5598 Hic
2070 5557 2198 5600 vero
2240 5542 2394 5600 nobis
2434 5559 2522 5600 res
2549 5545 2654 5601 erit
2678 5560 2798 5603 cum
2830 5547 3017 5617 Donio,
3055 5550 3144 5622 qui
3173 5566 3322 5606 num.
3355 5551 3482 5608 406'

1869 5634 2056 5690 scribit
2085 5653 2096 5687 :
2129 5652 2149 5687 ι
2182 5633 2380 5691 Verum
2409 5637 2532 5707 quis
2557 5645 2763 5695 tantum
2791 5639 2968 5697 virum
3015 5651 3250 5713 tamque.
3275 5643 3482 5700 orthm

1868 5725 2064 5782 doxum
2110 5725 2669 5801 Semi—Pelagianismi
2718 5731 2925 5802 laqueis
2953 5733 3216 5790 irretitum
3249 5735 3456 5804 credat,

1865 5830 1959 5877 aut
1988 5821 2262 5878 volentem
2302 5832 2394 5879 aut
2428 5824 2860 5894 imprudentem?
2894 5847 2914 5880 ι
2952 5828 3116 5883 Miror
3145 5828 3284 5883 hunc
3321 5830 3460 5884 scri-

1867 5923 2076 5986 ptorem
2102 5915 2240 5974 adeo
2269 5917 2631 5987 perfunctorie
2660 5919 2914 5990 epistolas
2940 5921 3083 5991 ipsas
3112 5919 3355 5978 Sadoleti
3379 5920 3458 5979 le-
