3962 6346
389 340 497 402 751

1251 312 1817 394 SUPPLEMENTUM
1856 310 1950 381 AD
1984 306 2219 377 OPERA
2261 314 2322 371 s.
2364 307 2756 370 AUGUSTINI.

3580 309 3695 366 752

396 452 559 529 gisse,
600 458 661 511 ut
694 462 803 510 non
848 442 975 509 inde
1021 447 1347 505 intellexerit
1388 445 1700 502 Sadoletum
1744 443 1814 497 ob
1864 435 2217 496 eamAsunt
2256 427 2347 483 illa
2396 423 2742 529 Arausicanm
2793 418 2991 529 svnodi
3035 431 3160 475 ean.
3252 436 3267 473 :
3293 415 3508 486 Quoties
3553 425 3690 479 enim

392 528 719 606 sententiam
740 545 807 600 de
853 541 1017 598 initiis
1040 542 1316 605 virtutum,
1348 553 1505 609 quam
1535 536 1648 591 suis
1677 536 1729 589 in
1762 528 1986 589 Paulum

391 637 803 700 Commentariis
828 637 1147 699 inseruerat,
1184 648 1215 688 a
1259 631 1574 687 doctissimo
1601 642 1665 682 ac
1704 625 1989 696 sapientis-

391 733 531 789 simo
559 728 828 788 cardinale
859 726 1097 796 Gaspare
1118 723 1420 779 Contareno
1449 736 1545 791 per
1570 720 1776 774 litteras
1806 730 1989 785 repre-

391 825 620 881 hensum
649 822 832 877 fuisse.
866 820 992 875 Haec
1014 819 1154 873 enim
1182 815 1431 871 rescribit
1461 812 1745 869 Sadoletus
1789 808 1886 863 lib.
1910 823 1983 873 ix,

391 917 549 987 epist.
574 914 608 968 9
631 931 647 970 :
670 931 690 965 ι
714 911 866 980 Quod
893 920 1069 966 autem
1098 908 1308 978 parcior
1329 906 1403 960 fui
1429 905 1481 960 in
1506 901 1864 973 praeveniente
1893 898 1990 953 Dei

391 1009 561 1079 gratia
585 1004 920 1075 etplicanda,
950 1016 1108 1072 quam
1154 1016 1252 1071 par
1276 1009 1447 1065 esset,
1489 1010 1722 1068 agnoseo
1746 1009 1867 1049 eum
1899 1008 1989 1048 er—

392 1113 594 1164 rorem,
636 1111 756 1151 cum
796 1094 892 1149 tibi
941 1094 1013 1148 ita
1054 1092 1319 1147 videatur.
1360 1108 1381 1144 ι
1414 1089 1620 1143 Rursus
1662 1096 1844 1141 tamen
1895 1082 1993 1139 ibi-

395 1190 519 1245 dem
551 1187 746 1256 repetit
775 1204 788 1240 :
828 1202 849 1237 ι
887 1184 1229 1254 Pelagianum
1270 1196 1392 1237 esse
1432 1195 1539 1235 non
1580 1186 1706 1245 puto
1736 1178 1779 1231 si
1808 1176 1862 1231 in
1892 1174 1994 1229 ini-

395 1282 487 1338 tiis
515 1279 715 1348 aliquid
739 1278 1089 1342 retineamus,
1124 1275 1264 1345 quod
1292 1274 1362 1328 sit
1391 1279 1687 1327 nostrum.)
1718 1266 1992 1337 Conques-

396 1380 485 1426 tus
514 1372 686 1426 amice
725 1368 893 1423 fuerat
925 1366 1261 1424 Coutarenus
1303 1362 1445 1433 quod
1478 1376 1586 1416 non
1616 1360 1748 1415 satis
1793 1371 1888 1426 pro
1915 1355 1994 1410 di-

395 1464 599 1535 gnitate
627 1462 696 1517 de
723 1460 1004 1531 AuguStini
1034 1456 1300 1514 sententia
1342 1456 1397 1509 in
1436 1450 1639 1508 eisdem
1671 1448 1995 1517 interpreta-

395 1555 630 1611 tionibus
682 1554 893 1608 locutus
954 1548 1415 1605 fuerat:videbat
1471 1546 1614 1601 enim
1659 1543 1996 1599 Contarenus

396 1660 516 1701 eam
547 1642 856 1715 opinionem
900 1642 968 1697 de
1001 1641 1169 1696 initiis
1209 1640 1468 1694 virtutum
1521 1652 1589 1691 ex
1620 1636 1752 1692 solis
1791 1632 1994 1688 viribus

394 1735 604 1792 arbitrii
637 1736 690 1789 in
719 1734 923 1804 Pelagii
953 1733 1198 1803 reliquiis
1243 1732 1310 1787 ab
1338 1730 1640 1799 Augustino
1669 1728 1998 1784 solidissima

2093 523 2226 577 bona
2253 521 2471 592 agimus,
2506 516 2645 570 Deus
2671 514 2727 566 in
2763 510 2909 566 nobis
2931 522 3083 580 atque
3109 512 3391 582 nobiscum,
3424 522 3483 567 ut
3509 530 3695 585 apere-

2091 631 2227 679 mur,
2272 619 2532 680 operatur.
2582 606 2765 676 Neque
2815 602 3268 673 Semi-Pelagiani
3308 603 3586 674 negabant
3624 605 3697 663 ad

2093 708 2243 781 initia
2269 705 2360 762 illa
2388 706 2650 759 bonorum
2686 713 2909 770 operum
2940 698 3111 753 Deum
3142 712 3365 754 movere
3389 699 3449 755 in
3480 698 3701 756 ratione

2096 801 2242 867 ﬁnis,
2296 800 2437 856 Deus
2476 798 2619 854 enim
2660 804 2775 851 erat
2824 793 3092 861 obiectum
3143 790 3546 862 apprehensum
3597 792 3701 847 sub

2094 895 2308 951 ratione
2330 893 2441 948 veri
2471 902 2525 947 et
2554 888 2703 955 boni,
2736 887 2823 943 cui
2862 885 3171 941 inchoative
3199 885 3519 949 credebant,
3554 884 3707 953 quod

2098 984 2513 1049 desiderabant,
2559 979 2701 1052 quod
2756 978 3029 1048 petebant.
3098 975 3225 1032 [deo
3265 990 3398 1032 vero
3453 975 3711 1039 damnati

2098 1087 2223 1136 sunt
2260 1077 2384 1149 quia
2431 1089 2538 1130 non
2583 1072 2713 1128 satis
2767 1080 2851 1127 est
2893 1070 3062 1125 Deum
3116 1082 3338 1124 movere
3382 1075 3604 1122 tantum
3648 1073 3717 1121 ut.
3812 1104 3823 1120 .

2098 1171 2393 1241 obiectum,
2426 1167 2521 1224 sed
2551 1180 2771 1221 movere
2813 1163 2977 1218 debet
3007 1170 3260 1232 tanquam
3290 1174 3460 1231 agens
3499 1159 3573 1214 ad
3602 1157 3717 1214 hoc

2099 1272 2157 1319 ut
2185 1261 2470 1318 credamus
2500 1269 2554 1315 et
2579 1259 2810 1313 velimus
2839 1270 2935 1326 per
2962 1254 3283 1310 infusionem
3311 1252 3492 1309 sancti
3525 1250 3718 1322 Spiri—

2102 1364 2211 1419 tus,
2264 1369 2333 1408 ex
2374 1351 2566 1407 eodem
2618 1348 2953 1405 Arausicano
2993 1360 3117 1402 ean.
3168 1348 3225 1413 6,
3255 1355 3310 1401 et
3347 1361 3472 1401 ean.
3507 1345 3577 1410 5,
3614 1342 3716 1398 ubi

2100 1446 2355 1503 statuitur
2381 1443 2585 1497 initium
2611 1440 2759 1511 fidei,
2790 1440 3059 1509 ipsumque
3098 1438 3424 1492 credulitatis
3460 1434 3718 1503 aﬂ’ectam.

2101 1538 2221 1594 fieri
2249 1537 2302 1592 in
2334 1536 2493 1592 nobis
2538 1550 2629 1604 per
2662 1533 2851 1603 gratia:
2896 1530 3112 1595 denum,
3144 1528 3198 1582 id
3241 1536 3314 1582 est
3356 1543 3448 1598 per
3478 1526 3713 1595 inspira-

2103 1633 2297 1685 tionem
2328 1628 2557 1698 Spiritus
2586 1627 2771 1682 sancti.
2820 1623 3052 1680 Aliunde
3089 1623 3252 1678 etiam
3294 1620 3504 1676 Donius
3546 1616 3713 1674 Sado.

2103 1719 2199 1775 leti
2230 1732 2471 1775 errorem
2521 1715 2824 1785 intelligere
2863 1721 3092 1782 poterat,
3125 1711 3253 1766 dum
3305 1710 3448 1765 idem
3486 1709 3605 1763 haec
3634 1705 3713 1762 de
3796 1716 3803 1725 '

393 1834 746 1898 expugnatam
776 1801 964 1881 fuisse.
997 1801 1087 1878 Illi
1110 1838 1239 1878 vero
1268 1823 1324 1878 in
1354 1821 1580 1892 epistola
1613 1820 1702 1887 10,
1733 1833 1877 1875 anno
1910 1820 1994 1873 in-
2025 1807 2076 1871 B
2101 1812 2406 1882 Augustino
2430 1809 2618 1864 scribit
2647 1824 2661 1863 :
2688 1805 3005 1861 Libertatem
3046 1814 3236 1859 nostrae
3276 1801 3564 1857 voluntatis
3594 1815 3713 1869 per-

392 1920 641 1990 sequenti
682 1919 828 1983 data,
860 1917 977 1971 haec
1009 1915 1292 1973 Sadoletus
1331 1913 1574 1983 reposuit
1604 1930 1617 1967 :
1651 1932 1669 1965 ι
1700 1912 1835 1968 Cum
1867 1911 1996 1967 scri-

392 2011 624 2082 psissem
668 2008 733 2062 ad
775 2006 1000 2063 Paulum
1050 2019 1135 2060 me
1161 2004 1393 2074 quadam
1442 2004 1495 2058 in
1529 2016 1591 2059 re
1638 2002 1830 2056 leviter
1858 2015 1889 2055 a
1943 2008 1999 2056 te

393 2100 675 2166 dissidere,
717 2099 869 2167 isque
915 2095 1045 2151 mihi
1087 2095 1284 2151 dixerit
1312 2108 1510 2163 cupere
1541 2103 1593 2149 te
1643 2094 1783 2148 seire
1809 2093 1901 2148 ubi
1946 2105 2000 2149 et

395 2207 500 2261 qua
530 2191 599 2248 de
629 2206 691 2246 re
727 2192 797 2245 sit
832 2188 1118 2253 dissensio,
1158 2188 1392 2257 primum
1422 2185 1516 2240 tibi
1558 2185 1793 2255 praedico
1823 2199 1910 2238 me
1942 2183 1997 2237 in

396 2287 484 2342 illa
515 2285 583 2341 de
610 2284 780 2340 libero
810 2283 1034 2337 arbitrio
1058 2280 1323 2336 sententia
1353 2294 1457 2333 non
1490 2280 1710 2333 omnino
1740 2277 1992 2333 assentiri

400 2376 724 2447 Augustino,
764 2374 853 2444 qui
894 2372 1198 2428 libertatem
1242 2379 1441 2425 nostrae
1466 2370 1753 2425 voluntatis
1790 2384 2001 2423 PERSPI-

401 2483 506 2524 cus
536 2466 741 2531 aufert;
786 2464 1022 2533 dumque
1060 2461 1155 2517 Dei
1198 2461 1424 2532 gloriam
1452 2460 1685 2516 maxime
1712 2461 2000 2529 complecti

399 2561 537 2627 vult,
567 2559 778 2614 videtur
811 2555 941 2611 mihi
984 2554 1058 2610 illi
1103 2553 1366 2623 deregare
1407 2552 1605 2621 aliquid
1644 2552 1819 2619 potius
1841 2566 2001 2620 quam

399 2651 543 2724 quod
592 2649 838 2705 videatur
882 2645 1142 2702 tribuere.
1194 2646 1342 2713 Haec,
1372 2645 1419 2698 si
1464 2657 1707 2698 essemus
1758 2657 1884 2709 una,
1937 2642 2004 2696 li-

398 2743 635 2811 brosque
657 2740 712 2796 in
738 2740 986 2795 manibus
1018 2737 1363 2803 haberemus,
1413 2735 1571 2791 facile
1618 2749 1705 2790 me
1732 2734 1827 2789 tibi
1874 2748 1998 2803 pro-

402 2833 653 2888 baturum
681 2830 1029 2888 confiderem.
1069 2847 1088 2881 ι
1125 2828 1253 2884 Haec
1278 2828 1323 2882 si
1349 2827 1590 2882 Annatus
1619 2826 1858 2895 legisset,
1901 2825 2004 2879 du—

402 2925 495 2981 bio
524 2925 714 2995 procul
744 2927 884 2981 inter
921 2922 1189 2979 nobiliora
1229 2930 1416 2978 contra
1444 2929 1687 2977 sanctum
1720 2918 2000 2974 doctorem

402 3016 713 3074 testimonia
755 3014 1139 3073 recensuisset.
1166 3012 1273 3069 Sed
1301 3028 1399 3067 nec
1429 3012 1630 3067 Donius
1671 3017 2000 3065 commenta-

401 3109 512 3163 rios
565 3106 797 3164 Sadoleti
844 3106 997 3177 tegili;
1041 3119 1165 3160 nam
1203 3105 1248 3158 si
1292 3103 1511 3159 eosdem
1541 3102 1628 3157 vel
1682 3101 1872 3156 leviter
1914 3102 2001 3156 in-

2102 1906 2277 1976 spicue
2320 1904 2511 1974 aufert.
2561 1901 2698 1957 Sunt
2737 1899 2821 1955 he
2868 1899 3068 1969 putidas
3112 1895 3710 1966 Semi-Pelagianorum

2104 2006 2218 2053 tum
2279 2004 2521 2051 veterum
2568 2002 2681 2049 tum
2738 1993 3101 2048 recentiorum
3148 2005 3333 2046 voces.
3384 1989 3464 2043 De
3519 1987 3716 2058 primis.

2103 2088 2295 2145 scribit
2331 2096 2551 2141 sanctus
2592 2084 2825 2153 Prosper
2853 2084 2921 2138 ad
2949 2083 3202 2137 Ruﬁnum
3229 2099 3242 2135 :
3274 2099 3293 2133 ι
3322 2079 3543 2150 Scripta
3587 2077 3713 2148 eius

2107 2181 2326 2253 (nempe
2355 2174 2658 2248 Augustini)
2686 2175 2880 2246 quibus
2908 2187 3062 2229 error
3091 2173 3509 2243 Pelagianorum
3532 2168 3713 2238 impu-

2106 2284 2303 2346 gnatur
2346 2270 2633 2336 infamant,
2685 2268 2926 2323 dicentes
2974 2280 3099 2322 eum
3140 2264 3375 2320 liberum
3424 2260 3719 2317 arbitrium

2108 2367 2325 2437 penitus
2366 2364 2709 2419 submovere.
2744 2379 2764 2412 ι
2801 2359 3037 2415 Easdem
3085 2358 3244 2414 tibias
3290 2364 3481 2411 contra
3522 2354 3717 2422 Augu-

2109 2458 2313 2514 stiuum
2342 2455 2612 2526 inflarunt
2654 2450 2977 2518 Arminiani,
3023 2464 3161 2505 nova
3211 2446 3722 2515 Semi-Pelagiano-

2107 2566 2227 2606 rum
2260 2547 2565 2619 progenies,
2592 2560 2825 2617 quorum
2852 2558 2989 2598 unus
3012 2541 3165 2612 Hugo
3196 2538 3442 2603 Grotius,
3473 2537 3580 2592 lib.
3606 2550 3721 2591 xm.

2108 2642 2315 2698 Hister.
2346 2640 2594 2708 Belgicae,
2628 2638 2704 2692 ait
2732 2655 2746 2690 :
2785 2655 2805 2689 ι
2834 2636 3047 2691 Primus
3083 2636 3322 2689 omnium
3348 2629 3721 2700 Augustinus,

2109 2750 2178 2791 ex
2220 2748 2326 2804 quo
2371 2734 2471 2805 ipsi
2514 2746 2635 2786 cum
2677 2729 2893 2799 Pelagio
2944 2737 3000 2784 et
3027 2741 3151 2782 eum
3181 2724 3383 2781 secutis
3428 2729 3721 2777 certamen»

2113 2832 2261 2899 (nam
2311 2834 2439 2879 ante
2467 2823 2626 2878 aliter
2675 2829 2731 2878 et
2776 2822 2893 2890 ipse
2937 2816 3208 2887 senserat)
3240 2830 3367 2899 acer
3393 2811 3721 2883 disputandi.

2112 2897 2185 2974 ita
2218 2916 2480 2973 libertatis
2512 2929 2699 2971 vocem
2747 2913 3075 2983 relinquere,
3125 2918 3184 2964 ut
3213 2908 3264 2965 ei
3314 2897 3543 2963 decreta
3568 2919 3722 2975 quae-
3766 2929 3771 2934 η

2110 3010 2236 3066 dam
2270 3008 2362 3064 Dei
2395 3014 2752 3079 praeponeret,
2787 3019 2907 3075 qua:
2954 3004 3061 3058 vim
3110 3001 3281 3071 ipsam
3311 3000 3605 3055 destruere
3637 2996 3724 3052 vi-

2110 3100 2389 3157 derentur.
2432 3118 2449 3151 ι
2485 3098 2619 3166 Quis
2645 3097 2806 3166 igitur
2838 3095 3065 3165 posthac
3093 3092 3408 3149 Sadoletum
3440 3104 3511 3146 eo
3539 3090 3599 3142 in
3630 3102 3721 3143 er-

401 3200 693 3271 spexisset,
719 3198 961 3268 profecto
1011 3198 1369 3254 intellexisset
1399 3206 1573 3252 semet
1601 3210 1822 3265 operam
1871 3210 1997 3264 per-
2027 3179 2076 3243 C
2107 3208 2233 3251 rore
2248 3208 2371 3249 eum
2394 3188 2901 3259 Semi-Pelagianis,
2926 3189 3135 3243 incaute
3151 3184 3370 3256 quidem
3393 3195 3452 3240 et
3474 3181 3721 3238 inseien-r

401 3290 535 3347 dere
572 3288 696 3346 dum
751 3288 1062 3345 Sadoletum
1100 3289 1169 3344 ab
1198 3302 1384 3344 errore
1430 3298 1656 3343 conatur
1701 3287 1998 3355 vindicare,

403 3381 557 3452 quasi
586 3380 679 3438 ille
726 3382 829 3437 hoc
858 3384 1064 3437 tantum
1094 3381 1343 3448 voluerit,
1379 3399 1399 3433 ι
1431 3390 1487 3436 ut
1510 3380 1563 3435 in
1591 3380 1758 3435 initiis
1797 3395 1863 3436 ex
1894 3380 2005 3449 spi-

404 3474 516 3530 ritu
543 3473 728 3545 gratia:
757 3473 1031 3542 operantis
1061 3473 1218 3529 factis
1251 3473 1452 3543 aliquid
1485 3482 1732 3529 nostrum
1762 3472 2000 3543 reperia-

405 3572 512 3632 tur,
542 3564 668 3636 quia
719 3564 897 3620 anima
935 3565 1020 3620 vel
1049 3567 1165 3635 ejus
1204 3568 1455 3634 potentiae
1505 3565 1734 3621 inﬂuunt
1779 3566 2004 3636 physice

406 3659 462 3713 in
500 3666 650 3715 actus
694 3658 887 3714 vitales
928 3660 1382 3729 supernaturales.
1415 3676 1435 3714 ι
1466 3662 1534 3715 At
1571 3659 1854 3716 Sadoletus
1898 3659 2000 3714 du-

410 3751 524 3806 rius
556 3751 793 3822 loquitur
820 3768 980 3824 quam
1011 3762 1072 3809 ut
1110 3767 1175 3809 eo
1206 3764 1361 3825 pacto
1403 3755 1639 3811 emolliri
1680 3757 1849 3825 possit
1878 3773 1889 3807 :
1918 3763 2002 3811 et-

407 3844 548 3898 enim
579 3844 697 3901 loeo
727 3846 977 3916 superius
1005 3845 1220 3901 laudato
1259 3846 1409 3903 Pauli
1452 3846 1609 3903 Rom.
1641 3863 1756 3914 vm,
1791 3855 1849 3901 ut
1885 3847 2006 3902 uni-

409 3951 615 3992 versam
649 3940 1006 4009 quaestionem
1057 3939 1293 4009 tolleret,
1340 3955 1506 4011 seque
1537 3941 1607 3997 ob
1655 3939 1805 3995 initia
1838 3940 2007 3995 virtu-

407 4034 518 4082 tum
562 4030 875 4086 naturaliter
920 4032 1094 4101 posita
1136 4047 1166 4086 a
1207 4046 1524 4103 quacunque
1571 4034 1774 4089 erroris
1827 4032 2005 4101 suspi-

408 4120 562 4175 cione
596 4121 869 4192 liberaret,
904 4124 1096 4179 scribit
1131 4124 1273 4193 quod
1311 4143 1330 4176 t
1367 4141 1490 4181 cum
1530 4125 1671 4182 Deus
1720 4123 2008 4194 duplic'ter

409 4226 568 4267 causa
618 4213 878 4269 bonarum
928 4231 1111 4272 rerum
1153 4216 1259 4284 sit,
1289 4218 1374 4273 vel
1420 4225 1479 4272 ut
1540 4218 1761 4273 eflector
1788 4226 1845 4273 et
1893 4219 2008 4286 ipse

411 4318 597 4373 agens,
627 4308 714 4361 vel
743 4313 804 4360 ut
833 4306 955 4363 linis
992 4322 1188 4378 resque
1233 4308 1563 4375 desiderata,
1600 4329 1619 4362 ι
1655 4311 1817 4380 priori
1847 4310 2008 4365 modo

413 4396 487 4448 ait
532 4397 695 4451 Deum
746 4413 965 4457 movere
1012 4402 1075 4463 ad
1126 4409 1280 4457 actus
1306 4402 1601 4457 nobiliores
1639 4411 1696 4458 et
1741 4400 2009 4472 perfectos

413 4484 671 4540 virtutum
714 4487 858 4553 ﬁdei,
888 4491 1089 4545 amoris
1137 4491 1257 4558 Dei,
1307 4492 1603 4563 religionis,
1658 4504 1787 4561 etc.;
1822 4504 2008 4565 postea

2110 3294 2234 3354 ter,
2291 3284 2510 3355 negabit
2566 3281 2956 3351 conspirasse,
3016 3280 3145 3335 dum
3196 3278 3417 3333 illorum
3465 3274 3719 3331 convicia

2110 3389 2168 3443 in
2220 3385 2578 3458 Augustinum
2605 3382 2811 3454 iactati
2850 3381 3055 3436 Donius
3083 3395 3233 3435 num.
3284 3380 3410 3445 108,
3461 3377 3622 3448 (ιιιΟὰ
3656 3377 3716 3431 in

2107 3480 2257 3537 calce
2297 3478 2619 3542 litterarum,
2663 3484 2720 3529 ut
2766 3480 2935 3544 potat,
2983 3469 3262 3526 Coelestini
3302 3469 3520 3539 legitur,
3574 3467 3719 3521 Pro-

2112 3569 2378 3642 fundiores
2422 3583 2578 3632 vero,
2626 3574 2731 3620 etc.
2760 3604 2776 3629 ,
2823 3578 3133 3636 magnOpere
3185 3560 3711 3615 animadvertendum

2109 3660 2262 3717 dicit.
2308 3658 2509 3713 Verum
2555 3664 2611 3711 et
2662 3654 2715 3710 id
2760 3653 2905 3723 quod
2960 3667 3080 3721 cap.
3112 3650 3147 3704 5
3192 3653 3456 3708 asseritur
3494 3666 3721 3721 magno-

2111 3771 2234 3829 pere
2291 3749 2805 3807 animadvertendum
2854 3749 2931 3804 illi
2989 3749 3201 3815 fuerat,
3264 3748 3353 3804 ubi
3402 3747 3474 3803 de
3532 3747 3723 3803 'Semiw

2112 3848 2413 3920 Pelagianis
2476 3854 2665 3901 contra
2710 3844 3066 3915 Augustinum
3123 3842 3526 3908 scribentibus,
3597 3840 3714 3897 haec

2116 3942 2468 3997 recitantur:
2528 3958 2545 3991 ‹
2597 3939 2733 3995 Cum
2816 3939 3089 4008 Pelagium
3160 3947 3321 4009 atque
3398 3935 3719 3993 Ctelestium-

2114 4032 2569 4088 anathematizare
2654 4046 2760 4086 non
2834 4030 3114 4098 dubitent,
3193 4031 3465 4099 magistris
3528 4039 3717 4085 tamen

2117 4125 2325 4179 nostris
2378 4138 2629 4185 usqum
2670 4136 3036 4179 uecessamuu
3089 4137 3269 4178 uonun
3321 4136 3719 4187 εχοεεεειιιιετγ

2119 4230 2523 4279 OBLOQUUNTUR.
2556 4233 2577 4268 ι
2612 4214 2743 4280 Qum
2787 4216 3002 4284 quidem
3033 4214 3079 4269 si
3122 4230 3432 4285 magnOpere
3478 4215 3719 4268 animad-r

2112 4310 2364 4375 vertisset,
2423 4307 2563 4361 haud
2603 4307 2853 4377 equidem
2903 4310 3303 4379 pronuntiasset
3346 4307 3494 4377 quod
3537 4311 3721 4378 Auguv

2118 4398 2294 4453 stinus
2320 4399 2373 4451 in
2403 4398 2617 4453 alteram
2648 4398 2793 4468 quasi
2833 4399 3035 4467 foveam
3072 4398 3242 4453 delabi
3266 4398 3488 4465 videtur,
3523 4400 3723 4453 minus-v

2116 4506 2214 4559 que
2252 4491 2509 4544 interdum
2562 4492 2785 4546 tribuere
2829 4507 2985 4559 quam
3024 4507 3118 4562 par
3159 4492 3226 4545 sit
3270 4490 3445 4545 libera
3495 4492 3723 4545 hominis

415 4592 545 4633 vero
573 4577 757 4634 addit:
794 4598 813 4632 ‹
848 4578 1045 4636 Verum
1078 4597 1183 4652 qua
1224 4582 1367 4639 Deus
1396 4583 1572 4639 finalis
1613 4599 1793 4641 rerum
1843 4599 2005 4642 causa
2036 4566 2388 4649 Dvolumati,
2434 4597 2583 4638 num.
2638 4582 2759 4635 llo.
2807 4581 2888 4638 Ex
2934 4581 3211 4653 hucusque
3258 4581 3429 4636 fusius
3475 4582 3717 4651 probatis

415 4680 520 4739 est,
554 4679 608 4728 et
635 4672 703 4728 ad
749 4686 872 4729 eum
915 4685 974 4728 ut
1016 4674 1082 4729 ad
1111 4690 1378 4731 summum
1427 4676 1628 4731 bonum
1671 4685 1879 4733 mentes
1908 4694 2006 4734 no-

415 4770 544 4819 stra;
573 4764 877 4834 moventur,
910 4775 1091 4822 nostra
1133 4769 1393 4824 hactenus
1420 4769 1686 4836 voluntas,
1718 4779 1771 4826 et
1799 4771 2005 4842 cogita-

417 4855 513 4921 tio,
554 4863 609 4912 et
651 4857 821 4924 prima
868 4857 960 4914 illa
1004 4870 1163 4929 atque
1197 4860 1445 4917 inchoata
1492 4863 1761 4917 actionum
1793 4871 2009 4917 nostra-

417 4966 534 5007 rum
566 4953 789 5009 consilia
818 4968 885 5009 ex
933 4952 1043 5010 Deo
1070 4969 1284 5026 quoque
1332 4962 1475 5011 sunt.
1508 4973 1527 5007 ι
1556 4954 1839 5012 Rationem
1874 4953 2009 5009 assi-

418 5054 545 5114 gnat
574 5062 589 5101 :
624 5063 643 5097 ‹
677 5044 791 5102 Non
820 5046 962 5101 enim
992 5054 1119 5102 tunc
1148 5057 1206 5102 ut
1242 5062 1462 5104 movens
1496 5056 1551 5103 et
1587 5047 1867 5116 impellens
1914 5060 2011 5100 au-

419 5144 539 5189 ctor
567 5136 682 5204 ipse
706 5148 789 5193 est
817 5145 875 5193 et
900 5138 1219 5209 principium
1252 5139 1560 5195 universum
1589 5146 1789 5194 nostra:
1818 5135 2011 5192 volun-

419 5227 568 5292 tatis,
597 5228 691 5281 sed
734 5236 791 5283 ut
818 5229 1083 5299 appetitus
1122 5239 1177 5286 et
1213 5231 1548 5287 desideratus
1573 5249 1585 5283 :
1616 5243 1866 5299 magnum
1893 5228 2012 5299 qui-

421 5316 543 5371 dem
575 5324 688 5371 tum
739 5333 954 5390 quoque
998 5330 1327 5377 momentum
1364 5323 1595 5378 atl‘erens
1638 5321 1704 5377 ad
1743 5321 2011 5378 inclinan-

422 5409 549 5464 dum
589 5424 688 5466 nos
729 5420 888 5482 atque
930 5414 1293 5471 alliciendum.
1332 5432 1353 5469 ι
1386 5415 1501 5471 Νοη
1559 5429 1691 5486 ergo
1731 5414 1891 5486 primi
1936 5411 2015 5470 illi

425 5501 555 5556 boni
597 5513 775 5558 metus
821 5504 877 5561 in
926 5506 1092 5563 Deum
1136 5523 1201 5563 ex
1245 5507 1500 5565 Sadoleto
1548 5508 1684 5564 ﬁunt
1714 5524 1777 5564 ea:
1825 5509 2015 5580 spiritu

427 5592 610 5663 gratiae
656 5598 944 5663 operantis,
987 5607 1045 5654 ut
1096 5599 1297 5657 Donius
1340 5600 1589 5669 dicebat,
1643 5617 1816 5672 neque
1868 5602 2014 5657 enim

428 5680 572 5740 Deus
602 5692 730 5741 tunc
748 5696 928 5743 movet
958 5697 1013 5743 ut
1037 5690 1240 5755 effector
1266 5702 1314 5748 et
1335 5694 1442 5765 ipse
1464 5686 1641 5766 agens,
1674 5708 1774 5764 qua
1805 5692 2017 5748 ratione

430 5786 641 5847 semper
666 5787 857 5838 movet
888 5795 987 5853 per
1027 5782 1270 5853 spiritum
1303 5787 1490 5855 gratiae
1522 5786 1797 5856 operantis
1828 5802 1840 5838 :
1869 5784 2016 5841 unde

2116 4675 2395 4732 evidenter
2440 4684 2658 4731 constat
2696 4674 2954 4743 Iacobum
3000 4675 3312 4731 Sadoletum
3370 4690 3500 4730 eum
3544 4675 3723 4732 Semiw

2117 4767 2420 4841 Pelagianis
2465 4777 2653 4825 contra
2698 4770 3058 4840 Augustinum
3100 4771 3311 4825 incaute
3361 4769 3628 4835 sensisse,
3660 4778 3712 4823 et

2118 4877 2311 4932 reapse
2337 4863 2392 4915 in
2423 4870 2706 4916 extremam
2740 4869 2787 4915 et
2818 4862 3217 4933 remotissimam
3242 4863 3562 4917 sententiam
3595 4880 3710 4917 con-

2119 4954 2342 5010 tentione
2371 4954 2695 5023 disputandi,
2736 4953 2897 5024 magis
2925 4969 3081 5023 quam
3110 4955 3434 5009 considerata
3464 4964 3518 5009 et
3547 4957 3723 5025 quieta

2118 5049 2321 5102 ratione
2370 5048 2649 5102 adductum
2694 5062 2755 5103 se
2799 5049 3114 5115 contulisse,
3164 5064 3284 5119 quae
3323 5051 3490 5104 verba
3522 5050 3597 5104 ita
3630 5051 3723 5106 ille

2119 5137 2315 5192 merito
2343 5135 2528 5192 audire
2555 5136 2732 5203 debet,
2790 5137 2873 5191 uti
2914 5137 3113 5207 injuste
3159 5137 3350 5193 eadem
3381 5139 3619 5208 epistola
3651 5140 3725 5194 10»

2119 5226 2187 5280 ad
2215 5226 2484 5281 laudatum
2513 5224 2874 5283 Contarenum
2921 5238 3109 5286 contra
3150 5238 3399 5287 sanctum
3429 5230 3721 5287 doctorem.

2120 5317 2332 5374 illemet
2378 5319 2674 5388 usurpavit.
2728 5318 2949 5375 Interim
2998 5321 3244 5377 Annatus
3286 5321 3470 5376 videat
3499 5323 3719 5391 qualem!

2122 5420 2311 5467 contra
2338 5411 2695 5483 Augustinum
2730 5422 2918 5469 testem
2947 5414 3323 5485 appellaverit,
3352 5429 3554 5485 nempe
3580 5414 3718 5469 εει-ἰν

2120 5515 2331 5579 ptoretn
2368 5509 2467 5575 .qui
2511 5514 2701 5563 contra
2746 5507 2995 5564 eumdem
3045 5523 3168 5563 eum
3220 5506 3714 5577 Semi-Pelagianis

2120 5598 2264 5668 quod
2294 5597 2445 5654 initia
2464 5598 2719 5655 virtutum
2751 5601 2962 5667 attinet,
2987 5599 3414 5670 conspiraverit;
3446 5608 3504 5654 et
3530 5608 3708 5654 tamen

2120 5691 2447 5761 promiserat
2475 5691 2633 5747 initio
2682 5695 2864 5747 statim
2896 5693 3018 5749 libri
3061 5693 3236 5765 octavi
3265 5705 3327 5749 se
3358 5692 3413 5748 in
3446 5692 3701 5762 judicium

2122 5796 2308 5861 contra
2338 5786 2694 5877 Augustinqu
2740 5786 3132 5845 conducturum
3172 5793 3340 5844 testes
3381 5786 3590 5842 mirum
3614 5797 3696 5841 ιιι-
