3962 6346
235 447 343 504 755

1410 454 1734 515 VINDICUE
1772 459 2332 518 AUGUSTINIANAE.

3401 477 3506 536 734

225 575 446 635 spectas.
471 565 744 627 Hactenus
765 569 833 628 de
854 570 1130 637 Sadoleto,
1157 574 1310 644 cujus
1335 574 1547 644 quidem
1569 583 1806 629 erratum
1840 577 1894 636 Α
1916 574 2117 630 nefaria
2147 583 2201 629 et
2229 575 2551 633 damnabilia
2591 579 2841 651 dogmata
2887 581 2940 637 in
2982 581 3081 638 hac
3127 583 3389 655 tripartita
3423 589 3506 644 di-

221 657 482 715 li‘bentius
509 663 798 729 siluissem,
830 663 925 720 sed
957 665 1154 720 Annati
1184 675 1238 720 et
1287 665 1444 720 Donii
1480 681 1544 720 ex
1576 666 1815 722 Sadoleti

220 751 410 806 verbis
425 753 661 809 instituta
677 765 860 811 contra
883 767 1122 812 sanctum
1139 757 1351 813 Patrem
1367 759 1635 812 accusatio
1651 759 1814 813 invito

213 844 440 910 penitus
491 860 556 900 ac
601 846 882 902 reluctanti
927 847 1206 919 hucusque
1255 849 1399 904 dicta
1450 859 1811 905 extorserunt.

220 955 326 1025 §ll.
354 957 929 1015 SanctiBonaventurw
947 970 997 1016 et
1014 961 1251 1032 Cajetani
1273 962 1406 1015 dicta
1429 962 1808 1016 examinantur.

293 1048 537 1105 Tertium
583 1061 777 1108 testem
827 1055 1048 1124 opponit
1087 1061 1332 1109 sanctum
1382 1054 1808 1111 Bonaventuram

208 1141 272 1195 in
299 1141 334 1193 2
361 1140 789 1211 Sententiarum,
813 1143 939 1199 dist.
975 1143 1064 1211 33,
1089 1153 1280 1215 quaest.
1303 1145 1361 1211 2,
1393 1154 1497 1200 art.
1530 1144 1582 1209 5,
1625 1146 1812 1200 dicen-

205 1243 327 1289 tem
360 1252 376 1286 ;
417 1253 434 1284 ‹
478 1235 557 1289 Ad
590 1235 719 1290 illud
749 1237 892 1307 quod
924 1238 1096 1306 primo
1117 1238 1367 1308 objicitur
1398 1239 1450 1293 in
1480 1239 1810 1294 contrarium

201 1325 284 1381 de
306 1327 488 1383 verbis
523 1327 832 1398 Augustini,
883 1330 1171 1387 dicendum
1201 1331 1344 1401 quod
1397 1333 1729 1402 Augustinus
1757 1333 1809 1387 in

206 1420 401 1476 verbis
426 1421 534 1476 illis
561 1437 666 1476 non
696 1423 1130 1481 intenditdicere
1153 1425 1296 1495 quod
1337 1425 1542 1494 parvuli
1572 1425 1807 1480 sensibi-

201 1513 341 1569 liter
363 1515 692 1581 crucientur,
723 1517 818 1572 sed
847 1517 1077 1573 intendit
1104 1532 1295 1574 eorum
1327 1533 1540 1588 poenam
1581 1517 1809 1573 manife-

201 1615 360 1661 stare
389 1616 644 1677 quantum
670 1609 735 1664 ad
763 1610 1057 1666 carentiant
1079 1611 1302 1666 visionis
1332 1612 1452 1678 Dei,
1480 1621 1534 1668 et
1553 1621 1808 1682 quantum

207 1698 376 1753 etiam
427 1700 493 1753 ad
530 1700 814 1756 utilitatem
863 1703 989 1770 loci,
1030 1713 1084 1758 et
1125 1705 1228 1760 hoc
1276 1705 1434 1760 valde
1473 1705 1806 1760 abundanter

204 1791 482 1859 exprimit,
531 1794 650 1863 plus
700 1796 907 1864 dicens,
954 1804 1010 1852 et
1065 1797 1242 1852 minus
1286 1798 1474 1854 volens
1505 1797 1748 1867 intelligi.
1782 1815 1801 1848 ι

205 1881 413 1937 Verum
464 1886 741 1954 negotium
791 1888 948 1944 nobis
1000 1903 1106 1942 non
1155 1890 1375 1945 facessit
1421 1891 1848 1944 Bonaventurzeo

1918 669 2125 725 visione
2180 671 2421 740 quisquis
2478 684 2658 731 mente
2710 677 2975 734 catholica
3022 681 3302 746 exhorret,
3362 683 3505 739 illius

1917 764 2359 831 quinquepartitae
2412 768 2643 823 latebras
2698 769 3024 842 insidiasque
3067 773 3303 840 devitet,
3347 785 3508 846 atque

1914 854 1988 908 ita
2035 856 2176 910 inter
2201 869 2486 929 utrumque
2536 862 2605 915 sit
2637 873 2848 928 cautus,
2889 875 2947 918 ut
2995 865 3074 920 sic
3114 867 3347 922 declinet
3395 869 3508 923 Ma-

1914 946 2205 1015 nichaeum,
2239 964 2306 1004 ne
2338 965 2397 1004 se
2439 951 2655 1006 inclinet
2687 954 2736 1007 in
2770 955 3058 1025 Pelagium,
3112 974 3403 1029 rursusque
3433 962 3504 1016 ita

1915 1051 1975 1092 se
1999 1039 2243 1108 sejungat
2271 1056 2300 1095 a
2331 1042 2652 1112 Pelagianis,
2683 1061 2750 1101 ne
2783 1061 2842 1102 se
2869 1049 3154 1119 conjungat
3179 1051 3502 1120 Manichaeis,

1913 1141 2008 1186 aut
2045 1133 2090 1188 si
2122 1135 2176 1190 in
2209 1135 2481 1190 alterutris
2509 1137 2618 1205 jam
2651 1147 2882 1207 tenetur,
2916 1157 3013 1198 nec
3043 1144 3120 1199 sic
3146 1159 3204 1199 se
3233 1160 3264 1198 a
3289 1147 3510 1215 quibus-

1914 1226 2046 1282 libet
2076 1228 2259 1284 alteris
2287 1240 2485 1296 servet,
2535 1240 2592 1286 ut
2625 1233 2676 1287 in
2721 1233 2921 1290 alteros
2965 1236 3158 1292 irruat.
3195 1255 3213 1290 ι
3245 1237 3375 1304 Quis
3411 1239 3508 1307 igi-

1916 1329 2002 1373 tur
2017 1318 2272 1388 Cajetano
2322 1322 2375 1376 in
2406 1322 2510 1379 hoc
2539 1324 2742 1389 credat,
2774 1340 2836 1381 ac
2865 1342 2972 1381 non
3004 1330 3180 1396 potius
3210 1328 3508 1399 Augustino

1912 1423 2094 1465 coram
2145 1412 2438 1480 apostolica
2496 1415 2624 1469 sede
2674 1416 2776 1471 hoc
2815 1420 3177 1486 protestanti?
3211 1421 3316 1477 Sed
3360 1422 3507 1477 dices

1912 1510 2116 1578 impetu
2146 1510 2522 1581 disputationis
2556 1514 2908 1584 Augustinum
2954 1526 3106 1572 extra
3158 1517 3373 1574 sibimet
3401 1528 3510 1572 sta-

1913 1609 2056 1657 tutos
2088 1617 2118 1657 a
2149 1618 2208 1658 se
2261 1604 2461 1660 limites
2492 1620 2807 1672 excurrere,
2843 1608 2946 1664 hoc
2991 1619 3076 1665 est
3123 1618 3273 1666 extra
3322 1611 3512 1664 lineam

1911 1694 2211 1748 necessaria:
2240 1695 2487 1761 veritatis,
2541 1705 2598 1750 ut
2648 1697 2886 1767 loquitur
2933 1701 3151 1755 testium
3194 1701 3508 1758 conductor.

1911 1784 2074 1840 Miror
2096 1788 2382 1852 Annatum,
2408 1787 2499 1858 qui
2522 1787 2695 1857 capita
2721 1791 2961 1858 epistolae
2987 1792 3261 1848 Ctelestiui
3294 1794 3359 1848 ad
3382 1793 3512 1848 Gal-

1911 1878 1992 1934 los
2022 1895 2253 1944 annexa.
2284 1881 2452 1950 ipsius
2476 1881 2757 1937 Ccelestini
2783 1898 2904 1939 esse
2934 1893 3101 1952 putat,
3126 1885 3257 1953 imo,
3281 1901 3399 1956 qua:
3427 1897 3512 1942 est

204 1985 403 2029 contra
431 1978 793 2046 Augustinum
819 1980 1214 2044 testimonium,
1245 1995 1368 2036 nam
1404 1995 1470 2036 eo
1502 1981 1605 2036 loci
1639 1981 1801 2051 loqui-

1917 1973 2150 2028 hominis
2182 1973 2457 2043 diligentia
2501 1983 2662 2044 atque
2691 1976 2943 2043 eruditio,
2985 1993 3053 2033 ne
3093 1978 3357 2034 dubitavit
3386 1979 3510 2047 qui-

202 2075 296 2120 tur
323 2067 394 2121 de
424 2068 564 2124 libro
593 2069 660 2125 de
686 2069 823 2127 Fide
860 2072 927 2127 ad
956 2071 1176 2127 Petrum
1223 2073 1527 2137 diaconum,
1574 2087 1692 2140 cap.
1716 2071 1803 2137 “27,

200 2157 300 2212 ubi
341 2160 570 2227 legimus
601 2176 798 2231 pueros
837 2164 1164 2220 decedentes
1194 2165 1312 2227 sine
1364 2165 1635 2234 baptismo
1676 2165 1806 2234 ignis

198 2255 389 2307 merui
431 2257 743 2326 sempiterno
791 2258 1045 2328 supplicio
1087 2260 1406 2326 puniendos;
1432 2258 1522 2328 qui
1564 2257 1700 2314 liber
1725 2265 1808 2313 est

201 2345 505 2416 Fulgentii,
551 2365 658 2403 non
687 2349 991 2421 Augustini.
1041 2350 1242 2417 Quare,
1275 2352 1318 2405 si
1362 2351 1635 2406 communi
1664 2350 1806 2404 illius

197 2438 391 2492 surculi
418 2438 674 2508 opinione
703 2440 896 2495 ductus
929 2440 1252 2508 Seraphicus
1293 2439 1482 2494 doctor
1525 2439 1807 2509 Augustini

196 2526 296 2584 illa
320 2530 488 2585 verba
525 2546 649 2587 esse
678 2535 904 2601 putavit,
933 2547 1054 2586 cum
1103 2533 1323 2588 alterius
1353 2533 1481 2597 sint,
1516 2531 1632 2601 ejus
1659 2533 1806 2588 testi-

195 2622 392 2679 monio
421 2640 530 2680 non
573 2634 899 2695 perstamus,
931 2642 1034 2682 non
1077 2628 1218 2681 enim
1249 2626 1398 2681 illius
1421 2627 1621 2680 dictum
1663 2625 1804 2695 apud

196 2712 418 2771 iudices
449 2717 738 2787 quidquam
770 2717 1021 2786 ponderis
1054 2718 1236 2784 habet,
1270 2733 1374 2787 quo
1409 2732 1505 2786 per
1534 2717 1807 2787 deceptio-

195 2820 334 2861 ncm
376 2807 451 2861 de
491 2810 741 2878 quopiam
795 2808 997 2878 aliquid
1051 2808 1348 2864 affirmatur
1395 2809 1537 2879 quod
1577 2824 1680 2862 non
1737 2807 1804 2862 ab

199 2897 334 2962 illo,
368 2896 464 2951 sed
495 2899 561 2951 ab
591 2899 763 2954 altero
796 2908 1064 2953 assertum
1087 2908 1317 2956 constat.
1346 2900 1478 2953 llinc
1502 2900 1670 2954 sancti
1699 2899 1805 2954 Do-

201 2989 383 3042 ctoris
412 2989 676 3044 modestia
708 2990 910 3057 elucet,
940 2991 1031 3058 qui
1052 2990 1339 3059 Augustini
1370 2991 1716 3056 sententiam,
1750 2999 1806 3045 ut

202 3079 463 3148 putabat,
520 3081 662 3136 haud
727 3083 986 3137 severiori
1025 3098 1251 3139 censura
1311 3084 1646 3153 perstrinxit,
1706 3085 1802 3139 sed

199 3170 319 3226 leni
355 3172 799 3242 interpretatione
829 3174 1113 3245 mitigavit.
1157 3175 1228 3230 At
1258 3176 1502 3230 Annatus
1529 3175 1678 3244 gravi
1727 3189 1807 3230 su-

200 3263 436 3331 percilio
461 3265 706 3319 eamdem
735 3266 788 3320 in
813 3267 1132 3322 sententiam
1157 3275 1305 3321 tonat
1326 3267 1425 3321 lib.
1445 3282 1559 3333 vui,
1587 3281 1703 3336 cap.
1734 3268 1757 3320 1
1788 3284 1802 3321 :

1909 2061 2034 2118 dem
2066 2062 2205 2118 hanc
2233 2064 2504 2120 crambem
2538 2065 2732 2119 iterum
2766 2067 3063 2122 recoxisse.
3098 2067 3262 2122 Vetus
3292 2068 3382 2124 illa
3411 2067 3512 2125 fuit

1907 2155 2175 2209 calumnia
2197 2171 2227 2208 a
2252 2155 2728 2223 Semi—Pclagianis
2751 2157 3049 2225 Augustino
3073 2161 3340 2226 opposita,
3366 2159 3513 2214 unde

1906 2247 2128 2302 eosdem
2179 2244 2430 2300 falsarios
2481 2245 2822 2302 oblocutores
2875 2247 3113 2316 pontifex
3166 2250 3392 2318 rejecit.
3449 2249 3514 2305 ut

1911 2338 1939 2409 §
1982 2338 2255 2406 superiori
2287 2337 2544 2407 diximus,
2579 2337 2732 2408 cujus
2772 2351 2904 2393 sane
2936 2341 3120 2405 verba,
3154 2355 3274 2396 cum
3305 2341 3385 2396 illi
3416 2357 3512 2397 ac-

1908 2429 2245 2485 cusationem
2302 2438 2585 2498 repetant,
2631 2444 2727 2498 pro
2784 2430 3096 2486 defensioue
3143 2434 3298 2488 nobis
3347 2435 3512 2489 etiam

1907 2522 2203 2592 repetenda
2234 2530 2388 2585 sunt;
2423 2522 2538 2577 haec
2568 2521 2711 2578 enim
2759 2523 2979 2578 scribit:
3010 2542 3028 2574 ι
3062 2524 3196 2590 Quia
3243 2527 3510 2593 nonnulli,

1907 2616 1998 2686 qui
2031 2615 2304 2670 catholico
2336 2615 2555 2670 nomine
2600 2615 2916 2684 gloriantur,
2952 2616 3006 2668 in
3037 2616 3304 2672 damnatis
3332 2626 3512 2672 autem

1908 2709 2283 2766 haereticorum
2333 2708 2606 2774 sensibus,
2643 2721 2738 2762 seu
2781 2711 3058 2777 pravitate,
3091 2709 3205 2764 sive
3245 2711 3510 2780 imperitia

1908 2802 2274 2864 demorentur,
2307 2799 2560 2868 piissimis
2601 2799 3021 2867 disputatoribus
3045 2800 3261 2856 obviare
3305 2817 3508 2871 przesu-

1909 2901 2079 2958 munt,
2114 2903 2313 2947 etcum
2354 2892 2626 2962 Pelagium
2661 2902 2821 2960 atque
2851 2891 3164 2948 Caelestium
3196 2895 3510 2949 anathema-

1910 2989 2077 3042 tizare
2125 3001 2232 3040 non
2280 2983 2548 3050 dubitent,
2601 2984 2869 3054 magistris
2912 2993 3091 3039 tamen
3136 2985 3354 3050 nostris,
3391 2995 3508 3039 tan-

1908 3095 2066 3152 quam
2120 3079 2484 3134 necessarium
2534 3079 2754 3132 modum
2799 3079 3156 3145 excesserint,
3205 3079 3508 3148 obloquun-

1911 3181 2016 3228 tur.
2053 3192 2069 3224 ι
2101 3171 2206 3225 Sed
2235 3173 2497 3236 Auuatus,
2529 3169 2621 3239 qui
2660 3169 2831 3224 solam
2860 3169 3208 3238 appendicem
3240 3171 3506 3239 epistolae,

1913 3261 2288 3330 Profundiores
2333 3279 2473 3328 vero,
2509 3270 2639 3330 etc.,
2678 3270 2804 3316 ante
2839 3262 3024 3316 oculos
3055 3261 3272 3329 habuit,
3311 3262 3426 3317 lucc
3454 3264 3509 3318 in

201 3353 481 3426 Negamus
535 3358 792 3413 crudelem
832 3368 1263 3428 consequentiam.
1296 3359 1503 3415 Rursus
1550 3374 1616 3415 eo
1654 3359 1798 3416 dicto
1827 3362 1874 3426 C
1905 3357 2164 3414 anteriori
2194 3357 2387 3426 pagina
2417 3358 2596 3426 legere
2625 3370 2729 3410 non
2763 3356 2945 3420 valuit,
2994 3357 3078 3410 vel
3109 3356 3286 3426 legere
3315 3372 3377 3410 ac
3411 3371 3504 3412 ne-

199 3450 539 3519 Augustiuus
585 3453 700 3522 plus
738 3453 870 3505 dixit
917 3453 1087 3506 minus
1128 3452 1300 3507 volens
1337 3453 1578 3524 intelligi,
1630 3456 1794 3510 semel

196 3541 585 3599 Bonaventura
627 3560 753 3600 usus
781 3553 884 3609 est,
921 3555 974 3600 et
1002 3561 1063 3600 ea
1098 3547 1152 3600 in
1182 3548 1473 3612 sententia,
1504 3562 1622 3616 qua:
1662 3561 1691 3599 a
1723 3548 1798 3600 la-

199 3644 324 3691 tere
343 3642 532 3690 contra
577 3635 915 3704 Pelagianam
953 3636 1208 3690 heresim
1239 3636 1436 3693 tradita
1469 3646 1572 3692 est.
1601 3636 1798 3693 Verum

198 3712 475 3793 Armatus,
509 3744 630 3798 pag.
663 3726 790 3796 893,
815 3728 1028 3782 laudata
1063 3728 1236 3784 sancti
1267 3729 1654 3785 Bonaventurae
1684 3744 1799 3786 mo-

196 3821 490 3876 deratione
516 3820 751 3876 abutitur
794 3820 863 3874 ad
893 3819 1216 3889 mitigandas
1260 3820 1548 3892 Augustini
1580 3833 1796 3877 senten-

197 3912 309 3969 tias
353 3914 408 3967 in
436 3913 734 3981 quaestione
791 3913 858 3968 dc
901 3913 1140 3969 efficacia
1180 3913 1375 3969 divinae
1420 3917 1647 3985 gratiae;
1683 3917 1798 3972 haec

192 4006 350 4063 enim
380 4005 566 4059 scribit
591 4022 605 4059 :
646 4023 664 4056 ι
695 4005 762 4059 Et
784 4007 828 4060 si
860 4005 977 4074 quis
998 4005 1163 4061 instet
1187 4005 1542 4076 Augustinum
1569 4007 1690 4061 aliis
1720 4007 1798 4060 lo-

189 4096 280 4152 cis
313 4095 370 4150 id
402 4096 728 4165 exprimere,
765 4096 886 4166 quis
915 4111 1022 4152 non
1052 4097 1220 4165 videt,
1251 4099 1297 4152 si
1339 4099 1443 4153 hoc
1466 4108 1631 4164 esset,
1662 4098 1796 4152 nihil

191 4187 351 4242 aliud
395 4196 701 4243 secuturum
764 4205 922 4259 quam
974 4197 1032 4243 ut
1077 4190 1208 4245 dicit
1263 4202 1480 4246 sanctus
1521 4191 1798 4246 Bonaven-

193 4285 349 4342 tura,
386 4278 490 4331 illis
539 4279 673 4333 locis
723 4280 1079 4351 Augustinum
1129 4282 1248 4350 plus
1277 4283 1481 4348 dicere,
1511 4283 1576 4337 iis
1615 4292 1794 4337 autem

189 4385 323 4440 qua:
353 4379 481 4426 sunt
506 4385 536 4426 a
569 4370 723 4426 nobis
754 4372 936 4438 allata,
959 4376 1136 4428 minus
1162 4373 1345 4429 velle?
1373 4393 1392 4425 ι
1429 4377 1514 4429 An
1541 4389 1670 4429 vero
1700 4374 1790 4428 illa

189 4464 247 4524 in
288 4465 559 4520 sententia
591 4464 659 4519 de
685 4465 862 4534 pmnis
888 4465 1230 4534 parvulorum
1253 4465 1413 4522 fuerit
1440 4465 1793 4536 Augustinus,

189 4556 332 4612 nihil
356 4556 426 4610 ad
449 4571 562 4612 rem
593 4566 911 4626 praesentem
943 4557 1110 4612 facit?
1143 4574 1266 4612 nam
1298 4558 1366 4614 de
1399 4558 1536 4612 libro
1566 4558 1633 4612 de
1663 4558 1798 4613 Fide

191 4649 260 4704 ad
308 4650 526 4704 Petrum
577 4650 788 4706 locutus
836 4660 917 4705 est
960 4651 1355 4718 Bonaventura,
1403 4649 1556 4720 cujus
1607 4649 1794 4717 verba,

1900 3453 2100 3524 gligere
2123 3452 2264 3507 idem
2283 3450 2398 3504 fuit.
2428 3449 2600 3520 Igitur
2617 3450 2965 3520 Augustinus,
2990 3449 3281 3505 Caelestino
3301 3450 3502 3519 judice,

1902 3544 1990 3599 vel
2019 3544 2064 3597 si
2109 3542 2336 3612 negatis,
2368 3541 2558 3596 saltem
2600 3550 2756 3608 teste,
2789 3542 2985 3598 lineam
3017 3543 3338 3598 necessariae
3367 3545 3506 3598 veri-

1902 3637 2028 3692 tatis
2060 3650 2166 3690 non
2209 3636 2460 3690 excessit.
2495 3635 2628 3702 Quis
2665 3645 2843 3689 autem
2888 3634 3045 3688 unius
3074 3634 3313 3702 Cajetani
3358 3636 3506 3690 testi-

1900 3728 2139 3783 monium
2167 3727 2340 3780 sancti
2381 3725 2656 3782 Coelestini
2704 3740 2854 3797 papae
2884 3727 3262 3781 contestationi
3294 3742 3504 3796 praepo-

1906 3819 2144 3875 nendum
2173 3819 2376 3874 ducat?

1901 3932 1929 4003 ς
1960 3932 2046 3987 lll.
2089 3931 2392 4003 Qardinales
2419 3930 2719 3997 Perronius,
2759 3928 2992 3984 Valerius
3013 3945 3078 3983 ac
3114 3939 3320 3983 sanctus
3345 3929 3504 4003 Caro-

1975 4005 2054 4056 lus
2082 4001 2410 4055 Borromwus
2437 4003 2604 4055 minus
2634 4011 2768 4056 recte
2794 4010 2972 4055 contra
2999 4009 3229 4054 sanctum
3257 4002 3503 4070 Augusti-

1975 4090 2095 4126 num
2126 4072 2358 4126 adducti.

1974 4185 2228 4254 Sequitur
2257 4185 2477 4254 quintus
2505 4185 2800 4241 accersitus
2834 4201 2899 4241 ex
2924 4187 3098 4244 Gallia
3129 4188 3416 4244 Pcrronius
3443 4200 3499 4245 et

1902 4293 2177 4347 purpura,
2230 4286 2284 4331 et
2343 4277 2537 4334 erectis
2593 4293 2658 4333 ex
2713 4280 2968 4334 continuo
3042 4296 3161 4336 cum
3230 4281 3502 4340 lizereticis

1900 4368 2045 4424 bello
2090 4369 2346 4438 trophaeis
2399 4370 2754 4438 clarissimus,
2803 4371 2955 4441 cujus
2996 4382 3122 4427 sunt
3169 4373 3283 4428 haec
3314 4375 3499 4442 verba,

1903 4461 2077 4530 inquit
2105 4463 2348 4517 Auuatus
2378 4478 2392 4515 :
2429 4480 2448 4512 ‹
2486 4462 2580 4518 Sat
2609 4463 2791 4518 monui
2822 4465 2872 4518 in
2905 4476 3094 4535 quarta
3125 4482 3364 4523 mearum
3407 4470 3504 4524 ob-

1903 4555 2268 4611 servatiouum
2301 4570 2399 4610 nos
2429 4555 2718 4610 admodum
2744 4556 3075 4627 distinguere
3104 4561 3346 4628 proprias
3375 4575 3502 4615 san-

1901 4647 1976 4701 cti
2015 4649 2298 4717 Augustini
2353 4650 2655 4718 opiniones,
2706 4651 2829 4705 dum
2871 4651 3101 4721 loquitur
3154 4662 3211 4707 ut
3259 4653 3499 4721 privatus

190 4755 358 4810 quam
407 4756 594 4810 parum
648 4742 986 4797 adversarios
1027 4741 1237 4812 juvent,
1282 4741 1495 4797 abunde
1555 4742 1801 4810 superius
1829 4749 1882 4811 ι)
1908 4736 2119 4808 doctor,
2159 4750 2214 4794 et
2256 4740 2498 4808 ejusdem
2544 4743 2900 4808 narrationes,
2934 4745 3126 4814 quibus
3155 4744 3409 4814 loquitur,
3443 4755 3501 4802 ut

188 4833 435 4889 diximus
457 4849 577 4904 cap.
608 4835 660 4901 5,
694 4835 721 4906 §
750 4837 801 4889 l.

265 4926 572 4982 Audiamus
596 4936 846 4996 quartum
880 4928 1209 4984 cardinalem
1241 4927 1577 4997 Cajetanum,
1601 4928 1691 4998 qui
1721 4928 1800 4983 sic

189 5018 438 5087 loquitur
469 5026 608 5087 part.
643 5035 682 5088 1,
715 5029 908 5089 quaest.
946 5021 1035 5088 70,
1083 5031 1188 5076 art.
1228 5022 1261 5076 5
1296 5039 1308 5076 :
1345 5040 1363 5074 ‹
1399 5022 1674 5078 Sustinent
1703 5038 1799 5078 au-

191 5121 301 5167 lem
329 5112 498 5166 verba
535 5111 674 5166 hanc
703 5112 965 5182 glossam,
999 5114 1123 5183 quia
1160 5113 1374 5184 quando
1404 5121 1592 5169 contra
1620 5114 1792 5169 Aver-

189 5219 342 5258 rocm
371 5213 491 5258 erat
512 5219 715 5270 sermo,
747 5206 827 5260 fas
852 5218 966 5261 erat
996 5207 1268 5264 declinare
1292 5208 1346 5264 in
1377 5209 1704 5278 oppositum,
1736 5217 1793 5264 ut

188 5296 528 5363 Augustinus
570 5305 756 5351 contra
802 5296 1116 5367 Pelagianos
1157 5300 1301 5354 facit.
1338 5319 1358 5354 ι
1387 5331 1453 5341 -
1485 5319 1503 5352 ι
1535 5301 1646 5357 lloc
1683 5308 1789 5367 est,

188 5388 263 5438 ait
300 5389 547 5442 Annatus
587 5402 710 5458 pag.
745 5388 873 5456 862,
916 5392 1178 5448 excedere
1228 5391 1424 5448 lineam
1473 5394 1791 5450 necessariae

188 5477 443 5531 veritatis
474 5495 486 5530 :
513 5487 572 5533 ut
600 5480 671 5535 sit
716 5482 879 5536 nimia
927 5483 1172 5553 quadam
1219 5486 1479 5540 severitas
1516 5495 1569 5540 et
1608 5488 1790 5558 iniqua

189 5569 435 5632 vexatio,
487 5585 608 5640 qua:
661 5573 896 5628 medium
935 5575 1085 5642 illud,
1137 5576 1192 5631 in
1227 5591 1332 5646 quo
1374 5580 1571 5634 veritas
1616 5581 1784 5647 sedet,

186 5664 504 5732 transgredi
530 5665 701 5736 jubet,
731 5669 776 5722 si
807 5677 1005 5738 praeeat
1035 5671 1380 5740 Augustinus.
1411 5689 1430 5725 ι
1461 5672 1526 5727 At
1554 5673 1787 5730 medium

191 5768 256 5808 se
286 5765 473 5811 tenere
498 5759 696 5813 clamat
729 5761 1078 5829 AuguStinus,
1110 5770 1269 5832 atque
1300 5763 1400 5817 hoc
1427 5764 1627 5832 primus
1652 5780 1791 5819 mor-

190 5847 390 5904 talium
432 5848 614 5904 docuit
659 5849 753 5904 lib.
793 5867 845 5906 tv
884 5863 1068 5907 contra
1115 5852 1247 5907 duas
1299 5854 1554 5921 epistolas
1584 5855 1789 5925 Pelag,

189 5952 327 6010 cap.
368 5941 425 6012 5,
455 5939 523 6000 ad
549 5941 881 6004 Bonifacium
914 5959 1128 6018 papam,
1161 5944 1276 6003 haec
1298 5946 1551 6017 ,scribens
1579 5964 1589 6003 :
1635 5967 1652 6004 ‹
1688 5949 1796 6009 lsta

1911 4835 2065 4888 testis
2104 4849 2232 4888 usus
2285 4836 2588 4890 communis
2639 4835 2924 4904 Ecclesiaa,
2971 4839 3055 4891 vel
3095 4853 3155 4892 ea
3199 4839 3325 4892 dicit
3380 4854 3501 4907 qua:

1908 4923 2188 4978 doctorum
2218 4924 2390 4979 aetatis
2421 4939 2532 4980 suae
2577 4928 2846 4981 communi
2875 4929 3160 4982 consensui
3200 4927 3500 4984 conformia

1905 5028 2069 5083 sunt;
2095 5018 2163 5072 ab
2190 5018 2310 5071 uuis
2338 5018 2599 5088 siquidem
2629 5022 2992 5090 argumentari
3025 5035 3120 5075 nos
3150 5029 3350 5076 tantum
3375 5036 3499 5091 pro-

1904 5111 2174 5178 babiliter,
2207 5111 2274 5165 ab
2303 5112 2424 5168 aliis
2465 5113 2903 5171 demonstrative.
2941 5135 2959 5168 ›
2994 5116 3138 5170 Bene
3167 5115 3254 5170 ille
3279 5115 3494 5184 quidem

1900 5219 1966 5261 ac
2002 5205 2162 5276 digne
2209 5205 2276 5262 de
2317 5207 2616 5278 Augustino
2664 5208 2868 5273 sensit;
2907 5210 3024 5279 quis
3071 5208 3210 5263 enim
3263 5207 3496 5276 privatas

1899 5301 2181 5371 Augustini
2232 5303 2529 5358 sententias
2567 5302 2623 5358 in
2670 5317 2860 5371 sacrae,
2892 5318 2944 5356 v.
2978 5319 3052 5374 g.,
3082 5303 3285 5372 paginae
3315 5304 3494 5373 expli-

1899 5394 2111 5449 catione
2137 5392 2275 5448 intra
2299 5392 2426 5448 ﬁdei
2455 5407 2690 5450 canones
2727 5393 2935 5448 refert?
2964 5396 3034 5448 At
3067 5393 3150 5447 hic
3185 5402 3496 5448 controver-

1899 5485 2026 5539 titur
2057 5484 2181 5554 quid
2212 5485 2280 5540 de
2309 5486 2595 5556 Augustini
2631 5486 2948 5540 auctoritate
2979 5484 3268 5540 Perronius
3296 5487 3496 5543 sentiat

1898 5577 1956 5633 in
1995 5578 2295 5647 quaestione
2325 5576 2391 5632 de
2431 5577 2902 5647 praedestinatione
2938 5585 2993 5632 et
3035 5578 3227 5648 gratia.
3265 5575 3395 5630 Nam
3427 5575 3494 5631 de

1898 5670 2182 5740 Augustini
2230 5671 2551 5727 auctoritate
2597 5671 2648 5726 in
2699 5673 2764 5727 iis
2793 5687 2910 5742 qua:
2949 5671 3015 5726 ad
3069 5670 3305 5724 divinam
3350 5669 3490 5722 circa

1902 5764 2147 5818 homines
2179 5764 2568 5834 providentiam
2611 5775 2874 5835 spectant,
2919 5763 3218 5819 testimonia
3260 5768 3312 5814 te
3361 5774 3490 5828 pro-

1901 5857 2188 5915 ducturum
2241 5861 2296 5916 in
2344 5864 2462 5932 ipso
2499 5863 2654 5917 titulo
2706 5859 2824 5914 libri
2878 5859 3051 5913 octavi
3099 5851 3484 5926 spoponderas.

1902 5950 2085 6011 Liceat
2112 5953 2244 6016 mihi
2272 5953 2564 6034 Augustini
2598 5952 2703 6013 huc
2744 5950 2909 6010 verba
2958 5942 3494 6040 inﬂecterevzllngre-
