  <div class='ocr_page' id='page_1' title='image "/cluster/home/n/w/nwhite01/storage/ocr_20150623/47/hvd.32044015471527/383.png"; bbox 0 0 3962 6346; ppageno 0'>
   <div class='ocr_carea' id='block_1_1' title="bbox 585 347 3741 451">
    <p class='ocr_par' dir='ltr' id='par_1_1' title="bbox 585 347 3741 451">
     <span class='ocr_line' id='line_1_1' title="bbox 585 347 3741 451; baseline 0.004 -24"><span class='ocrx_word' id='word_1_1' title='bbox 585 373 690 428; x_wconf 81' lang='lat'><strong>755</strong></span> <span class='ocrx_word' id='word_1_2' title='bbox 1434 377 1997 434; x_wconf 85' lang='lat' dir='ltr'><strong>SUPPLEMENTUM</strong></span> <span class='ocrx_word' id='word_1_3' title='bbox 2034 376 2126 431; x_wconf 73' lang='lat' dir='ltr'><strong>an</strong></span> <span class='ocrx_word' id='word_1_4' title='bbox 2165 371 2395 429; x_wconf 79' lang='lat' dir='ltr'><strong>OPERA</strong></span> <span class='ocrx_word' id='word_1_5' title='bbox 2433 373 2489 430; x_wconf 89' lang='lat' dir='ltr'><strong>s.</strong></span> <span class='ocrx_word' id='word_1_6' title='bbox 2533 347 2928 434; x_wconf 65' lang='lat' dir='ltr'><strong>AﬁGUSTlNl.</strong></span> <span class='ocrx_word' id='word_1_7' title='bbox 3668 396 3741 451; x_wconf 66' lang='lat'><strong>756</strong></span> 
     </span>
    </p>
   </div>
   <div class='ocr_carea' id='block_1_2' title="bbox 580 487 3740 570">
    <p class='ocr_par' dir='ltr' id='par_1_2' title="bbox 580 487 3740 570">
     <span class='ocr_line' id='line_1_2' title="bbox 580 487 3740 570; baseline 0.007 -30"><span class='ocrx_word' id='word_1_8' title='bbox 580 489 732 555; x_wconf 83' lang='lat' dir='ltr'><strong>dere,</strong></span> <span class='ocrx_word' id='word_1_9' title='bbox 785 487 1004 545; x_wconf 89' lang='lat' dir='ltr'><strong>Perroni</strong></span> <span class='ocrx_word' id='word_1_10' title='bbox 1026 532 1039 554; x_wconf 92' lang='lat'><strong>,</strong></span> <span class='ocrx_word' id='word_1_11' title='bbox 1088 490 1348 561; x_wconf 73' lang='lat' dir='ltr'><strong><em>ingredere</em></strong></span> <span class='ocrx_word' id='word_1_12' title='bbox 1399 501 1447 546; x_wconf 92' lang='lat' dir='ltr'><strong>et</strong></span> <span class='ocrx_word' id='word_1_13' title='bbox 1485 494 1693 546; x_wconf 75' lang='lat' dir='ltr'><strong>conside</strong></span> <span class='ocrx_word' id='word_1_14' title='bbox 1759 510 1875 548; x_wconf 87' lang='lat' dir='ltr'><strong>eum</strong></span> <span class='ocrx_word' id='word_1_15' title='bbox 1927 493 2169 565; x_wconf 76' lang='lat' dir='ltr'><strong>fratribus</strong></span> <span class='ocrx_word' id='word_1_16' title='bbox 2192 489 2248 550; x_wconf 82' lang='grc' dir='ltr'><strong>Δ</strong></span> <span class='ocrx_word' id='word_1_17' title='bbox 2277 487 2341 543; x_wconf 91' lang='lat' dir='ltr'><strong>lis</strong></span> <span class='ocrx_word' id='word_1_18' title='bbox 2367 488 2470 544; x_wconf 90' lang='lat' dir='ltr'><strong>sub</strong></span> <span class='ocrx_word' id='word_1_19' title='bbox 2489 491 2791 548; x_wconf 82' lang='lat' dir='ltr'><strong>Justiniano</strong></span> <span class='ocrx_word' id='word_1_20' title='bbox 2817 493 3053 562; x_wconf 90' lang='lat' dir='ltr'><strong>scripsit,</strong></span> <span class='ocrx_word' id='word_1_21' title='bbox 3087 491 3140 547; x_wconf 91' lang='lat' dir='ltr'><strong>in</strong></span> <span class='ocrx_word' id='word_1_22' title='bbox 3169 492 3306 549; x_wconf 92' lang='lat' dir='ltr'><strong>libro</strong></span> <span class='ocrx_word' id='word_1_23' title='bbox 3330 501 3740 570; x_wconf 53' lang='lat' dir='ltr'><strong>contra&#39;blocianum</strong></span> 
     </span>
    </p>
   </div>
   <div class='ocr_carea' id='block_1_3' title="bbox 579 579 3741 673">
    <p class='ocr_par' dir='ltr' id='par_1_3' title="bbox 579 579 3741 673">
     <span class='ocr_line' id='line_1_3' title="bbox 579 579 3741 673; baseline 0.007 -39"><span class='ocrx_word' id='word_1_24' title='bbox 579 583 703 646; x_wconf 87' lang='lat' dir='ltr'><strong>tuis,</strong></span> <span class='ocrx_word' id='word_1_25' title='bbox 735 598 766 633; x_wconf 91' lang='lat' dir='ltr'><strong>a</strong></span> <span class='ocrx_word' id='word_1_26' title='bbox 812 581 991 650; x_wconf 76' lang='lat' dir='ltr'><strong>quibus</strong></span> <span class='ocrx_word' id='word_1_27' title='bbox 1017 582 1163 634; x_wconf 88' lang='lat' dir='ltr'><strong>nulla</strong></span> <span class='ocrx_word' id='word_1_28' title='bbox 1186 584 1338 650; x_wconf 89' lang='lat' dir='ltr'><strong>ratio,</strong></span> <span class='ocrx_word' id='word_1_29' title='bbox 1375 584 1520 637; x_wconf 86' lang='lat' dir='ltr'><strong>nulla</strong></span> <span class='ocrx_word' id='word_1_30' title='bbox 1555 586 1762 639; x_wconf 87' lang='lat' dir='ltr'><strong>tentatio</strong></span> <span class='ocrx_word' id='word_1_31' title='bbox 1802 596 1848 640; x_wconf 91' lang='lat' dir='ltr'><strong>te</strong></span> <span class='ocrx_word' id='word_1_32' title='bbox 1889 586 2166 654; x_wconf 76' lang='lat' dir='ltr'><strong>separavit,</strong></span> <span class='ocrx_word' id='word_1_33' title='bbox 2273 579 2389 634; x_wconf 89' lang='lat' dir='ltr'><strong>ait:</strong></span> <span class='ocrx_word' id='word_1_34' title='bbox 2418 598 2438 632; x_wconf 87' lang='grc'><strong><em>‹</em></strong></span> <span class='ocrx_word' id='word_1_35' title='bbox 2471 580 2608 648; x_wconf 87' lang='lat' dir='ltr'><strong>Quid</strong></span> <span class='ocrx_word' id='word_1_36' title='bbox 2637 593 2839 650; x_wconf 88' lang='lat' dir='ltr'><strong>autem,</strong></span> <span class='ocrx_word' id='word_1_37' title='bbox 2871 584 3063 660; x_wconf 91' lang='lat' dir='ltr'><strong>inquit,</strong></span> <span class='ocrx_word' id='word_1_38' title='bbox 3109 585 3162 639; x_wconf 92' lang='lat' dir='ltr'><strong>in</strong></span> <span class='ocrx_word' id='word_1_39' title='bbox 3210 585 3309 641; x_wconf 91' lang='lat' dir='ltr'><strong>hoc</strong></span> <span class='ocrx_word' id='word_1_40' title='bbox 3350 589 3592 658; x_wconf 87' lang='lat' dir='ltr'><strong>miremur,</strong></span> <span class='ocrx_word' id='word_1_41' title='bbox 3624 614 3741 673; x_wconf 70' lang='lat' dir='ltr'><strong>neque</strong></span> 
     </span>
    </p>
   </div>
   <div class='ocr_carea' id='block_1_4' title="bbox 582 673 3743 756">
    <p class='ocr_par' dir='ltr' id='par_1_4' title="bbox 582 673 3743 756">
     <span class='ocr_line' id='line_1_4' title="bbox 582 673 3743 756; baseline 0.004 -31"><span class='ocrx_word' id='word_1_42' title='bbox 582 689 712 742; x_wconf 87' lang='lat' dir='ltr'><strong>opus</strong></span> <span class='ocrx_word' id='word_1_43' title='bbox 751 680 825 725; x_wconf 89' lang='lat' dir='ltr'><strong>est</strong></span> <span class='ocrx_word' id='word_1_44' title='bbox 871 681 988 740; x_wconf 86' lang='lat' dir='ltr'><strong>tua,</strong></span> <span class='ocrx_word' id='word_1_45' title='bbox 1020 679 1066 725; x_wconf 90' lang='lat' dir='ltr'><strong>et</strong></span> <span class='ocrx_word' id='word_1_46' title='bbox 1099 673 1319 728; x_wconf 73' lang='lat' dir='ltr'><strong>maxime</strong></span> <span class='ocrx_word' id='word_1_47' title='bbox 1359 681 1449 727; x_wconf 89' lang='lat' dir='ltr'><strong>tua</strong></span> <span class='ocrx_word' id='word_1_48' title='bbox 1479 677 1744 742; x_wconf 71' lang='lat' dir='ltr'><strong>sententia,</strong></span> <span class='ocrx_word' id='word_1_49' title='bbox 1788 675 1884 732; x_wconf 87' lang='lat' dir='ltr'><strong>lib.</strong></span> <span class='ocrx_word' id='word_1_50' title='bbox 1927 692 1944 729; x_wconf 93' lang='grc' dir='ltr'><strong>ι</strong></span> <span class='ocrx_word' id='word_1_51' title='bbox 1985 687 2169 732; x_wconf 84' lang='lat' dir='ltr'><strong>contra</strong></span> <span class='ocrx_word' id='word_1_52' title='bbox 2269 673 2414 728; x_wconf 88' lang='lat' dir='ltr'><strong>enim</strong></span> <span class='ocrx_word' id='word_1_53' title='bbox 2439 673 2633 729; x_wconf 90' lang='lat' dir='ltr'><strong>melius</strong></span> <span class='ocrx_word' id='word_1_54' title='bbox 2660 676 2801 746; x_wconf 85' lang='lat' dir='ltr'><strong>loqui</strong></span> <span class='ocrx_word' id='word_1_55' title='bbox 2833 677 3002 746; x_wconf 91' lang='lat' dir='ltr'><strong>potuit</strong></span> <span class='ocrx_word' id='word_1_56' title='bbox 3026 678 3345 748; x_wconf 75' lang='lat' dir='ltr'><strong>Augustinus</strong></span> <span class='ocrx_word' id='word_1_57' title='bbox 3365 697 3505 749; x_wconf 88' lang='lat' dir='ltr'><strong>quam</strong></span> <span class='ocrx_word' id='word_1_58' title='bbox 3526 689 3743 756; x_wconf 43' lang='lat' dir='ltr'><strong>propheta,</strong></span> 
     </span>
    </p>
   </div>
   <div class='ocr_carea' id='block_1_5' title="bbox 574 761 3729 838">
    <p class='ocr_par' dir='ltr' id='par_1_5' title="bbox 574 761 3729 838">
     <span class='ocr_line' id='line_1_5' title="bbox 574 761 3729 838; baseline 0.007 -22"><span class='ocrx_word' id='word_1_59' title='bbox 574 763 706 830; x_wconf 85' lang='lat' dir='ltr'><strong>Jul.,</strong></span> <span class='ocrx_word' id='word_1_60' title='bbox 729 777 851 832; x_wconf 82' lang='lat' dir='ltr'><strong>cap.</strong></span> <span class='ocrx_word' id='word_1_61' title='bbox 869 761 919 818; x_wconf 86' lang='lat'><strong>6.</strong></span> <span class='ocrx_word' id='word_1_62' title='bbox 938 764 1148 835; x_wconf 89' lang='lat' dir='ltr'><strong>Arrige,</strong></span> <span class='ocrx_word' id='word_1_63' title='bbox 1168 764 1398 832; x_wconf 88' lang='lat' dir='ltr'><strong>Annate,</strong></span> <span class='ocrx_word' id='word_1_64' title='bbox 1423 780 1601 832; x_wconf 86' lang='lat' dir='ltr'><strong>aures,</strong></span> <span class='ocrx_word' id='word_1_65' title='bbox 1626 768 1913 824; x_wconf 90' lang='lat' dir='ltr'><strong>Perronius</strong></span> <span class='ocrx_word' id='word_1_66' title='bbox 1930 784 2084 824; x_wconf 92' lang='lat' dir='ltr'><strong>suum</strong></span> <span class='ocrx_word' id='word_1_67' title='bbox 2101 769 2169 825; x_wconf 90' lang='lat' dir='ltr'><strong>de</strong></span> <span class='ocrx_word' id='word_1_68' title='bbox 2271 778 2429 833; x_wconf 86' lang='lat' dir='ltr'><strong>quam</strong></span> <span class='ocrx_word' id='word_1_69' title='bbox 2467 766 2694 835; x_wconf 83' lang='lat' dir='ltr'><strong>apostoli</strong></span> <span class='ocrx_word' id='word_1_70' title='bbox 2725 776 2778 821; x_wconf 89' lang='lat' dir='ltr'><strong>et</strong></span> <span class='ocrx_word' id='word_1_71' title='bbox 2807 767 3167 837; x_wconf 59' lang='lat' dir='ltr'><strong>evangelista,</strong></span> <span class='ocrx_word' id='word_1_72' title='bbox 3199 783 3416 838; x_wconf 90' lang='lat' dir='ltr'><strong>quorum</strong></span> <span class='ocrx_word' id='word_1_73' title='bbox 3454 777 3670 834; x_wconf 77' lang='lat' dir='ltr'><strong>mentibus</strong></span> <span class='ocrx_word' id='word_1_74' title='bbox 3694 786 3729 837; x_wconf 78' lang='lat' dir='ltr'><strong>si</strong></span> 
     </span>
    </p>
   </div>
   <div class='ocr_carea' id='block_1_6' title="bbox 574 854 3738 936">
    <p class='ocr_par' dir='ltr' id='par_1_6' title="bbox 574 854 3738 936">
     <span class='ocr_line' id='line_1_6' title="bbox 574 854 3738 936; baseline 0.007 -30"><span class='ocrx_word' id='word_1_75' title='bbox 574 854 869 923; x_wconf 79' lang='lat' dir='ltr'><strong>Augustino</strong></span> <span class='ocrx_word' id='word_1_76' title='bbox 897 855 1262 911; x_wconf 88' lang='lat' dir='ltr'><strong>testimonium</strong></span> <span class='ocrx_word' id='word_1_77' title='bbox 1290 855 1525 926; x_wconf 91' lang='lat' dir='ltr'><strong>profert:</strong></span> <span class='ocrx_word' id='word_1_78' title='bbox 1551 859 1886 930; x_wconf 70' lang='lat' dir='ltr'><strong>Augustinus,</strong></span> <span class='ocrx_word' id='word_1_79' title='bbox 1912 860 2166 914; x_wconf 72' lang='lat' dir='ltr'><strong>maximus</strong></span> <span class='ocrx_word' id='word_1_80' title='bbox 2270 856 2470 911; x_wconf 89' lang='lat' dir='ltr'><strong>militer</strong></span> <span class='ocrx_word' id='word_1_81' title='bbox 2501 859 2640 912; x_wconf 89' lang='lat' dir='ltr'><strong>male</strong></span> <span class='ocrx_word' id='word_1_82' title='bbox 2684 858 2973 915; x_wconf 86' lang='lat' dir='ltr'><strong>intellectis</strong></span> <span class='ocrx_word' id='word_1_83' title='bbox 3007 869 3062 915; x_wconf 88' lang='lat' dir='ltr'><strong>et</strong></span> <span class='ocrx_word' id='word_1_84' title='bbox 3092 861 3376 932; x_wconf 87' lang='lat' dir='ltr'><strong>incongrue</strong></span> <span class='ocrx_word' id='word_1_85' title='bbox 3416 865 3645 936; x_wconf 85' lang='lat' dir='ltr'><strong>adhibitis,</strong></span> <span class='ocrx_word' id='word_1_86' title='bbox 3668 885 3738 932; x_wconf 86' lang='lat' dir='ltr'><strong>tam</strong></span> 
     </span>
    </p>
   </div>
   <div class='ocr_carea' id='block_1_7' title="bbox 572 948 3519 1020">
    <p class='ocr_par' dir='ltr' id='par_1_7' title="bbox 572 948 3519 1020">
     <span class='ocr_line' id='line_1_7' title="bbox 572 948 3519 1020; baseline 0.004 -21"><span class='ocrx_word' id='word_1_87' title='bbox 572 954 686 1014; x_wconf 83' lang='lat' dir='ltr'><strong>post</strong></span> <span class='ocrx_word' id='word_1_88' title='bbox 705 950 966 1014; x_wconf 84' lang='lat' dir='ltr'><strong>apostolos</strong></span> <span class='ocrx_word' id='word_1_89' title='bbox 986 949 1448 1020; x_wconf 74' lang='lat' dir='ltr'><strong>prwdestinationis</strong></span> <span class='ocrx_word' id='word_1_90' title='bbox 1470 952 1668 1019; x_wconf 86' lang='lat' dir='ltr'><strong>doctor,</strong></span> <span class='ocrx_word' id='word_1_91' title='bbox 1695 953 1799 1006; x_wconf 87' lang='lat' dir='ltr'><strong>imo</strong></span> <span class='ocrx_word' id='word_1_92' title='bbox 1820 967 1881 1007; x_wconf 91' lang='lat' dir='ltr'><strong>os</strong></span> <span class='ocrx_word' id='word_1_93' title='bbox 1902 963 1948 1006; x_wconf 90' lang='lat' dir='ltr'><strong>et</strong></span> <span class='ocrx_word' id='word_1_94' title='bbox 1975 968 2168 1008; x_wconf 71' lang='lat' dir='ltr'><strong>LINGUA</strong></span> <span class='ocrx_word' id='word_1_95' title='bbox 2268 948 2417 1001; x_wconf 65' lang='lat' dir='ltr'><strong>mutti</strong></span> <span class='ocrx_word' id='word_1_96' title='bbox 2447 963 2576 1003; x_wconf 80' lang='lat' dir='ltr'><strong>suos</strong></span> <span class='ocrx_word' id='word_1_97' title='bbox 2604 949 2899 1006; x_wconf 65' lang='lat' dir='ltr'><strong>defendere</strong></span> <span class='ocrx_word' id='word_1_98' title='bbox 2929 959 3190 1006; x_wconf 72' lang='lat' dir='ltr'><strong>conantur</strong></span> <span class='ocrx_word' id='word_1_99' title='bbox 3219 968 3439 1008; x_wconf 86' lang='lat' dir='ltr'><strong>errores.</strong></span> <span class='ocrx_word' id='word_1_100' title='bbox 3469 975 3486 1008; x_wconf 72' lang='grc' dir='ltr'><strong>ι</strong></span> <span class='ocrx_word' id='word_1_101' title='bbox 3512 969 3519 982; x_wconf 90' lang='lat'><strong>‘</strong></span> 
     </span>
    </p>
   </div>
   <div class='ocr_carea' id='block_1_8' title="bbox 574 1031 3730 1116">
    <p class='ocr_par' dir='ltr' id='par_1_8' title="bbox 574 1031 3730 1116">
     <span class='ocr_line' id='line_1_8' title="bbox 574 1031 3730 1116; baseline 0.006 -23"><span class='ocrx_word' id='word_1_102' title='bbox 574 1056 800 1096; x_wconf 70' lang='lat' dir='ltr'><strong>vra-rents</strong></span> <span class='ocrx_word' id='word_1_103' title='bbox 831 1043 1129 1109; x_wconf 69' lang='lat' dir='ltr'><strong>Eccmsua,</strong></span> <span class='ocrx_word' id='word_1_104' title='bbox 1153 1053 1402 1115; x_wconf 76' lang='lat' dir='ltr'><strong>quantum</strong></span> <span class='ocrx_word' id='word_1_105' title='bbox 1423 1047 1492 1100; x_wconf 88' lang='lat' dir='ltr'><strong>ad</strong></span> <span class='ocrx_word' id='word_1_106' title='bbox 1523 1046 1666 1100; x_wconf 91' lang='lat' dir='ltr'><strong>illam</strong></span> <span class='ocrx_word' id='word_1_107' title='bbox 1693 1047 1755 1099; x_wconf 80' lang='lat' dir='ltr'><strong>de</strong></span> <span class='ocrx_word' id='word_1_108' title='bbox 1783 1047 1949 1116; x_wconf 85' lang='lat' dir='ltr'><strong>gratia</strong></span> <span class='ocrx_word' id='word_1_109' title='bbox 1977 1046 2169 1100; x_wconf 85' lang='lat' dir='ltr'><strong>doctri-</strong></span> <span class='ocrx_word' id='word_1_110' title='bbox 2333 1037 2498 1093; x_wconf 69' lang='grc' dir='ltr'>Νοῑιι</span> <span class='ocrx_word' id='word_1_111' title='bbox 2542 1039 2740 1096; x_wconf 74' lang='lat' dir='ltr'><strong>ibidem</strong></span> <span class='ocrx_word' id='word_1_112' title='bbox 2783 1043 3023 1097; x_wconf 65' lang='lat' dir='ltr'><strong>Minatus</strong></span> <span class='ocrx_word' id='word_1_113' title='bbox 3059 1031 3304 1100; x_wconf 67' lang='grc' dir='ltr'>ἓὸηοῐιιιιι</span> <span class='ocrx_word' id='word_1_114' title='bbox 3350 1044 3568 1104; x_wconf 64' lang='lat' dir='ltr'><strong>Camilla!</strong></span> <span class='ocrx_word' id='word_1_115' title='bbox 3607 1053 3730 1112; x_wconf 76' lang='lat' dir='ltr'><strong>Burro-</strong></span> 
     </span>
    </p>
   </div>
   <div class='ocr_carea' id='block_1_9' title="bbox 571 1131 3739 1212">
    <p class='ocr_par' dir='ltr' id='par_1_9' title="bbox 571 1131 3739 1212">
     <span class='ocr_line' id='line_1_9' title="bbox 571 1131 3739 1212; baseline 0.006 -29"><span class='ocrx_word' id='word_1_116' title='bbox 571 1152 712 1204; x_wconf 76' lang='lat' dir='ltr'><strong>nam,</strong></span> <span class='ocrx_word' id='word_1_117' title='bbox 746 1137 841 1192; x_wconf 87' lang='lat' dir='ltr'><strong>lib.</strong></span> <span class='ocrx_word' id='word_1_118' title='bbox 869 1153 886 1192; x_wconf 86' lang='grc' dir='ltr'><strong>ι</strong></span> <span class='ocrx_word' id='word_1_119' title='bbox 913 1138 1078 1209; x_wconf 76' lang='lat' dir='ltr'><strong>Resp.</strong></span> <span class='ocrx_word' id='word_1_120' title='bbox 1104 1139 1170 1194; x_wconf 78' lang='lat' dir='ltr'><strong>ad</strong></span> <span class='ocrx_word' id='word_1_121' title='bbox 1208 1154 1390 1210; x_wconf 71' lang='lat' dir='ltr'><strong>regem</strong></span> <span class='ocrx_word' id='word_1_122' title='bbox 1421 1140 1646 1209; x_wconf 75' lang='lat' dir='ltr'><strong>Angliae,</strong></span> <span class='ocrx_word' id='word_1_123' title='bbox 1684 1154 1802 1209; x_wconf 80' lang='lat' dir='ltr'><strong>cap.</strong></span> <span class='ocrx_word' id='word_1_124' title='bbox 1831 1139 1914 1193; x_wconf 78' lang='lat'><strong>12.</strong></span> <span class='ocrx_word' id='word_1_125' title='bbox 1951 1139 2088 1206; x_wconf 82' lang='lat' dir='ltr'><strong>Quid</strong></span> <span class='ocrx_word' id='word_1_126' title='bbox 2119 1146 2167 1194; x_wconf 88' lang='lat' dir='ltr'><strong>te</strong></span> <span class='ocrx_word' id='word_1_127' title='bbox 2266 1145 2462 1186; x_wconf 65' lang='lat' dir='ltr'><strong>meeum</strong></span> <span class='ocrx_word' id='word_1_128' title='bbox 2487 1131 2767 1188; x_wconf 81' lang='lat' dir='ltr'><strong>Valerium</strong></span> <span class='ocrx_word' id='word_1_129' title='bbox 2788 1134 2858 1189; x_wconf 89' lang='lat' dir='ltr'><strong>ad</strong></span> <span class='ocrx_word' id='word_1_130' title='bbox 2879 1133 3009 1190; x_wconf 80' lang='lat' dir='ltr'><strong>illud</strong></span> <span class='ocrx_word' id='word_1_131' title='bbox 3038 1149 3173 1206; x_wconf 91' lang='lat' dir='ltr'><strong>opus</strong></span> <span class='ocrx_word' id='word_1_132' title='bbox 3197 1137 3518 1194; x_wconf 88' lang='lat' dir='ltr'><strong>scribendum</strong></span> <span class='ocrx_word' id='word_1_133' title='bbox 3537 1142 3739 1212; x_wconf 77' lang='lat' dir='ltr'><strong>excitasse,</strong></span> 
     </span>
    </p>
   </div>
   <div class='ocr_carea' id='block_1_10' title="bbox 567 1222 2131 1307">
    <p class='ocr_par' dir='ltr' id='par_1_10' title="bbox 567 1230 2131 1304">
     <span class='ocr_line' id='line_1_10' title="bbox 567 1230 2131 1304; baseline 0.003 -22"><span class='ocrx_word' id='word_1_134' title='bbox 567 1230 751 1301; x_wconf 80' lang='lat' dir='ltr'><strong>igitur,</strong></span> <span class='ocrx_word' id='word_1_135' title='bbox 781 1231 930 1286; x_wconf 83' lang='lat' dir='ltr'><strong>addit</strong></span> <span class='ocrx_word' id='word_1_136' title='bbox 958 1233 1306 1303; x_wconf 82' lang='lat' dir='ltr'><strong>Augustinus,</strong></span> <span class='ocrx_word' id='word_1_137' title='bbox 1346 1235 1544 1304; x_wconf 79' lang='lat' dir='ltr'><strong>adjuvit</strong></span> <span class='ocrx_word' id='word_1_138' title='bbox 1572 1233 1707 1302; x_wconf 85' lang='lat' dir='ltr'><strong>quod</strong></span> <span class='ocrx_word' id='word_1_139' title='bbox 1753 1232 2017 1300; x_wconf 92' lang='lat' dir='ltr'><strong>Perronii,</strong></span> <span class='ocrx_word' id='word_1_140' title='bbox 2051 1241 2131 1287; x_wconf 85' lang='lat' dir='ltr'><strong>tan</strong></span> 
     </span>
    </p>
   </div>
   <div class='ocr_carea' id='block_1_11' title="bbox 2170 1222 3734 1307">
    <p class='ocr_par' dir='ltr' id='par_1_11' title="bbox 2263 1222 3734 1307">
     <span class='ocr_line' id='line_1_11' title="bbox 2263 1222 3734 1307; baseline 0.01 -30"><span class='ocrx_word' id='word_1_141' title='bbox 2263 1222 2516 1293; x_wconf 87' lang='lat' dir='ltr'><strong>idemque</strong></span> <span class='ocrx_word' id='word_1_142' title='bbox 2557 1224 2860 1281; x_wconf 88' lang='lat' dir='ltr'><strong>absolutum</strong></span> <span class='ocrx_word' id='word_1_143' title='bbox 2915 1228 3258 1297; x_wconf 84' lang='lat' dir='ltr'><strong>approbasse,</strong></span> <span class='ocrx_word' id='word_1_144' title='bbox 3282 1229 3422 1284; x_wconf 87' lang='lat' dir='ltr'><strong>unde</strong></span> <span class='ocrx_word' id='word_1_145' title='bbox 3457 1232 3525 1285; x_wconf 87' lang='lat' dir='ltr'><strong>uti</strong></span> <span class='ocrx_word' id='word_1_146' title='bbox 3545 1232 3734 1307; x_wconf 80' lang='lat' dir='ltr'><strong>Valerius,</strong></span> 
     </span>
    </p>
   </div>
   <div class='ocr_carea' id='block_1_12' title="bbox 565 1315 3738 1396">
    <p class='ocr_par' dir='ltr' id='par_1_12' title="bbox 565 1315 3738 1396">
     <span class='ocr_line' id='line_1_12' title="bbox 565 1315 3738 1396; baseline 0.004 -22"><span class='ocrx_word' id='word_1_147' title='bbox 565 1337 721 1391; x_wconf 84' lang='lat' dir='ltr'><strong>quam</strong></span> <span class='ocrx_word' id='word_1_148' title='bbox 765 1323 854 1377; x_wconf 82' lang='lat' dir='ltr'><strong>tibi</strong></span> <span class='ocrx_word' id='word_1_149' title='bbox 899 1323 1296 1396; x_wconf 68' lang='lat' dir='ltr'><strong>suffragantur,</strong></span> <span class='ocrx_word' id='word_1_150' title='bbox 1354 1325 1720 1387; x_wconf 89' lang='lat' dir='ltr'><strong>testimonium,</strong></span> <span class='ocrx_word' id='word_1_151' title='bbox 1774 1325 2029 1393; x_wconf 85' lang='lat' dir='ltr'><strong>posuisti?</strong></span> <span class='ocrx_word' id='word_1_152' title='bbox 2073 1323 2163 1379; x_wconf 87' lang='lat' dir='ltr'><strong>Vis</strong></span> <span class='ocrx_word' id='word_1_153' title='bbox 2262 1315 2336 1372; x_wconf 67' lang='lat' dir='ltr'><strong>ita</strong></span> <span class='ocrx_word' id='word_1_154' title='bbox 2382 1325 2440 1372; x_wconf 78' lang='lat' dir='ltr'><strong>et</strong></span> <span class='ocrx_word' id='word_1_155' title='bbox 2490 1327 2712 1375; x_wconf 75' lang='lat' dir='ltr'><strong>sanetus</strong></span> <span class='ocrx_word' id='word_1_156' title='bbox 2772 1319 2997 1377; x_wconf 78' lang='lat' dir='ltr'><strong>Carolus</strong></span> <span class='ocrx_word' id='word_1_157' title='bbox 3049 1330 3234 1377; x_wconf 87' lang='lat' dir='ltr'><strong>contra</strong></span> <span class='ocrx_word' id='word_1_158' title='bbox 3288 1323 3606 1393; x_wconf 89' lang='lat' dir='ltr'><strong>Augustinum</strong></span> <span class='ocrx_word' id='word_1_159' title='bbox 3644 1339 3738 1388; x_wconf 80' lang='lat' dir='ltr'><strong>stare</strong></span> 
     </span>
    </p>
   </div>
   <div class='ocr_carea' id='block_1_13' title="bbox 566 1408 3739 1487">
    <p class='ocr_par' dir='ltr' id='par_1_13' title="bbox 566 1408 3739 1487">
     <span class='ocr_line' id='line_1_13' title="bbox 566 1408 3739 1487; baseline 0.003 -17"><span class='ocrx_word' id='word_1_160' title='bbox 566 1415 706 1470; x_wconf 87' lang='lat' dir='ltr'><strong>scire</strong></span> <span class='ocrx_word' id='word_1_161' title='bbox 735 1430 804 1469; x_wconf 91' lang='lat' dir='ltr'><strong>an</strong></span> <span class='ocrx_word' id='word_1_162' title='bbox 834 1429 985 1470; x_wconf 89' lang='lat' dir='ltr'><strong>suam</strong></span> <span class='ocrx_word' id='word_1_163' title='bbox 1008 1417 1076 1472; x_wconf 90' lang='lat' dir='ltr'><strong>de</strong></span> <span class='ocrx_word' id='word_1_164' title='bbox 1103 1417 1578 1487; x_wconf 71' lang='lat' dir='ltr'><strong>praedestinatione</strong></span> <span class='ocrx_word' id='word_1_165' title='bbox 1618 1419 1939 1471; x_wconf 89' lang='lat' dir='ltr'><strong>sententiam</strong></span> <span class='ocrx_word' id='word_1_166' title='bbox 1969 1415 2160 1472; x_wconf 85' lang='lat' dir='ltr'><strong>docue-</strong></span> <span class='ocrx_word' id='word_1_167' title='bbox 2259 1408 2472 1464; x_wconf 71' lang='lat' dir='ltr'><strong>Annam</strong></span> <span class='ocrx_word' id='word_1_168' title='bbox 2496 1409 2644 1466; x_wconf 78' lang='lat' dir='ltr'><strong>Visus</strong></span> <span class='ocrx_word' id='word_1_169' title='bbox 2664 1420 2750 1467; x_wconf 88' lang='lat' dir='ltr'><strong>est</strong></span> <span class='ocrx_word' id='word_1_170' title='bbox 2784 1428 2798 1464; x_wconf 90' lang='lat'><strong>:</strong></span> <span class='ocrx_word' id='word_1_171' title='bbox 2831 1430 2853 1465; x_wconf 74' lang='grc' dir='ltr'><strong>ι</strong></span> <span class='ocrx_word' id='word_1_172' title='bbox 2890 1413 2960 1468; x_wconf 90' lang='lat' dir='ltr'><strong>Ut</strong></span> <span class='ocrx_word' id='word_1_173' title='bbox 2985 1412 3130 1480; x_wconf 86' lang='lat' dir='ltr'><strong>ideo.</strong></span> <span class='ocrx_word' id='word_1_174' title='bbox 3163 1414 3354 1484; x_wconf 89' lang='lat' dir='ltr'><strong>inquit,</strong></span> <span class='ocrx_word' id='word_1_175' title='bbox 3383 1414 3535 1472; x_wconf 87' lang='lat' dir='ltr'><strong>videri</strong></span> <span class='ocrx_word' id='word_1_176' title='bbox 3557 1421 3683 1486; x_wconf 78' lang='lat' dir='ltr'><strong>possit</strong></span> <span class='ocrx_word' id='word_1_177' title='bbox 3699 1436 3739 1478; x_wconf 80' lang='lat' dir='ltr'><strong>ac</strong></span> 
     </span>
    </p>
   </div>
   <div class='ocr_carea' id='block_1_14' title="bbox 565 1500 3740 1580">
    <p class='ocr_par' dir='ltr' id='par_1_14' title="bbox 565 1500 3740 1580">
     <span class='ocr_line' id='line_1_14' title="bbox 565 1500 3740 1580; baseline 0.003 -20"><span class='ocrx_word' id='word_1_178' title='bbox 565 1507 637 1561; x_wconf 88' lang='lat' dir='ltr'><strong>rit</strong></span> <span class='ocrx_word' id='word_1_179' title='bbox 671 1507 1026 1579; x_wconf 84' lang='lat' dir='ltr'><strong>Augustinus,</strong></span> <span class='ocrx_word' id='word_1_180' title='bbox 1068 1517 1122 1562; x_wconf 90' lang='lat' dir='ltr'><strong>ut</strong></span> <span class='ocrx_word' id='word_1_181' title='bbox 1166 1511 1396 1580; x_wconf 86' lang='lat' dir='ltr'><strong>privatus</strong></span> <span class='ocrx_word' id='word_1_182' title='bbox 1425 1509 1622 1577; x_wconf 90' lang='lat' dir='ltr'><strong>doctor,</strong></span> <span class='ocrx_word' id='word_1_183' title='bbox 1664 1523 1730 1561; x_wconf 90' lang='lat' dir='ltr'><strong>an</strong></span> <span class='ocrx_word' id='word_1_184' title='bbox 1763 1518 1818 1562; x_wconf 89' lang='lat' dir='ltr'><strong>ut</strong></span> <span class='ocrx_word' id='word_1_185' title='bbox 1859 1508 1997 1562; x_wconf 88' lang='lat' dir='ltr'><strong>testis</strong></span> <span class='ocrx_word' id='word_1_186' title='bbox 2039 1522 2160 1562; x_wconf 86' lang='lat' dir='ltr'><strong>usus</strong></span> <span class='ocrx_word' id='word_1_187' title='bbox 2257 1500 2454 1556; x_wconf 83' lang='lat' dir='ltr'><strong>debeat</strong></span> <span class='ocrx_word' id='word_1_188' title='bbox 2484 1517 2648 1558; x_wconf 89' lang='lat' dir='ltr'><strong>unum</strong></span> <span class='ocrx_word' id='word_1_189' title='bbox 2677 1503 2780 1560; x_wconf 90' lang='lat' dir='ltr'><strong>hoc</strong></span> <span class='ocrx_word' id='word_1_190' title='bbox 2809 1505 3176 1561; x_wconf 85' lang='lat' dir='ltr'><strong>testimonium</strong></span> <span class='ocrx_word' id='word_1_191' title='bbox 3207 1520 3326 1562; x_wconf 88' lang='lat' dir='ltr'><strong>esse</strong></span> <span class='ocrx_word' id='word_1_192' title='bbox 3365 1507 3572 1565; x_wconf 85' lang='lat' dir='ltr'><strong>duorum</strong></span> <span class='ocrx_word' id='word_1_193' title='bbox 3605 1513 3740 1570; x_wconf 79' lang='lat' dir='ltr'><strong>virtuts</strong></span> 
     </span>
    </p>
   </div>
   <div class='ocr_carea' id='block_1_15' title="bbox 564 1585 3740 1672">
    <p class='ocr_par' dir='ltr' id='par_1_15' title="bbox 564 1585 3740 1672">
     <span class='ocr_line' id='line_1_15' title="bbox 564 1585 3740 1672; baseline 0.003 -18"><span class='ocrx_word' id='word_1_194' title='bbox 564 1616 846 1656; x_wconf 72' lang='lat' dir='ltr'><strong>communis</strong></span> <span class='ocrx_word' id='word_1_195' title='bbox 899 1601 1177 1657; x_wconf 65' lang='lat' dir='ltr'><strong>Ecclesiae?</strong></span> <span class='ocrx_word' id='word_1_196' title='bbox 1214 1603 1353 1657; x_wconf 87' lang='lat' dir='ltr'><strong>Audi</strong></span> <span class='ocrx_word' id='word_1_197' title='bbox 1404 1603 1691 1672; x_wconf 88' lang='lat' dir='ltr'><strong>ipsummet</strong></span> <span class='ocrx_word' id='word_1_198' title='bbox 1735 1600 1850 1656; x_wconf 68' lang='lat' dir='ltr'><strong>haec</strong></span> <span class='ocrx_word' id='word_1_199' title='bbox 1893 1602 2158 1656; x_wconf 86' lang='lat' dir='ltr'><strong>dicentem</strong></span> <span class='ocrx_word' id='word_1_200' title='bbox 2255 1615 2322 1655; x_wconf 91' lang='lat' dir='ltr'><strong>ac</strong></span> <span class='ocrx_word' id='word_1_201' title='bbox 2379 1603 2666 1659; x_wconf 88' lang='lat' dir='ltr'><strong>sanctitate</strong></span> <span class='ocrx_word' id='word_1_202' title='bbox 2708 1585 3251 1660; x_wconf 76' lang='lat' dir='ltr'><strong>eminentissimorum</strong></span> <span class='ocrx_word' id='word_1_203' title='bbox 3299 1605 3740 1666; x_wconf 54' lang='lat' dir='ltr'><strong>cardinaliumnlta</strong></span> 
     </span>
    </p>
   </div>
   <div class='ocr_carea' id='block_1_16' title="bbox 565 1691 3737 1766">
    <p class='ocr_par' dir='ltr' id='par_1_16' title="bbox 565 1691 3737 1766">
     <span class='ocr_line' id='line_1_16' title="bbox 565 1691 3737 1766; baseline 0.003 -20"><span class='ocrx_word' id='word_1_204' title='bbox 565 1692 662 1747; x_wconf 94' lang='lat' dir='ltr'><strong>lib.</strong></span> <span class='ocrx_word' id='word_1_205' title='bbox 705 1693 772 1749; x_wconf 90' lang='lat' dir='ltr'><strong>de</strong></span> <span class='ocrx_word' id='word_1_206' title='bbox 818 1694 968 1748; x_wconf 93' lang='lat' dir='ltr'><strong>Dono</strong></span> <span class='ocrx_word' id='word_1_207' title='bbox 1011 1709 1244 1765; x_wconf 90' lang='lat' dir='ltr'><strong>persev.,</strong></span> <span class='ocrx_word' id='word_1_208' title='bbox 1287 1709 1406 1763; x_wconf 89' lang='lat' dir='ltr'><strong>cap.</strong></span> <span class='ocrx_word' id='word_1_209' title='bbox 1442 1693 1546 1762; x_wconf 79' lang='lat'><strong>‘25,</strong></span> <span class='ocrx_word' id='word_1_210' title='bbox 1593 1694 1647 1748; x_wconf 85' lang='lat' dir='ltr'><strong>in</strong></span> <span class='ocrx_word' id='word_1_211' title='bbox 1692 1691 1798 1749; x_wconf 85' lang='lat' dir='ltr'><strong>fine</strong></span> <span class='ocrx_word' id='word_1_212' title='bbox 1831 1709 1846 1746; x_wconf 90' lang='lat'><strong>:</strong></span> <span class='ocrx_word' id='word_1_213' title='bbox 1881 1711 1903 1746; x_wconf 73' lang='grc' dir='ltr'><strong>ι</strong></span> <span class='ocrx_word' id='word_1_214' title='bbox 1937 1693 2015 1748; x_wconf 91' lang='lat' dir='ltr'><strong>Ac</strong></span> <span class='ocrx_word' id='word_1_215' title='bbox 2060 1708 2157 1764; x_wconf 88' lang='lat' dir='ltr'><strong>per</strong></span> <span class='ocrx_word' id='word_1_216' title='bbox 2254 1694 2586 1750; x_wconf 88' lang='lat' dir='ltr'><strong>contrarium</strong></span> <span class='ocrx_word' id='word_1_217' title='bbox 2631 1704 2820 1751; x_wconf 88' lang='lat' dir='ltr'><strong>sancto</strong></span> <span class='ocrx_word' id='word_1_218' title='bbox 2855 1696 3064 1752; x_wconf 87' lang='lat' dir='ltr'><strong>doctori</strong></span> <span class='ocrx_word' id='word_1_219' title='bbox 3105 1706 3348 1752; x_wconf 87' lang='lat' dir='ltr'><strong>sanctum</strong></span> <span class='ocrx_word' id='word_1_220' title='bbox 3393 1694 3612 1752; x_wconf 87' lang='lat' dir='ltr'><strong>Carolutn</strong></span> <span class='ocrx_word' id='word_1_221' title='bbox 3639 1699 3737 1766; x_wconf 76' lang='lat' dir='ltr'><strong>facit,</strong></span> 
     </span>
    </p>
   </div>
   <div class='ocr_carea' id='block_1_17' title="bbox 565 1783 3740 1860">
    <p class='ocr_par' dir='ltr' id='par_1_17' title="bbox 565 1783 3740 1860">
     <span class='ocr_line' id='line_1_17' title="bbox 565 1783 3740 1860; baseline 0.003 -22"><span class='ocrx_word' id='word_1_222' title='bbox 565 1783 668 1839; x_wconf 89' lang='lat' dir='ltr'><strong>hoc</strong></span> <span class='ocrx_word' id='word_1_223' title='bbox 698 1785 1182 1854; x_wconf 73' lang='lat' dir='ltr'><strong>praedestinationis</strong></span> <span class='ocrx_word' id='word_1_224' title='bbox 1215 1787 1374 1858; x_wconf 87' lang='lat' dir='ltr'><strong>hujus</strong></span> <span class='ocrx_word' id='word_1_225' title='bbox 1399 1787 1582 1855; x_wconf 84' lang='lat' dir='ltr'><strong>fidem,</strong></span> <span class='ocrx_word' id='word_1_226' title='bbox 1621 1801 1741 1855; x_wconf 66' lang='lat' dir='ltr'><strong>quae</strong></span> <span class='ocrx_word' id='word_1_227' title='bbox 1771 1795 1959 1841; x_wconf 91' lang='lat' dir='ltr'><strong>contra</strong></span> <span class='ocrx_word' id='word_1_228' title='bbox 1984 1801 2152 1841; x_wconf 89' lang='lat' dir='ltr'><strong>novos</strong></span> <span class='ocrx_word' id='word_1_229' title='bbox 2253 1785 2344 1854; x_wconf 90' lang='lat' dir='ltr'><strong>qui</strong></span> <span class='ocrx_word' id='word_1_230' title='bbox 2395 1785 2447 1840; x_wconf 87' lang='lat' dir='ltr'><strong>id</strong></span> <span class='ocrx_word' id='word_1_231' title='bbox 2493 1801 2562 1842; x_wconf 90' lang='lat' dir='ltr'><strong>ne</strong></span> <span class='ocrx_word' id='word_1_232' title='bbox 2600 1787 2890 1842; x_wconf 80' lang='lat' dir='ltr'><strong>somniavit</strong></span> <span class='ocrx_word' id='word_1_233' title='bbox 2928 1787 3162 1857; x_wconf 85' lang='lat' dir='ltr'><strong>quidem.</strong></span> <span class='ocrx_word' id='word_1_234' title='bbox 3192 1788 3262 1842; x_wconf 82' lang='lat' dir='ltr'><strong>At</strong></span> <span class='ocrx_word' id='word_1_235' title='bbox 3297 1802 3416 1842; x_wconf 90' lang='lat' dir='ltr'><strong>cum</strong></span> <span class='ocrx_word' id='word_1_236' title='bbox 3444 1788 3647 1844; x_wconf 76' lang='lat' dir='ltr'><strong>Valerius</strong></span> <span class='ocrx_word' id='word_1_237' title='bbox 3674 1805 3740 1860; x_wconf 83' lang='lat' dir='ltr'><strong>pro</strong></span> 
     </span>
    </p>
   </div>
   <div class='ocr_carea' id='block_1_18' title="bbox 562 1867 3738 1949">
    <p class='ocr_par' dir='ltr' id='par_1_18' title="bbox 562 1867 3738 1949">
     <span class='ocr_line' id='line_1_18' title="bbox 562 1867 3738 1949; baseline 0.002 -20"><span class='ocrx_word' id='word_1_238' title='bbox 562 1875 847 1932; x_wconf 80' lang='lat' dir='ltr'><strong>haereticos</strong></span> <span class='ocrx_word' id='word_1_239' title='bbox 875 1893 1012 1932; x_wconf 86' lang='lat' dir='ltr'><strong>nova</strong></span> <span class='ocrx_word' id='word_1_240' title='bbox 1055 1878 1414 1934; x_wconf 89' lang='lat' dir='ltr'><strong>sollicitudine</strong></span> <span class='ocrx_word' id='word_1_241' title='bbox 1457 1892 1600 1932; x_wconf 91' lang='lat' dir='ltr'><strong>nunc</strong></span> <span class='ocrx_word' id='word_1_242' title='bbox 1642 1877 1964 1943; x_wconf 89' lang='lat' dir='ltr'><strong>defenditur,</strong></span> <span class='ocrx_word' id='word_1_243' title='bbox 2011 1893 2152 1933; x_wconf 83' lang='lat' dir='ltr'><strong>nun-</strong></span> <span class='ocrx_word' id='word_1_244' title='bbox 2179 1867 2230 1927; x_wconf 81' lang='grc' dir='ltr'><em>Β</em></span> <span class='ocrx_word' id='word_1_245' title='bbox 2257 1874 2556 1946; x_wconf 89' lang='lat' dir='ltr'><strong>Augustino</strong></span> <span class='ocrx_word' id='word_1_246' title='bbox 2584 1878 2863 1949; x_wconf 88' lang='lat' dir='ltr'><strong>loquatur,</strong></span> <span class='ocrx_word' id='word_1_247' title='bbox 2909 1893 3108 1948; x_wconf 89' lang='lat' dir='ltr'><strong>suppar</strong></span> <span class='ocrx_word' id='word_1_248' title='bbox 3149 1879 3228 1933; x_wconf 87' lang='lat' dir='ltr'><strong>illi</strong></span> <span class='ocrx_word' id='word_1_249' title='bbox 3261 1879 3572 1935; x_wconf 70' lang='lat' dir='ltr'><strong>Borromaaus</strong></span> <span class='ocrx_word' id='word_1_250' title='bbox 3595 1881 3738 1936; x_wconf 84' lang='lat' dir='ltr'><strong>adden-</strong></span> 
     </span>
    </p>
   </div>
   <div class='ocr_carea' id='block_1_19' title="bbox 561 1965 3739 2042">
    <p class='ocr_par' dir='ltr' id='par_1_19' title="bbox 561 1965 3739 2042">
     <span class='ocr_line' id='line_1_19' title="bbox 561 1965 3739 2042; baseline 0.002 -19"><span class='ocrx_word' id='word_1_251' title='bbox 561 1984 719 2040; x_wconf 90' lang='lat' dir='ltr'><strong>quam</strong></span> <span class='ocrx_word' id='word_1_252' title='bbox 767 1968 1010 2024; x_wconf 84' lang='lat' dir='ltr'><strong>Ecclesia</strong></span> <span class='ocrx_word' id='word_1_253' title='bbox 1049 1969 1247 2024; x_wconf 87' lang='lat' dir='ltr'><strong>Christi</strong></span> <span class='ocrx_word' id='word_1_254' title='bbox 1293 1985 1400 2025; x_wconf 92' lang='lat' dir='ltr'><strong>non</strong></span> <span class='ocrx_word' id='word_1_255' title='bbox 1452 1969 1658 2025; x_wconf 88' lang='lat' dir='ltr'><strong>habuit.</strong></span> <span class='ocrx_word' id='word_1_256' title='bbox 1690 1987 1709 2020; x_wconf 75' lang='grc' dir='ltr'><strong>ι</strong></span> <span class='ocrx_word' id='word_1_257' title='bbox 1737 1968 1851 2023; x_wconf 81' lang='lat' dir='ltr'><strong>Non</strong></span> <span class='ocrx_word' id='word_1_258' title='bbox 1891 1968 2051 2039; x_wconf 88' lang='lat' dir='ltr'><strong>igitur</strong></span> <span class='ocrx_word' id='word_1_259' title='bbox 2087 1983 2152 2024; x_wconf 91' lang='lat' dir='ltr'><strong>ea</strong></span> <span class='ocrx_word' id='word_1_260' title='bbox 2252 1965 2354 2021; x_wconf 88' lang='lat' dir='ltr'><strong>dus</strong></span> <span class='ocrx_word' id='word_1_261' title='bbox 2381 1976 2485 2021; x_wconf 88' lang='lat' dir='ltr'><strong>est.</strong></span> <span class='ocrx_word' id='word_1_262' title='bbox 2518 1966 2626 2023; x_wconf 89' lang='lat' dir='ltr'><strong>Sed</strong></span> <span class='ocrx_word' id='word_1_263' title='bbox 2657 1983 2791 2038; x_wconf 93' lang='lat' dir='ltr'><strong>age,</strong></span> <span class='ocrx_word' id='word_1_264' title='bbox 2823 1969 2992 2039; x_wconf 84' lang='lat' dir='ltr'><strong>ipsius</strong></span> <span class='ocrx_word' id='word_1_265' title='bbox 3029 1969 3203 2024; x_wconf 87' lang='lat' dir='ltr'><strong>sancti</strong></span> <span class='ocrx_word' id='word_1_266' title='bbox 3230 1968 3406 2026; x_wconf 89' lang='lat' dir='ltr'><strong>Caroli</strong></span> <span class='ocrx_word' id='word_1_267' title='bbox 3437 1971 3497 2027; x_wconf 88' lang='lat' dir='ltr'><strong>de</strong></span> <span class='ocrx_word' id='word_1_268' title='bbox 3522 1973 3739 2042; x_wconf 84' lang='lat' dir='ltr'><strong>Augustino</strong></span> 
     </span>
    </p>
   </div>
   <div class='ocr_carea' id='block_1_20' title="bbox 561 2058 3738 2134">
    <p class='ocr_par' dir='ltr' id='par_1_20' title="bbox 561 2058 3738 2134">
     <span class='ocr_line' id='line_1_20' title="bbox 561 2058 3738 2134; baseline 0.001 -18"><span class='ocrx_word' id='word_1_269' title='bbox 561 2061 616 2116; x_wconf 86' lang='lat' dir='ltr'><strong>in</strong></span> <span class='ocrx_word' id='word_1_270' title='bbox 654 2076 713 2116; x_wconf 90' lang='lat' dir='ltr'><strong>re</strong></span> <span class='ocrx_word' id='word_1_271' title='bbox 742 2061 949 2118; x_wconf 89' lang='lat' dir='ltr'><strong>locutus</strong></span> <span class='ocrx_word' id='word_1_272' title='bbox 970 2071 1057 2118; x_wconf 89' lang='lat' dir='ltr'><strong>est</strong></span> <span class='ocrx_word' id='word_1_273' title='bbox 1077 2064 1402 2134; x_wconf 83' lang='lat' dir='ltr'><strong>Augustinus</strong></span> <span class='ocrx_word' id='word_1_274' title='bbox 1438 2073 1495 2118; x_wconf 91' lang='lat' dir='ltr'><strong>ut</strong></span> <span class='ocrx_word' id='word_1_275' title='bbox 1525 2065 1766 2134; x_wconf 89' lang='lat' dir='ltr'><strong>privatus</strong></span> <span class='ocrx_word' id='word_1_276' title='bbox 1794 2061 2001 2129; x_wconf 89' lang='lat' dir='ltr'><strong>doctor,</strong></span> <span class='ocrx_word' id='word_1_277' title='bbox 2031 2063 2146 2131; x_wconf 89' lang='lat' dir='ltr'><strong>sed,</strong></span> <span class='ocrx_word' id='word_1_278' title='bbox 2254 2058 2618 2114; x_wconf 88' lang='lat' dir='ltr'><strong>testimonium</strong></span> <span class='ocrx_word' id='word_1_279' title='bbox 2646 2060 3004 2130; x_wconf 81' lang='lat' dir='ltr'><strong>proferamus.</strong></span> <span class='ocrx_word' id='word_1_280' title='bbox 3057 2061 3150 2118; x_wconf 81' lang='lat' dir='ltr'><strong>Ille</strong></span> <span class='ocrx_word' id='word_1_281' title='bbox 3186 2063 3242 2117; x_wconf 92' lang='lat' dir='ltr'><strong>in</strong></span> <span class='ocrx_word' id='word_1_282' title='bbox 3270 2063 3486 2132; x_wconf 87' lang='lat' dir='ltr'><strong>epistola</strong></span> <span class='ocrx_word' id='word_1_283' title='bbox 3520 2065 3577 2118; x_wconf 87' lang='lat' dir='ltr'><strong>ad</strong></span> <span class='ocrx_word' id='word_1_284' title='bbox 3607 2066 3738 2120; x_wconf 76' lang='lat' dir='ltr'><strong>civita-</strong></span> 
     </span>
    </p>
   </div>
   <div class='ocr_carea' id='block_1_21' title="bbox 561 2149 2125 2231">
    <p class='ocr_par' dir='ltr' id='par_1_21' title="bbox 561 2155 2125 2231">
     <span class='ocr_line' id='line_1_21' title="bbox 561 2155 2125 2231; baseline 0.003 -23"><span class='ocrx_word' id='word_1_285' title='bbox 561 2164 620 2210; x_wconf 79' lang='grc' dir='ltr'><strong>ιιι</strong></span> <span class='ocrx_word' id='word_1_286' title='bbox 655 2155 815 2210; x_wconf 86' lang='lat' dir='ltr'><strong>tradit</strong></span> <span class='ocrx_word' id='word_1_287' title='bbox 841 2156 1151 2223; x_wconf 73' lang='lat' dir='ltr'><strong>Petronius,</strong></span> <span class='ocrx_word' id='word_1_288' title='bbox 1181 2166 1241 2212; x_wconf 90' lang='lat' dir='ltr'><strong>ut</strong></span> <span class='ocrx_word' id='word_1_289' title='bbox 1281 2175 1336 2212; x_wconf 92' lang='lat' dir='ltr'><strong>os</strong></span> <span class='ocrx_word' id='word_1_290' title='bbox 1371 2167 1417 2213; x_wconf 88' lang='lat' dir='ltr'><strong>et</strong></span> <span class='ocrx_word' id='word_1_291' title='bbox 1457 2159 1636 2231; x_wconf 87' lang='lat' dir='ltr'><strong>lingua</strong></span> <span class='ocrx_word' id='word_1_292' title='bbox 1674 2159 1854 2214; x_wconf 82' lang='lat' dir='ltr'><strong>veteris</strong></span> <span class='ocrx_word' id='word_1_293' title='bbox 1881 2157 2125 2213; x_wconf 74' lang='lat' dir='ltr'><strong>Ecclesia:</strong></span> 
     </span>
    </p>
   </div>
   <div class='ocr_carea' id='block_1_22' title="bbox 2175 2149 3739 2231">
    <p class='ocr_par' dir='ltr' id='par_1_22' title="bbox 2253 2149 3739 2224">
     <span class='ocr_line' id='line_1_22' title="bbox 2253 2149 3739 2224; baseline 0.005 -21"><span class='ocrx_word' id='word_1_294' title='bbox 2253 2157 2360 2204; x_wconf 89' lang='lat' dir='ltr'><strong>tem</strong></span> <span class='ocrx_word' id='word_1_295' title='bbox 2415 2149 2869 2208; x_wconf 77' lang='lat' dir='ltr'><strong>Mediolanensem</strong></span> <span class='ocrx_word' id='word_1_296' title='bbox 2921 2152 2998 2207; x_wconf 92' lang='lat' dir='ltr'><strong>ait</strong></span> <span class='ocrx_word' id='word_1_297' title='bbox 3029 2169 3044 2206; x_wconf 87' lang='lat'><strong>:</strong></span> <span class='ocrx_word' id='word_1_298' title='bbox 3083 2170 3104 2204; x_wconf 85' lang='grc'><em>‹</em></span> <span class='ocrx_word' id='word_1_299' title='bbox 3136 2151 3306 2208; x_wconf 85' lang='lat' dir='ltr'><strong>Nemo</strong></span> <span class='ocrx_word' id='word_1_300' title='bbox 3345 2161 3427 2209; x_wconf 88' lang='lat' dir='ltr'><strong>est</strong></span> <span class='ocrx_word' id='word_1_301' title='bbox 3469 2155 3549 2223; x_wconf 90' lang='lat' dir='ltr'><strong>qui</strong></span> <span class='ocrx_word' id='word_1_302' title='bbox 3593 2155 3739 2224; x_wconf 83' lang='lat' dir='ltr'><strong>ignoret</strong></span> 
     </span>
    </p>
   </div>
   <div class='ocr_carea' id='block_1_23' title="bbox 561 2244 3740 2322">
    <p class='ocr_par' dir='ltr' id='par_1_23' title="bbox 561 2244 3740 2322">
     <span class='ocr_line' id='line_1_23' title="bbox 561 2244 3740 2322; baseline 0.005 -35"><span class='ocrx_word' id='word_1_303' title='bbox 561 2245 740 2312; x_wconf 66' lang='lat' dir='ltr'><strong>Quum</strong></span> <span class='ocrx_word' id='word_1_304' title='bbox 778 2247 898 2317; x_wconf 71' lang='lat' dir='ltr'><strong>quis</strong></span> <span class='ocrx_word' id='word_1_305' title='bbox 938 2263 1046 2303; x_wconf 75' lang='lat' dir='ltr'><strong>non</strong></span> <span class='ocrx_word' id='word_1_306' title='bbox 1095 2249 1396 2320; x_wconf 52' lang='lat' dir='ltr'><strong>indignetur</strong></span> <span class='ocrx_word' id='word_1_307' title='bbox 1425 2251 1669 2315; x_wconf 68' lang='grc' dir='ltr'><strong>Αηηειιο,</strong></span> <span class='ocrx_word' id='word_1_308' title='bbox 1702 2252 1793 2322; x_wconf 73' lang='lat' dir='ltr'><strong>qui</strong></span> <span class='ocrx_word' id='word_1_309' title='bbox 1840 2267 1934 2308; x_wconf 71' lang='lat' dir='ltr'><strong>eus</strong></span> <span class='ocrx_word' id='word_1_310' title='bbox 1962 2261 2149 2308; x_wconf 58' lang='lat' dir='ltr'><strong>contra</strong></span> <span class='ocrx_word' id='word_1_311' title='bbox 2250 2251 2512 2311; x_wconf 75' lang='lat' dir='ltr'><strong>quantum</strong></span> <span class='ocrx_word' id='word_1_312' title='bbox 2539 2244 2790 2301; x_wconf 89' lang='lat' dir='ltr'><strong>utilitatis</strong></span> <span class='ocrx_word' id='word_1_313' title='bbox 2820 2253 2875 2300; x_wconf 90' lang='lat' dir='ltr'><strong>et</strong></span> <span class='ocrx_word' id='word_1_314' title='bbox 2913 2245 3119 2301; x_wconf 80' lang='lat' dir='ltr'><strong>fructus</strong></span> <span class='ocrx_word' id='word_1_315' title='bbox 3149 2245 3392 2301; x_wconf 86' lang='lat' dir='ltr'><strong>attulerit</strong></span> <span class='ocrx_word' id='word_1_316' title='bbox 3433 2245 3649 2301; x_wconf 68' lang='lat' dir='ltr'><strong>Ecclesiae</strong></span> <span class='ocrx_word' id='word_1_317' title='bbox 3679 2247 3740 2302; x_wconf 80' lang='lat' dir='ltr'><strong>De&#39;</strong></span> 
     </span>
    </p>
   </div>
   <div class='ocr_carea' id='block_1_24' title="bbox 563 2334 2127 2412">
    <p class='ocr_par' dir='ltr' id='par_1_24' title="bbox 563 2337 2127 2412">
     <span class='ocr_line' id='line_1_24' title="bbox 563 2337 2127 2412; baseline 0.008 -22"><span class='ocrx_word' id='word_1_318' title='bbox 563 2337 918 2408; x_wconf 87' lang='lat' dir='ltr'><strong>Augustinum</strong></span> <span class='ocrx_word' id='word_1_319' title='bbox 947 2348 1114 2396; x_wconf 88' lang='lat' dir='ltr'><strong>testes</strong></span> <span class='ocrx_word' id='word_1_320' title='bbox 1152 2345 1390 2397; x_wconf 84' lang='lat' dir='ltr'><strong>nominat</strong></span> <span class='ocrx_word' id='word_1_321' title='bbox 1419 2345 1509 2412; x_wconf 88' lang='lat' dir='ltr'><strong>qui</strong></span> <span class='ocrx_word' id='word_1_322' title='bbox 1551 2345 1722 2399; x_wconf 89' lang='lat' dir='ltr'><strong>sancti</strong></span> <span class='ocrx_word' id='word_1_323' title='bbox 1762 2345 1996 2401; x_wconf 89' lang='lat' dir='ltr'><strong>doctoris</strong></span> <span class='ocrx_word' id='word_1_324' title='bbox 2026 2360 2127 2402; x_wconf 29' lang='lat' dir='ltr'><strong>seni</strong></span> 
     </span>
    </p>
   </div>
   <div class='ocr_carea' id='block_1_25' title="bbox 2173 2334 3737 2412">
    <p class='ocr_par' dir='ltr' id='par_1_25' title="bbox 2249 2334 3737 2408">
     <span class='ocr_line' id='line_1_25' title="bbox 2249 2334 3737 2408; baseline 0.005 -21"><span class='ocrx_word' id='word_1_325' title='bbox 2249 2348 2477 2404; x_wconf 86' lang='lat' dir='ltr'><strong>magnus</strong></span> <span class='ocrx_word' id='word_1_326' title='bbox 2506 2334 2650 2389; x_wconf 90' lang='lat' dir='ltr'><strong>illius</strong></span> <span class='ocrx_word' id='word_1_327' title='bbox 2671 2335 2861 2392; x_wconf 87' lang='lat' dir='ltr'><strong>doctor</strong></span> <span class='ocrx_word' id='word_1_328' title='bbox 2877 2337 3231 2408; x_wconf 85' lang='lat' dir='ltr'><strong>Augustinus.</strong></span> <span class='ocrx_word' id='word_1_329' title='bbox 3269 2335 3526 2392; x_wconf 81' lang='lat' dir='ltr'><strong>Exstinxit</strong></span> <span class='ocrx_word' id='word_1_330' title='bbox 3545 2338 3591 2392; x_wconf 91' lang='lat' dir='ltr'><strong>in</strong></span> <span class='ocrx_word' id='word_1_331' title='bbox 3612 2338 3737 2394; x_wconf 82' lang='lat' dir='ltr'><strong>Africa</strong></span> 
     </span>
    </p>
   </div>
   <div class='ocr_carea' id='block_1_26' title="bbox 561 2429 3738 2504">
    <p class='ocr_par' dir='ltr' id='par_1_26' title="bbox 561 2429 3738 2504">
     <span class='ocr_line' id='line_1_26' title="bbox 561 2429 3738 2504; baseline 0.002 -22"><span class='ocrx_word' id='word_1_332' title='bbox 561 2429 756 2484; x_wconf 89' lang='lat' dir='ltr'><strong>tentias</strong></span> <span class='ocrx_word' id='word_1_333' title='bbox 786 2431 852 2485; x_wconf 89' lang='lat' dir='ltr'><strong>ad</strong></span> <span class='ocrx_word' id='word_1_334' title='bbox 879 2432 1076 2487; x_wconf 68' lang='lat' dir='ltr'><strong>coelum</strong></span> <span class='ocrx_word' id='word_1_335' title='bbox 1108 2447 1274 2503; x_wconf 79' lang='lat' dir='ltr'><strong>usque</strong></span> <span class='ocrx_word' id='word_1_336' title='bbox 1312 2433 1558 2490; x_wconf 86' lang='lat' dir='ltr'><strong>laudibus</strong></span> <span class='ocrx_word' id='word_1_337' title='bbox 1587 2434 1852 2491; x_wconf 66' lang='lat' dir='ltr'><strong>efferum?</strong></span> <span class='ocrx_word' id='word_1_338' title='bbox 2249 2429 2588 2497; x_wconf 71' lang='lat' dir='ltr'><strong>Manichaeos,</strong></span> <span class='ocrx_word' id='word_1_339' title='bbox 2622 2433 2826 2502; x_wconf 81' lang='lat' dir='ltr'><strong>expulit</strong></span> <span class='ocrx_word' id='word_1_340' title='bbox 2854 2433 3182 2503; x_wconf 74' lang='lat' dir='ltr'><strong>Donatistae,</strong></span> <span class='ocrx_word' id='word_1_341' title='bbox 3227 2434 3282 2490; x_wconf 90' lang='lat' dir='ltr'><strong>in</strong></span> <span class='ocrx_word' id='word_1_342' title='bbox 3328 2435 3536 2491; x_wconf 85' lang='lat' dir='ltr'><strong>nihilum</strong></span> <span class='ocrx_word' id='word_1_343' title='bbox 3562 2434 3738 2504; x_wconf 79' lang='lat' dir='ltr'><strong>Pelagia-</strong></span> 
     </span>
    </p>
   </div>
   <div class='ocr_carea' id='block_1_27' title="bbox 650 2521 2214 2598">
    <p class='ocr_par' dir='ltr' id='par_1_27' title="bbox 650 2523 2146 2598">
     <span class='ocr_line' id='line_1_27' title="bbox 650 2523 2146 2598; baseline 0.006 -22"><span class='ocrx_word' id='word_1_344' title='bbox 650 2523 797 2580; x_wconf 88' lang='lat' dir='ltr'><strong>llane</strong></span> <span class='ocrx_word' id='word_1_345' title='bbox 820 2535 1028 2580; x_wconf 83' lang='lat' dir='ltr'><strong>sextum</strong></span> <span class='ocrx_word' id='word_1_346' title='bbox 1059 2536 1241 2581; x_wconf 88' lang='lat' dir='ltr'><strong>contra</strong></span> <span class='ocrx_word' id='word_1_347' title='bbox 1269 2526 1619 2598; x_wconf 86' lang='lat' dir='ltr'><strong>Augustinum</strong></span> <span class='ocrx_word' id='word_1_348' title='bbox 1653 2537 1842 2584; x_wconf 78' lang='lat' dir='ltr'><strong>testem</strong></span> <span class='ocrx_word' id='word_1_349' title='bbox 1867 2528 2014 2584; x_wconf 91' lang='lat' dir='ltr'><strong>dabit</strong></span> <span class='ocrx_word' id='word_1_350' title='bbox 2040 2529 2146 2584; x_wconf 49' lang='lat' dir='ltr'><strong>Ve?</strong></span> 
     </span>
    </p>
   </div>
   <div class='ocr_carea' id='block_1_28' title="bbox 2175 2521 3739 2598">
    <p class='ocr_par' dir='ltr' id='par_1_28' title="bbox 2251 2521 3739 2595">
     <span class='ocr_line' id='line_1_28' title="bbox 2251 2521 3739 2595; baseline 0.007 -21"><span class='ocrx_word' id='word_1_351' title='bbox 2251 2535 2350 2576; x_wconf 89' lang='lat' dir='ltr'><strong>nos</strong></span> <span class='ocrx_word' id='word_1_352' title='bbox 2399 2521 2677 2579; x_wconf 65' lang='lat' dir='ltr'><strong>haereticos</strong></span> <span class='ocrx_word' id='word_1_353' title='bbox 2723 2524 2963 2595; x_wconf 88' lang='lat' dir='ltr'><strong>redegit,</strong></span> <span class='ocrx_word' id='word_1_354' title='bbox 3017 2525 3366 2582; x_wconf 87' lang='lat' dir='ltr'><strong>Fortunatum</strong></span> <span class='ocrx_word' id='word_1_355' title='bbox 3416 2527 3739 2585; x_wconf 66' lang='lat' dir='ltr'><strong>haresiarcbam</strong></span> 
     </span>
    </p>
   </div>
   <div class='ocr_carea' id='block_1_29' title="bbox 557 2612 3739 2690">
    <p class='ocr_par' dir='ltr' id='par_1_29' title="bbox 557 2612 3739 2690">
     <span class='ocr_line' id='line_1_29' title="bbox 557 2612 3739 2690; baseline 0.003 -22"><span class='ocrx_word' id='word_1_356' title='bbox 557 2628 689 2669; x_wconf 84' lang='lat' dir='ltr'><strong>rona</strong></span> <span class='ocrx_word' id='word_1_357' title='bbox 738 2625 919 2670; x_wconf 91' lang='lat' dir='ltr'><strong>nostra</strong></span> <span class='ocrx_word' id='word_1_358' title='bbox 958 2618 1334 2686; x_wconf 87' lang='lat' dir='ltr'><strong>Augustinum,</strong></span> <span class='ocrx_word' id='word_1_359' title='bbox 1377 2629 1434 2672; x_wconf 88' lang='lat' dir='ltr'><strong>ut</strong></span> <span class='ocrx_word' id='word_1_360' title='bbox 1465 2617 1566 2686; x_wconf 89' lang='lat' dir='ltr'><strong>ais,</strong></span> <span class='ocrx_word' id='word_1_361' title='bbox 1617 2622 1957 2675; x_wconf 85' lang='lat' dir='ltr'><strong>recentiorem</strong></span> <span class='ocrx_word' id='word_1_362' title='bbox 1986 2621 2146 2678; x_wconf 78' lang='lat' dir='ltr'><strong>Vale-</strong></span> <span class='ocrx_word' id='word_1_363' title='bbox 2245 2612 2562 2679; x_wconf 68' lang='lat' dir='ltr'><strong>confutaVit.</strong></span> <span class='ocrx_word' id='word_1_364' title='bbox 2614 2624 2688 2682; x_wconf 81' lang='lat' dir='ltr'><strong>et,</strong></span> <span class='ocrx_word' id='word_1_365' title='bbox 2733 2626 2789 2671; x_wconf 83' lang='lat' dir='ltr'><strong>ut</strong></span> <span class='ocrx_word' id='word_1_366' title='bbox 2819 2619 3066 2674; x_wconf 86' lang='lat' dir='ltr'><strong>universa</strong></span> <span class='ocrx_word' id='word_1_367' title='bbox 3105 2621 3294 2690; x_wconf 80' lang='lat' dir='ltr'><strong>paucis</strong></span> <span class='ocrx_word' id='word_1_368' title='bbox 3322 2621 3631 2690; x_wconf 84' lang='lat' dir='ltr'><strong>complectar,</strong></span> <span class='ocrx_word' id='word_1_369' title='bbox 3663 2637 3739 2676; x_wconf 84' lang='lat' dir='ltr'><strong>om-</strong></span> 
     </span>
    </p>
   </div>
   <div class='ocr_carea' id='block_1_30' title="bbox 555 2703 3740 2782">
    <p class='ocr_par' dir='ltr' id='par_1_30' title="bbox 555 2703 3740 2782">
     <span class='ocr_line' id='line_1_30' title="bbox 555 2703 3740 2782; baseline 0.008 -23"><span class='ocrx_word' id='word_1_370' title='bbox 555 2703 697 2760; x_wconf 89' lang='lat' dir='ltr'><strong>rium</strong></span> <span class='ocrx_word' id='word_1_371' title='bbox 751 2705 1014 2761; x_wconf 83' lang='lat' dir='ltr'><strong>Venetum</strong></span> <span class='ocrx_word' id='word_1_372' title='bbox 1060 2708 1430 2764; x_wconf 81' lang='lat' dir='ltr'><strong>cardinalem?</strong></span> <span class='ocrx_word' id='word_1_373' title='bbox 1497 2709 1594 2764; x_wconf 89' lang='lat' dir='ltr'><strong>llic</strong></span> <span class='ocrx_word' id='word_1_374' title='bbox 1647 2711 1739 2765; x_wconf 89' lang='lat' dir='ltr'><strong>lib.</strong></span> <span class='ocrx_word' id='word_1_375' title='bbox 1799 2727 1858 2766; x_wconf 91' lang='grc' dir='ltr'><strong>ιιι</strong></span> <span class='ocrx_word' id='word_1_376' title='bbox 1915 2712 2139 2768; x_wconf 78' lang='lat' dir='ltr'><strong>Rhetor.</strong></span> <span class='ocrx_word' id='word_1_377' title='bbox 2247 2704 2336 2757; x_wconf 85' lang='lat' dir='ltr'><strong>nia</strong></span> <span class='ocrx_word' id='word_1_378' title='bbox 2368 2720 2578 2760; x_wconf 80' lang='lat' dir='ltr'><strong>venena</strong></span> <span class='ocrx_word' id='word_1_379' title='bbox 2605 2707 2864 2764; x_wconf 79' lang='lat' dir='ltr'><strong>adversus</strong></span> <span class='ocrx_word' id='word_1_380' title='bbox 2888 2711 3204 2766; x_wconf 73' lang='lat' dir='ltr'><strong>orthodoxae</strong></span> <span class='ocrx_word' id='word_1_381' title='bbox 3243 2711 3504 2782; x_wconf 68' lang='lat' dir='ltr'><strong>reiisionis</strong></span> <span class='ocrx_word' id='word_1_382' title='bbox 3528 2711 3740 2782; x_wconf 66' lang='lat' dir='ltr'><strong>raritatem</strong></span> 
     </span>
    </p>
   </div>
   <div class='ocr_carea' id='block_1_31' title="bbox 559 2793 3740 2866">
    <p class='ocr_par' dir='ltr' id='par_1_31' title="bbox 559 2793 3740 2866">
     <span class='ocr_line' id='line_1_31' title="bbox 559 2793 3740 2866; baseline 0.004 -16"><span class='ocrx_word' id='word_1_383' title='bbox 559 2793 768 2851; x_wconf 81' lang='lat' dir='ltr'><strong>Eccles.</strong></span> <span class='ocrx_word' id='word_1_384' title='bbox 797 2837 812 2862; x_wconf 90' lang='lat'><strong>,</strong></span> <span class='ocrx_word' id='word_1_385' title='bbox 854 2812 971 2866; x_wconf 89' lang='lat' dir='ltr'><strong>cap.</strong></span> <span class='ocrx_word' id='word_1_386' title='bbox 1017 2797 1128 2864; x_wconf 70' lang='lat'><strong>42,</strong></span> <span class='ocrx_word' id='word_1_387' title='bbox 1175 2799 1361 2853; x_wconf 88' lang='lat' dir='ltr'><strong>horum</strong></span> <span class='ocrx_word' id='word_1_388' title='bbox 1416 2801 1642 2856; x_wconf 88' lang='lat' dir='ltr'><strong>clericos</strong></span> <span class='ocrx_word' id='word_1_389' title='bbox 1691 2812 1914 2858; x_wconf 90' lang='lat' dir='ltr'><strong>monet:</strong></span> <span class='ocrx_word' id='word_1_390' title='bbox 1947 2823 1964 2854; x_wconf 88' lang='lat'><strong>(</strong></span> <span class='ocrx_word' id='word_1_391' title='bbox 1996 2804 2142 2859; x_wconf 81' lang='lat' dir='ltr'><strong>Beati</strong></span> <span class='ocrx_word' id='word_1_392' title='bbox 2244 2807 2276 2847; x_wconf 76' lang='grc' dir='ltr'><strong>ιι</strong></span> <span class='ocrx_word' id='word_1_393' title='bbox 2305 2793 2552 2852; x_wconf 59' lang='grc' dir='ltr'><strong>ἀπατοηο</strong></span> <span class='ocrx_word' id='word_1_394' title='bbox 2573 2808 2815 2855; x_wconf 75' lang='lat' dir='ltr'><strong>eruetata</strong></span> <span class='ocrx_word' id='word_1_395' title='bbox 2865 2803 3096 2859; x_wconf 77' lang='lat' dir='ltr'><strong>sustulit.</strong></span> <span class='ocrx_word' id='word_1_396' title='bbox 3144 2803 3283 2859; x_wconf 80' lang='lat' dir='ltr'><strong>Hinc</strong></span> <span class='ocrx_word' id='word_1_397' title='bbox 3312 2804 3498 2860; x_wconf 86' lang='lat' dir='ltr'><strong>factum</strong></span> <span class='ocrx_word' id='word_1_398' title='bbox 3542 2812 3610 2860; x_wconf 84' lang='lat' dir='ltr'><strong>est</strong></span> <span class='ocrx_word' id='word_1_399' title='bbox 3637 2815 3740 2864; x_wconf 73' lang='lat' dir='ltr'><strong>utet</strong></span> 
     </span>
    </p>
   </div>
   <div class='ocr_carea' id='block_1_32' title="bbox 560 2882 3741 2964">
    <p class='ocr_par' dir='ltr' id='par_1_32' title="bbox 560 2882 3741 2964">
     <span class='ocr_line' id='line_1_32' title="bbox 560 2882 3741 2964; baseline 0.005 -26"><span class='ocrx_word' id='word_1_400' title='bbox 560 2886 844 2956; x_wconf 89' lang='lat' dir='ltr'><strong>Augustini</strong></span> <span class='ocrx_word' id='word_1_401' title='bbox 869 2889 1070 2956; x_wconf 90' lang='lat' dir='ltr'><strong>scripta</strong></span> <span class='ocrx_word' id='word_1_402' title='bbox 1099 2889 1282 2944; x_wconf 91' lang='lat' dir='ltr'><strong>clerici</strong></span> <span class='ocrx_word' id='word_1_403' title='bbox 1311 2882 1464 2947; x_wconf 83' lang='lat' dir='ltr'><strong>caute</strong></span> <span class='ocrx_word' id='word_1_404' title='bbox 1494 2891 1781 2946; x_wconf 86' lang='lat' dir='ltr'><strong>admodum</strong></span> <span class='ocrx_word' id='word_1_405' title='bbox 1826 2894 2026 2964; x_wconf 88' lang='lat' dir='ltr'><strong>legant.</strong></span> <span class='ocrx_word' id='word_1_406' title='bbox 2065 2895 2140 2949; x_wconf 89' lang='lat' dir='ltr'><strong>lta</strong></span> <span class='ocrx_word' id='word_1_407' title='bbox 2243 2883 2388 2940; x_wconf 69' lang='lat' dir='ltr'><strong>illius</strong></span> <span class='ocrx_word' id='word_1_408' title='bbox 2413 2886 2681 2954; x_wconf 77' lang='lat' dir='ltr'><strong>dOClrina,</strong></span> <span class='ocrx_word' id='word_1_409' title='bbox 2714 2899 2768 2945; x_wconf 87' lang='lat' dir='ltr'><strong>et</strong></span> <span class='ocrx_word' id='word_1_410' title='bbox 2796 2906 2826 2945; x_wconf 82' lang='lat' dir='ltr'><strong>a</strong></span> <span class='ocrx_word' id='word_1_411' title='bbox 2857 2892 3105 2948; x_wconf 82' lang='lat' dir='ltr'><strong>Patribus</strong></span> <span class='ocrx_word' id='word_1_412' title='bbox 3139 2895 3390 2951; x_wconf 85' lang='lat' dir='ltr'><strong>eumdem</strong></span> <span class='ocrx_word' id='word_1_413' title='bbox 3421 2896 3741 2962; x_wconf 82' lang='lat' dir='ltr'><strong>subsecutis,et</strong></span> 
     </span>
    </p>
   </div>
   <div class='ocr_carea' id='block_1_33' title="bbox 556 2976 2120 3050">
    <p class='ocr_par' dir='ltr' id='par_1_33' title="bbox 556 2977 2120 3050">
     <span class='ocr_line' id='line_1_33' title="bbox 556 2977 2120 3050; baseline 0.006 -20"><span class='ocrx_word' id='word_1_414' title='bbox 556 2977 700 3031; x_wconf 85' lang='lat' dir='ltr'><strong>enim</strong></span> <span class='ocrx_word' id='word_1_415' title='bbox 731 2979 976 3034; x_wconf 87' lang='lat' dir='ltr'><strong>acumine</strong></span> <span class='ocrx_word' id='word_1_416' title='bbox 1004 2980 1196 3049; x_wconf 91' lang='lat' dir='ltr'><strong>ingenii</strong></span> <span class='ocrx_word' id='word_1_417' title='bbox 1229 2981 1495 3050; x_wconf 66' lang='lat' dir='ltr'><strong>praestitit,</strong></span> <span class='ocrx_word' id='word_1_418' title='bbox 1529 2990 1586 3038; x_wconf 91' lang='lat' dir='ltr'><strong>et</strong></span> <span class='ocrx_word' id='word_1_419' title='bbox 1614 2983 1682 3038; x_wconf 90' lang='lat' dir='ltr'><strong>de</strong></span> <span class='ocrx_word' id='word_1_420' title='bbox 1703 2984 1864 3040; x_wconf 89' lang='lat' dir='ltr'><strong>rebus</strong></span> <span class='ocrx_word' id='word_1_421' title='bbox 1895 2985 2120 3040; x_wconf 62' lang='lat' dir='ltr'><strong>dilftcili</strong></span> 
     </span>
    </p>
   </div>
   <div class='ocr_carea' id='block_1_34' title="bbox 2192 2976 3756 3050">
    <p class='ocr_par' dir='ltr' id='par_1_34' title="bbox 2242 2976 3756 3050">
     <span class='ocr_line' id='line_1_34' title="bbox 2242 2976 3756 3050; baseline 0.01 -23"><span class='ocrx_word' id='word_1_422' title='bbox 2242 2987 2274 3028; x_wconf 90' lang='lat' dir='ltr'><strong>a</strong></span> <span class='ocrx_word' id='word_1_423' title='bbox 2301 2976 2539 3046; x_wconf 86' lang='lat' dir='ltr'><strong>synodis,</strong></span> <span class='ocrx_word' id='word_1_424' title='bbox 2591 2991 2622 3031; x_wconf 89' lang='lat' dir='ltr'><strong>a</strong></span> <span class='ocrx_word' id='word_1_425' title='bbox 2663 2979 2926 3050; x_wconf 88' lang='lat' dir='ltr'><strong>theologis</strong></span> <span class='ocrx_word' id='word_1_426' title='bbox 2973 2997 3037 3038; x_wconf 90' lang='lat' dir='ltr'><strong>ac</strong></span> <span class='ocrx_word' id='word_1_427' title='bbox 3073 2984 3363 3040; x_wconf 88' lang='lat' dir='ltr'><strong>catholicis</strong></span> <span class='ocrx_word' id='word_1_428' title='bbox 3407 2986 3655 3041; x_wconf 86' lang='lat' dir='ltr'><strong>academiis</strong></span> <span class='ocrx_word' id='word_1_429' title='bbox 3689 2993 3756 3042; x_wconf 71' lang='lat' dir='ltr'><strong>tot&quot;</strong></span> 
     </span>
    </p>
   </div>
   <div class='ocr_carea' id='block_1_35' title="bbox 563 3066 2127 3149">
    <p class='ocr_par' dir='ltr' id='par_1_35' title="bbox 563 3069 2127 3148">
     <span class='ocr_line' id='line_1_35' title="bbox 563 3069 2127 3148; baseline 0.008 -26"><span class='ocrx_word' id='word_1_430' title='bbox 563 3069 664 3123; x_wconf 86' lang='lat' dir='ltr'><strong>bus</strong></span> <span class='ocrx_word' id='word_1_431' title='bbox 696 3078 802 3124; x_wconf 85' lang='lat' dir='ltr'><strong>tam</strong></span> <span class='ocrx_word' id='word_1_432' title='bbox 829 3070 1098 3126; x_wconf 84' lang='lat' dir='ltr'><strong>subtiliter</strong></span> <span class='ocrx_word' id='word_1_433' title='bbox 1125 3072 1441 3144; x_wconf 86' lang='lat' dir='ltr'><strong>disputavit,</strong></span> <span class='ocrx_word' id='word_1_434' title='bbox 1473 3082 1529 3128; x_wconf 92' lang='lat' dir='ltr'><strong>ut</strong></span> <span class='ocrx_word' id='word_1_435' title='bbox 1559 3091 1662 3131; x_wconf 93' lang='lat' dir='ltr'><strong>non</strong></span> <span class='ocrx_word' id='word_1_436' title='bbox 1698 3077 1955 3132; x_wconf 90' lang='lat' dir='ltr'><strong>mediocri</strong></span> <span class='ocrx_word' id='word_1_437' title='bbox 1990 3079 2127 3148; x_wconf 90' lang='lat' dir='ltr'><strong>inge-</strong></span> 
     </span>
    </p>
   </div>
   <div class='ocr_carea' id='block_1_36' title="bbox 2172 3066 3736 3149">
    <p class='ocr_par' dir='ltr' id='par_1_36' title="bbox 2243 3066 3736 3149">
     <span class='ocr_line' id='line_1_36' title="bbox 2243 3066 3736 3149; baseline 0.006 -29"><span class='ocrx_word' id='word_1_438' title='bbox 2243 3066 2501 3122; x_wconf 77' lang='lat' dir='ltr'><strong>Ecclesite</strong></span> <span class='ocrx_word' id='word_1_439' title='bbox 2521 3068 2773 3139; x_wconf 85' lang='lat' dir='ltr'><strong>dogmata</strong></span> <span class='ocrx_word' id='word_1_440' title='bbox 2801 3071 3168 3130; x_wconf 88' lang='lat' dir='ltr'><strong>fulcimentum</strong></span> <span class='ocrx_word' id='word_1_441' title='bbox 3189 3087 3249 3133; x_wconf 88' lang='lat' dir='ltr'><strong>et</strong></span> <span class='ocrx_word' id='word_1_442' title='bbox 3275 3078 3440 3132; x_wconf 88' lang='lat' dir='ltr'><strong>robur</strong></span> <span class='ocrx_word' id='word_1_443' title='bbox 3459 3078 3736 3149; x_wconf 62' lang='lat' dir='ltr'><strong>acceperint:</strong></span> 
     </span>
    </p>
   </div>
   <div class='ocr_carea' id='block_1_37' title="bbox 559 3157 2123 3236">
    <p class='ocr_par' dir='ltr' id='par_1_37' title="bbox 559 3163 2123 3236">
     <span class='ocr_line' id='line_1_37' title="bbox 559 3163 2123 3236; baseline 0.005 -19"><span class='ocrx_word' id='word_1_444' title='bbox 559 3163 650 3217; x_wconf 92' lang='lat' dir='ltr'><strong>nio</strong></span> <span class='ocrx_word' id='word_1_445' title='bbox 679 3164 887 3232; x_wconf 75' lang='lat' dir='ltr'><strong>praediti</strong></span> <span class='ocrx_word' id='word_1_446' title='bbox 929 3165 1032 3219; x_wconf 84' lang='lat' dir='ltr'><strong>viri</strong></span> <span class='ocrx_word' id='word_1_447' title='bbox 1059 3167 1177 3235; x_wconf 84' lang='lat' dir='ltr'><strong>ejus</strong></span> <span class='ocrx_word' id='word_1_448' title='bbox 1218 3166 1382 3221; x_wconf 82' lang='lat' dir='ltr'><strong>libros</strong></span> <span class='ocrx_word' id='word_1_449' title='bbox 1413 3168 1653 3236; x_wconf 87' lang='lat' dir='ltr'><strong>legentes</strong></span> <span class='ocrx_word' id='word_1_450' title='bbox 1684 3167 1737 3222; x_wconf 92' lang='lat' dir='ltr'><strong>in</strong></span> <span class='ocrx_word' id='word_1_451' title='bbox 1781 3183 1993 3224; x_wconf 87' lang='lat' dir='ltr'><strong>errores</strong></span> <span class='ocrx_word' id='word_1_452' title='bbox 2036 3171 2123 3225; x_wconf 89' lang='lat' dir='ltr'><strong>ali-</strong></span> 
     </span>
    </p>
   </div>
   <div class='ocr_carea' id='block_1_38' title="bbox 2176 3157 3740 3236">
    <p class='ocr_par' dir='ltr' id='par_1_38' title="bbox 2241 3157 3740 3232">
     <span class='ocr_line' id='line_1_38' title="bbox 2241 3157 3740 3232; baseline 0.007 -20"><span class='ocrx_word' id='word_1_453' title='bbox 2241 3157 2307 3212; x_wconf 84' lang='lat' dir='ltr'><strong>Et</strong></span> <span class='ocrx_word' id='word_1_454' title='bbox 2326 3157 2442 3215; x_wconf 66' lang='lat' dir='ltr'><strong>haec</strong></span> <span class='ocrx_word' id='word_1_455' title='bbox 2463 3161 2679 3230; x_wconf 90' lang='lat' dir='ltr'><strong>quidem</strong></span> <span class='ocrx_word' id='word_1_456' title='bbox 2701 3163 2800 3217; x_wconf 87' lang='lat' dir='ltr'><strong>fuit</strong></span> <span class='ocrx_word' id='word_1_457' title='bbox 2813 3167 3146 3232; x_wconf 60' lang='lat' dir='ltr'><strong>lsanctissimi</strong></span> <span class='ocrx_word' id='word_1_458' title='bbox 3176 3168 3570 3227; x_wconf 83' lang='lat' dir='ltr'><strong>Mediolanensis</strong></span> <span class='ocrx_word' id='word_1_459' title='bbox 3592 3168 3740 3227; x_wconf 60' lang='lat' dir='ltr'><strong>antisti</strong></span> 
     </span>
    </p>
   </div>
   <div class='ocr_carea' id='block_1_39' title="bbox 561 3249 2125 3332">
    <p class='ocr_par' dir='ltr' id='par_1_39' title="bbox 561 3251 2125 3332">
     <span class='ocr_line' id='line_1_39' title="bbox 561 3251 2125 3332; baseline 0.008 -28"><span class='ocrx_word' id='word_1_460' title='bbox 561 3251 774 3320; x_wconf 90' lang='lat' dir='ltr'><strong>quando</strong></span> <span class='ocrx_word' id='word_1_461' title='bbox 814 3253 946 3324; x_wconf 88' lang='lat' dir='ltr'><strong>lapsi</strong></span> <span class='ocrx_word' id='word_1_462' title='bbox 981 3255 1107 3310; x_wconf 87' lang='lat' dir='ltr'><strong>sint.</strong></span> <span class='ocrx_word' id='word_1_463' title='bbox 1147 3273 1167 3308; x_wconf 84' lang='lat'><strong>)</strong></span> <span class='ocrx_word' id='word_1_464' title='bbox 1205 3256 1318 3312; x_wconf 88' lang='lat' dir='ltr'><strong>lloc</strong></span> <span class='ocrx_word' id='word_1_465' title='bbox 1351 3259 1622 3328; x_wconf 89' lang='lat' dir='ltr'><strong>egregium</strong></span> <span class='ocrx_word' id='word_1_466' title='bbox 1651 3259 1895 3314; x_wconf 89' lang='lat' dir='ltr'><strong>scholion</strong></span> <span class='ocrx_word' id='word_1_467' title='bbox 1927 3259 2125 3332; x_wconf 80' lang='lat' dir='ltr'><strong>afﬁngit</strong></span> 
     </span>
    </p>
   </div>
   <div class='ocr_carea' id='block_1_40' title="bbox 1693 3249 3257 3332">
    <p class='ocr_par' dir='ltr' id='par_1_40' title="bbox 1693 3249 3257 3332">
     <span class='ocr_line' id='line_1_40' title="bbox 1693 3249 3257 3332; baseline 0.008 -29"><span class='ocrx_word' id='word_1_468' title='bbox 1693 3259 1895 3314; x_wconf 74' lang='lat' dir='ltr'><strong>:holion</strong></span> <span class='ocrx_word' id='word_1_469' title='bbox 1927 3259 2137 3332; x_wconf 54' lang='lat' dir='ltr'><strong>afﬁngit</strong></span> <span class='ocrx_word' id='word_1_470' title='bbox 2165 3250 2211 3314; x_wconf 88' lang='lat' dir='ltr'>C</span> <span class='ocrx_word' id='word_1_471' title='bbox 2241 3249 2311 3304; x_wconf 92' lang='lat' dir='ltr'><strong>tis</strong></span> <span class='ocrx_word' id='word_1_472' title='bbox 2337 3250 2406 3306; x_wconf 90' lang='lat' dir='ltr'><strong>de</strong></span> <span class='ocrx_word' id='word_1_473' title='bbox 2432 3261 2618 3308; x_wconf 90' lang='lat' dir='ltr'><strong>sancto</strong></span> <span class='ocrx_word' id='word_1_474' title='bbox 2642 3255 2941 3325; x_wconf 89' lang='lat' dir='ltr'><strong>Augustino</strong></span> <span class='ocrx_word' id='word_1_475' title='bbox 2969 3260 3257 3316; x_wconf 88' lang='lat' dir='ltr'><strong>sententia.</strong></span> 
     </span>
    </p>
   </div>
   <div class='ocr_carea' id='block_1_41' title="bbox 560 3346 3735 3446">
    <p class='ocr_par' dir='ltr' id='par_1_41' title="bbox 560 3346 3735 3446">
     <span class='ocr_line' id='line_1_41' title="bbox 560 3346 3735 3446; baseline 0.011 -50"><span class='ocrx_word' id='word_1_476' title='bbox 560 3346 804 3446; x_wconf 73' lang='lat' dir='ltr'><strong>Annatus</strong></span> <span class='ocrx_word' id='word_1_477' title='bbox 834 3359 954 3446; x_wconf 83' lang='lat' dir='ltr'><strong>pag.</strong></span> <span class='ocrx_word' id='word_1_478' title='bbox 989 3346 1132 3401; x_wconf 79' lang='lat'><strong>863:</strong></span> <span class='ocrx_word' id='word_1_479' title='bbox 1171 3365 1192 3399; x_wconf 84' lang='grc'><em>‹</em></span> <span class='ocrx_word' id='word_1_480' title='bbox 1226 3348 1291 3402; x_wconf 87' lang='lat' dir='ltr'><strong>Et</strong></span> <span class='ocrx_word' id='word_1_481' title='bbox 1320 3347 1574 3446; x_wconf 34' lang='lat' dir='ltr'><strong>hoc-quid</strong></span> <span class='ocrx_word' id='word_1_482' title='bbox 1615 3349 1758 3446; x_wconf 67' lang='lat' dir='ltr'><strong>aliud</strong></span> <span class='ocrx_word' id='word_1_483' title='bbox 1785 3360 2050 3421; x_wconf 87' lang='lat' dir='ltr'><strong>estquam</strong></span> <span class='ocrx_word' id='word_1_484' title='bbox 2083 3352 2137 3408; x_wconf 89' lang='lat' dir='ltr'><strong>id</strong></span> <span class='ocrx_word' id='word_1_485' title='bbox 2241 3361 2268 3433; x_wconf 64' lang='grc' dir='ltr'><strong>ς</strong></span> <span class='ocrx_word' id='word_1_486' title='bbox 2306 3361 2394 3446; x_wconf 36' lang='grc' dir='ltr'><strong>ιν..</strong></span> <span class='ocrx_word' id='word_1_487' title='bbox 2429 3363 2594 3446; x_wconf 42' lang='lat' dir='ltr'><strong>.Falli</strong></span> <span class='ocrx_word' id='word_1_488' title='bbox 2641 3371 2848 3446; x_wconf 79' lang='lat' dir='ltr'><strong>eo_s__qui</strong></span> <span class='ocrx_word' id='word_1_489' title='bbox 2883 3382 3121 3446; x_wconf 14' lang='lat' dir='ltr'><strong>sanctum,</strong></span> <span class='ocrx_word' id='word_1_490' title='bbox 3161 3375 3506 3446; x_wconf 76' lang='lat' dir='ltr'><strong>Augustinum</strong></span> <span class='ocrx_word' id='word_1_491' title='bbox 3546 3375 3735 3430; x_wconf 77' lang='lat' dir='ltr'><strong>interdum</strong></span> 
     </span>
    </p>
   </div>
   <div class='ocr_carea' id='block_1_42' title="bbox 556 3432 3648 3513">
    <p class='ocr_par' dir='ltr' id='par_1_42' title="bbox 556 3432 3648 3513">
     <span class='ocr_line' id='line_1_42' title="bbox 556 3432 3648 3513; baseline 0.007 -34"><span class='ocrx_word' id='word_1_492' title='bbox 556 3432 732 3504; x_wconf 76' lang='lat' dir='ltr'><strong>ipsum</strong></span> <span class='ocrx_word' id='word_1_493' title='bbox 779 3435 918 3504; x_wconf 81' lang='lat' dir='ltr'><strong>quod</strong></span> <span class='ocrx_word' id='word_1_494' title='bbox 967 3447 1272 3493; x_wconf 58' lang='lat' dir='ltr'><strong>mouentem</strong></span> <span class='ocrx_word' id='word_1_495' title='bbox 1320 3440 1620 3496; x_wconf 71' lang='lat' dir='ltr'><strong>audivimus</strong></span> <span class='ocrx_word' id='word_1_496' title='bbox 1670 3441 2132 3513; x_wconf 58' lang='lat' dir='ltr'><strong>Bouavemmm,</strong></span> <span class='ocrx_word' id='word_1_497' title='bbox 2253 3432 2256 3433; x_wconf 56' lang='grc'><strong><em>⁷</em></strong></span> <span class='ocrx_word' id='word_1_498' title='bbox 2365 3436 2667 3504; x_wconf 83' lang='lat' dir='ltr'><strong>iniquiorem</strong></span> <span class='ocrx_word' id='word_1_499' title='bbox 2688 3432 3075 3497; x_wconf 78' lang='lat' dir='ltr'><strong>liberoarbitrio</strong></span> <span class='ocrx_word' id='word_1_500' title='bbox 3097 3432 3648 3513; x_wconf 51' lang='lat' dir='ltr'><strong>fuisse&#39;calumniantar.</strong></span> 
     </span>
    </p>
   </div>
   <div class='ocr_carea' id='block_1_43' title="bbox 557 3525 2121 3608">
    <p class='ocr_par' dir='ltr' id='par_1_43' title="bbox 557 3526 2121 3601">
     <span class='ocr_line' id='line_1_43' title="bbox 557 3526 2121 3601; baseline 0.008 -21"><span class='ocrx_word' id='word_1_501' title='bbox 557 3526 911 3600; x_wconf 76' lang='lat' dir='ltr'><strong>Augustinum</strong></span> <span class='ocrx_word' id='word_1_502' title='bbox 941 3529 1056 3599; x_wconf 90' lang='lat' dir='ltr'><strong>plus</strong></span> <span class='ocrx_word' id='word_1_503' title='bbox 1095 3530 1274 3587; x_wconf 89' lang='lat' dir='ltr'><strong>dicere</strong></span> <span class='ocrx_word' id='word_1_504' title='bbox 1315 3532 1622 3601; x_wconf 87' lang='lat' dir='ltr'><strong>aliquando,</strong></span> <span class='ocrx_word' id='word_1_505' title='bbox 1670 3543 1724 3589; x_wconf 90' lang='lat' dir='ltr'><strong>et</strong></span> <span class='ocrx_word' id='word_1_506' title='bbox 1771 3536 1947 3590; x_wconf 89' lang='lat' dir='ltr'><strong>minus</strong></span> <span class='ocrx_word' id='word_1_507' title='bbox 1991 3538 2121 3593; x_wconf 82' lang='lat' dir='ltr'><strong>velle</strong></span> 
     </span>
    </p>
   </div>
   <div class='ocr_carea' id='block_1_44' title="bbox 2173 3525 3737 3608">
    <p class='ocr_par' dir='ltr' id='par_1_44' title="bbox 2305 3525 3737 3608">
     <span class='ocr_line' id='line_1_44' title="bbox 2305 3525 3737 3608; baseline 0.009 -29"><span class='ocrx_word' id='word_1_508' title='bbox 2305 3525 2433 3581; x_wconf 91' lang='lat' dir='ltr'><strong>Post</strong></span> <span class='ocrx_word' id='word_1_509' title='bbox 2461 3539 2783 3597; x_wconf 88' lang='lat' dir='ltr'><strong>purpuratos</strong></span> <span class='ocrx_word' id='word_1_510' title='bbox 2822 3540 2987 3588; x_wconf 90' lang='lat' dir='ltr'><strong>testes</strong></span> <span class='ocrx_word' id='word_1_511' title='bbox 3020 3536 3294 3605; x_wconf 88' lang='lat' dir='ltr'><strong>ingentem</strong></span> <span class='ocrx_word' id='word_1_512' title='bbox 3324 3538 3535 3594; x_wconf 87' lang='lat' dir='ltr'><strong>aliorum</strong></span> <span class='ocrx_word' id='word_1_513' title='bbox 3571 3537 3737 3608; x_wconf 85' lang='lat' dir='ltr'><strong>scripto-</strong></span> 
     </span>
    </p>
   </div>
   <div class='ocr_carea' id='block_1_45' title="bbox 558 3617 3735 3699">
    <p class='ocr_par' dir='ltr' id='par_1_45' title="bbox 558 3617 3735 3699">
     <span class='ocr_line' id='line_1_45' title="bbox 558 3617 3735 3699; baseline 0.007 -29"><span class='ocrx_word' id='word_1_514' title='bbox 558 3617 806 3688; x_wconf 89' lang='lat' dir='ltr'><strong>intelligi.</strong></span> <span class='ocrx_word' id='word_1_515' title='bbox 842 3636 862 3670; x_wconf 71' lang='grc' dir='ltr'><strong>ι</strong></span> <span class='ocrx_word' id='word_1_516' title='bbox 895 3619 940 3673; x_wconf 93' lang='grc'>0</span> <span class='ocrx_word' id='word_1_517' title='bbox 964 3621 1280 3689; x_wconf 66' lang='lat' dir='ltr'><strong>praeclarum</strong></span> <span class='ocrx_word' id='word_1_518' title='bbox 1320 3623 1488 3678; x_wconf 89' lang='lat' dir='ltr'><strong>nostri</strong></span> <span class='ocrx_word' id='word_1_519' title='bbox 1517 3627 1956 3680; x_wconf 88' lang='lat' dir='ltr'><strong>commentatoris</strong></span> <span class='ocrx_word' id='word_1_520' title='bbox 1983 3641 2133 3682; x_wconf 89' lang='lat' dir='ltr'><strong>com-</strong></span> <span class='ocrx_word' id='word_1_521' title='bbox 2243 3630 2364 3670; x_wconf 68' lang='lat' dir='ltr'><strong>Tum</strong></span> <span class='ocrx_word' id='word_1_522' title='bbox 2393 3626 2663 3674; x_wconf 59' lang='lat' dir='ltr'><strong>catervam</strong></span> <span class='ocrx_word' id='word_1_523' title='bbox 2699 3630 2890 3677; x_wconf 75' lang='lat' dir='ltr'><strong>contra</strong></span> <span class='ocrx_word' id='word_1_524' title='bbox 2917 3636 3156 3680; x_wconf 77' lang='lat' dir='ltr'><strong>Sanctum</strong></span> <span class='ocrx_word' id='word_1_525' title='bbox 3195 3630 3536 3699; x_wconf 66' lang='lat' dir='ltr'><strong>Auguﬂinum</strong></span> <span class='ocrx_word' id='word_1_526' title='bbox 3563 3628 3735 3691; x_wconf 67' lang='lat' dir='ltr'><strong>trahunt;</strong></span> 
     </span>
    </p>
   </div>
   <div class='ocr_carea' id='block_1_46' title="bbox 553 3709 3738 3788">
    <p class='ocr_par' dir='ltr' id='par_1_46' title="bbox 553 3709 3738 3788">
     <span class='ocr_line' id='line_1_46' title="bbox 553 3709 3738 3788; baseline 0.008 -25"><span class='ocrx_word' id='word_1_527' title='bbox 553 3712 825 3764; x_wconf 86' lang='lat' dir='ltr'><strong>mentum!</strong></span> <span class='ocrx_word' id='word_1_528' title='bbox 855 3709 1156 3768; x_wconf 87' lang='lat' dir='ltr'><strong>Cardinalis</strong></span> <span class='ocrx_word' id='word_1_529' title='bbox 1188 3714 1432 3770; x_wconf 85' lang='lat' dir='ltr'><strong>Valerius</strong></span> <span class='ocrx_word' id='word_1_530' title='bbox 1457 3717 1741 3771; x_wconf 90' lang='lat' dir='ltr'><strong>nonnullos</strong></span> <span class='ocrx_word' id='word_1_531' title='bbox 1768 3717 2131 3788; x_wconf 86' lang='lat' dir='ltr'><strong>Augustinen-</strong></span> <span class='ocrx_word' id='word_1_532' title='bbox 2237 3721 2374 3775; x_wconf 75' lang='grc' dir='ltr'><strong>(Ιυοε</strong></span> <span class='ocrx_word' id='word_1_533' title='bbox 2399 3709 2672 3779; x_wconf 67' lang='grc' dir='ltr'><strong>είεῖιιθιὶιη</strong></span> <span class='ocrx_word' id='word_1_534' title='bbox 2702 3722 2949 3783; x_wconf 59' lang='lat' dir='ltr'><strong>repetere</strong></span> <span class='ocrx_word' id='word_1_535' title='bbox 2988 3732 3092 3773; x_wconf 79' lang='grc' dir='ltr'><strong>ηοη</strong></span> <span class='ocrx_word' id='word_1_536' title='bbox 3122 3731 3296 3787; x_wconf 63' lang='lat' dir='ltr'><strong>vacat.</strong></span> <span class='ocrx_word' id='word_1_537' title='bbox 3328 3737 3420 3778; x_wconf 73' lang='lat'><strong>005</strong></span> <span class='ocrx_word' id='word_1_538' title='bbox 3448 3737 3564 3778; x_wconf 75' lang='grc' dir='ltr'><strong>νθΐο</strong></span> <span class='ocrx_word' id='word_1_539' title='bbox 3584 3721 3636 3776; x_wconf 68' lang='lat' dir='ltr'><strong>ad</strong></span> <span class='ocrx_word' id='word_1_540' title='bbox 3657 3735 3738 3776; x_wconf 67' lang='lat' dir='ltr'><strong>cel“</strong></span> 
     </span>
    </p>
   </div>
   <div class='ocr_carea' id='block_1_47' title="bbox 551 3800 2115 3883">
    <p class='ocr_par' dir='ltr' id='par_1_47' title="bbox 551 3800 2115 3878">
     <span class='ocr_line' id='line_1_47' title="bbox 551 3800 2115 3878; baseline 0.007 -24"><span class='ocrx_word' id='word_1_541' title='bbox 551 3800 691 3855; x_wconf 90' lang='lat' dir='ltr'><strong>sium</strong></span> <span class='ocrx_word' id='word_1_542' title='bbox 744 3803 999 3858; x_wconf 91' lang='lat' dir='ltr'><strong>librorum</strong></span> <span class='ocrx_word' id='word_1_543' title='bbox 1056 3805 1288 3862; x_wconf 89' lang='lat' dir='ltr'><strong>lectores</strong></span> <span class='ocrx_word' id='word_1_544' title='bbox 1341 3809 1516 3877; x_wconf 88' lang='lat' dir='ltr'><strong>lapsos</strong></span> <span class='ocrx_word' id='word_1_545' title='bbox 1568 3810 1620 3862; x_wconf 92' lang='lat' dir='ltr'><strong>in</strong></span> <span class='ocrx_word' id='word_1_546' title='bbox 1667 3824 1879 3864; x_wconf 88' lang='lat' dir='ltr'><strong>errores</strong></span> <span class='ocrx_word' id='word_1_547' title='bbox 1926 3811 2115 3878; x_wconf 55' lang='lat' dir='ltr'><strong>scribit,</strong></span> 
     </span>
    </p>
   </div>
   <div class='ocr_carea' id='block_1_48' title="bbox 2171 3800 3735 3883">
    <p class='ocr_par' dir='ltr' id='par_1_48' title="bbox 2233 3801 3735 3883">
     <span class='ocr_line' id='line_1_48' title="bbox 2233 3801 3735 3883; baseline 0.008 -29"><span class='ocrx_word' id='word_1_548' title='bbox 2233 3807 2316 3855; x_wconf 88' lang='lat' dir='ltr'><strong>tas</strong></span> <span class='ocrx_word' id='word_1_549' title='bbox 2341 3801 2506 3858; x_wconf 82' lang='lat' dir='ltr'><strong>veluti</strong></span> <span class='ocrx_word' id='word_1_550' title='bbox 2541 3804 2746 3861; x_wconf 84' lang='lat' dir='ltr'><strong>classes</strong></span> <span class='ocrx_word' id='word_1_551' title='bbox 2775 3807 3039 3878; x_wconf 89' lang='lat' dir='ltr'><strong>redigam,</strong></span> <span class='ocrx_word' id='word_1_552' title='bbox 3080 3810 3126 3865; x_wconf 89' lang='lat' dir='ltr'><strong>si</strong></span> <span class='ocrx_word' id='word_1_553' title='bbox 3152 3814 3243 3882; x_wconf 91' lang='lat' dir='ltr'><strong>qui</strong></span> <span class='ocrx_word' id='word_1_554' title='bbox 3284 3813 3458 3883; x_wconf 90' lang='lat' dir='ltr'><strong>plures</strong></span> <span class='ocrx_word' id='word_1_555' title='bbox 3481 3814 3530 3869; x_wconf 87' lang='lat' dir='ltr'><strong>in</strong></span> <span class='ocrx_word' id='word_1_556' title='bbox 3556 3813 3735 3869; x_wconf 85' lang='lat' dir='ltr'><strong>eamdem</strong></span> 
     </span>
    </p>
   </div>
   <div class='ocr_carea' id='block_1_49' title="bbox 551 3891 2115 3976">
    <p class='ocr_par' dir='ltr' id='par_1_49' title="bbox 551 3892 2115 3968">
     <span class='ocr_line' id='line_1_49' title="bbox 551 3892 2115 3968; baseline 0.007 -21"><span class='ocrx_word' id='word_1_557' title='bbox 551 3892 692 3960; x_wconf 88' lang='lat' dir='ltr'><strong>quod</strong></span> <span class='ocrx_word' id='word_1_558' title='bbox 721 3895 1130 3950; x_wconf 86' lang='lat' dir='ltr'><strong>subtilissimum</strong></span> <span class='ocrx_word' id='word_1_559' title='bbox 1160 3898 1440 3968; x_wconf 87' lang='lat' dir='ltr'><strong>Augustini</strong></span> <span class='ocrx_word' id='word_1_560' title='bbox 1469 3916 1688 3956; x_wconf 88' lang='lat' dir='ltr'><strong>sensum</strong></span> <span class='ocrx_word' id='word_1_561' title='bbox 1719 3901 1940 3956; x_wconf 90' lang='lat' dir='ltr'><strong>minime</strong></span> <span class='ocrx_word' id='word_1_562' title='bbox 1977 3917 2115 3958; x_wconf 86' lang='lat' dir='ltr'><strong>asse-</strong></span> 
     </span>
    </p>
   </div>
   <div class='ocr_carea' id='block_1_50' title="bbox 2165 3891 3729 3976">
    <p class='ocr_par' dir='ltr' id='par_1_50' title="bbox 2229 3891 3729 3976">
     <span class='ocr_line' id='line_1_50' title="bbox 2229 3891 3729 3976; baseline 0.009 -30"><span class='ocrx_word' id='word_1_563' title='bbox 2229 3891 2300 3947; x_wconf 89' lang='lat' dir='ltr'><strong>de</strong></span> <span class='ocrx_word' id='word_1_564' title='bbox 2324 3891 2623 3963; x_wconf 81' lang='lat' dir='ltr'><strong>Augustino</strong></span> <span class='ocrx_word' id='word_1_565' title='bbox 2647 3899 2955 3967; x_wconf 89' lang='lat' dir='ltr'><strong>opinionem</strong></span> <span class='ocrx_word' id='word_1_566' title='bbox 2977 3902 3225 3958; x_wconf 88' lang='lat' dir='ltr'><strong>coierint.</strong></span> <span class='ocrx_word' id='word_1_567' title='bbox 3260 3906 3326 3960; x_wconf 85' lang='lat' dir='ltr'><strong>Et</strong></span> <span class='ocrx_word' id='word_1_568' title='bbox 3355 3908 3518 3976; x_wconf 93' lang='lat' dir='ltr'><strong>primo</strong></span> <span class='ocrx_word' id='word_1_569' title='bbox 3543 3907 3638 3961; x_wconf 89' lang='lat' dir='ltr'><strong>loco</strong></span> <span class='ocrx_word' id='word_1_570' title='bbox 3660 3919 3729 3973; x_wconf 89' lang='lat' dir='ltr'><strong>op-</strong></span> 
     </span>
    </p>
   </div>
   <div class='ocr_carea' id='block_1_51' title="bbox 552 3986 3733 4068">
    <p class='ocr_par' dir='ltr' id='par_1_51' title="bbox 552 3986 3733 4068">
     <span class='ocr_line' id='line_1_51' title="bbox 552 3986 3733 4068; baseline 0.006 -36"><span class='ocrx_word' id='word_1_571' title='bbox 552 3987 661 4040; x_wconf 75' lang='lat' dir='ltr'><strong>cuti</strong></span> <span class='ocrx_word' id='word_1_572' title='bbox 717 3996 858 4041; x_wconf 70' lang='lat' dir='ltr'><strong>sum.</strong></span> <span class='ocrx_word' id='word_1_573' title='bbox 908 3988 1152 4044; x_wconf 66' lang='grc' dir='ltr'><strong>Αηηιιιυε</strong></span> <span class='ocrx_word' id='word_1_574' title='bbox 1200 4005 1267 4045; x_wconf 72' lang='grc' dir='ltr'><strong>εχ</strong></span> <span class='ocrx_word' id='word_1_575' title='bbox 1316 3992 1532 4048; x_wconf 67' lang='lat' dir='ltr'><strong>Valerio</strong></span> <span class='ocrx_word' id='word_1_576' title='bbox 1576 3995 1700 4048; x_wconf 75' lang='lat' dir='ltr'><strong>inde</strong></span> <span class='ocrx_word' id='word_1_577' title='bbox 1743 3996 1921 4065; x_wconf 69' lang='lat' dir='ltr'><strong>lapsus</strong></span> <span class='ocrx_word' id='word_1_578' title='bbox 1968 3995 2126 4063; x_wconf 60' lang='lat' dir='ltr'><strong>dicit,</strong></span> <span class='ocrx_word' id='word_1_579' title='bbox 2233 3993 2439 4053; x_wconf 89' lang='lat' dir='ltr'><strong>ponunt</strong></span> <span class='ocrx_word' id='word_1_580' title='bbox 2481 3986 2727 4044; x_wconf 88' lang='lat' dir='ltr'><strong>Annatus</strong></span> <span class='ocrx_word' id='word_1_581' title='bbox 2771 3990 2910 4048; x_wconf 88' lang='lat' dir='ltr'><strong>libro</strong></span> <span class='ocrx_word' id='word_1_582' title='bbox 2954 4008 3075 4061; x_wconf 83' lang='lat' dir='ltr'><strong>vm,</strong></span> <span class='ocrx_word' id='word_1_583' title='bbox 3133 3995 3372 4052; x_wconf 86' lang='lat' dir='ltr'><strong>Adamus</strong></span> <span class='ocrx_word' id='word_1_584' title='bbox 3412 4007 3535 4068; x_wconf 86' lang='lat' dir='ltr'><strong>part.</strong></span> <span class='ocrx_word' id='word_1_585' title='bbox 3583 4012 3629 4052; x_wconf 90' lang='grc' dir='ltr'><strong>ιιι</strong></span> <span class='ocrx_word' id='word_1_586' title='bbox 3650 3995 3733 4050; x_wconf 84' lang='lat' dir='ltr'><strong>Cal.</strong></span> 
     </span>
    </p>
   </div>
   <div class='ocr_carea' id='block_1_52' title="bbox 551 4077 3733 4160">
    <p class='ocr_par' dir='ltr' id='par_1_52' title="bbox 551 4077 3733 4160">
     <span class='ocr_line' id='line_1_52' title="bbox 551 4077 3733 4160; baseline 0.004 -30"><span class='ocrx_word' id='word_1_587' title='bbox 551 4077 692 4147; x_wconf 89' lang='lat' dir='ltr'><strong>quod</strong></span> <span class='ocrx_word' id='word_1_588' title='bbox 740 4079 1070 4148; x_wconf 89' lang='lat' dir='ltr'><strong>Augustinus</strong></span> <span class='ocrx_word' id='word_1_589' title='bbox 1115 4080 1392 4150; x_wconf 90' lang='lat' dir='ltr'><strong>disputans</strong></span> <span class='ocrx_word' id='word_1_590' title='bbox 1440 4084 1560 4152; x_wconf 92' lang='lat' dir='ltr'><strong>plus</strong></span> <span class='ocrx_word' id='word_1_591' title='bbox 1605 4086 1923 4154; x_wconf 87' lang='lat' dir='ltr'><strong>quandoque</strong></span> <span class='ocrx_word' id='word_1_592' title='bbox 1954 4087 2130 4142; x_wconf 85' lang='lat' dir='ltr'><strong>verbis</strong></span> <span class='ocrx_word' id='word_1_593' title='bbox 2229 4078 2435 4148; x_wconf 64' lang='lat' dir='ltr'><strong>death,</strong></span> <span class='ocrx_word' id='word_1_594' title='bbox 2484 4096 2605 4153; x_wconf 80' lang='lat' dir='ltr'><strong>cap.</strong></span> <span class='ocrx_word' id='word_1_595' title='bbox 2656 4085 2730 4152; x_wconf 91' lang='lat'><strong>7,</strong></span> <span class='ocrx_word' id='word_1_596' title='bbox 2787 4095 2844 4143; x_wconf 86' lang='lat' dir='ltr'><strong>et</strong></span> <span class='ocrx_word' id='word_1_597' title='bbox 2899 4088 3248 4160; x_wconf 87' lang='lat' dir='ltr'><strong>Decampsius</strong></span> <span class='ocrx_word' id='word_1_598' title='bbox 3301 4093 3439 4149; x_wconf 90' lang='lat' dir='ltr'><strong>libro</strong></span> <span class='ocrx_word' id='word_1_599' title='bbox 3491 4109 3542 4148; x_wconf 86' lang='lat' dir='ltr'><strong>tu</strong></span> <span class='ocrx_word' id='word_1_600' title='bbox 3582 4093 3733 4148; x_wconf 70' lang='lat' dir='ltr'><strong>Heres.</strong></span> 
     </span>
    </p>
   </div>
   <div class='ocr_carea' id='block_1_53' title="bbox 550 4169 3734 4256">
    <p class='ocr_par' dir='ltr' id='par_1_53' title="bbox 550 4169 3734 4256">
     <span class='ocr_line' id='line_1_53' title="bbox 550 4169 3734 4256; baseline 0.006 -34"><span class='ocrx_word' id='word_1_601' title='bbox 550 4169 802 4234; x_wconf 80' lang='lat' dir='ltr'><strong>excurrit,</strong></span> <span class='ocrx_word' id='word_1_602' title='bbox 843 4171 985 4238; x_wconf 90' lang='lat' dir='ltr'><strong>quod</strong></span> <span class='ocrx_word' id='word_1_603' title='bbox 1021 4186 1126 4225; x_wconf 88' lang='lat' dir='ltr'><strong>non</strong></span> <span class='ocrx_word' id='word_1_604' title='bbox 1159 4181 1243 4227; x_wconf 88' lang='lat' dir='ltr'><strong>est</strong></span> <span class='ocrx_word' id='word_1_605' title='bbox 1283 4173 1352 4228; x_wconf 90' lang='lat' dir='ltr'><strong>de</strong></span> <span class='ocrx_word' id='word_1_606' title='bbox 1381 4173 1686 4231; x_wconf 85' lang='lat' dir='ltr'><strong>difficilibus</strong></span> <span class='ocrx_word' id='word_1_607' title='bbox 1719 4187 1822 4230; x_wconf 89' lang='lat' dir='ltr'><strong>tam</strong></span> <span class='ocrx_word' id='word_1_608' title='bbox 1849 4179 2125 4246; x_wconf 87' lang='lat' dir='ltr'><strong>subtiliter,</strong></span> <span class='ocrx_word' id='word_1_609' title='bbox 2231 4170 2478 4243; x_wconf 71' lang='lat' dir='ltr'><strong>Jansen.,</strong></span> <span class='ocrx_word' id='word_1_610' title='bbox 2511 4175 2710 4246; x_wconf 85' lang='lat' dir='ltr'><strong>disput.</strong></span> <span class='ocrx_word' id='word_1_611' title='bbox 2743 4179 2799 4248; x_wconf 77' lang='grc'><strong>1,</strong></span> <span class='ocrx_word' id='word_1_612' title='bbox 2830 4194 2950 4251; x_wconf 90' lang='lat' dir='ltr'><strong>cap.</strong></span> <span class='ocrx_word' id='word_1_613' title='bbox 2982 4182 3036 4251; x_wconf 81' lang='grc'><strong>3,</strong></span> <span class='ocrx_word' id='word_1_614' title='bbox 3072 4182 3473 4241; x_wconf 86' lang='lat' dir='ltr'><strong>Geuebrardum</strong></span> <span class='ocrx_word' id='word_1_615' title='bbox 3499 4187 3734 4256; x_wconf 82' lang='lat' dir='ltr'><strong>Aquensem</strong></span> 
     </span>
    </p>
   </div>
   <div class='ocr_carea' id='block_1_54' title="bbox 551 4257 3731 4348">
    <p class='ocr_par' dir='ltr' id='par_1_54' title="bbox 551 4257 3731 4348">
     <span class='ocr_line' id='line_1_54' title="bbox 551 4257 3731 4348; baseline 0.01 -38"><span class='ocrx_word' id='word_1_616' title='bbox 551 4266 612 4310; x_wconf 91' lang='lat' dir='ltr'><strong>ut</strong></span> <span class='ocrx_word' id='word_1_617' title='bbox 629 4257 703 4312; x_wconf 88' lang='lat' dir='ltr'><strong>ait</strong></span> <span class='ocrx_word' id='word_1_618' title='bbox 728 4259 991 4325; x_wconf 81' lang='lat' dir='ltr'><strong>Valerius,</strong></span> <span class='ocrx_word' id='word_1_619' title='bbox 1021 4261 1114 4315; x_wconf 86' lang='lat' dir='ltr'><strong>sed</strong></span> <span class='ocrx_word' id='word_1_620' title='bbox 1146 4272 1247 4316; x_wconf 90' lang='lat' dir='ltr'><strong>tam</strong></span> <span class='ocrx_word' id='word_1_621' title='bbox 1276 4265 1499 4334; x_wconf 87' lang='lat' dir='ltr'><strong>incaute,</strong></span> <span class='ocrx_word' id='word_1_622' title='bbox 1529 4273 1589 4320; x_wconf 92' lang='lat' dir='ltr'><strong>ut</strong></span> <span class='ocrx_word' id='word_1_623' title='bbox 1616 4265 1880 4336; x_wconf 89' lang='lat' dir='ltr'><strong>interpres</strong></span> <span class='ocrx_word' id='word_1_624' title='bbox 1905 4278 2127 4324; x_wconf 88' lang='lat' dir='ltr'><strong>conten-</strong></span> <span class='ocrx_word' id='word_1_625' title='bbox 2227 4266 2542 4332; x_wconf 78' lang='lat' dir='ltr'><strong>antistitem,</strong></span> <span class='ocrx_word' id='word_1_626' title='bbox 2575 4269 2630 4324; x_wconf 91' lang='lat' dir='ltr'><strong>in</strong></span> <span class='ocrx_word' id='word_1_627' title='bbox 2677 4271 2906 4341; x_wconf 85' lang='lat' dir='ltr'><strong>epistola</strong></span> <span class='ocrx_word' id='word_1_628' title='bbox 2955 4275 3172 4344; x_wconf 64' lang='lat' dir='ltr'><strong>praefixa</strong></span> <span class='ocrx_word' id='word_1_629' title='bbox 3213 4279 3466 4346; x_wconf 90' lang='lat' dir='ltr'><strong>operibus</strong></span> <span class='ocrx_word' id='word_1_630' title='bbox 3512 4276 3731 4348; x_wconf 48' lang='lat' dir='ltr'><strong>Origenist</strong></span> 
     </span>
    </p>
   </div>
   <div class='ocr_carea' id='block_1_55' title="bbox 548 4347 3732 4437">
    <p class='ocr_par' dir='ltr' id='par_1_55' title="bbox 548 4347 3732 4437">
     <span class='ocr_line' id='line_1_55' title="bbox 548 4347 3732 4437; baseline 0.005 -35"><span class='ocrx_word' id='word_1_631' title='bbox 548 4347 648 4414; x_wconf 91' lang='lat' dir='ltr'><strong>dit,</strong></span> <span class='ocrx_word' id='word_1_632' title='bbox 675 4348 995 4417; x_wconf 87' lang='lat' dir='ltr'><strong>disputasse.</strong></span> <span class='ocrx_word' id='word_1_633' title='bbox 1035 4350 1081 4406; x_wconf 90' lang='grc'>0</span> <span class='ocrx_word' id='word_1_634' title='bbox 1109 4355 1288 4422; x_wconf 89' lang='lat' dir='ltr'><strong>superi</strong></span> <span class='ocrx_word' id='word_1_635' title='bbox 1317 4357 1472 4411; x_wconf 90' lang='lat' dir='ltr'><strong>mites</strong></span> <span class='ocrx_word' id='word_1_636' title='bbox 1500 4357 1740 4412; x_wconf 87' lang='lat' dir='ltr'><strong>animos!</strong></span> <span class='ocrx_word' id='word_1_637' title='bbox 1775 4358 1996 4429; x_wconf 79' lang='lat' dir='ltr'><strong>Magnus</strong></span> <span class='ocrx_word' id='word_1_638' title='bbox 2033 4361 2126 4418; x_wconf 84' lang='lat' dir='ltr'><strong>ille</strong></span> <span class='ocrx_word' id='word_1_639' title='bbox 2230 4356 2512 4414; x_wconf 87' lang='lat' dir='ltr'><strong>Albertum</strong></span> <span class='ocrx_word' id='word_1_640' title='bbox 2544 4359 2789 4431; x_wconf 84' lang='lat' dir='ltr'><strong>Pighium</strong></span> <span class='ocrx_word' id='word_1_641' title='bbox 2814 4364 2906 4419; x_wconf 92' lang='lat' dir='ltr'><strong>lib.</strong></span> <span class='ocrx_word' id='word_1_642' title='bbox 2948 4381 3005 4421; x_wconf 89' lang='grc' dir='ltr'><strong>ιιι</strong></span> <span class='ocrx_word' id='word_1_643' title='bbox 3032 4367 3100 4423; x_wconf 91' lang='lat' dir='ltr'><strong>de</strong></span> <span class='ocrx_word' id='word_1_644' title='bbox 3130 4367 3328 4424; x_wconf 89' lang='lat' dir='ltr'><strong>Libero</strong></span> <span class='ocrx_word' id='word_1_645' title='bbox 3357 4369 3544 4437; x_wconf 90' lang='lat' dir='ltr'><strong>Arbit.,</strong></span> <span class='ocrx_word' id='word_1_646' title='bbox 3580 4347 3624 4424; x_wconf 88' lang='lat' dir='ltr'><strong>et</strong></span> <span class='ocrx_word' id='word_1_647' title='bbox 3645 4367 3732 4422; x_wconf 75' lang='lat' dir='ltr'><strong>Six-</strong></span> 
     </span>
    </p>
   </div>
   <div class='ocr_carea' id='block_1_56' title="bbox 549 4439 3732 4530">
    <p class='ocr_par' dir='ltr' id='par_1_56' title="bbox 549 4439 3732 4530">
     <span class='ocr_line' id='line_1_56' title="bbox 549 4439 3732 4530; baseline 0.007 -39"><span class='ocrx_word' id='word_1_648' title='bbox 549 4439 738 4508; x_wconf 82' lang='lat' dir='ltr'><strong>patriae</strong></span> <span class='ocrx_word' id='word_1_649' title='bbox 784 4457 920 4498; x_wconf 64' lang='lat' dir='ltr'><strong>mea:</strong></span> <span class='ocrx_word' id='word_1_650' title='bbox 963 4444 1186 4501; x_wconf 82' lang='lat' dir='ltr'><strong>antistes</strong></span> <span class='ocrx_word' id='word_1_651' title='bbox 1231 4447 1602 4516; x_wconf 74' lang='lat' dir='ltr'><strong>Augustinianl</strong></span> <span class='ocrx_word' id='word_1_652' title='bbox 1651 4452 1849 4521; x_wconf 77' lang='lat' dir='ltr'><strong>ingenii</strong></span> <span class='ocrx_word' id='word_1_653' title='bbox 1898 4466 2124 4508; x_wconf 79' lang='lat' dir='ltr'><strong>acumen</strong></span> <span class='ocrx_word' id='word_1_654' title='bbox 2227 4457 2340 4503; x_wconf 89' lang='lat' dir='ltr'><strong>tum</strong></span> <span class='ocrx_word' id='word_1_655' title='bbox 2367 4449 2669 4508; x_wconf 89' lang='lat' dir='ltr'><strong>Senensem</strong></span> <span class='ocrx_word' id='word_1_656' title='bbox 2691 4455 2747 4510; x_wconf 93' lang='lat' dir='ltr'><strong>in</strong></span> <span class='ocrx_word' id='word_1_657' title='bbox 2779 4459 2984 4524; x_wconf 69' lang='lat' dir='ltr'><strong>praefat.</strong></span> <span class='ocrx_word' id='word_1_658' title='bbox 3032 4459 3127 4515; x_wconf 91' lang='lat' dir='ltr'><strong>lib.</strong></span> <span class='ocrx_word' id='word_1_659' title='bbox 3157 4475 3190 4514; x_wconf 89' lang='lat' dir='ltr'><strong>v</strong></span> <span class='ocrx_word' id='word_1_660' title='bbox 3219 4461 3574 4530; x_wconf 66' lang='lat' dir='ltr'><strong>Bibliotheca,</strong></span> <span class='ocrx_word' id='word_1_661' title='bbox 3598 4462 3732 4516; x_wconf 85' lang='lat' dir='ltr'><strong>dicen-</strong></span> 
     </span>
    </p>
   </div>
   <div class='ocr_carea' id='block_1_57' title="bbox 549 4531 3734 4614">
    <p class='ocr_par' dir='ltr' id='par_1_57' title="bbox 549 4531 3734 4614">
     <span class='ocr_line' id='line_1_57' title="bbox 549 4531 3734 4614; baseline 0.008 -32"><span class='ocrx_word' id='word_1_662' title='bbox 549 4537 712 4599; x_wconf 82' lang='lat' dir='ltr'><strong>atque</strong></span> <span class='ocrx_word' id='word_1_663' title='bbox 757 4531 810 4586; x_wconf 90' lang='lat' dir='ltr'><strong>in</strong></span> <span class='ocrx_word' id='word_1_664' title='bbox 861 4532 1182 4603; x_wconf 78' lang='lat' dir='ltr'><strong>disputando</strong></span> <span class='ocrx_word' id='word_1_665' title='bbox 1225 4539 1594 4608; x_wconf 85' lang='lat' dir='ltr'><strong>subtilitatem,</strong></span> <span class='ocrx_word' id='word_1_666' title='bbox 1643 4557 1802 4612; x_wconf 85' lang='lat' dir='ltr'><strong>quam</strong></span> <span class='ocrx_word' id='word_1_667' title='bbox 1843 4542 2120 4614; x_wconf 90' lang='lat' dir='ltr'><strong>plerique,</strong></span> <span class='ocrx_word' id='word_1_668' title='bbox 2224 4547 2308 4596; x_wconf 77' lang='lat' dir='ltr'><strong>tea</strong></span> <span class='ocrx_word' id='word_1_669' title='bbox 2333 4545 2690 4612; x_wconf 87' lang='lat' dir='ltr'><strong>Augustinum</strong></span> <span class='ocrx_word' id='word_1_670' title='bbox 2729 4546 2995 4608; x_wconf 79' lang='lat' dir='ltr'><strong>interdum</strong></span> <span class='ocrx_word' id='word_1_671' title='bbox 3038 4552 3206 4608; x_wconf 87' lang='lat' dir='ltr'><strong>libero</strong></span> <span class='ocrx_word' id='word_1_672' title='bbox 3246 4553 3468 4609; x_wconf 85' lang='lat' dir='ltr'><strong>arbitrio</strong></span> <span class='ocrx_word' id='word_1_673' title='bbox 3502 4553 3640 4608; x_wconf 86' lang='lat' dir='ltr'><strong>fuisse</strong></span> <span class='ocrx_word' id='word_1_674' title='bbox 3663 4547 3734 4603; x_wconf 82' lang='lat' dir='ltr'><strong>ini-</strong></span> 
     </span>
    </p>
   </div>
   <div class='ocr_carea' id='block_1_58' title="bbox 549 4619 3732 4715">
    <p class='ocr_par' dir='ltr' id='par_1_58' title="bbox 549 4619 3732 4715">
     <span class='ocr_line' id='line_1_58' title="bbox 549 4619 3732 4715; baseline 0.008 -39"><span class='ocrx_word' id='word_1_675' title='bbox 549 4621 673 4678; x_wconf 88' lang='lat' dir='ltr'><strong>licet</strong></span> <span class='ocrx_word' id='word_1_676' title='bbox 700 4624 866 4680; x_wconf 90' lang='lat' dir='ltr'><strong>nobili</strong></span> <span class='ocrx_word' id='word_1_677' title='bbox 890 4626 1104 4693; x_wconf 85' lang='lat' dir='ltr'><strong>ingenio</strong></span> <span class='ocrx_word' id='word_1_678' title='bbox 1129 4629 1359 4698; x_wconf 65' lang='lat' dir='ltr'><strong>praediti,</strong></span> <span class='ocrx_word' id='word_1_679' title='bbox 1393 4634 1605 4704; x_wconf 87' lang='lat' dir='ltr'><strong>assequi</strong></span> <span class='ocrx_word' id='word_1_680' title='bbox 1635 4635 1944 4706; x_wconf 86' lang='lat' dir='ltr'><strong>nequivere,</strong></span> <span class='ocrx_word' id='word_1_681' title='bbox 1969 4652 2118 4693; x_wconf 90' lang='lat' dir='ltr'><strong>com-</strong></span> <span class='ocrx_word' id='word_1_682' title='bbox 2141 4619 2199 4683; x_wconf 75' lang='grc' dir='ltr'><strong>Β</strong></span> <span class='ocrx_word' id='word_1_683' title='bbox 2221 4632 2488 4702; x_wconf 81' lang='lat' dir='ltr'><strong>quiorem.</strong></span> <span class='ocrx_word' id='word_1_684' title='bbox 2518 4635 2687 4694; x_wconf 83' lang='lat' dir='ltr'><strong>Vetus</strong></span> <span class='ocrx_word' id='word_1_685' title='bbox 2713 4654 2777 4694; x_wconf 90' lang='lat' dir='ltr'><strong>ea</strong></span> <span class='ocrx_word' id='word_1_686' title='bbox 2804 4642 3022 4711; x_wconf 86' lang='lat' dir='ltr'><strong>quidem</strong></span> <span class='ocrx_word' id='word_1_687' title='bbox 3049 4658 3115 4699; x_wconf 88' lang='lat' dir='ltr'><strong>ac</strong></span> <span class='ocrx_word' id='word_1_688' title='bbox 3142 4645 3360 4701; x_wconf 83' lang='lat' dir='ltr'><strong>rancida</strong></span> <span class='ocrx_word' id='word_1_689' title='bbox 3397 4645 3732 4715; x_wconf 80' lang='lat' dir='ltr'><strong>Pelagianorum</strong></span> 
     </span>
    </p>
   </div>
   <div class='ocr_carea' id='block_1_59' title="bbox 545 4716 3732 4800">
    <p class='ocr_par' dir='ltr' id='par_1_59' title="bbox 545 4716 3732 4800">
     <span class='ocr_line' id='line_1_59' title="bbox 545 4716 3732 4800; baseline 0.005 -32"><span class='ocrx_word' id='word_1_690' title='bbox 545 4716 795 4782; x_wconf 90' lang='lat' dir='ltr'><strong>mendat;</strong></span> <span class='ocrx_word' id='word_1_691' title='bbox 850 4719 1089 4774; x_wconf 88' lang='lat' dir='ltr'><strong>Armatus</strong></span> <span class='ocrx_word' id='word_1_692' title='bbox 1126 4720 1252 4776; x_wconf 90' lang='lat' dir='ltr'><strong>inde</strong></span> <span class='ocrx_word' id='word_1_693' title='bbox 1293 4733 1480 4778; x_wconf 89' lang='lat' dir='ltr'><strong>contra</strong></span> <span class='ocrx_word' id='word_1_694' title='bbox 1525 4726 1877 4795; x_wconf 87' lang='lat' dir='ltr'><strong>Augustinum</strong></span> <span class='ocrx_word' id='word_1_695' title='bbox 1925 4743 2116 4786; x_wconf 79' lang='lat' dir='ltr'><strong>exces-</strong></span> <span class='ocrx_word' id='word_1_696' title='bbox 2224 4734 2280 4781; x_wconf 88' lang='lat' dir='ltr'><strong>et</strong></span> <span class='ocrx_word' id='word_1_697' title='bbox 2302 4725 2892 4800; x_wconf 79' lang='lat' dir='ltr'><strong>Sami-Pelagianorum</strong></span> <span class='ocrx_word' id='word_1_698' title='bbox 2930 4734 3196 4789; x_wconf 86' lang='lat' dir='ltr'><strong>calumnia</strong></span> <span class='ocrx_word' id='word_1_699' title='bbox 3225 4744 3329 4791; x_wconf 89' lang='lat' dir='ltr'><strong>est.</strong></span> <span class='ocrx_word' id='word_1_700' title='bbox 3358 4737 3599 4796; x_wconf 75' lang='lat' dir='ltr'><strong>Julianus,</strong></span> <span class='ocrx_word' id='word_1_701' title='bbox 3632 4732 3732 4786; x_wconf 83' lang='lat' dir='ltr'><strong>Iib.l</strong></span> 
     </span>
    </p>
   </div>
   <div class='ocr_carea' id='block_1_60' title="bbox 540 4812 3728 4898">
    <p class='ocr_par' dir='ltr' id='par_1_60' title="bbox 540 4812 3728 4898">
     <span class='ocr_line' id='line_1_60' title="bbox 540 4812 3728 4898; baseline 0.004 -36"><span class='ocrx_word' id='word_1_702' title='bbox 540 4821 698 4862; x_wconf 87' lang='lat' dir='ltr'><strong>suum</strong></span> <span class='ocrx_word' id='word_1_703' title='bbox 729 4812 1122 4868; x_wconf 87' lang='lat' dir='ltr'><strong>accusationem</strong></span> <span class='ocrx_word' id='word_1_704' title='bbox 1149 4814 1328 4880; x_wconf 86' lang='lat' dir='ltr'><strong>struit,</strong></span> <span class='ocrx_word' id='word_1_705' title='bbox 1353 4831 1415 4872; x_wconf 89' lang='lat' dir='ltr'><strong>ac</strong></span> <span class='ocrx_word' id='word_1_706' title='bbox 1434 4824 1625 4872; x_wconf 87' lang='lat' dir='ltr'><strong>testem</strong></span> <span class='ocrx_word' id='word_1_707' title='bbox 1649 4829 1838 4875; x_wconf 87' lang='lat' dir='ltr'><strong>contra</strong></span> <span class='ocrx_word' id='word_1_708' title='bbox 1865 4831 2114 4876; x_wconf 88' lang='lat' dir='ltr'><strong>sanctum</strong></span> <span class='ocrx_word' id='word_1_709' title='bbox 2225 4817 2416 4890; x_wconf 89' lang='lat' dir='ltr'><strong>Operis</strong></span> <span class='ocrx_word' id='word_1_710' title='bbox 2446 4820 2684 4890; x_wconf 90' lang='lat' dir='ltr'><strong>impcrf.,</strong></span> <span class='ocrx_word' id='word_1_711' title='bbox 2715 4834 2841 4894; x_wconf 66' lang='lat' dir='ltr'><strong>capt</strong></span> <span class='ocrx_word' id='word_1_712' title='bbox 2865 4825 2956 4892; x_wconf 75' lang='grc'><strong>54,</strong></span> <span class='ocrx_word' id='word_1_713' title='bbox 2980 4826 3168 4882; x_wconf 89' lang='lat' dir='ltr'><strong>scribit</strong></span> <span class='ocrx_word' id='word_1_714' title='bbox 3187 4837 3374 4898; x_wconf 79' lang='lat' dir='ltr'><strong>contra</strong></span> <span class='ocrx_word' id='word_1_715' title='bbox 3404 4825 3728 4897; x_wconf 85' lang='lat' dir='ltr'><strong>Augustinum:</strong></span> 
     </span>
    </p>
   </div>
   <div class='ocr_carea' id='block_1_61' title="bbox 539 4903 3726 4988">
    <p class='ocr_par' dir='ltr' id='par_1_61' title="bbox 539 4903 3726 4988">
     <span class='ocr_line' id='line_1_61' title="bbox 539 4903 3726 4988; baseline 0.005 -28"><span class='ocrx_word' id='word_1_716' title='bbox 539 4903 813 4963; x_wconf 88' lang='lat' dir='ltr'><strong>doctorem</strong></span> <span class='ocrx_word' id='word_1_717' title='bbox 843 4908 991 4963; x_wconf 90' lang='lat' dir='ltr'><strong>illum</strong></span> <span class='ocrx_word' id='word_1_718' title='bbox 1021 4925 1082 4966; x_wconf 88' lang='lat' dir='ltr'><strong>se</strong></span> <span class='ocrx_word' id='word_1_719' title='bbox 1110 4911 1240 4966; x_wconf 82' lang='lat' dir='ltr'><strong>dare</strong></span> <span class='ocrx_word' id='word_1_720' title='bbox 1270 4913 1441 4983; x_wconf 87' lang='lat' dir='ltr'><strong>lingit,</strong></span> <span class='ocrx_word' id='word_1_721' title='bbox 1490 4916 1578 4981; x_wconf 91' lang='lat' dir='ltr'><strong>qui</strong></span> <span class='ocrx_word' id='word_1_722' title='bbox 1610 4922 1693 4969; x_wconf 89' lang='lat' dir='ltr'><strong>est</strong></span> <span class='ocrx_word' id='word_1_723' title='bbox 1718 4915 1958 4986; x_wconf 85' lang='lat' dir='ltr'><strong>ejusdem</strong></span> <span class='ocrx_word' id='word_1_724' title='bbox 1999 4919 2115 4973; x_wconf 88' lang='lat' dir='ltr'><strong>Au-</strong></span> <span class='ocrx_word' id='word_1_725' title='bbox 2228 4930 2250 4963; x_wconf 70' lang='grc' dir='ltr'><strong>ι</strong></span> <span class='ocrx_word' id='word_1_726' title='bbox 2288 4911 2540 4968; x_wconf 74' lang='lat' dir='ltr'><strong>Liberum</strong></span> <span class='ocrx_word' id='word_1_727' title='bbox 2568 4915 2849 4971; x_wconf 75' lang='lat' dir='ltr'><strong>arbitrium</strong></span> <span class='ocrx_word' id='word_1_728' title='bbox 2879 4917 2933 4971; x_wconf 88' lang='lat' dir='ltr'><strong>in</strong></span> <span class='ocrx_word' id='word_1_729' title='bbox 2963 4926 3151 4974; x_wconf 83' lang='lat' dir='ltr'><strong>natura</strong></span> <span class='ocrx_word' id='word_1_730' title='bbox 3190 4917 3424 4974; x_wconf 77' lang='lat' dir='ltr'><strong>hominis</strong></span> <span class='ocrx_word' id='word_1_731' title='bbox 3460 4921 3726 4988; x_wconf 60' lang='lat' dir='ltr'><strong>perseverat,</strong></span> 
     </span>
    </p>
   </div>
   <div class='ocr_carea' id='block_1_62' title="bbox 537 4997 3728 5082">
    <p class='ocr_par' dir='ltr' id='par_1_62' title="bbox 537 4997 3728 5082">
     <span class='ocr_line' id='line_1_62' title="bbox 537 4997 3728 5082; baseline 0.005 -33"><span class='ocrx_word' id='word_1_732' title='bbox 537 4997 732 5065; x_wconf 82' lang='lat' dir='ltr'><strong>gustini</strong></span> <span class='ocrx_word' id='word_1_733' title='bbox 758 4999 986 5054; x_wconf 82' lang='lat' dir='ltr'><strong>eximius</strong></span> <span class='ocrx_word' id='word_1_734' title='bbox 1014 4999 1280 5058; x_wconf 89' lang='lat' dir='ltr'><strong>laudator.</strong></span> <span class='ocrx_word' id='word_1_735' title='bbox 1330 5003 1438 5059; x_wconf 79' lang='lat' dir='ltr'><strong>Eos</strong></span> <span class='ocrx_word' id='word_1_736' title='bbox 1466 5018 1598 5060; x_wconf 89' lang='lat' dir='ltr'><strong>sane</strong></span> <span class='ocrx_word' id='word_1_737' title='bbox 1626 5005 1694 5060; x_wconf 87' lang='lat' dir='ltr'><strong>de</strong></span> <span class='ocrx_word' id='word_1_738' title='bbox 1732 5007 1925 5076; x_wconf 90' lang='lat' dir='ltr'><strong>quibus</strong></span> <span class='ocrx_word' id='word_1_739' title='bbox 1958 5007 2114 5064; x_wconf 82' lang='lat' dir='ltr'><strong>Vale-</strong></span> <span class='ocrx_word' id='word_1_740' title='bbox 2222 5007 2368 5077; x_wconf 91' lang='lat' dir='ltr'><strong>quod</strong></span> <span class='ocrx_word' id='word_1_741' title='bbox 2397 5016 2455 5062; x_wconf 92' lang='lat' dir='ltr'><strong>ut</strong></span> <span class='ocrx_word' id='word_1_742' title='bbox 2479 5015 2537 5064; x_wconf 90' lang='lat' dir='ltr'><strong>tu</strong></span> <span class='ocrx_word' id='word_1_743' title='bbox 2564 5023 2686 5064; x_wconf 89' lang='lat' dir='ltr'><strong>cum</strong></span> <span class='ocrx_word' id='word_1_744' title='bbox 2715 5009 3025 5066; x_wconf 71' lang='lat' dir='ltr'><strong>Manichaais</strong></span> <span class='ocrx_word' id='word_1_745' title='bbox 3054 5026 3237 5082; x_wconf 85' lang='lat' dir='ltr'><strong>negas,</strong></span> <span class='ocrx_word' id='word_1_746' title='bbox 3282 5013 3358 5067; x_wconf 88' lang='lat' dir='ltr'><strong>ita</strong></span> <span class='ocrx_word' id='word_1_747' title='bbox 3381 5025 3477 5068; x_wconf 85' lang='lat' dir='ltr'><strong>nos</strong></span> <span class='ocrx_word' id='word_1_748' title='bbox 3503 5023 3607 5066; x_wconf 88' lang='lat' dir='ltr'><strong>cum</strong></span> <span class='ocrx_word' id='word_1_749' title='bbox 3635 5018 3728 5074; x_wconf 76' lang='lat' dir='ltr'><strong>apo-</strong></span> 
     </span>
    </p>
   </div>
   <div class='ocr_carea' id='block_1_63' title="bbox 538 5088 3728 5168">
    <p class='ocr_par' dir='ltr' id='par_1_63' title="bbox 538 5088 3728 5168">
     <span class='ocr_line' id='line_1_63' title="bbox 538 5088 3728 5168; baseline 0.003 -26"><span class='ocrx_word' id='word_1_750' title='bbox 538 5088 647 5143; x_wconf 86' lang='lat' dir='ltr'><strong>rius</strong></span> <span class='ocrx_word' id='word_1_751' title='bbox 694 5089 928 5159; x_wconf 90' lang='lat' dir='ltr'><strong>loquitur</strong></span> <span class='ocrx_word' id='word_1_752' title='bbox 954 5093 1008 5145; x_wconf 91' lang='lat' dir='ltr'><strong>in</strong></span> <span class='ocrx_word' id='word_1_753' title='bbox 1056 5107 1270 5149; x_wconf 87' lang='lat' dir='ltr'><strong>errores</strong></span> <span class='ocrx_word' id='word_1_754' title='bbox 1315 5095 1492 5160; x_wconf 88' lang='lat' dir='ltr'><strong>lapsos</strong></span> <span class='ocrx_word' id='word_1_755' title='bbox 1536 5094 1722 5162; x_wconf 90' lang='lat' dir='ltr'><strong>fuisse,</strong></span> <span class='ocrx_word' id='word_1_756' title='bbox 1762 5099 2116 5168; x_wconf 89' lang='lat' dir='ltr'><strong>Augustinine</strong></span> <span class='ocrx_word' id='word_1_757' title='bbox 2221 5101 2376 5156; x_wconf 84' lang='lat' dir='ltr'><strong>stolis</strong></span> <span class='ocrx_word' id='word_1_758' title='bbox 2403 5109 2458 5156; x_wconf 91' lang='lat' dir='ltr'><strong>et</strong></span> <span class='ocrx_word' id='word_1_759' title='bbox 2485 5101 2738 5158; x_wconf 86' lang='lat' dir='ltr'><strong>omnibus</strong></span> <span class='ocrx_word' id='word_1_760' title='bbox 2762 5102 3040 5158; x_wconf 89' lang='lat' dir='ltr'><strong>catholicis</strong></span> <span class='ocrx_word' id='word_1_761' title='bbox 3068 5103 3406 5160; x_wconf 86' lang='lat' dir='ltr'><strong>confitemur.</strong></span> <span class='ocrx_word' id='word_1_762' title='bbox 3444 5119 3462 5154; x_wconf 71' lang='grc' dir='ltr'><strong>ι</strong></span> <span class='ocrx_word' id='word_1_763' title='bbox 3513 5101 3580 5156; x_wconf 86' lang='lat' dir='ltr'><strong>De</strong></span> <span class='ocrx_word' id='word_1_764' title='bbox 3602 5095 3728 5152; x_wconf 86' lang='lat' dir='ltr'><strong>Semi-</strong></span> 
     </span>
    </p>
   </div>
   <div class='ocr_carea' id='block_1_64' title="bbox 537 5180 3723 5264">
    <p class='ocr_par' dir='ltr' id='par_1_64' title="bbox 537 5180 3723 5264">
     <span class='ocr_line' id='line_1_64' title="bbox 537 5180 3723 5264; baseline 0.005 -31"><span class='ocrx_word' id='word_1_765' title='bbox 537 5194 604 5233; x_wconf 87' lang='lat' dir='ltr'><strong>an</strong></span> <span class='ocrx_word' id='word_1_766' title='bbox 657 5180 892 5248; x_wconf 89' lang='lat' dir='ltr'><strong>ipsorum</strong></span> <span class='ocrx_word' id='word_1_767' title='bbox 952 5185 1046 5254; x_wconf 88' lang='lat' dir='ltr'><strong>qui</strong></span> <span class='ocrx_word' id='word_1_768' title='bbox 1105 5187 1461 5256; x_wconf 88' lang='lat' dir='ltr'><strong>Augustinum</strong></span> <span class='ocrx_word' id='word_1_769' title='bbox 1523 5203 1628 5245; x_wconf 87' lang='lat' dir='ltr'><strong>non</strong></span> <span class='ocrx_word' id='word_1_770' title='bbox 1694 5190 2109 5262; x_wconf 83' lang='lat' dir='ltr'><strong>intellexerunt,</strong></span> <span class='ocrx_word' id='word_1_771' title='bbox 2218 5190 2519 5263; x_wconf 86' lang='lat' dir='ltr'><strong>Pelagianis</strong></span> <span class='ocrx_word' id='word_1_772' title='bbox 2565 5201 2717 5263; x_wconf 88' lang='lat' dir='ltr'><strong>patet</strong></span> <span class='ocrx_word' id='word_1_773' title='bbox 2746 5207 2813 5248; x_wconf 79' lang='lat' dir='ltr'><strong>ex</strong></span> <span class='ocrx_word' id='word_1_774' title='bbox 2852 5194 3080 5264; x_wconf 86' lang='lat' dir='ltr'><strong>epistola</strong></span> <span class='ocrx_word' id='word_1_775' title='bbox 3121 5196 3370 5264; x_wconf 89' lang='lat' dir='ltr'><strong>Prosperi</strong></span> <span class='ocrx_word' id='word_1_776' title='bbox 3408 5193 3473 5249; x_wconf 85' lang='lat' dir='ltr'><strong>ad</strong></span> <span class='ocrx_word' id='word_1_777' title='bbox 3511 5189 3723 5249; x_wconf 63' lang='lat' dir='ltr'><strong>Ruﬁnum.</strong></span> 
     </span>
    </p>
   </div>
   <div class='ocr_carea' id='block_1_65' title="bbox 535 5270 3722 5356">
    <p class='ocr_par' dir='ltr' id='par_1_65' title="bbox 535 5270 3722 5356">
     <span class='ocr_line' id='line_1_65' title="bbox 535 5270 3722 5356; baseline 0.001 -33"><span class='ocrx_word' id='word_1_778' title='bbox 535 5270 692 5339; x_wconf 87' lang='lat' dir='ltr'><strong>culpa</strong></span> <span class='ocrx_word' id='word_1_779' title='bbox 719 5274 833 5327; x_wconf 79' lang='lat' dir='ltr'><strong>est?</strong></span> <span class='ocrx_word' id='word_1_780' title='bbox 869 5275 998 5342; x_wconf 84' lang='lat' dir='ltr'><strong>Quis</strong></span> <span class='ocrx_word' id='word_1_781' title='bbox 1043 5287 1222 5334; x_wconf 88' lang='lat' dir='ltr'><strong>autem</strong></span> <span class='ocrx_word' id='word_1_782' title='bbox 1260 5281 1465 5336; x_wconf 86' lang='lat' dir='ltr'><strong>nesciat</strong></span> <span class='ocrx_word' id='word_1_783' title='bbox 1510 5281 1775 5351; x_wconf 87' lang='lat' dir='ltr'><strong>plurimos</strong></span> <span class='ocrx_word' id='word_1_784' title='bbox 1815 5284 2112 5352; x_wconf 84' lang='lat' dir='ltr'><strong>profundos</strong></span> <span class='ocrx_word' id='word_1_785' title='bbox 2214 5283 2366 5353; x_wconf 86' lang='lat' dir='ltr'><strong>cujus</strong></span> <span class='ocrx_word' id='word_1_786' title='bbox 2403 5283 2567 5340; x_wconf 87' lang='lat' dir='ltr'><strong>verba</strong></span> <span class='ocrx_word' id='word_1_787' title='bbox 2612 5285 2736 5339; x_wconf 89' lang='lat' dir='ltr'><strong>data</strong></span> <span class='ocrx_word' id='word_1_788' title='bbox 2779 5295 2905 5341; x_wconf 90' lang='lat' dir='ltr'><strong>sunt</strong></span> <span class='ocrx_word' id='word_1_789' title='bbox 2934 5284 2963 5356; x_wconf 61' lang='grc' dir='ltr'>ᾗ</span> <span class='ocrx_word' id='word_1_790' title='bbox 2995 5285 3278 5352; x_wconf 84' lang='lat' dir='ltr'><strong>l.Quanta</strong></span> <span class='ocrx_word' id='word_1_791' title='bbox 3329 5294 3502 5339; x_wconf 87' lang='lat' dir='ltr'><strong>autem</strong></span> <span class='ocrx_word' id='word_1_792' title='bbox 3547 5278 3722 5335; x_wconf 81' lang='lat' dir='ltr'><strong>veritate</strong></span> 
     </span>
    </p>
   </div>
   <div class='ocr_carea' id='block_1_66' title="bbox 537 5364 3724 5446">
    <p class='ocr_par' dir='ltr' id='par_1_66' title="bbox 537 5364 3724 5446">
     <span class='ocr_line' id='line_1_66' title="bbox 537 5364 3724 5446; baseline 0.003 -30"><span class='ocrx_word' id='word_1_793' title='bbox 537 5366 892 5430; x_wconf 88' lang='lat' dir='ltr'><strong>quorumdam</strong></span> <span class='ocrx_word' id='word_1_794' title='bbox 943 5384 1111 5426; x_wconf 74' lang='lat' dir='ltr'><strong>sacrae</strong></span> <span class='ocrx_word' id='word_1_795' title='bbox 1163 5374 1369 5444; x_wconf 64' lang='lat' dir='ltr'><strong>paginas</strong></span> <span class='ocrx_word' id='word_1_796' title='bbox 1416 5376 1703 5432; x_wconf 78' lang='lat' dir='ltr'><strong>verborum</strong></span> <span class='ocrx_word' id='word_1_797' title='bbox 1756 5391 1948 5434; x_wconf 88' lang='lat' dir='ltr'><strong>sensus</strong></span> <span class='ocrx_word' id='word_1_798' title='bbox 2001 5394 2108 5434; x_wconf 91' lang='lat' dir='ltr'><strong>non</strong></span> <span class='ocrx_word' id='word_1_799' title='bbox 2213 5376 2352 5432; x_wconf 86' lang='lat' dir='ltr'><strong>hanc</strong></span> <span class='ocrx_word' id='word_1_800' title='bbox 2381 5391 2412 5431; x_wconf 87' lang='lat' dir='ltr'><strong>a</strong></span> <span class='ocrx_word' id='word_1_801' title='bbox 2457 5391 2517 5432; x_wconf 88' lang='lat' dir='ltr'><strong>se</strong></span> <span class='ocrx_word' id='word_1_802' title='bbox 2549 5376 2868 5431; x_wconf 88' lang='lat' dir='ltr'><strong>calumniam</strong></span> <span class='ocrx_word' id='word_1_803' title='bbox 2900 5377 3228 5446; x_wconf 88' lang='lat' dir='ltr'><strong>Augustinus</strong></span> <span class='ocrx_word' id='word_1_804' title='bbox 3277 5372 3604 5446; x_wconf 84' lang='lat' dir='ltr'><strong>propulsavit,</strong></span> <span class='ocrx_word' id='word_1_805' title='bbox 3637 5364 3724 5420; x_wconf 69' lang='lat' dir='ltr'><strong>illos</strong></span> 
     </span>
    </p>
   </div>
   <div class='ocr_carea' id='block_1_67' title="bbox 534 5459 3725 5542">
    <p class='ocr_par' dir='ltr' id='par_1_67' title="bbox 534 5459 3725 5542">
     <span class='ocr_line' id='line_1_67' title="bbox 534 5459 3725 5542; baseline 0.003 -38"><span class='ocrx_word' id='word_1_806' title='bbox 534 5465 881 5522; x_wconf 89' lang='lat' dir='ltr'><strong>assequentes</strong></span> <span class='ocrx_word' id='word_1_807' title='bbox 907 5459 958 5514; x_wconf 91' lang='lat' dir='ltr'><strong>in</strong></span> <span class='ocrx_word' id='word_1_808' title='bbox 987 5461 1222 5520; x_wconf 73' lang='lat' dir='ltr'><strong>harreses</strong></span> <span class='ocrx_word' id='word_1_809' title='bbox 1242 5467 1449 5522; x_wconf 73' lang='lat' dir='ltr'><strong>ruisse?</strong></span> <span class='ocrx_word' id='word_1_810' title='bbox 1490 5467 1635 5524; x_wconf 90' lang='lat' dir='ltr'><strong>Itane</strong></span> <span class='ocrx_word' id='word_1_811' title='bbox 1661 5468 1882 5525; x_wconf 84' lang='lat' dir='ltr'><strong>in&#39;sacri</strong></span> <span class='ocrx_word' id='word_1_812' title='bbox 1907 5471 2105 5542; x_wconf 91' lang='lat' dir='ltr'><strong>eloquii</strong></span> <span class='ocrx_word' id='word_1_813' title='bbox 2213 5471 2386 5525; x_wconf 89' lang='lat' dir='ltr'><strong>solum</strong></span> <span class='ocrx_word' id='word_1_814' title='bbox 2415 5470 2628 5525; x_wconf 90' lang='lat' dir='ltr'><strong>nescire</strong></span> <span class='ocrx_word' id='word_1_815' title='bbox 2655 5469 2888 5525; x_wconf 89' lang='lat' dir='ltr'><strong>arbitror</strong></span> <span class='ocrx_word' id='word_1_816' title='bbox 2913 5469 3010 5538; x_wconf 90' lang='lat' dir='ltr'><strong>qui</strong></span> <span class='ocrx_word' id='word_1_817' title='bbox 3038 5470 3210 5525; x_wconf 86' lang='lat' dir='ltr'><strong>sancti</strong></span> <span class='ocrx_word' id='word_1_818' title='bbox 3237 5467 3468 5524; x_wconf 88' lang='lat' dir='ltr'><strong>doctoris</strong></span> <span class='ocrx_word' id='word_1_819' title='bbox 3490 5463 3630 5518; x_wconf 87' lang='lat' dir='ltr'><strong>libros</strong></span> <span class='ocrx_word' id='word_1_820' title='bbox 3653 5466 3725 5510; x_wconf 83' lang='lat' dir='ltr'><strong>nec</strong></span> 
     </span>
    </p>
   </div>
   <div class='ocr_carea' id='block_1_68' title="bbox 534 5547 3725 5629">
    <p class='ocr_par' dir='ltr' id='par_1_68' title="bbox 534 5547 3725 5629">
     <span class='ocr_line' id='line_1_68' title="bbox 534 5547 3725 5629; baseline 0.002 -34"><span class='ocrx_word' id='word_1_821' title='bbox 534 5553 808 5599; x_wconf 80' lang='lat' dir='ltr'><strong>aUctorem</strong></span> <span class='ocrx_word' id='word_1_822' title='bbox 839 5547 1097 5617; x_wconf 90' lang='lat' dir='ltr'><strong>Spiritum</strong></span> <span class='ocrx_word' id='word_1_823' title='bbox 1134 5567 1374 5612; x_wconf 89' lang='lat' dir='ltr'><strong>sanctum</strong></span> <span class='ocrx_word' id='word_1_824' title='bbox 1401 5561 1610 5628; x_wconf 86' lang='lat' dir='ltr'><strong>culpam</strong></span> <span class='ocrx_word' id='word_1_825' title='bbox 1637 5560 2000 5629; x_wconf 87' lang='lat' dir='ltr'><strong>devolvemus,</strong></span> <span class='ocrx_word' id='word_1_826' title='bbox 2034 5579 2106 5620; x_wconf 89' lang='lat' dir='ltr'><strong>an</strong></span> <span class='ocrx_word' id='word_1_827' title='bbox 2215 5573 2246 5614; x_wconf 90' lang='lat' dir='ltr'><strong>a</strong></span> <span class='ocrx_word' id='word_1_828' title='bbox 2269 5559 2435 5615; x_wconf 91' lang='lat' dir='ltr'><strong>limite</strong></span> <span class='ocrx_word' id='word_1_829' title='bbox 2463 5559 2834 5615; x_wconf 85' lang='lat' dir='ltr'><strong>salutaverint.</strong></span> <span class='ocrx_word' id='word_1_830' title='bbox 2866 5557 3034 5615; x_wconf 90' lang='lat' dir='ltr'><strong>Totus</strong></span> <span class='ocrx_word' id='word_1_831' title='bbox 3060 5558 3195 5614; x_wconf 89' lang='lat' dir='ltr'><strong>liber</strong></span> <span class='ocrx_word' id='word_1_832' title='bbox 3229 5558 3295 5613; x_wconf 90' lang='lat' dir='ltr'><strong>de</strong></span> <span class='ocrx_word' id='word_1_833' title='bbox 3324 5556 3501 5614; x_wconf 85' lang='lat' dir='ltr'><strong>Gratia</strong></span> <span class='ocrx_word' id='word_1_834' title='bbox 3525 5561 3572 5608; x_wconf 89' lang='lat' dir='ltr'><strong>et</strong></span> <span class='ocrx_word' id='word_1_835' title='bbox 3596 5547 3725 5604; x_wconf 86' lang='lat' dir='ltr'><strong>libero</strong></span> 
     </span>
    </p>
   </div>
   <div class='ocr_carea' id='block_1_69' title="bbox 534 5635 3722 5724">
    <p class='ocr_par' dir='ltr' id='par_1_69' title="bbox 534 5635 3722 5724">
     <span class='ocr_line' id='line_1_69' title="bbox 534 5635 3722 5724; baseline 0.004 -39"><span class='ocrx_word' id='word_1_836' title='bbox 534 5647 640 5687; x_wconf 92' lang='lat' dir='ltr'><strong>non</strong></span> <span class='ocrx_word' id='word_1_837' title='bbox 673 5635 725 5688; x_wconf 92' lang='lat' dir='ltr'><strong>in</strong></span> <span class='ocrx_word' id='word_1_838' title='bbox 749 5636 986 5706; x_wconf 89' lang='lat' dir='ltr'><strong>ipsorum</strong></span> <span class='ocrx_word' id='word_1_839' title='bbox 1015 5647 1190 5711; x_wconf 89' lang='lat' dir='ltr'><strong>potius</strong></span> <span class='ocrx_word' id='word_1_840' title='bbox 1219 5650 1592 5716; x_wconf 87' lang='lat' dir='ltr'><strong>petulantiam,</strong></span> <span class='ocrx_word' id='word_1_841' title='bbox 1624 5654 1713 5720; x_wconf 91' lang='lat' dir='ltr'><strong>qui</strong></span> <span class='ocrx_word' id='word_1_842' title='bbox 1743 5654 1881 5707; x_wconf 88' lang='lat' dir='ltr'><strong>ultra</strong></span> <span class='ocrx_word' id='word_1_843' title='bbox 1910 5653 2107 5724; x_wconf 90' lang='lat' dir='ltr'><strong>ingenii</strong></span> <span class='ocrx_word' id='word_1_844' title='bbox 2214 5653 2436 5707; x_wconf 88' lang='lat' dir='ltr'><strong>arbitrio</strong></span> <span class='ocrx_word' id='word_1_845' title='bbox 2465 5667 2562 5721; x_wconf 89' lang='lat' dir='ltr'><strong>pro</strong></span> <span class='ocrx_word' id='word_1_846' title='bbox 2585 5653 2816 5707; x_wconf 88' lang='lat' dir='ltr'><strong>humana</strong></span> <span class='ocrx_word' id='word_1_847' title='bbox 2845 5651 3100 5708; x_wconf 83' lang='lat' dir='ltr'><strong>libertate</strong></span> <span class='ocrx_word' id='word_1_848' title='bbox 3126 5652 3390 5718; x_wconf 88' lang='lat' dir='ltr'><strong>decertat;</strong></span> <span class='ocrx_word' id='word_1_849' title='bbox 3424 5646 3562 5704; x_wconf 88' lang='lat' dir='ltr'><strong>initio</strong></span> <span class='ocrx_word' id='word_1_850' title='bbox 3584 5639 3722 5696; x_wconf 79' lang='lat' dir='ltr'><strong>statim</strong></span> 
     </span>
    </p>
   </div>
   <div class='ocr_carea' id='block_1_70' title="bbox 533 5725 3721 5814">
    <p class='ocr_par' dir='ltr' id='par_1_70' title="bbox 533 5725 3721 5814">
     <span class='ocr_line' id='line_1_70' title="bbox 533 5725 3721 5814; baseline 0.004 -35"><span class='ocrx_word' id='word_1_851' title='bbox 533 5725 680 5781; x_wconf 83' lang='lat' dir='ltr'><strong>vires</strong></span> <span class='ocrx_word' id='word_1_852' title='bbox 699 5743 819 5785; x_wconf 90' lang='lat' dir='ltr'><strong>sese</strong></span> <span class='ocrx_word' id='word_1_853' title='bbox 840 5733 1072 5789; x_wconf 80' lang='lat' dir='ltr'><strong>evehere</strong></span> <span class='ocrx_word' id='word_1_854' title='bbox 1100 5740 1275 5792; x_wconf 88' lang='lat' dir='ltr'><strong>conati</strong></span> <span class='ocrx_word' id='word_1_855' title='bbox 1309 5742 1462 5794; x_wconf 86' lang='lat' dir='ltr'><strong>sunt!</strong></span> <span class='ocrx_word' id='word_1_856' title='bbox 1498 5742 1630 5798; x_wconf 90' lang='lat' dir='ltr'><strong>Hinc</strong></span> <span class='ocrx_word' id='word_1_857' title='bbox 1657 5745 1863 5800; x_wconf 90' lang='lat' dir='ltr'><strong>erudite</strong></span> <span class='ocrx_word' id='word_1_858' title='bbox 1895 5747 2107 5802; x_wconf 80' lang='lat' dir='ltr'><strong>Facun-</strong></span> <span class='ocrx_word' id='word_1_859' title='bbox 2217 5745 2331 5799; x_wconf 66' lang='lat' dir='ltr'><strong>haec</strong></span> <span class='ocrx_word' id='word_1_860' title='bbox 2364 5745 2549 5799; x_wconf 88' lang='lat' dir='ltr'><strong>scribit</strong></span> <span class='ocrx_word' id='word_1_861' title='bbox 2581 5761 2597 5798; x_wconf 91' lang='lat'><strong>:</strong></span> <span class='ocrx_word' id='word_1_862' title='bbox 2632 5761 2652 5795; x_wconf 75' lang='grc' dir='ltr'><strong>ι</strong></span> <span class='ocrx_word' id='word_1_863' title='bbox 2686 5745 2946 5811; x_wconf 85' lang='lat' dir='ltr'><strong>Quoniam</strong></span> <span class='ocrx_word' id='word_1_864' title='bbox 2969 5744 3326 5814; x_wconf 87' lang='lat' dir='ltr'><strong>suntquidam</strong></span> <span class='ocrx_word' id='word_1_865' title='bbox 3347 5741 3433 5811; x_wconf 90' lang='lat' dir='ltr'><strong>qui</strong></span> <span class='ocrx_word' id='word_1_866' title='bbox 3454 5739 3524 5794; x_wconf 91' lang='lat' dir='ltr'><strong>sic</strong></span> <span class='ocrx_word' id='word_1_867' title='bbox 3549 5729 3721 5804; x_wconf 69' lang='lat' dir='ltr'><strong>gratiam</strong></span> 
     </span>
    </p>
   </div>
   <div class='ocr_carea' id='block_1_71' title="bbox 534 5816 2098 5909">
    <p class='ocr_par' dir='ltr' id='par_1_71' title="bbox 534 5816 2098 5908">
     <span class='ocr_line' id='line_1_71' title="bbox 534 5816 2098 5908; baseline 0.015 -38"><span class='ocrx_word' id='word_1_868' title='bbox 534 5816 652 5885; x_wconf 86' lang='lat' dir='ltr'><strong>dus,</strong></span> <span class='ocrx_word' id='word_1_869' title='bbox 677 5818 1076 5884; x_wconf 82' lang='lat' dir='ltr'><strong>Hermtauensis</strong></span> <span class='ocrx_word' id='word_1_870' title='bbox 1100 5827 1405 5897; x_wconf 85' lang='lat' dir='ltr'><strong>episcopus,</strong></span> <span class='ocrx_word' id='word_1_871' title='bbox 1450 5832 1538 5900; x_wconf 90' lang='lat' dir='ltr'><strong>qui</strong></span> <span class='ocrx_word' id='word_1_872' title='bbox 1571 5846 1668 5900; x_wconf 82' lang='lat' dir='ltr'><strong>pro</strong></span> <span class='ocrx_word' id='word_1_873' title='bbox 1701 5835 1868 5892; x_wconf 86' lang='lat' dir='ltr'><strong>tribus</strong></span> <span class='ocrx_word' id='word_1_874' title='bbox 1887 5835 2098 5908; x_wconf 87' lang='lat' dir='ltr'><strong>Capitu-</strong></span> 
     </span>
    </p>
   </div>
   <div class='ocr_carea' id='block_1_72' title="bbox 2154 5816 3718 5909">
    <p class='ocr_par' dir='ltr' id='par_1_72' title="bbox 2219 5825 3718 5909">
     <span class='ocr_line' id='line_1_72' title="bbox 2219 5825 3718 5909; baseline -0.007 -17"><span class='ocrx_word' id='word_1_875' title='bbox 2219 5837 2312 5894; x_wconf 88' lang='lat' dir='ltr'><strong>Dei</strong></span> <span class='ocrx_word' id='word_1_876' title='bbox 2341 5835 2628 5894; x_wconf 85' lang='lat' dir='ltr'><strong>defendunt</strong></span> <span class='ocrx_word' id='word_1_877' title='bbox 2655 5846 2715 5894; x_wconf 89' lang='lat' dir='ltr'><strong>ut</strong></span> <span class='ocrx_word' id='word_1_878' title='bbox 2741 5847 2939 5909; x_wconf 86' lang='lat' dir='ltr'><strong>negent</strong></span> <span class='ocrx_word' id='word_1_879' title='bbox 2968 5836 3202 5895; x_wconf 89' lang='lat' dir='ltr'><strong>hominis</strong></span> <span class='ocrx_word' id='word_1_880' title='bbox 3229 5838 3448 5893; x_wconf 89' lang='lat' dir='ltr'><strong>liberum</strong></span> <span class='ocrx_word' id='word_1_881' title='bbox 3473 5825 3718 5886; x_wconf 58' lang='lat' dir='ltr'><strong>arbitrium,</strong></span> 
     </span>
    </p>
   </div>
  </div>
