3962 6346
260 339 363 401 757

1428 331 1752 393 VINDICIA‘]
1790 328 2363 389 AUGUSTINIANE.

3429 321 3558 401 758:

256 472 355 521 aut
379 459 595 532 quando
633 458 804 531 gratia
842 454 1163 522 defenditur,
1216 454 1400 526 negari
1433 451 1745 511 existiment
1780 450 1845 506 li-
1872 449 1933 513 Α
1957 448 2100 519 quod
2128 449 2183 505 in
2219 448 2564 519 Enchiridio,
2594 463 2715 525 cap.
2763 451 2869 519 '50,
2911 449 2997 509 his
3023 451 3329 523 expressit:
3352 448 3549 511 Libero‘

254 554 447 613 herum
499 552 806 618 arbitrium,
835 548 962 605 hinc
988 548 1192 620 aliquid
1230 548 1472 604 scribere
1515 545 1585 602 ad
1614 552 1850 600 vestram
1883 602 1893 613 ,

251 643 427 705 ἀιθῶ
441 653 602 711 atem,
655 641 937 697 Valentine
988 639 1175 706 frater,
1217 648 1272 694 et
1320 637 1503 695 cmteri
1553 635 1647 708 qui
1690 634 1851 692 simul

256 737 375 797 Deo
392 737 645 805 servitis,
672 736 1030 806 compellente
1052 744 1235 789 mutua
1276 732 1557 801 eharitate,
1587 730 1794 789 curavi.
1824 749 1845 782 ι

334 829 713 890 Genebrardus
762 828 840 885 ait
868 845 883 883 :
910 827 1229 900 Augustinus
1275 826 1375 897 fuit
1414 823 1640 896 iniquior
1694 824 1854 878 inter-

255 926 388 981 dum
432 925 591 980 libero
617 923 847 979 arbitrio.
897 921 1084 978 Sixtus
1130 920 1413 987 Senensis,
1448 934 1568 990 pag.
1609 917 1738 988 875,
1772 927 1854 973 te-

256 1025 443 1077 statur
467 1025 715 1072 sanctum
768 1014 1047 1071 doctorem
1098 1014 1268 1069 minus
1322 1013 1584 1068 interdum
1632 1009 1856 1066 tribuere

258 1125 419 1181 quam
462 1124 559 1179 par
606 1108 672 1162 sit
715 1105 887 1162 liberte
935 1104 1159 1161 hominis
1208 1101 1477 1159 voluntati.
1526 1102 1592 1158 Hi
1637 1101 1855 1175 quidem

261 1216 536 1259 mreanuu
592 1199 768 1257 libero
822 1196 1047 1254 arbitrio
1103 1195 1282 1251 minus
1337 1210 1548 1266 equum
1611 1202 1857 1251 sanctum

259 1295 548 1352 doctorem
576 1291 742 1350 fuisse
771 1290 1064 1348 afﬁrmant.
1109 1291 1180 1345 At
1224 1287 1570 1359 Decampsius
1612 1287 1859 1359 proxime

260 1389 573 1443 nominatus
601 1385 670 1441 de
722 1384 913 1441 iisdem
960 1379 1468 1437 scribit:Sanctum
1512 1380 1858 1452 Augustinum

261 1497 515 1538 pensare
572 1479 730 1535 libero
771 1477 989 1532 arbitrio
1035 1474 1205 1530 minus
1249 1491 1452 1546 (equum
1503 1474 1662 1544 fuisse
1707 1472 1860 1545 afﬁr-

261 1585 430 1632 mant.
472 1574 656 1646 Neque
702 1573 787 1628 hic
838 1570 1074 1627 ﬁdeliter
1126 1569 1341 1627 testium
1390 1571 1534 1627 dicta
1578 1568 1857 1627 exhibent.

265 1666 389 1723 lmo
440 1681 540 1722 nec
586 1664 742 1723 Sixto
797 1663 1024 1719 Senensi
1082 1662 1412 1734 Augustinus
1467 1661 1858 1734 indignaretur,

261 1758 357 1828 qui
384 1766 567 1828 aperte
584 1756 707 1812 bare
737 1755 899 1811 habet
926 1755 1023 1811 lib.
1050 1755 1118 1810 de
1147 1754 1329 1811 Gratia
1350 1752 1573 1824 Christi,
1604 1768 1722 1826 cap.
1755 1752 1856 1808 47:

1952 541 2165 595 arbitrio
2193 542 2330 597 male
2354 552 2497 600 utens
2525 544 2699 612 homo,
2729 552 2779 601 et
2819 560 2873 599 se
2901 545 3125 615 perdidit
3174 555 3219 600 et
3246 546 3435 617 ipsum.
3469 550 3542 604 At

1955 635 2143 692 eadem
2175 635 2348 692 ferula
2397 638 2725 708 vapulabunt
2761 638 2953 711 synodi
2992 653 3056 697 ac
3101 640 3418 710 pontifices},
3447 642 3543 712 qui

1954 729 2147 787 iisdem
2176 730 2357 787 verbis
2383 733 2710 789 sanctissimi
2734 734 2975 805 magistri
3007 748 3224 791 sensum
3256 734 3543 792 deﬁniere.

1957 822 2185 880 Sanctus
2213 821 2461 879 Gelasius
2489 838 2648 895 papa,
2681 824 2736 881 in
2765 826 2992 897 epistola
3019 826 3086 884 ad
3115 828 3402 899 episcopos
3450 845 3549 898 per

1956 913 2235 980 Picenum,
2263 914 2378 973 ait:
2408 933 2427 968 ί
2464 916 2659 973 Dicunt
2686 918 2829 989 quod
2869 918 3033 976 homo
3061 934 3159 990 per
3188 919 3419 978 liberum
3453 936 3547 977 ar-

1956 1008 2195 1077 bitrium,
2230 1010 2375 1079 quod
2416 1009 2659 1081 corrupit
2681 1052 2697 1078 ,
2727 1010 2951 1069 fatdavit
2978 1027 3042 1068 ac
3092 1029 3365 1080 PERDIBIT,
3402 1015 3547 1070 bono

1955 1100 2284 1173 suffragante
2330 1111 2537 1159 natura:
2583 1102 2774 1159 beatus
2822 1104 3111 1162 efﬁciatur.
3168 1127 3188 1162 ι
3243 1108 3549 1165 Concilium

1957 1197 2120 1254 etiam
2148 1196 2576 1266 Arausicanum,
2614 1197 2867 1265 can.15,
2914 1198 3034 1256 haec
3080 1200 3307 1258 definit:
3340 1222 3358 1255 ι
3395 1202 3550 1259 Arbi-

1959 1288 2121 1344 trium
2151 1290 2444 1347 voluntatis
2492 1292 2546 1346 in
2571 1290 2748 1363 primo
2800 1289 3018 1348 homine
3046 1292 3374 1351 inﬁrmatam
3399 1335 3414 1360 ,
3445 1295 3550 1351 nisi

1960 1396 2059 1453 per
2100 1383 2325 1452 gratiam
2382 1382 2636 1453 baptismi
2684 1397 2793 1439 non
2842 1390 3019 1454 potest
3076 1386 3349 1455 reparari,
3406 1387 3555 1457 quod

1960 1487 2209 1541 antssuu,
2243 1473 2349 1530 nisi
2380 1489 2412 1531 a
2443 1489 2553 1546 quo
2580 1474 2753 1545 potuit
2781 1474 2939 1543 dari,
2968 1489 3077 1532 non
3105 1482 3285 1545 potest
3312 1476 3487 1533 reddi.
3524 1496 3547 1529 ι

1960 1565 2093 1634 Quis
2114 1566 2258 1622 enim
2291 1573 2453 1637 neget
2479 1566 2748 1623 Adamum
2777 1566 3027 1625 amisisse
3054 1574 3381 1639 potestatem
3408 1568 3550 1627 bene

1962 1672 2027 1714 ac
2076 1658 2354 1715 meritorie
2412 1660 2679 1729 operandi
2728 1660 2797 1717 ob
2843 1670 3122 1731 peccatum
3168 1661 3555 1719 commissum?

1962 1747 2103 1805 Sane
2126 1750 2241 1806 haec
2265 1759 2348 1806 est
2367 1753 2541 1807 sancti
2561 1752 2859 1810 Innocentii
2879 1753 3122 1811 deﬁnitio
3150 1753 3207 1811 in
3235 1755 3461 1825 epistola
3483 1754 3556 1811 ad

269 1870 292 1904 ι
318 1849 427 1907 Sed
449 1851 572 1922 quia
601 1851 704 1906 ista
726 1848 974 1920 quaestio,
1018 1848 1107 1905 ubi
1136 1848 1205 1905 de
1226 1848 1450 1904 arbitrio
1482 1848 1773 1904 voluntatis
1804 1856 1861 1907 et
1885 1834 1939 1900 Β
1963 1843 2151 1900 Patres
2179 1844 2633 1916 CarthaginenSes
2660 1865 2675 1900 :
2709 1864 2730 1899 ι
2766 1846 3021 1905 Liberum
3058 1848 3206 1905 enim
3239 1848 3519 1907 arbitrium
3538 1888 3558 1915 ,

264 1942 365 2000 Dei
396 1944 570 2019 gratia
613 1942 937 2015 disputatur,
970 1942 1044 1997 ita
1077 1951 1163 1998 est
1185 1941 1251 1997 ad
1281 1940 1694 1999 discernendum
1718 1942 1859 1998 diffi-

262 2034 410 2101 cilis,
463 2046 520 2092 ut
551 2035 766 2107 quando
795 2033 1101 2091 defenditur
1141 2034 1369 2091 liberum
1411 2035 1712 2102 arbitrium,
1761 2050 1860 2092 ne-

264 2128 383 2199 gari
430 2125 527 2182 Dei
562 2129 736 2199 gratia
787 2126 1050 2195 videatur,
1112 2126 1331 2198 quando
1372 2135 1552 2183 autem
1603 2128 1864 2183 asseritur

270 2219 371 2276 Dei
399 2220 587 2298 gratia,
614 2218 843 2275 liberum
871 2219 1150 2276 arbitrium
1177 2228 1394 2291 putetur
1421 2219 1644 2276 auferri.
1681 2240 1700 2274 ι
1729 2220 1866 2276 Cum

270 2327 408 2369 vero
462 2310 708 2368 Julianus
759 2311 1052 2383 objecisset
1109 2310 1409 2383 Augustino
1456 2313 1639 2371 dicere
1689 2314 1867 2383 ipsum

268 2403 508 2460 liberum
548 2403 838 2465 arbitrium
881 2403 977 2460 Dei
1019 2406 1250 2476 gratiam
1296 2407 1729 2465 commendando
1772 2424 1869 2465 ne-

268 2500 412 2568 gari,
458 2498 749 2568 respondet
797 2498 891 2554 lib.
944 2513 998 2555 1v
1043 2510 1229 2555 contra
1280 2500 1553 2572 eumdem,
1604 2516 1725 2571 cap.
1782 2500 1866 2557 8:

274 2588 402 2644 Non
431 2590 545 2644 dixi
586 2591 761 2662 negari
794 2592 1065 2646 arbitrium
1131 2592 1364 2661 liberum,
1401 2595 1479 2649 vel
1519 2595 1735 2667 auferri,
1782 2597 1873 2653 sed

274 2686 413 2754 dixi,
461 2696 517 2741 ut
560 2696 765 2757 putetur
792 2690 1010 2760 auferri.
1040 2690 1294 2746 Albertus
1339 2691 1556 2763 Pighius
1602 2692 1874 2763 ineptissi-

273 2796 403 2837 mus
439 2782 613 2838 sancti
644 2782 881 2838 doctoris
909 2797 1101 2839 censor
1132 2791 1233 2849 est,
1266 2798 1388 2839 nam
1417 2783 1555 2839 libro
1596 2799 1656 2841 tu
1687 2785 1756 2841 de
1781 2784 1875 2839 Li-

275 2874 414 2931 bero
462 2877 697 2932 Arbitrio
739 2878 853 2933 haec
883 2878 937 2932 in
965 2886 1209 2933 sanctum
1260 2877 1616 2948 Augustinum
1659 2878 1875 2937 eﬁ'utire

276 2982 392 3024 non
414 2969 661 3024 extimuit
689 2986 703 3023 :
733 2988 754 3023 ι
789 2970 983 3027 Libero
1011 2970 1237 3026 arbitrio
1277 2969 1474 3027 alicubi
1520 2970 1730 3027 videtur
1756 2972 1872 3028 ini-

278 3062 459 3131 quior,
506 3063 667 3118 etiam
694 3079 881 3133 parum
916 3063 1011 3130 illi,
1059 3079 1217 3135 quam
1252 3072 1462 3134 potest,
1497 3064 1728 3120 tribuit:
1757 3065 1876 3135 ejus

280 3150 593 3210 facultatem
619 3154 702 3210 vel
751 3166 1023 3222 extenuat,
1068 3157 1148 3212 vel
1199 3155 1521 3224 dissimulat,
1554 3157 1639 3213 vel
1669 3155 1870 3226 eludit;

1965 1937 2163 2008 inquit,
2195 1938 2286 1995 ille
2315 1953 2608 2008 perpessus
2629 1982 2643 2007 ,
2678 1939 2808 1995 dum
2835 1939 2950 1996 suis
2996 1940 3352 1998 inconsultius
3389 1940 3559 1997 utitur

1963 2030 2143 2101 bonis,
2174 2032 2374 2088 cadens
2404 2032 2458 2088 in
2488 2032 2947 2103 praevaricationis
2975 2033 3241 2105 profunda
3272 2034 3559 2092 demersus

1965 2130 2070 2187 est,
2100 2129 2155 2177 et
2181 2120 2313 2175 nihil
2347 2122 2799 2189 quemadmodum
2827 2123 3027 2180 exinde
3053 2138 3344 2195 exsurgere
3370 2136 3559 2194 posset

1966 2211 2190 2279 invenit,
2222 2227 2428 2284 suaque
2456 2213 2513 2268 in
2542 2223 2807 2271 aeternum
2832 2214 3083 2273 libertate
3112 2215 3370 2287 deceptus
3394 2217 3557 2287 hujus

1968 2306 2128 2367 ruina
2153 2306 2414 2376 jacuisset
2441 2322 2753 2377 oppressus,
2782 2307 2887 2366 nisi
2922 2323 3047 2365 eum
3077 2320 3201 2381 post
3234 2310 3436 2367 Christi
3464 2327 3563 2382 pro

1969 2411 2065 2452 sua
2098 2399 2267 2468 gratia
2321 2399 2621 2456 relevasset
2666 2401 2952 2458 adventus.
2993 2422 3014 2457 ι
3047 2403 3311 2461 Audiatur
3351 2406 3565 2463 interim

1971 2491 2056 2545 sui
2086 2490 2358 2561 interpres
2395 2492 2756 2564 Augustinus,
2803 2495 2945 2565 apud
2991 2497 3340 2566 apostolicam
3377 2500 3568 2557 sedem

1972 2575 2071 2636 sua
2099 2580 2240 2637 dicta
2273 2598 2591 2653 exponens:
2624 2603 2643 2636 ί
2680 2585 2907 2642 Peccato
2938 2587 3068 2645 Adae
3096 2589 3383 2645 arbitrium
3423 2591 3567 2648 libe-

1974 2686 2092 2727 rum
2122 2672 2190 2730 de
2220 2675 2498 2732 hominum
2528 2685 2718 2733 natura
2746 2677 2978 2749 periisse
3026 2693 3133 2735 non
3165 2679 3396 2736 dicimus
3419 2720 3437 2749 ,
3469 2684 3569 2740 sed

1976 2762 2044 2819 ad
2073 2763 2399 2834 peccandum
2427 2764 2611 2825 valere
2636 2767 2691 2823 in
2722 2767 3032 2827 hominibus
3074 2769 3303 2827 subditis
3329 2771 3569 2843 diabolo,

1984 2855 2051 2911 ad
2091 2856 2231 2913 bene
2277 2867 2458 2915 autem
2492 2859 3019 2930 piequevvivendum
3065 2876 3171 2917 non
3212 2863 3432 2931 valere,
3464 2864 3571 2921 nisi

1979 2947 2095 3018 ipsa
2126 2950 2375 3006 voluntas
2416 2951 2654 3008 hominis
2694 2952 2792 3009 Dei
2832 2953 3005 3024 gratia
3036 2952 3198 3009 fuerit
3227 2954 3487 3022 liberata,
3514 2962 3573 3013 et

1978 3039 2047 3095 ad
2069 3055 2230 3099 omne
2257 3042 2457 3099 bonum
2484 3046 2741 3112 actionis,
2767 3046 3056 3113 sermonis,
3103 3046 3442 3117 cogitatiOnis
3472 3048 3573 3104 ad-

1980 3130 2093 3204 juta
2123 3131 2264 3204 (Lib.
2295 3151 2333 3191 ll
2359 3137 2428 3190 ad
2450 3136 2657 3209 Bonif.,
2684 3154 2801 3211 cap.
2824 3136 2878 3208 5,
2909 3149 2957 3195 et
2983 3139 3073 3197 lib.
3099 3156 3139 3209 ι,
3164 3156 3285 3211 cap.
3309 3139 3389 3212 2).

280 3256 433 3305 certe
470 3249 718 3305 omnibus
766 3210 968 3305 viribus
1010 3210 1221 3321 Idejicit.
1262 3268 1281 3301 ›
1312 3249 1443 3318 Quis
1485 3210 1667 3306 autem
1703 3210 1878 3323 impu:
1901 3210 1953 3280 α
1981 3254 2012 3326 §
2038 3254 2100 3311 V.
2140 3256 2433 3337 Falti_it_em
2474 3262 2692 3337 ουρ-φςὲ
2718 3262 2917 3337 dicunt
2953 3270 3186 3317 sanctum
3210 3264 3577 3337 _Augustirtum

282 3344 465 3401 dentis
493 3344 720 3401 hominis
754 3346 1061 3401 testimonio
1090 3346 1295 3412 credat,
1348 3362 1468 3401 cum
1497 3357 1716 3403 sanctus
1743 3348 1879 3404 Hor-

282 3437 490 3492 misdas
531 3454 663 3510 papa
720 3439 771 3493 in
819 3440 1043 3509 epistola
1093 3440 1158 3494 ad
1200 3440 1572 3496 Possessorem
1628 3443 1874 3497 scribat:

288 3547 311 3582 ι
347 3528 428 3585 De
457 3529 685 3587 arbitrio
725 3541 900 3586 tamen
952 3530 1121 3586 libero
1159 3539 1212 3586 et
1255 3530 1423 3602 gratia
1464 3531 1561 3586 Dei
1596 3532 1725 3601 quid
1772 3533 1881 3588 Ro-

285 3636 471 3688 mana,
507 3622 610 3677 hoc
637 3632 719 3677 est
741 3622 1001 3679 catholica
1029 3632 1286 3693 sequatur
1313 3630 1368 3678 et
1397 3631 1577 3678 servet
1615 3623 1880 3691 Ecclesia,

288 3714 419 3770 licet
466 3714 521 3769 in
568 3712 729 3771 variis
766 3715 917 3771 libris
957 3717 1015 3769 Β.
1066 3716 1369 3786 Augustini,
1426 3725 1482 3771 et
1538 3717 1773 3775 maxime
1811 3718 1881 3772 ad

288 3803 621 3873 Prosperum
652 3814 707 3861 et
736 3806 991 3861 Hilarium
1014 3806 1414 3876 abunde‘possit
1438 3810 1746 3878 cognosci,»
1773 3818 1879 3865 etc.

291 3895 477 3966 itaque
506 3896 788 3967 Augustini
815 3897 1060 3953 doctrina
1087 3897 1156 3954 de
1185 3897 1356 3953 libero
1385 3898 1610 3954 arbitrio
1638 3900 1884 3954 doctrina

293 3987 557 4043 Ecclesiae
587 3997 688 4047 est.
728 3988 845 4044 Non
877 3990 1040 4060 igitur
1082 3988 1299 4061 iniquus
1338 3999 1422 4046 est
1461 3991 1789 4061 Augustinus
1821 3992 1887 4047 li-

291 4082 427 4138 bero
458 4082 708 4151 arbitrio,
761 4099 868 4139 non
915 4082 1047 4138 illud
1098 4082 1267 4150 elidit,
1302 4098 1408 4139 non
1457 4091 1744 4151 extenuat,
1774 4101 1885 4142 non

293 4175 559 4242 suffocat;
592 4191 713 4231 nam
744 4176 1032 4245 pessimum
1063 4175 1261 4247 alioqui
1294 4176 1536 4233 Ecclesia
1570 4180 1885 4249 magistrum

292 4276 633 4335 sequeretur.
679 4266 813 4336 Quis
844 4267 1006 4323 etiam
1040 4283 1149 4324 non
1187 4277 1407 4338 spernat
1438 4268 1677 4339 ineptum
1711 4269 1886 4340 Pighii

293 4359 609 4425 consilium,
660 4374 769 4430 quo
814 4368 999 4415 monet
1026 4359 1094 4415 ad
1121 4374 1305 4416 veram
1344 4359 1413 4417 de
1454 4360 1624 4417 libero
1661 4362 1887 4418 arbitrio

292 4451 597 4505 doctrinam
626 4450 1026 4521 percipiendam
1070 4450 1327 4521 legendos
1356 4465 1477 4508 esse
1510 4452 1688 4522 potius
1718 4453 1887 4510 libros

293 4543 467 4598 sancti
511 4543 750 4598 doctoris
789 4543 856 4597 ad
890 4542 1187 4599 catholicos
1216 4544 1391 4607 datos,
1441 4557 1598 4614 quam
1646 4543 1887 4615 reliquos

2056 3339 2237 3401 contra
2266 3330 2448 3384 Arium
2474 3331 2544 3384 ad
2570 3331 2880 3401 Sabellium,
2912 3342 2964 3389 et
2987 3341 3171 3390 contra
3197 3330 3483 3391 Sabellium
3503 3338 3577 3392 ad

2053 3398 2235 3453 Arium
2276 3401 2575 3457 declinasse.

2060 3513 2210 3569 Duos
2247 3513 2382 3571 alios
2414 3524 2581 3571 testes
2603 3523 2792 3571 contra
2830 3515 3185 3585 Augusﬁuum
3214 3515 3301 3572 vel
3329 3516 3577 3573 nolentes

1986 3606 2152 3661 trahit
2173 3606 2437 3672 Annatus,
2463 3605 2772 3663 Cornelium
2795 3606 3032 3665 Mussum
3054 3606 3367 3676 episcopum
3394 3606 3580 3663 Bitun—

1987 3698 2181 3765 tinum,
2231 3712 2356 3767 pag.
2390 3697 2519 3765 865,
2565 3706 2620 3753 et
2667 3713 2919 3767 magnum
2966 3696 3272 3768 theologum
3313 3698 3579 3757 Joannem

1990 3788 2232 3858 Scotum,
2264 3805 2384 3860 pag.
2419 3791 2543 3846 872.
2568 3791 2664 3847 Ille
2691 3791 2905 3862 quidem
2940 3792 2993 3849 in
3023 3807 3147 3862 cap.
3172 3790 3206 3843 5
3236 3790 3478 3861 epistolae
3498 3780 3572 3848 ad

1987 3879 2259 3939 Romanos
2285 3884 2361 3941 ait
2388 3900 2401 3937 ε
2438 3904 2457 3937 ‹
2489 3883 2606 3939 Non
2629 3899 2758 3957 ergo
2779 3900 2873 3939 vos
2895 3896 3107 3942 moveat
3132 3885 3464 3955 Augustinus
3487 3886 3578 3942 vel

1990 3974 2281 4030 tantillum.
2309 3976 2423 4032 Hoc
2445 3986 2529 4033 est
2553 3978 2699 4033 enim
2731 3977 2804 4033 illi
2830 3976 3106 4049 peculiare
3127 3987 3316 4033 utcum
3337 3978 3577 4048 aliquem

1990 4076 2259 4138 expugnat
2303 4082 2543 4124 errorem
2567 4109 2583 4134 ,
2616 4077 2763 4129 tanta
2791 4070 3130 4125 vehementia
3161 4070 3309 4126 illum
3351 4085 3582 4141 exagge-

1990 4168 2093 4224 ret,
2132 4168 2188 4213 ut
2213 4158 2373 4214 alteri
2404 4160 2651 4229 opposito
2676 4176 2894 4221 causam
2922 4162 3164 4232 praebere
3186 4162 3448 4217 videatur.
3480 4162 3578 4231 ita,

1991 4265 2113 4305 cum
2144 4251 2330 4306 Arium
2364 4251 2684 4320 insectatur,
2714 4252 2924 4307 videtur
2948 4252 3129 4309 favere
3156 4254 3423 4319 Sabellio,
3454 4270 3587 4313 eum

1993 4343 2285 4400 Sabellium
2316 4346 2466 4413 Ario,
2498 4360 2620 4402 cum
2651 4346 2925 4418 Pelagium
2954 4345 3288 4415 Manicbasis,
3321 4358 3445 4402 enm
3472 4347 3585 4403 Man

1994 4434 2233 4490 nichaeos
2262 4434 2500 4507 Pelagio.
2539 4455 2559 4489 ι
2595 4437 2699 4492 lste
2728 4450 2860 4492 vero
2891 4437 2945 4491 in
2988 4436 3045 4505 2,
3078 4436 3202 4493 dist.
3236 4436 3339 4505 55,
3371 4446 3567 4507 quaest.

1992 4524 2050 4596 2,
2083 4527 2150 4582 ad
2183 4528 2234 4594 i,
2268 4527 2459 4583 scribit
2487 4544 2502 4587 :
2534 4547 2553 4581 (
2592 4528 2659 4583 Et
2688 4530 2763 4583 ita
2791 4529 3015 4589 multum
3043 4529 3449 4601 ponderandum
3480 4538 3585 4598 est,

294 4642 487 4691 contra
520 4634 838 4706 Pelagianos
867 4634 1137 4706 scriptos?
1184 4635 1359 4691 Stulte
1403 4612 1556 4706 quasi
1590 4612 1800 4692 diversa
1831 4638 1875 4693 in

1998 4627 2181 4675 contra
2216 4635 2352 4690 quos
2379 4619 2666 4677 haereticos
2692 4622 2866 4677 sancti
2913 4630 3040 4677 sunt
3074 4620 3269 4686 locuti,
3301 4621 3441 4677 sicut
3476 4623 3590 4678 Au-

294 4726 579 4782 alterutris
605 4726 687 4781 via
714 4726 929 4782 abierit.
976 4727 1147 4783 irrisit
1181 4726 1285 4782 hoc
1310 4726 1721 4783 Massiliensium
1754 4728 1887 4784 effu-

296 4821 467 4893 gium,
509 4836 618 4891 quo
648 4821 823 4876 sancti
862 4819 1099 4876 doctoris
1128 4820 1293 4876 libros
1324 4820 1603 4876 universos
1646 4821 1888 4891 recipere
1946 4886 1951 4893 ,

296 4916 638 4982 recusabant,
669 4922 886 4970 sanctus
915 4913 1145 4983 Prosper
1172 4912 1227 4966 in
1256 4911 1360 4966 line
1388 4910 1510 4968 libri
1539 4921 1726 4968 contra
1756 4911 1889 4969 Col-

296 5010 528 5065 latorem
562 5027 575 5063 :
608 5029 628 5063 (
662 5009 905 5077 Maneat,
955 5009 1241 5079 inquiens,
1304 5007 1466 5079 plane
1518 5015 1734 5063 maneat
1787 5008 1889 5063 ista

298 5102 565 5168 conditio,
592 5111 649 5156 ut
678 5102 869 5156 horum
900 5100 1158 5157 librorum
1181 5101 1392 5157 novitas
1416 5101 1697 5170 repudiata
1718 5100 1893 5156 videa-

303 5201 393 5248 tur
419 5193 464 5248 si
485 5193 537 5249 in
554 5193 740 5251 eadem
756 5208 915 5249 causa
938 5194 1181 5264 ejusdem
1206 5195 1302 5249 viri
1322 5192 1889 5263 dissentitantiquitas,

307 5294 441 5342 etut
468 5286 656 5343 inutile
694 5297 783 5342 aut
812 5289 1163 5361 incongruum
1190 5288 1495 5359 judicetur,
1518 5288 1661 5359 quod
1703 5289 1771 5344 ab
1809 5288 1896 5345 his

307 5394 429 5449 quae
474 5389 662 5436 contra
711 5380 1032 5451 Pelagianos
1084 5380 1344 5447 condidit,
1404 5379 1691 5436 dissonans
1747 5382 1897 5436 inve-

308 5470 475 5525 nitur.
509 5489 530 5524 ι

379 5561 583 5631 Porro,
635 5563 681 5618 si
728 5578 1030 5634 quaeramus
1075 5562 1349 5618 .undenam
1392 5562 1553 5618 iidem
1602 5562 1899 5633 scriptores

313 5652 446 5707 moti
477 5653 587 5707 sint
616 5653 682 5708 ad
703 5655 1058 5726 Augustinum
1081 5662 1229 5708 tanta
1256 5653 1519 5709 calumnia
1543 5655 1900 5723 onerandum,

319 5746 603 5809 respondet
640 5748 985 5819 Decampsius
1014 5748 1208 5803 citatus
1235 5749 1375 5818 quod
1410 5750 1735 5821 Augustinus
1769 5751 1906 5806 dixit

319 5846 534 5905 peccato
563 5838 692 5897 Atia:
722 5841 965 5898 amissum
990 5855 1048 5893 ac
1079 5838 1334 5898 perditum
1363 5838 1574 5895 liberum
1599 5840 1905 5907 arbitrium;

1992 4713 2239 4783 gustinus
2266 4721 2452 4770 contra
2497 4711 2685 4768 Arium
2727 4712 2939 4773 videtur
2985 4713 3139 4783 quasi
3182 4710 3451 4769 declinare
3510 4713 3582 4769 ad

1995 4802 2308 4870 Sabellium,
2357 4812 2415 4860 et
2463 4819 2494 4858 e
2536 4817 2831 4869 converso;
2861 4802 3112 4858 similiter
3139 4801 3352 4858 videtur
3396 4812 3588 4860 contra

1998 4892 2269 4964 Pelagium
2300 4893 2578 4951 declinare
2617 4894 2687 4950 ad
2715 4894 2923 4951 Arium.
2961 4911 2981 4944 ι
3014 4890 3181 4948 Recte
3209 4890 3433 4962 corrigit
3474 4892 3589 4948 An-

1999 4998 2155 5044 natus
2177 4987 2466 5044 dicendum
2496 4987 2637 5044 forte
2668 4987 3039 5042 Manichmum.
3075 4984 3199 5040 Haec
3226 4983 3440 5054 quidem
3474 4986 3587 5043 ille.

2069 5088 2139 5141 At
2171 5087 2312 5143 enim
2338 5086 2583 5143 modeste
2634 5086 2870 5156 loquitur
2915 5084 3165 5153 Mussus;
3198 5082 3275 5138 ait
3303 5082 3453 5143 enim
3481 5085 3591 5139 Au-

1999 5178 2272 5249 gustinum
2303 5187 2491 5234 contra
2521 5178 2708 5233 Arium
2756 5164 3118 5246 disputantem
3144 5180 3308 5236 videri
3354 5180 3591 5238 Sabellio

2001 5267 2211 5337 favere;
2245 5270 2424 5324 mitius
2455 5269 2675 5326 Subtilis
2714 5268 2821 5323 hoc
2859 5269 3033 5340 ipsum
3058 5273 3358 5343 expressit,
3384 5273 3591 5329 addidit

2004 5362 2149 5418 enim
2181 5361 2330 5432 quasi
2355 5361 2573 5417 videtur.
2601 5360 2756 5426 Quod
2786 5376 2894 5417 non
2934 5362 3005 5418 ob
3033 5362 3268 5435 ineptam
3308 5365 3597 5437 Augustini

2007 5454 2343 5521 methodum,
2367 5453 2462 5509 sed
2499 5452 2569 5509 ob
2608 5454 2852 5524 mysterii
2893 5454 3293 5525 difﬁcultatem,
3321 5473 3389 5515 ac
3427 5460 3592 5516 lecto-

2004 5569 2124 5609 rum
2150 5554 2508 5625 quorumdam
2535 5555 2714 5610 minus
2741 5553 3023 5625 perspicax
3061 5556 3331 5626 ingenium
3356 5556 3544 5613 dixere
3562 5594 3584 5624 ,

2006 5662 2124 5717 quae
2155 5645 2385 5703 libenter
2405 5687 2420 5713 ,
2452 5647 2528 5702 uti
2553 5644 2881 5713 notavimus,
2926 5650 3175 5706 concedit
3215 5650 3547 5721 Augustinus
3569 5688 3591 5719 ,

2008 5752 2063 5799 et
2110 5752 2287 5799 tamen
2317 5745 2563 5800 Armatus
2595 5750 2673 5801 ait
2699 5746 2888 5805 eadem
2914 5748 3104 5819 pagina
3134 5748 3273 5799 872:
3308 5763 3329 5798 ι
3364 5745 3485 5811 Quo
3513 5744 3592 5799 fa-
3630 5756 3643 5767 ‘

2008 5845 2152 5899 etum
2175 5838 2247 5895 sit
2269 5840 2721 5910 quemadmodum
2749 5852 2908 5898 antea
2933 5854 2999 5899 ex
3027 5842 3147 5898 aliis
3188 5839 3551 5897 referebamus
3578 5875 3588 5887 .
