3962 6346
426 385 535 441 759
1290 359 1846 426 SUPPLEMENTUM
1885 356 1978 413 AD
2018 351 2250 410 OPERA
2289 351 2351 409 S.
2396 345 2790 406 AUGUSTINI.
3599 340 3704 396 700

425 518 488 565 ut
518 503 845 576 Augustinus
868 493 1153 555 declinarit
1175 492 1229 546 in
1259 487 1600 560 oppositum;
1637 501 1655 535 ι
1689 495 1808 536 cum
1837 488 2012 532 tamen
2041 471 2096 536 Δ
2119 468 2516 575 solis.c'urrum
2565 465 2818 520 ductante
2862 459 3160 576 Phaetqu
3201 465 3352 576 extra
3397 453 3707 576 ecliptictm

429 549 1083 659 "vel
1130 549 1482 657 quasivisum
1533 576 1699 631 fuisse
1741 572 2014 627 declinare
2121 563 2453 635 praecipitem
2485 569 2686 626 actum,
2731 571 2893 630 quam
2930 555 3037 613 illis
3074 552 3358 625 Augustini
3393 549 3712 609 excessibus

831 651 972 756 quod
994 651 1328 738 recentiores
1357 673 1482 728 inde
1504 670 1672 725 velint
1692 666 2016 722 convincere
2119 662 2370 726 praestem
2399 651 2562 708 fidem

429 797 677 846 sanctum
708 781 1062 854 Augustinum
1093 781 1280 831 contra
1315 767 1501 824 Arium
1532 764 1898 830 disputantem
1945 756 2014 812 ad

2184 768 2277 826 Vl.
2313 766 2693 854 Expenduntur
2732 763 2950 845 illorum
2989 760 3294 847 testimonia,
3339 759 3431 832 qui
3480 764 3718 814 sanctum

433 835 727 938 Sabellium
751 835 1071 934 declinasse,
1100 874 1291 938 patens
1315 855 1583 917 calumnia
1606 863 1725 919 est;
1749 863 2018 920 nunquam
2127 835 2152 911 έ
2403 835 2412 838 ⁷
2466 837 2807 908 Augustinum
2833 835 3072 890 novitatis
3100 842 3362 888 accusant.

433 973 578 1028 enim
609 979 800 1025 contra
821 967 1010 1022 Arium
1032 961 1333 1029 disputans,
1362 961 1522 1023 atque
1552 948 1811 1005 unitatem
1837 957 2022 999 essen—
2097 1010 2099 1013 ι

435 1066 525 1120 tiae
568 1072 848 1128 astruens,
890 1058 1039 1112 visus
1078 1059 1162 1110 est
1197 1061 1460 1122 personas
1491 1046 1544 1100 in
1587 1057 1754 1099 unum
1792 1037 2024 1095 confun-

438 1157 592 1223 dere,
626 1162 682 1209 ut
705 1154 890 1208 favere
920 1147 1161 1205 Sabellio
1205 1141 1469 1200 dicendus
1500 1138 1589 1194 sit.
1623 1134 1904 1205 Augustini
1945 1131 2026 1186 di-

448 1257 594 1304 ctum
627 1247 715 1303 vel
756 1260 919 1301 unum
952 1240 1271 1313 producant,
1301 1246 1354 1292 et
1382 1247 1599 1291 causam
1623 1231 1883 1301 integram
1923 1225 2029 1282 illis

446 1341 712 1397 cedimus.
762 1339 874 1393 Imo
926 1335 1104 1390 nullus
1146 1330 1449 1386 mortalium
1501 1324 1636 1380 adeo
1680 1331 1865 1378 exacte
1912 1333 2028 1373 me-

447 1434 592 1489 diam
619 1433 757 1487 inter
798 1429 982 1483 Arium
1009 1439 1062 1483 et
1094 1424 1382 1482 Sabellium
1405 1420 1546 1474 viam
1571 1416 1740 1472 tenuit
1763 1413 2032 1484 utlAugu-

2200 953 2291 1011 Isti
2318 952 2534 1026 quidem
2568 962 2677 1006 tres
2713 949 2970 1021 praesules
3003 957 3129 1003 sunt
3161 959 3387 1018 quorum
3425 942 3723 998 auctorita-

2131 1057 2240 1105 tem
2267 1062 2331 1103 ac
2367 1045 2671 1103 doctrinam
2713 1045 2960 1098 Annatus
2999 1043 3131 1097 satis
3167 1047 3460 1112 exaggerat
3487 1055 3502 1093 :
3529 1049 3727 1104 nempe

2130 1137 2383 1195 Claudius
2409 1136 2631 1191 Xaintes
2669 1135 2721 1188 in
2754 1132 2849 1188 lib.
2884 1131 3148 1187 Atbeismi
3187 1129 3328 1196 Ca|.,
3357 1130 3446 1184 tit.
3477 1126 3549 1183 de
3579 1125 3728 1180 Prae-

2134 1229 2528 1294 destinatione;
2556 1225 2872 1282 Ambrosius
2894 1222 3236 1289 Catharinus,
3254 1221 3310 1277 in
3331 1220 3519 1278 lihello
3543 1217 3730 1275 itidem

2134 1322 2203 1378 de
2227 1320 2737 1385 Praedestinatione;
2773 1317 3131 1387 Hieronymus
3157 1314 3402 1379 Osorius,
3437 1312 3532 1367 lib.
3590 1326 3644 1364 rx
3669 1310 3732 1366 de

2136 1417 2366 1482 Justitia,
2397 1416 2488 1487 qui
2527 1412 2697 1469 sancti
2746 1408 3026 1480 Augustini
3057 1409 3358 1464 doctrinam
3401 1406 3473 1461 de
3521 1402 3732 1474 praede-

451 1526 630 1582 stinus
653 1563 670 1590 ,
715 1522 807 1592 qui
857 1520 1029 1576 media
1075 1516 1244 1586 ipsius
1285 1514 1384 1568 viae
1415 1511 1558 1565 linea
1588 1507 1827 1563 incessit.
1859 1504 2032 1559 Unum

462 1624 520 1674 et
568 1617 798 1671 alterum
833 1609 1200 1668 testimonium
1247 1604 1518 1676 proferam
1543 1642 1558 1670 ,
1602 1614 1709 1671 quo
1737 1595 2032 1654 adversarii

451 1708 701 1766 falsitatis
729 1705 939 1778 penitus
963 1703 1370 1760 convincantur.

525 1803 748 1859 Sanctus
772 1800 985 1868 doctor,
1016 1804 1175 1851 tract.
1217 1795 1282 1847 ’57
1315 1793 1369 1847 in
1395 1791 1679 1851 Joannem,
1723 1787 1795 1841 ita
1836 1785 2037 1856 Hippo-

2140 1512 2434 1569 stinatione
2481 1516 2536 1564 et
2564 1504 2948 1576 reprobatione
2977 1501 3231 1558 novitatis
3267 1507 3551 1564 accusant,
3585 1497 3736 1567 quasi

2142 1606 2372 1663 senserit
2400 1612 2590 1661 contra
2610 1602 2933 1658 sententiam
2958 1599 3196 1654 omnium
3223 1597 3438 1652 Patrum
3465 1593 3563 1664 qui
3587 1607 3735 1648 eum—

2145 1702 2266 1756 dem
2301 1705 2712 1770 praecesserunt.
2747 1695 2913 1752 Vetus
2943 1707 3074 1749 sane
3113 1699 3301 1747 contra
3335 1697 3591 1745 sanctum
3627 1686 3736 1742 Au-

2147 1792 2420 1864 gustinum
2443 1773 3027 1859 Serui-Pelagianorum
3055 1783 3325 1840 cantilena
3351 1791 3456 1847 est,
3479 1789 3544 1835 ut
3570 1795 3638 1835 ex
3659 1780 3740 1834 lit-

454 1907 654 1949 nenses
672 1905 796 1948 suos
821 1863 1228 1959 alloquebatur:
1259 1903 1277 1937 ‹
1311 1883 1370 1939 In
1397 1896 1583 1938 errore
1609 1878 2036 1935 Sabellianorum
2069 1863 2118 1925 Β
2146 1863 2274 1941 (eris
2301 1881 2552 1954 prosperi
2576 1889 2742 1952 pater,
2771 1880 2858 1935 cui
2901 1886 3121 1935 sanctus
3162 1876 3351 1932 doctor
3382 1875 3504 1930 haec
3529 1874 3742 1944 reponi;

455 2001 595 2041 unus
620 1993 704 2040 est
727 1983 874 2039 solus
901 1983 1015 2051 ipse
1037 1980 1198 2035 Pater
1219 1979 1309 2049 qui
1342 1976 1531 2031 Filius.
1563 1975 1621 2029 In
1658 1985 1845 2028 errore
1882 1970 2034 2025 Aria-

456 2095 676 2145 norum,
706 2078 843 2133 alius
864 2084 946 2132 est
969 2075 1184 2146 quidem
1210 2073 1390 2141 Pater,
1418 2071 1554 2125 alius
1575 2067 1766 2132 Filius,
1799 2065 1893 2121 sed
1923 2065 2040 2134 ipse

460 2173 630 2229 Filius
659 2187 766 2227 non
805 2173 977 2228 solum
1004 2171 1161 2236 alius,
1199 2167 1293 2223 sed
1320 2167 1480 2222 etiam
1503 2164 1667 2219 aliud.
1695 2161 1776 2216 Tu
1807 2176 1857 2214 1N
1882 2172 2045 2214 MEDIO

461 2264 628 2334 quid?
656 2264 940 2320 Exclusisti
967 2262 1331 2318 Sabellianum
1352 2298 1367 2323 ,
1396 2258 1624 2313 exclude
1669 2265 1722 2310 et
1761 2255 2043 2309 Arianum.

462 2353 622 2409 Pater
652 2353 812 2409 Pater
837 2363 938 2419 est,
966 2351 1136 2407 Filius
1181 2350 1352 2405 Filius
1378 2358 1483 2418 est,
1519 2348 1657 2402 alius
1677 2387 1693 2413 ,
1724 2360 1830 2401 non
1858 2345 2003 2400 aliud
2025 2383 2043 2410 ,

462 2450 587 2519 quia
618 2446 732 2519 Ego
754 2456 800 2502 et
835 2447 1014 2514 Pater,
1049 2446 1243 2514 inquit,
1277 2460 1436 2497 unum
1462 2458 1676 2507 sumus,
1705 2441 1845 2496 sicut
1884 2440 2049 2494 etiam

462 2538 719 2593 hesterno
744 2538 853 2606 die,
885 2547 1145 2608 quantum
1179 2535 1328 2606 potui
1367 2532 1762 2589 commendavi.
1791 2531 1922 2586 Cum
1955 2547 2051 2586 au-

466 2630 547 2685 dit
571 2647 764 2698 sumus,
792 2631 1048 2685 abscedat
1072 2629 1329 2684 confusus
1366 2627 1721 2691 Sabellianus,
1752 2640 1872 2680 cum
1902 2623 2054 2678 audit

463 2739 644 2788 unum,
675 2722 932 2778 abscedat
961 2723 1219 2777 confusus
1258 2721 1510 2775 Arianus.
1567 2718 1839 2773 Gubernet
1869 2717 2055 2772 catho-

462 2815 599 2871 licus
626 2829 797 2869 tmen
855 2823 1112 2876 TRUMQUE
1150 2812 1273 2868 ﬁdei
1311 2828 1424 2868 suae
1459 2812 1762 2881 navigium,
1801 2808 2056 2879 quoniam

465 2904 762 2960 cavendum
792 2913 878 2959 est
912 2905 965 2958 in
996 2911 1225 2972 utroque
1260 2902 1616 2971 naufragium.
1661 2920 1681 2952 )
1713 2899 1850 2968 Quid
1879 2899 2056 2953 erudi-

465 2997 593 3063 tius,
628 2997 756 3066 quid
785 2994 1062 3061 subtilius,
1095 2994 1224 3064 quid
1254 2995 1431 3049 verius
1460 2994 1563 3049 dici
1613 2993 1823 3062 potuit?
1850 2990 2059 3047 Passim

468 3092 574 3145 hoc
603 3089 802 3159 populo
830 3088 1151 3155 inculcabat,
1184 3101 1290 3156 quo
1327 3086 1475 3156 regia
1514 3087 1655 3141 inter
1684 3084 1978 3141 Sabellium
2008 3091 2062 3138 et

469 3183 659 3237 Arium
688 3183 774 3237 via
799 3182 1135 3251 procederet.
1168 3181 1402 3234 Omnino
1429 3179 1727 3234 audiendus
1753 3188 1836 3235 est
1866 3179 2061 3234 iterum

470 3275 797 3344 Augustinus
821 3282 1051 3329 tractatu
1081 3275 1141 3327 71
1169 3274 1224 3328 in
1247 3274 1532 3339 Joannem,
1551 3271 1643 3326 ubi
1663 3271 2061 3341 elegantissime

475 3366 551 3419 ita
581 3365 859 3419 haereticos
893 3363 1168 3419 eonfutat:
1205 3383 1223 3416 ‹
1258 3363 1540 3417 Contraria
1571 3363 1780 3431 dicitis,
1817 3363 1910 3419 sed
1955 3379 2062 3419 non

477 3454 672 3508 eodem
699 3455 862 3509 modo
887 3453 1028 3511 sicut
1055 3462 1140 3510 est
1175 3453 1370 3508 falsum
1397 3453 1724 3508 contrarium
1767 3468 1896 3509 vero
1920 3496 1934 3520 ,
1966 3457 2062 3511 sed

476 3549 617 3603 sicut
643 3556 769 3603 sunt
797 3549 936 3604 inter
984 3563 1045 3604 se
1083 3547 1191 3603 duo
1219 3547 1353 3603 falsa
1398 3547 1690 3604 contraria.
1723 3548 1965 3604 Errando
2008 3550 2063 3605 in

474 3639 687 3695 diversa
716 3640 837 3707 itis,
873 3656 928 3695 ιιι
953 3655 1116 3697 ιίεωο
1141 3651 1222 3696 est
1250 3643 1337 3697 via
1367 3657 1524 3712 quam
1567 3643 1889 3712 relinquitis.
1919 3646 2064 3701 Inter

478 3747 577 3788 vos
607 3735 752 3803 ipsos
782 3735 1027 3805 longiore
1063 3734 1348 3792 intervallo
1388 3737 1621 3806 separati
1651 3738 1780 3790 estis
1807 3751 1965 3804 quam
1996 3739 2064 3793 ab

475 3827 590 3897 ipsa
622 3829 728 3893 via,
761 3829 914 3900 cujus
943 3830 1247 3885 desertores
1275 3831 1430 3885 estis.
1454 3829 1562 3886 Vos
1580 3830 1727 3895 hinc,
1755 3845 1853 3884 vos
1882 3832 2061 3886 autem

475 3921 624 3977 illinc
653 3923 756 3978 huc
780 3924 977 3990 venite,
1001 3923 1157 3979 alteri
1180 3925 1248 3978 ad
1274 3923 1474 3980 alteros
1499 3925 1726 3979 transire
1756 3925 1939 3990 nolite,
1967 3925 2062 3980 sed

474 4015 600 4070 hinc
625 4025 784 4086 atque
812 4017 959 4072 illinc
988 4017 1055 4071 ad
1085 4030 1184 4072 nos
1214 4017 1504 4084 veniendo,
1533 4017 1765 4073 invicem
1788 4032 1884 4072 vos
1915 4021 2065 4073 inve-

475 4107 606 4161 nite.
659 4107 964 4173 Sabelliani,
1040 4109 1315 4178 agnoscite
1388 4125 1545 4176 quem
1611 4109 2059 4177 praetermittitis;

476 4201 684 4267 Ariani,
715 4209 922 4270 aequate
953 4216 1112 4271 quem
1141 4203 1392 4270 subditis,
1423 4211 1479 4258 et
1513 4203 1571 4256 in
1601 4203 1684 4257 via
1710 4219 1836 4258 vera
1875 4203 2064 4259 nobis-

478 4307 600 4345 cum
634 4292 978 4347 ambulabitis
1006 4311 1017 4345 :
1042 4302 1126 4348 est
1157 4294 1300 4349 enim
1332 4295 1475 4364 quod
1524 4293 1751 4349 invicem
1801 4309 1867 4349 ex
1910 4295 2064 4350 vobis

478 4382 635 4436 alteri
666 4397 730 4437 ex
753 4383 938 4437 alteris
966 4384 1242 4440 admoneri
1265 4386 1448 4455 utique
1469 4385 1733 4441 debeatis.
1763 4386 1901 4442 Audi
1919 4427 1933 4453 ,
1965 4388 2066 4443 Sa-

478 4476 713 4531 belliane
738 4493 751 4530 :
777 4475 958 4545 Usque
984 4478 1122 4532 adeo
1150 4492 1258 4534 non
1299 4479 1416 4546 ipse
1461 4479 1642 4547 Pater,
1671 4479 1766 4535 sed
1819 4480 1958 4536 alter
1982 4487 2067 4535 est

476 4567 680 4636 Filius,
729 4576 788 4622 ut
837 4583 958 4623 eum
1010 4569 1238 4624 Arianus
1285 4569 1602 4640 inaequalem
1641 4581 1849 4626 asserat
1893 4571 2062 4627 Patri.

2145 1977 2244 2032 lib.
2270 1977 2335 2032 de
2362 1974 2841 2032 Praedestinatione
2869 1980 3180 2027 sanctorum
3201 2011 3216 2036 ,
3243 1983 3363 2040 cap.
3400 1969 3472 2022 14
3505 1985 3519 2021 :
3550 1985 3571 2020 ι
3609 1967 3747 2034 Quid

2147 2069 2310 2139 igitur
2351 2081 2487 2137 opus
2527 2075 2609 2122 est
2649 2073 2712 2120 ut
2746 2079 2937 2120 eorum
2972 2070 3276 2119 scrutemur
3315 2059 3587 2130 opuscula
3621 2059 3746 2130 qui,

2149 2160 2460 2230 priusquam
2501 2159 2602 2214 ista
2632 2155 2856 2213 haeresis
2894 2158 3152 2221 oriretur,
3179 2168 3287 2210 non
3315 2153 3632 2209 habuerunt
3658 2168 3749 2209 ne-

2149 2251 2464 2307 cessitatem
2509 2250 2565 2305 in
2612 2249 2713 2304 hac
2740 2248 2946 2303 difﬁcili
2978 2248 3046 2302 ad
3087 2247 3406 2302 solvendum
3451 2249 3754 2316 quaestione

2149 2345 2390 2411 versari,
2421 2343 2563 2413 quod
2589 2342 2776 2414 procul
2818 2341 2984 2396 dubio
3026 2339 3297 2406 facerent,
3327 2340 3374 2394 si
3415 2338 3755 2408 respondere

2157 2441 2356 2497 talibus
2379 2447 2720 2510 cogerentur.
2755 2454 2775 2489 ι
2812 2435 2920 2491 Sed
2966 2435 3066 2489 hac
3116 2434 3186 2490 de
3231 2448 3294 2489 re
3332 2432 3592 2504 pluribus
3636 2430 3757 2487 alibi

2154 2537 2354 2592 dictum
2382 2543 2484 2590 est.
2509 2533 2653 2590 Sane
2676 2531 2927 2588 Clemens
2955 2526 3092 2594 Vlll,
3121 2528 3175 2582 in
3204 2525 3676 2597 disputationibus
3697 2525 3758 2581 de

2157 2627 2390 2685 Auxiliis
2416 2625 2652 2694 Molinae,
2681 2623 3004 2680 sententiam
3035 2621 3100 2674 ad
3123 2619 3510 2689 Augustiniani
3539 2619 3760 2688 dogma-

2157 2722 2227 2776 tis
2278 2720 2342 2776 de
2377 2715 2855 2790 praedestinatione
2899 2713 3156 2768 amussim
3188 2713 3399 2781 exegit,
3431 2720 3490 2766 et
3529 2710 3759 2765 Faustus

2158 2814 2415 2870 Beiorum
2446 2813 2729 2882 episcopus
2757 2809 2883 2864 inde
2912 2807 3182 2877 pracipue
3205 2805 3442 2875 reiectus
3476 2815 3586 2871 est,
3621 2803 3757 2875 quod

2161 2909 2333 2963 sancti
2363 2907 2605 2963 doctoris
2629 2905 2697 2961 de
2729 2902 3204 2974 praedestinatione
3231 2899 3561 2955 sententiam
3590 2899 3784 2966 impu--

2161 3002 2365 3073 gnavit,
2392 3014 2552 3071 quam
2576 2996 2768 3054 Patres
2790 2996 3150 3066 Augustinum
3177 2992 3476 3061 subsecuti,
3503 2991 3760 3060 Prosper,

2168 3093 2500 3164 Fulgentius,
2533 3090 2798 3146 Caesarius
2823 3096 2982 3159 atque
3010 3086 3250 3142 Africani
3280 3084 3528 3156 episcopi
3555 3084 3611 3137 in
3637 3083 3758 3138 Sar—

2169 3186 2314 3240 dinia
2346 3183 2581 3249 exsules,
2611 3183 2847 3251 itemque
2870 3180 3123 3236 monachi
3152 3179 3389 3250 Scythae,
3423 3177 3758 3245 llhemigius,

2090 3252 2138 3318 (ἶ
2172 3278 2497 3335 Prudentius
2541 3276 2737 3346 aliique
2780 3281 3184 3344 propugnarunt
3210 3309 3226 3338 ,
3275 3271 3473 3342 quibus
3543 3279 3760 3326 sanctus

2173 3373 2411 3429 Thomas
2431 3385 2554 3425 cum
2579 3367 2792 3424 meliori
2821 3365 3266 3422 scholasticorum
3290 3362 3757 3433 parteconsensit.

2239 3466 2374 3522 lllud
2407 3473 2584 3520 tamen
2616 3462 2907 3520 notandum
2936 3462 3103 3525 venit,
3129 3458 3320 3514 horum
3349 3458 3515 3512 trium
3549 3457 3754 3526 episco-

2168 3571 2361 3628 porum
2421 3564 2608 3611 contra
2660 3554 3020 3625 Augustinum
3070 3551 3376 3606 testimonia
3444 3548 3759 3605 recentiori-

2168 3647 2422 3717 busipsis
2450 3661 2557 3702 non
2595 3655 2792 3701 exacte
2836 3642 3074 3714 probari.
3117 3642 3408 3706 Moraines,
3452 3640 3659 3710 disput.
3709 3639 3758 3707 9,

2169 3759 2317 3800 num.
2353 3741 2441 3809 57,
2475 3757 2599 3796 cum
2631 3741 2746 3795 haec
2792 3753 2980 3809 parum
3008 3736 3299 3792 honorifica
3329 3736 3398 3792 de
3428 3744 3624 3792 saneto
3645 3734 3761 3790 doc-

2170 3847 2287 3893 tore
2315 3834 2521 3891 Claudii
2553 3833 2782 3889 Xaintes
2803 3832 2984 3897 verba
3011 3831 3294 3885 recitasset
3321 3846 3334 3883 :
3369 3847 3388 3880 ‹
3426 3829 3536 3884 Pro
3567 3829 3764 3884 resolu-

2169 3933 2317 3987 tione
2348 3927 2472 3983 fidei
2520 3941 2675 3991 meae,
2709 3938 2868 3995 quam
2920 3922 3178 3979 Ecclesiae
3233 3920 3521 3977 catholicae
3570 3919 3766 3990 judicio

2169 4023 2448 4087 submitto,
2472 4035 2667 4076 censeo
2707 4018 2772 4074 Ι).
2806 4018 3163 4087 Augustinum
3187 4015 3358 4070 nimio
3397 4023 3592 4071 contra
3624 4013 3768 4068 Pela-

2169 4117 2359 4187 gianos
2382 4113 2573 4167 ardore
2609 4113 2885 4166 incensum
2929 4108 3091 4164 nimis
3117 4107 3521 4177 praecipitanter
3557 4114 3768 4160 senten-

2171 4209 2298 4261 tiam
2322 4215 2376 4261 et
2398 4217 2720 4260 consensum
2763 4201 3220 4272 praedecessorum
3268 4213 3493 4255 suorum
3534 4208 3768 4254 contem-

2171 4299 2363 4368 psisse,
2396 4316 2413 4348 ι
2443 4296 2579 4350 hanc
2605 4295 2775 4364 ipsam
2793 4307 3076 4348 censuram
3100 4290 3410 4362 improbans
3439 4291 3552 4345 ait:
3588 4309 3608 4342 ‹
3636 4290 3766 4345 Huc—

2171 4405 2345 4461 usque
2401 4388 2685 4458 episcopus
2728 4385 3096 4453 Ebroicensis,
3120 4385 3229 4454 qui,
3263 4392 3324 4439 ut
3347 4384 3571 4453 opinor,
3603 4393 3658 4438 et
3683 4397 3768 4452 pa-

2168 4497 2235 4538 ce
2264 4482 2412 4537 illius
2449 4480 2649 4534 dictum
2691 4478 2836 4544 volo,
2879 4476 3182 4532 consultius
3235 4476 3479 4541 fecisset,
3534 4475 3769 4544 tantique

2173 4576 2412 4634 doctoris
2439 4573 2745 4629 auctoritati
2778 4571 3209 4637 convenientius,
3243 4570 3290 4626 si
3316 4579 3625 4640 semperet
3651 4585 3766 4626 con-

475 4660 618 4716 Audi
644 4702 659 4726 ,
688 4661 888 4717 Ariane
913 4679 925 4714 :
954 4661 1131 4732 Usque
1159 4662 1294 4718 adeo
1323 4662 1492 4718 Filius
1522 4664 1742 4732 aequalis
1771 4673 1854 4719 est
1883 4663 2062 4734 Patri,
2093 4639 2151 4701 D
2172 4679 2378 4727 stanter
2407 4680 2742 4737 quaecunque
2769 4664 2922 4730 dixit~
2947 4663 3295 4734 Augustinus,
3330 4662 3388 4717 in
3432 4639 3662 4718 Sensum
3713 4661 3767 4717 il-

478 4758 540 4806 ut
587 4750 922 4807 Sabellianus
970 4753 1218 4808 eumdem
1259 4768 1378 4809 esse
1423 4754 1567 4810 dicat
1607 4764 1661 4811 et
1701 4754 1938 4812 Patrem.
1983 4756 2066 4813 Tu

476 4846 616 4902 adde
643 4862 801 4918 quem
831 4847 996 4914 tollis,
1023 4856 1079 4902 tu
1103 4846 1336 4918 adimple
1364 4863 1522 4917 quem
1552 4847 1774 4914 minuis,
1805 4857 1859 4903 et
1885 4848 2068 4904 nobis-

477 4953 603 4995 cum
633 4939 795 4994 ambo
816 4939 1128 5004 consistitis,
1160 4939 1285 5008 quia
1314 4953 1415 4994 nec
1445 4949 1502 4993 tu
1531 4939 1698 5007 tollis,
1730 4953 1830 4996 nec
1860 4949 1918 4994 tu
1959 4939 2064 4994 mi-

474 5033 599 5088 nuis
625 5048 745 5088 eum
776 5032 867 5103 qui
897 5040 953 5087 et
973 5033 1108 5088 alter
1137 5041 1222 5087 est
1259 5048 1289 5087 a
1316 5032 1475 5088 Patre
1500 5073 1516 5100 ,
1546 5041 1604 5088 ut
1631 5035 1924 5092 convincas
1966 5032 2065 5088 Sa-

475 5125 764 5182 bellianum
785 5169 798 5193 ,
831 5135 885 5180 et
912 5124 1130 5195 aequalis
1162 5133 1243 5181 est
1287 5124 1470 5196 Patri,
1503 5135 1562 5180 ut
1587 5127 1871 5181 convincas
1902 5125 2062 5181 Aria-

477 5232 633 5272 num.
680 5218 932 5288 Utrisque
977 5218 1124 5272 enim
1169 5217 1404 5272 clamat:
1449 5217 1561 5288 Ego
1615 5227 1662 5270 et
1701 5215 1859 5271 Pater
1904 5233 2065 5271 unum

478 5324 676 5364 sumus.
703 5309 856 5376 Quod
905 5310 978 5362 ait
1026 5327 1204 5376 unum,
1253 5310 1473 5365 audiant
1520 5308 1748 5376 Ariani;
1803 5309 1946 5378 quod
1993 5310 2068 5365 ait

479 5415 680 5466 sumus,
713 5399 934 5453 audiant
963 5398 1252 5455 Sabelliani
1275 5443 1290 5468 ,
1322 5410 1377 5456 et
1407 5416 1507 5456 nec
1535 5400 1611 5456 illi
1640 5400 1922 5470 aequalem,
1968 5415 2068 5456 nec

478 5491 558 5544 illi
581 5489 808 5544 alterum
837 5491 1084 5557 negando
1107 5492 1213 5546 sint
1233 5495 1381 5547 vani.
1413 5510 1431 5542 ι
1468 5491 1634 5556 Itane,
1658 5491 1703 5547 si
1725 5492 1934 5561 superis
1955 5492 2066 5560 pla-

483 5589 589 5640 cet,
622 5580 711 5647 qui
742 5594 848 5634 non
872 5581 1031 5635 modo
1061 5583 1204 5653 regia
1234 5584 1320 5637 via
1350 5599 1563 5653 semper
1579 5585 1823 5649 incessit,
1857 5585 1951 5638 sed
1974 5587 2064 5655 qtti

482 5670 728 5726 eamdem
758 5674 989 5741 posteris
1027 5689 1135 5728 non
1174 5675 1346 5730 dicam
1377 5677 1549 5747 digito
1583 5677 1940 5742 monstravit,
1970 5677 2066 5733 sed

485 5763 708 5831 pedibus
735 5763 862 5820 fecit
890 5774 1040 5822 extra
1071 5767 1273 5823 orbitas
1298 5770 1620 5835 excurrisse,
1652 5777 1708 5825 et
1733 5769 1799 5824 ad
1827 5777 2067 5824 extrema

486 5851 784 5933 declinasse
804 5857 1048 5920 dicetur?
1076 5860 1188 5934 Ego
1211 5862 1440 5933 quidem,
1456 5861 1604 5932 prius
1627 5860 1844 5918 credam
1875 5875 2065 5931 reapse

2174 4765 2284 4820 lum
2315 4761 2657 4818 commodum
2681 4759 3043 4830 exposuisset,
3078 4767 3131 4813 et
3161 4771 3267 4813 non
3298 4765 3506 4812 tantam
3548 4757 3610 4812 in
3657 4755 3762 4826 opi-

2172 4855 2351 4910 nando
2404 4854 2821 4910 inconstantiam
2851 4851 2902 4907 ei
2943 4849 3240 4906 tribuisset.
3278 4868 3296 4902 ι
3355 4849 3586 4906 Dixerat
3636 4851 3766 4906 enim

2172 4944 2483 5001 Sanctesius
2504 4942 2860 5012 Augustinum
2890 4940 3099 4996 varium
3117 4955 3180 4995 ea
3212 4941 3265 4994 in
3282 4941 3557 4995 sententia
3590 4940 3763 4996 fuisse.

2169 5038 2487 5094 Ambrosius
2515 5037 2864 5101 Catharinus,
2904 5035 2957 5090 in
3013 5034 3151 5090 libro
3202 5034 3274 5091 de
3324 5035 3679 5090 Praescientia
3721 5043 3767 5091 et

2171 5127 2672 5200 praedestinatione,
2701 5124 2837 5180 adeo
2851 5124 3112 5180 adversus
3137 5133 3384 5180 sanctum
3416 5126 3763 5195 Augustinum

2171 5235 2374 5290 procax
2401 5229 2502 5286 est,
2533 5226 2591 5272 ut
2621 5216 2787 5273 bilem
2827 5216 3056 5272 moverit
3082 5217 3168 5272 vel
3201 5217 3304 5286 ipsi
3334 5217 3603 5287 Vasquio,
3638 5217 3764 5272 unde

2174 5310 2259 5366 his
2287 5308 2638 5365 Catharinum
2679 5308 2926 5377 increpat
2945 5315 3086 5378 part.
3113 5321 3156 5376 ι,
3183 5307 3326 5377 disp.
3358 5308 3450 5373 90,
3474 5323 3630 5363 num.
3664 5309 3722 5364 11
3749 5324 3761 5359 :

2181 5423 2200 5457 ι
2229 5403 2432 5459 Contra
2470 5401 2827 5472 Augustinum
2871 5391 3061 5470 parum
3109 5399 3355 5456 modeste
3385 5400 3631 5470 loquitur
3674 5398 3763 5455 Ca-

2177 5493 2443 5558 tharinus,
2473 5500 2529 5547 et
2553 5491 2607 5545 in
2651 5491 2798 5544 illius
2824 5491 3149 5546 sententiam
3195 5505 3293 5546 suo
3322 5491 3486 5546 modo
3538 5491 3762 5562 explica-

2177 5596 2284 5641 tam
2308 5583 2607 5641 maledictis
2630 5584 2933 5653 procaciter
2963 5583 3152 5651 fertur,
3179 5592 3286 5640 etc.
3319 5584 3389 5640 At
3437 5584 3492 5638 in
3523 5584 3628 5640 hoc
3654 5593 3760 5639 tur-

2175 5679 2394 5749 pissime
2417 5686 2562 5733 certe
2598 5676 2924 5733 Catharinus
2949 5678 3129 5747 lapsus
3176 5686 3280 5744 est,
3324 5686 3436 5732 tum
3464 5677 3610 5747 quod
3663 5691 3757 5731 non

2173 5769 2474 5839 intelligens
2503 5778 2738 5825 mentem
2761 5770 3043 5838 Augustini
3099 5771 3274 5838 ipsum
3301 5771 3642 5841 impudenter
3668 5772 3755 5825 im-

2172 5872 2372 5934 pugnat
2401 5871 2454 5922 ct
2471 5863 2746 5933 reprobat,
2775 5871 2886 5923 tum
2913 5864 3055 5936 quod
3077 5864 3554 5944 ipseAugustinus
3581 5872 3748 5929 contra
