3962 6346
169 414 272 484 761

1345 421 1670 481 VINDICIIE
1708 418 2271 482 AUGUSTINIANE.

3341 427 3446 483 762

168 540 812 622 massilienses‘etaliosa
859 541 1156 599 Caelestino
1186 540 1282 597 lin
1303 541 1528 612 epistola
1586 539 1755 610 prima
1783 555 1837 617 Α
1863 555 1966 595 non
1995 537 2121 609 quid
2146 536 2253 593 illis
2287 536 2628 593 sentiendum
2679 535 2850 594 fuerat
2878 536 2948 595 de
2974 537 3292 611 Augustino,
3343 541 3447 601 hoc

168 636 239 692 ad
263 636 548 706 episcopos
578 633 765 690 Gallia
812 635 1109 692 honorifice
1157 633 1483 690 defenditur.
1518 651 1537 685 ι
1564 632 1633 687 Ει
1680 631 1756 688 ibi

166 728 399 784 recitato
428 726 705 782 Calestini
736 725 912 796 elogio
944 725 1112 792 addit,
1150 743 1170 778 ι
1205 725 1308 781 hoc
1336 723 1614 780 Calestini
1647 731 1757 777 tes-

172 819 456 875 timonium
489 816 738 873 sufﬁcere
767 826 827 872 ut
850 831 912 872 os
963 817 1062 887 ipsi
1111 817 1402 872 Catharino
1451 815 1758 870 obstruere-

169 919 279 966 tur.
320 927 340 962 ο
377 908 651 965 Accedant
677 923 744 964 ex
776 907 1030 978 Hispania
1058 907 1164 964 duo
1193 907 1557 964 Dominicana
1603 904 1759 960 fami-

170 1003 258 1058 lia
281 1002 604 1058 nobilissimi
649 1002 922 1069 doctores,
970 1002 1062 1073 qui
1094 1002 1327 1057 hominis
1383 1002 1435 1057 in
1465 1001 1760 1073 Augustino

169 1094 534 1166 impugnando
559 1094 833 1151 licentiam
872 1093 1156 1165 castigant.
1192 1093 1499 1151 Dominicus
1525 1095 1675 1159 Soto,
1705 1093 1760 1149 in

167 1201 292 1259 cap.
319 1205 373 1245 rx
404 1190 581 1260 Epist.
619 1189 687 1246 ad
713 1189 986 1246 Romanos
1016 1208 1028 1243 :
1062 1209 1081 1242 ι
1116 1190 1232 1245 Νοη
1257 1192 1427 1260 potuit
1453 1190 1646 1262 (inquit
1692 1189 1762 1246 de

170 1277 486 1350 Catharino)
517 1280 604 1336 hic
624 1280 952 1336 reverendus
991 1281 1149 1338 Pater
1172 1282 1306 1337 citra
1326 1282 1643 1338 temeritatis
1669 1297 1763 1337 no-

167 1379 283 1426 tam
314 1386 420 1428 non
452 1371 625 1427 solum
666 1372 1043 1442 Augustinum,
1067 1387 1254 1429 verum
1302 1382 1519 1429 sanctos
1575 1387 1762 1429 omnes

172 1480 314 1520 nova
338 1465 684 1537 inauditaque
712 1479 808 1522 sua
850 1466 1306 1523 commentatione
1336 1474 1704 1522 contemnere.
1736 1485 1756 1520 ι

169 1555 241 1612 Et
270 1557 504 1623 Bannez,
537 1565 676 1628 part.
717 1573 755 1623 ι,
785 1567 978 1628 quaest.
1000 1558 1093 1626 25,
1118 1565 1220 1612 art.
1247 1559 1301 1624 7,
1337 1573 1503 1628 prope
1527 1558 1761 1624 initium,

170 1647 244 1702 de
271 1646 562 1703 Catharino
602 1647 675 1704 ita
707 1648 943 1719 loquitur
980 1665 994 1702 :
1026 1666 1045 1700 ‹
1079 1648 1260 1704 Edidit
1305 1661 1412 1705 tres
1443 1649 1653 1705 libellos
1697 1650 1765 1706 de

172 1740 682 1808 Pradestinatione,
711 1741 766 1796 in
795 1740 989 1812 quibus
1021 1740 1154 1796 nilnil
1182 1750 1267 1797 est
1295 1741 1636 1807 eruditionis,
1667 1741 1764 1795 scd

171 1833 464 1903 plurimum
493 1835 715 1890 erroris.
753 1853 772 1886 ι
805 1834 935 1902 Quis
963 1849 1093 1890 vero
1120 1843 1420 1905 quantusve
1471 1833 1644 1889 fuerit.
1665 1834 1765 1889 iste

1858 631 2014 687 nobis
2042 637 2126 685 sat
2153 639 2237 685 est
2261 629 2403 684 haud
2431 631 2588 699 plene
2613 643 2708 686 eos
2733 637 2897 686 testes
2926 632 3314 690 recentioribus
3330 651 3449 706 pro-

1861 726 2018 783 batos
2046 738 2191 790 esse,
2223 738 2452 794 quorum
2483 723 2615 793 ipsis
2652 724 2966 793 fatentibus,
3024 727 3230 797 primus
3278 731 3449 786 minus

1859 820 2085 875 consulte
2113 820 2334 883 locutus,
2374 817 2518 873 alter
2553 819 2841 888 impudens,
2872 837 3055 890 parum
3075 824 3354 892 modestus,
3405 843 3451 886 et

1852 931 2072 988 procax,
2128 916 2230 969 into
2283 930 2374 969 nec
2426 924 2643 969 mentem
2671 918 2962 988 Augustini,
2988 918 3295 990 intelligens.
3350 921 3453 976 Po-

1860 1017 2092 1065 stremus
2164 1007 2396 1078 denique
2447 1008 2686 1077 deceptus
2738 1009 2958 1064 dicitur.
3040 1011 3273 1079 Annatc,
3353 1014 3452 1066 IlOS

1861 1112 2050 1160 contra
2090 1101 2445 1175 Augustinum
2484 1101 2699 1158 testes?
2749 1102 2855 1159 Sed
2877 1103 3014 1160 alios
3062 1103 3222 1160 modo
3268 1103 3453 1159 audia-

1862 1206 2003 1250 mus.

1865 1307 1894 1379 §
1943 1306 2073 1379 iVll.
2129 1304 2450 1379 Testimoniis
2505 1302 2801 1379 Driedonis,
2860 1303 3070 1379 Taperi,
3131 1302 3352 1379 Medinte
3403 1315 3451 1363 et

1942 1377 2204 1432 Vallosilli
2234 1386 2411 1430 contra
2439 1385 2673 1429 sanctum
2701 1374 3043 1448 Augustinum
3085 1377 3335 1446 producta
3363 1379 3452 1448 [αι.

1932 1459 2044 1505 sata
2073 1465 2198 1516 esse,
2227 1464 2318 1502 nec
2347 1448 2565 1518 ﬁdeliter
2592 1445 2858 1501 recensita.

1935 1561 2175 1616 Annatus
2195 1559 2346 1630 quasi
2397 1559 2577 1628 lippis,
2610 1557 2722 1614 imo
2767 1557 2926 1612 cacis
2970 1557 3252 1627 scriberet,
3292 1561 3453 1614 ausus

1864 1661 1948 1710 est
1972 1667 2066 1709 eos
2095 1661 2280 1708 contra
2310 1661 2550 1707 sanctum
2583 1649 2938 1722 Augustinum
2969 1658 3135 1706 testes
3163 1651 3452 1720 advocare,

1865 1748 1954 1817 qui
1975 1746 2060 1801 vel
2087 1746 2320 1800 maxime
2347 1745 2521 1799 sancti
2541 1744 2780 1800 doctoris
2808 1743 3182 1800 auctoritatem
3212 1753 3452 1814 tuentur,

1868 1841 2011 1911 quod
2045 1854 2177 1896 sane
2201 1840 2301 1894 nisi
2331 1839 2496 1893 variis
2529 1835 2738 1893 technis
2789 1851 2919 1892 usus
2945 1837 3206 1908 prastare
3258 1838 3450 1908 potuit.

172 1929 350 1984 sancti
379 1928 659 1998 Augustini
686 1931 1063 1999 reprehensor,
1095 1937 1150 1984 et
1173 1928 1315 1984 unde
1332 1926 1634 1993 emerserit,
1666 1935 1768 1982 tra-
1796 1953 1848 2016 Β
1875 1934 2086 1990 Etenim
2110 1947 2206 1989 eos
2225 1932 2352 1988 citat
2391 1931 2481 2002 qui
2515 1931 2714 2001 apertis
2739 1931 2919 1986 verbis
2949 1931 3081 1986 cura
3130 1931 3288 1986 uuam
3327 1946 3453 1987 con.

173 2020 258 2075 dit
281 2021 414 2077 Soto
440 2021 492 2076 in
523 2021 784 2093 Apol0gia
807 2023 876 2077 de
902 2021 1223 2076 certitudine
1274 2023 1479 2092 gratia,
1513 2021 1666 2077 initio
1688 2021 1769 2077 his

172 2109 354 2182 ipsum
380 2111 725 2167 Catharinnm
755 2113 1035 2183 alloquens
1067 2130 1080 2166 :
1109 2131 1128 2166 ‹
1158 2114 1274 2170 Jam
1302 2123 1457 2170 atate
1484 2123 1770 2185 provectus

175 2218 244 2258 ex
298 2205 688 2274 jurisconsulto
740 2207 1097 2277 (trigesimum
1144 2206 1320 2262 atatis
1365 2221 1564 2262 annum
1612 2217 1769 2263 natus

171 2295 470 2350 Florentia
494 2295 864 2352 Dominicana
885 2295 1102 2352 familiae
1131 2312 1330 2353 nomen
1356 2297 1527 2368 dedit)
1562 2299 1769 2356 theolo-

170 2400 275 2457 gus
304 2386 602 2456 derepente
628 2389 893 2458 prodiisti,
938 2389 1100 2444 simul
1128 2398 1184 2444 et
1228 2389 1418 2446 audire
1443 2391 1658 2461 capisti
1709 2393 1766 2449 in

170 2479 398 2546 scholis,
424 2491 480 2536 et
504 2489 690 2536 contra
718 2481 966 2552 egregios
1007 2481 1316 2538 scholarum
1345 2482 1596 2538 doctores
1625 2483 1764 2538 scri-

173 2573 326 2628 bere.
360 2590 379 2624 ι
417 2571 604 2631 Tanta
639 2573 978 2630 auctoritatis
1007 2574 1147 2646 apud
1178 2589 1306 2630 suos
1334 2574 1495 2631 habet
1520 2575 1767 2631 Cathari-

173 2668 313 2721 nus!
347 2666 612 2723 Caeterum
647 2683 753 2724 non
797 2682 1011 2737 possum
1063 2685 1170 2724 non
1220 2668 1486 2740 indignari
1530 2670 1766 2736 Annato,

173 2759 318 2816 hanc
340 2759 576 2830 glossam
602 2776 723 2832 pag.
750 2759 856 2817 866
877 2760 1150 2816 Catharini
1198 2762 1512 2818 testimonio
1560 2776 1767 2831 appen-

170 2851 324 2906 denti
357 2869 372 2905 :
411 2871 430 2905 ‹
463 2852 738 2908 Ambrosii
788 2852 1064 2908 Catharini
1090 2852 1353 2923 judicium
1385 2861 1530 2909 esset
1574 2852 1768 2908 merito

171 2955 510 3014 suspectum,
535 2948 581 3002 si
612 2943 773 3017 quam
805 2947 1092 3016 profitetur
1117 2947 1387 3002 interdum
1432 2947 1486 3001 in
1517 2945 1769 3017 Augusti-

175 3054 248 3094 no
271 3039 573 3096 deserendo
615 3040 939 3110 libertatem,
978 3049 1265 3110 usurparet
1293 3042 1465 3096 solus.
1491 3040 1596 3096 Sed
1622 3047 1768 3095 tanta

171 3141 498 3188 caeterorum
565 3131 846 3189 doctorum
908 3133 1246 3202 conspiratio
1319 3133 1452 3188 satis
1531 3133 1771 3189 ostendit

171 3219 526 3278 Catharinum
589 3225 640 3279 in
688 3240 752 3279 ca
823 3239 906 3290 re,
985 3239 1090 3279 non
1145 3233 1204 3279 ut
1245 3224 1618 3289 Catharinnm,
1676 3226 1767 3295 qui

1873 2026 2090 2080 trariam
2121 2023 2620 2093 interpretationem
2639 2038 2745 2077 non
2769 2022 2929 2077 modo
2949 2021 3366 2092 Augustinianos
3398 2037 3458 2081 se

1872 2119 2120 2189 probant,
2152 2117 2248 2174 sed
2275 2116 2883 2186 Augustinianissimos;
2926 2116 3081 2171 novis
3109 2117 3251 2170 enim
3279 2117 3460 2173 verbis

1871 2211 2104 2267 insolita
2159 2211 2520 2266 recentiorum
2568 2210 2895 2264 assertiones
2935 2206 3264 2277 castiganda
3311 2219 3458 2265 sunt.

1869 2305 1987 2372 Quo
2013 2317 2141 2360 vero
2169 2303 2328 2358 fidem
2359 2301 2586 2358 testibus
2634 2311 2808 2371 paret,
2845 2303 3020 2371 aliqua
3052 2317 3239 2358 eorum
3295 2303 3458 2360 verba

1869 2398 2192 2464 dissimulat,
2245 2397 2350 2452 alia
2379 2396 2685 2464 detruncat,
2724 2394 2829 2451 alia
2869 2403 3062 2465 mutat,
3092 2396 3242 2467 gravi
3269 2406 3458 2457 contra

1869 2499 1950 2547 tot
1975 2491 2230 2547 doctores
2254 2490 2473 2559 injuria.

1945 2585 2000 2639 In
2024 2583 2208 2654 primis
2234 2581 2472 2653 appellat
2520 2580 2869 2648 Driedonem,
2901 2588 3128 2638 testatus
3180 2597 3303 2652 pag.
3356 2580 3460 2638 878

1869 2677 1988 2734 hac
2018 2679 2302 2748 scripsisse
2331 2693 2345 2731 :
2381 2694 2400 2728 ε
2433 2675 2620 2746 Neque
2642 2676 2847 2731 sentire
2865 2683 3053 2731 contra
3073 2675 3306 2731 divinam
3340 2689 3462 2745 gra-

1871 2773 2024 2838 tiam,
2054 2785 2233 2842 neque
2292 2769 2337 2824 si
2366 2768 2605 2836 fallatur,
2661 2769 2965 2838 perniciose
3013 2767 3123 2822 falli
3165 2782 3288 2823 eum
3344 2768 3460 2838 qui,

1870 2865 2113 2938 quamvis
2142 2863 2476 2933 Augustinus
2501 2861 2658 2917 aliter
2679 2860 2896 2927 sentiat,
2928 2859 3238 2932 generalem
3267 2873 3462 2931 agnos-

1869 2963 1943 3018 cit
1965 2978 2089 3033 erga
2120 2977 2306 3019 omnes
2337 2960 2606 3033 homines,
2656 2977 2778 3018 cum
2807 2961 3038 3032 primum
3070 2959 3138 3016 ad
3167 2974 3323 3016 usum
3375 2974 3463 3014 ra-

1873 3056 2036 3112 tionis
2069 3057 2406 3125 perveniunt,
2432 3056 2751 3120 bonitatem,
2779 3062 2841 3110 ut
2877 3068 2971 3110 eos
2990 3053 3140 3124 iuvet
3166 3052 3454 3123 peculiari-

1872 3147 1972 3202 bus
1993 3147 2226 3202 auxiliis.
2258 3165 2278 3199 ι
2317 3145 2516 3202 Driedo
2554 3161 2620 3202 eo
2651 3146 2780 3212 loci,
2827 3159 3021 3216 nempe
3049 3145 3102 3199 in
3128 3144 3224 3199 lib.
3273 3143 3341 3199 de
3366 3143 3464 3198 Ca-

1871 3239 2118 3309 ptivitate
2146 3245 2202 3293 et
2226 3237 2602 3308 redemptione
2645 3237 2857 3306 generis
2887 3237 3060 3302 lium.,
3084 3250 3202 3305 cap.
3229 3236 3284 3300 2,
3308 3245 3463 3293 tract.

170 3329 277 3410 5“°_
300 3330 448 3410 δεξρθ
490 3315 704 3410 ίηεεηξο
733 3316 970 3410 minium
999 3317 1244 3410 induis“.
1275 3317 1370 3372 80d
1403 3325 1462 3410 υξ
1487 3317 1767 3410 -Εοοιθείίω
1792 3341 1843 3410 c
1873 3331 1928 3398 4,
1953 3332 2154 3388 memb.
2186 3331 2244 3400 2,
2269 3339 2410 3400 part.
2441 3330 2498 3398 8,
2547 3331 2860 3386 immediate
2889 3338 3017 3385 ante
3044 3329 3136 3384 illa
3181 3329 3344 3385 verba
3396 3330 3464 3386 ab

169 3407 456 3463 catholica
512 3408 969 3478 archiepiscopum
1022 3417 1077 3464 et
1124 3408 1400 3464 doctorem
1449 3406 1502 3462 id
1562 3409 1766 3464 sensis-

169 3513 255 3569 se,
298 3518 319 3552 ι
359 3508 464 3555 etc.
518 3499 701 3564 Erras,
753 3501 984 3566 Annato,
1035 3514 1204 3555 erras.
1239 3499 1566 3554 Catharinus
1597 3499 1765 3556 libros

173 3591 303 3646 illos
333 3591 402 3647 de
427 3591 908 3647 Pradestinatione
946 3591 1161 3660 scripsit
1189 3598 1476 3659 antequam
1504 3598 1648 3645 esset
1673 3604 1768 3643 an-

172 3685 356 3749 tistes,
388 3697 511 3737 nam
538 3681 666 3738 editi
716 3692 841 3737 sunt
867 3681 1095 3738 Parisiis
1122 3695 1265 3737 anno
1295 3679 1428 3735 1541
1454 3697 1468 3746 ;
1517 3679 1610 3735 ille
1637 3694 1768 3736 vero

169 3775 500 3832 Minorensis
529 3776 816 3846 episcopus
844 3775 897 3829 in
947 3773 1241 3830 Picentinis
1271 3772 1447 3828 dictus
1493 3780 1578 3827 est
1624 3786 1769 3826 anno

171 3867 342 3932 1546,
376 3867 465 3922 die
514 3866 580 3919 27
623 3866 884 3935 Augusti,
942 3880 1009 3921 ex
1061 3875 1207 3922 tomo
1261 3879 1335 3920 vn
1388 3863 1550 3918 Italia
1601 3877 1770 3918 sacra

171 3961 887 4034 Ughelli;arcliiepiscopus
934 3975 1064 4016 vero
1114 3960 1364 4028 Compsa
1411 3972 1555 4013 anno
1603 3957 1768 4024 i552,

169 4056 261 4112 die
292 4057 325 4111 ὅ
355 4055 520 4111 Junii.
545 4054 662 4111 Non
693 4055 877 4123 itaque
929 4053 1141 4108 locutus
1185 4059 1270 4108 est
1307 4059 1366 4105 ut
1405 4050 1768 4119 archiepisco-

170 4163 276 4218 pus
309 4147 566 4202 Ecclesia
618 4145 919 4211 catholica,
970 4144 1087 4210 sed,
1148 4151 1286 4199 teste
1334 4141 1488 4208 Soto,
1562 4142 1640 4196 uti
1672 4155 1771 4195 nu-

171 4253 340 4307 per-us
371 4254 435 4292 ea:
453 4237 824 4310 jurisconsulto
853 4235 1118 4306 theologus
1162 4236 1216 4290 in
1265 4235 1334 4289 iis
1363 4233 1516 4288 libris
1571 4234 1624 4288 in
1655 4231 1772 4302 qui-

172 4334 300 4400 bus,
330 4340 603 4390 assertore
661 4331 952 4396 Bannesio,
991 4329 1122 4382 nihil
1175 4337 1252 4382 est
1298 4325 1626 4393 eruditionis,
1679 4323 1775 4380 sed

172 4425 471 4492 plurimum
545 4423 753 4478 erroris.
805 4422 942 4476 Hinc
987 4419 1184 4475 factum
1230 4427 1316 4475 est
1347 4429 1402 4472 ut
1433 4416 1773 4485 ,Catharinus

171 4516 521 4586 iurisperitus
550 4516 606 4570 in
633 4515 740 4570 illis
769 4513 919 4568 libris
940 4527 1086 4584 sape
1115 4511 1347 4567 laudarit
1367 4511 1585 4566 codices
1609 4519 1663 4563 et
1687 4509 1772 4563 di-

170 4619 351 4677 gesta,
381 4616 440 4662 ut
467 4622 592 4664 suas
638 4607 705 4663 de
751 4605 1228 4677 pradestinationc
1257 4604 1541 4675 opiniones
1568 4601 1774 4658 theolo-

171 4701 252 4772 gis
286 4700 657 4771 persuaderet.

243 4802 438 4859 Restat
463 4803 712 4870 Osorius,
742 4801 812 4858 de
839 4816 946 4873 quo
969 4800 1086 4857 hac
1109 4799 1273 4855 habet
1298 4797 1513 4854 Gabriel
1536 4797 1777 4868 Vasqucz

172 4903 317 4964 part.
330 4912 374 4961 ι,
389 4894 587 4965 diSput.
603 4894 696 4964 89,
712 4909 833 4964 cap.
851 4892 907 4961 8,
926 4907 1072 4948 num.
1087 4891 1189 4945 62:
1211 4909 1230 4942 ‹
1254 4891 1517 4956 Alterum,
1533 4889 1586 4944 in
1599 4889 1778 4959 quohi

172 4986 1006 5058 auctores(uempeCatbarinus,
1021 4984 1383 5052 Camerarius,
1402 4984 1651 5053 Osorius)
1671 4983 1780 5040 fue-

172 5092 304 5140 runt
317 5081 554 5152 decepti,
571 5080 804 5152 estquod
819 5087 1077 5150 putarunt
1090 5076 1303 5133 Gracos
1318 5077 1507 5130 Patres
1521 5074 1780 5146 Augusti-

174 5189 246 5230 no
257 5172 530 5230 contraria
544 5171 809 5237 docuisse,
824 5170 977 5240 quasi
989 5177 1258 5226 assereret
1271 5168 1597 5237 Augustinus
1611 5165 1782 5222 homi-

174 5280 273 5320 nes
301 5264 372 5318 ad
428 5262 654 5334 gloriam
718 5261 834 5317 sine
873 5261 1080 5317 meritis
1134 5261 1338 5316 electos
1370 5259 1560 5326 fuisse,
1593 5276 1614 5311 ι
1662 5265 1772 5314 etc.

174 5358 388 5428 itaque,
422 5357 660 5426 Vasqnio
689 5364 849 5423 teste,
885 5355 1110 5410 Osorius
1140 5353 1395 5424 deceptus
1432 5363 1540 5409 est.
1593 5355 1773 5408 Anna-

175 5459 265 5505 tus
299 5451 440 5507 libro
469 5451 644 5520 primo
673 5450 756 5505 sui
787 5445 1095 5520 Aug’ustini,
1118 5463 1148 5502 a
1175 5463 1296 5518 cap.
1318 5449 1354 5502 2
1381 5461 1552 5518 usque
1579 5447 1648 5503 ad
1677 5461 1776 5503 no-

176 5560 332 5611 num,
367 5545 539 5599 fusius
561 5552 788 5599 conatur
813 5544 1042 5614 probare
1092 5543 1448 5612 Augustinum
1481 5555 1589 5596 non
1647 5555 1774 5596 sen-

175 5637 316 5691 sisse
345 5647 534 5691 contra
567 5637 815 5706 antiquos
875 5635 1083 5703 Patres,
1134 5643 1188 5689 et
1239 5633 1512 5704 pracipue
1561 5648 1680 5702 cap.
1720 5632 1776 5701 6,

177 5729 271 5782 ubi
299 5729 555 5783 Faustum
587 5738 774 5783 contra
800 5727 1154 5798 Augustinum
1209 5728 1512 5798 loquentem
1535 5726 1776 5786 .inducit.

177 5819 298 5886 Qua
325 5836 454 5890 ergo
503 5819 714 5876 ratione
765 5819 1128 5890 Augustinum
1168 5819 1273 5875 illis
1304 5819 1631 5875 testimoniis
1683 5835 1781 5889 op-

175 5913 424 5983 pugnat?
449 5911 608 5980 Quod
636 5911 684 5971 si
708 5913 853 5972 dicat
889 5913 1117 5973 recitare
1143 5926 1202 5971 se
1229 5913 1358 5983 quid
1379 5913 1456 5973 illi
1486 5911 1775 5981 senserint,
1809 5959 1827 5973 .

1873 3425 2183 3482 adversario
2209 3424 2462 3490 adducta,
2519 3425 2635 3479 hac
2683 3424 2847 3478 tradit
2879 3440 2893 3476 :
2931 3441 2950 3474 ‹
2984 3422 3239 3492 Quamvis
3266 3438 3465 3480 'rtmon

1876 3518 2022 3573 vivat
2046 3519 2293 3588 quisquis
2321 3532 2444 3573 cum
2493 3516 2784 3572 venerabili
2808 3516 2966 3571 Patre
2993 3515 3292 3585 Augustino
3344 3529 3453 3571 non

1872 3626 1969 3681 per
1991 3611 2183 3665 auxilia
2212 3610 2538 3665 sufﬁcientia
2569 3624 2632 3665 ex
2657 3622 2813 3678 aquo
2840 3607 3090 3664 omnibus
3114 3607 3309 3662 adultis
3337 3622 3468 3678 pro-

1871 3701 2065 3774 posita,
2099 3703 2194 3757 sed
2222 3716 2317 3772 per
2339 3702 2572 3757 divinam
2611 3699 3041 3757 misericordiam
3067 3709 3120 3755 et
3141 3700 3405 3771 justitiam
3433 3716 3466 3756 a

1872 3797 2105 3853 curiosis
2131 3797 2407 3852 hominum
2439 3795 2829 3866 quaestionibus
2877 3810 2938 3850 se
2985 3794 3234 3861 absolvit,
3288 3793 3465 3850 humi-

1873 3889 2033 3944 liatus
2059 3889 2159 3943 sub
2189 3887 2396 3958 potenti
2441 3901 2604 3941 manu
2632 3885 2752 3942 Del.
2793 3904 2812 3938 ι
2840 3885 3044 3939 Deinde
3070 3898 3227 3954 quam
3256 3882 3330 3939 ibi
3386 3885 3468 3940 in-

1872 3981 2049 4037 sinuat
2074 3981 2142 4035 de
2173 3979 2390 4034 auxiliis
2411 3977 2788 4033 communibus
2839 3975 3185 4042 sententiam,
3217 3976 3390 4031 locum
3413 3976 3469 4032 in

1873 4073 2113 4145 parvulis
2145 4087 2252 4127 non
2282 4072 2483 4127 habere
2533 4069 2794 4137 ostendit,
2826 4083 2933 4139 quo
2985 4068 3264 4124 insolubili
3309 4083 3469 4138 argu-

1875 4173 2059 4221 mento
2087 4173 2306 4219 sanctus
2347 4161 2679 4233 Augustinus
2719 4161 2863 4215 illam
2892 4172 3107 4230 semper
3128 4159 3471 4228 impngnave-

1874 4267 1978 4314 rat.
2027 4258 2096 4312 At
2153 4257 2247 4328 qui
2278 4270 2435 4311 secus
2477 4254 2694 4319 sentiat,
2737 4269 2841 4308 non
2886 4253 3019 4323 falli,
3053 4251 3246 4322 inquit,
3296 4252 3471 4322 perni-

1875 4354 2030 4420 ciose,
2062 4352 2105 4405 si
2129 4351 2347 4421 fallitur,
2394 4365 2485 4403 nec
2515 4357 2698 4402 contra
2725 4347 2951 4401 divinam
2994 4346 3214 4416 gratiam
3265 4345 3471 4401 sentire.

1875 4442 2008 4497 Nam
2038 4450 2225 4496 contra
2265 4439 2528 4510 justitiam
2561 4439 2739 4508 potius
2767 4438 2935 4494 sentit
2963 4452 3123 4508 quam
3144 4446 3328 4492 contra
3353 4452 3474 4507 gra-

1878 4535 2032 4600 tiam,
2065 4548 2165 4588 ncc
2185 4530 2512 4602 perniciose,
2555 4531 2651 4585 sed
2706 4529 3064 4586 tolerabiliter
3113 4527 3335 4585 fallitur.
3391 4527 3475 4583 Tu

1875 4640 2027 4693 vero,
2061 4626 2292 4693 Annate,
2315 4633 2377 4679 ut
2404 4623 2690 4693 Augustini
2747 4623 2800 4677 in
2829 4621 2936 4677 line
2965 4622 3062 4677 lib.
3094 4635 3150 4675 vt
3174 4630 3358 4676 contra
3381 4621 3475 4675 Ju-

1796 4722 1855 4785 ι)
1877 4716 2079 4773 lianum
2113 4714 2299 4780 verba,
2331 4713 2464 4768 velis
2496 4712 2658 4778 nolis,
2695 4711 2790 4766 tibi
2819 4711 3086 4781 ingeram,
3119 4709 3475 4766 miserabiliter

1883 4808 2105 4879 falleris,
2136 4807 2215 4862 uel
2243 4805 2401 4860 etiam
2429 4802 2802 4858 detestabiliter
2833 4803 3057 4873 falleris,
3086 4801 3298 4872 quando
3323 4801 3475 4857 Drie-

1881 4899 2079 4954 donem
2107 4907 2298 4953 contra
2321 4895 2677 4966 Augustinum
2725 4893 3098 4949 testimonium
3144 4893 3326 4948 dicere
3381 4892 3477 4950 tibi

1884 4990 2064 5059 lingis,
2095 4990 2186 5059 qui
2216 5002 2494 5044 rurtonsn
2519 4986 2691 5042 sancti
2718 4983 2955 5042 doctoris
2982 4987 3310 5057 sententiam
3339 4998 3474 5041 con-

1882 5089 2128 5136 testatur.
2640 5132 2643 5134 .
3059 5136 3066 5139 .
3196 5138 3248 5148 -.

1955 5172 2164 5228 Rursus
2181 5171 2399 5229 adducit
2418 5171 2665 5229 eumdem
2685 5169 3008 5226 Driedonem
3029 5167 3120 5223 lib.
3146 5183 3163 5224 ι
3181 5167 3248 5223 de
3274 5168 3472 5224 Libero

1876 5264 2117 5321 Arbitrio
2143 5278 2264 5335 cap.
2296 5263 2352 5329 2,
2390 5273 2527 5334 part.
2559 5264 2614 5327 5.
2642 5263 2733 5318 ubi
2763 5262 2876 5317 ait:
2907 5279 2926 5312 ι
2956 5261 3034 5316 Ex
3059 5260 3351 5331 Scripturis
3381 5275 3471 5316 sa-

1877 5357 1986 5412 cris
2012 5355 2080 5411 ab
2096 5355 2394 5426 Augustino
2414 5353 2658 5408 adductis
2681 5367 2845 5424 super
2869 5353 2970 5408 hac
2993 5366 3054 5408 re
3084 5365 3189 5407 non
3211 5365 3470 5422 expresse

1878 5457 1936 5507 et
1958 5447 2251 5505 efﬁcaciter
2292 5446 2540 5503 concludi
2589 5453 2769 5516 potest
2793 5444 3025 5502 infantes
3049 5443 3168 5500 sine
3196 5442 3468 5512 baptismo

1879 5541 2206 5597 decedentes
2231 5537 2493 5609 supplicio
2534 5537 2723 5594 aterni
2753 5535 2893 5608 ignis
2921 5549 3046 5593 esse
3067 5533 3408 5590 cruciandos.
3437 5549 3460 5585 ι

1885 5634 2154 5704 Additque
2179 5634 2422 5688 Annatus
2454 5631 2634 5687 nobile
2656 5630 2941 5688 scholion:
2978 5647 3000 5683 ‹
3032 5628 3112 5685 En
3141 5635 3201 5682 ut
3237 5624 3479 5682 inefﬁca-

1885 5739 1980 5781 ces
2010 5724 2207 5780 fatetur
2229 5723 2492 5780 adductas
2521 5722 2590 5779 ab
2637 5724 2937 5795 Augustino
2991 5735 3057 5777 ex
3087 5720 3361 5788 Scriptura
3388 5729 3476 5770 sa-

1886 5833 1982 5874 cra
2014 5817 2383 5886 probationes,
2415 5825 2578 5887 utque
2626 5815 2833 5886 optioni
2864 5813 3222 5870 studiosorum
3251 5806 3476 5877 permit-

1891 5906 1977 5976 tit,
2011 5914 2068 5962 ut
2095 5903 2250 5963 illum
2282 5912 2374 5963 aut
2402 5911 2696 5975 sequantur
2724 5902 3107 5966 autdeserant.
3140 5915 3162 5952 υ
3221 5892 3474 5963 lntelligit
