3962 6346
536 373 645 432 765

1389 367 1950 429 SUPPLEMENTUI
1987 367 2083 427 AD
2117 366 2351 429 οΡΕιιΑ
2390 367 2450 426 S.
2490 367 2884 427 AUGUSTINI.

3702 369 3802 428 πω

536 490 736 550 Driedo
765 487 1067 547 testimonia
1085 485 1381 557 Scriptura:
1403 486 1473 542 ab
1494 487 1795 559 Augustino
1821 486 1983 541 allata
2009 501 2118 542 non
2142 486 2201 547 Α
2226 481 2363 539 Deus
2390 500 2493 539 non
2523 484 2737 557 denegat
2763 494 3008 557 gratiam,
3042 486 3189 558 quod
3234 489 3572 547 recentiores
3618 500 3802 562 pm

537 587 846 651 efﬁcaciter,
873 584 979 641 hoc
1003 591 1090 642 est
1117 582 1260 641 haud
1289 582 1717 639 demonstrativo
1739 583 1969 653 probare
2000 597 2114 651 pm—

538 696 663 738 nam
690 693 878 737 sensus
928 691 1217 747 puerorum
1269 678 1320 733 in
1376 676 1591 743 inferis;
1638 689 1760 732 nam
1811 674 2117 731 immediate

536 772 653 827 haec
671 770 737 826 de
767 778 995 839 utraque
1038 768 1305 825 sententia
1356 769 1689 838 praemiserat
1720 786 1734 821 :
1764 767 1891 824 Cum
1933 748 2119 823 neutra

535 863 765 917 rideatur
801 861 1078 932 efﬁcaciter
1106 875 1169 917 ea;
1195 859 1468 927 Scriptura
1509 876 1658 917 sacra
1682 858 2116 939 demonstrabilis.

534 954 717 1025 Neque
737 954 873 1011 hanc
898 954 1221 1011 sententiam
1252 954 1677 1011 demonstrativo
1711 953 1987 1023 probatam
2014 966 2115 1010 nos

535 1048 943 1115 contendimus;
971 1048 1105 1104 alias
1132 1048 1312 1105 nullus
1364 1056 1544 1117 posset
1588 1048 1893 1117 oppositum
1952 1045 2114 1102 tueri.

535 1140 718 1209 Neque
747 1141 1018 1211 optionem
1048 1140 1173 1195 facit
1203 1150 1263 1196 ut
1308 1140 1662 1209 Augustinum
1693 1139 1777 1194 vel
1828 1152 2118 1209 sequamur

535 1232 619 1289 vel
647 1232 959 1289 deseramus
989 1251 1003 1291 ;
1042 1248 1163 1287 nam
1192 1232 1491 1303 Augustino
1526 1231 1688 1286 etiam
1712 1230 1804 1287 illa
1832 1231 1888 1285 in
1908 1230 2119 1298 opinio-

536 1339 607 1380 ne
629 1324 784 1382 nobis
809 1324 1177 1381 inherendum
1231 1338 1352 1380 esse
1380 1322 1630 1392 exemplo
1656 1322 1860 1389 docuit,
1885 1321 2001 1377 haec
2030 1334 2117 1375 as-

539 1425 722 1474 truens
755 1436 767 1471 :
805 1437 824 1470 r
866 1418 932 1475 Ut
958 1434 1108 1489 ergo,
1131 1417 1273 1488 quod
1298 1417 1451 1473 nobis
1475 1431 1839 1483 PROIABILIUS,
1876 1415 2121 1486 Scriptu-

538 1510 720 1581 risque
748 1514 916 1569 sacris
961 1513 1131 1582 magis
1182 1526 1479 1569 consonum
1531 1512 1760 1580 videtur,
1807 1512 2118 1579 aﬁeramus,

536 1604 861 1660 arbitramur
928 1604 1301 1675 hujuscemodi
1376 1605 1624 1674 parvulos
1690 1605 1932 1662 sensibili
1984 1619 2117 1675 qua-

536 1696 659 1752 dam
690 1698 955 1765 molestia,
983 1712 1079 1755 seu
1108 1695 1402 1755 afflictione
1422 1697 1491 1754 ab
1518 1700 1641 1769 igne
1677 1707 1733 1755 et
1762 1698 1813 1755 in
1845 1698 1969 1769 igne
2002 1706 2118 1754 tor-

534 1787 707 1857 queri.
739 1808 759 1842 i
810 1790 997 1857 Audis,
1046 1792 1283 1859 Annate,
1329 1805 1448 1846 eam
1499 1791 1841 1860 sententiam,
1868 1805 2029 1863 quam
2061 1799 2117 1847 tu

2220 590 2341 632 esse
2363 577 2747 633 certissimum.
2774 578 2935 635 Vides
2958 580 3119 636 tertio
3140 580 3309 637 Deum
3340 581 3483 638 haud
3508 583 3801 653 reprehen-

2219 664 2271 722 di
2300 680 2461 735 posse
2480 668 2527 723 si
2557 668 2928 726 laborantibus
2955 684 3054 740 pro
3082 670 3287 727 viribus
3336 672 3519 729 adhuc
3576 674 3801 748 denegat

2216 758 2443 829 gratiam
2486 776 2499 814 :
2544 774 2663 830 qua:
2705 760 2929 818 Adriani
2974 763 3117 820 dicta
3142 781 3265 821 cum
3291 765 3513 824 illon
3533 769 3803 842 theologia

2216 862 2327 904 non
2354 849 2704 906 conveniunt.
2731 851 2937 908 lbidem
2961 867 3092 911 vero
3117 855 3194 911 ait
3225 874 3238 912 :
3269 874 3289 910 ι
3327 857 3388 914 ln
3412 860 3681 917 omnibus
3726 862 3805 920 his

2219 939 2627 996 exclamandum
2670 952 2755 999 est
2805 959 2927 1001 cum
2968 946 3307 1018 Augustino:
3344 950 3647 1009 Oaltitudo
3689 955 3807 1011 diri-

2221 1032 2414 1087 tiarum
2440 1035 2705 1105 sapientia
2730 1046 2780 1091 et
2808 1040 3037 1095 scientia:
3066 1038 3209 1096 Dei!
3245 1060 3268 1095 ι
3302 1042 3435 1101 Cum
3492 1055 3683 1103 tamen
3731 1064 3807 1105 re-

2221 1123 2491 1181 centiores
2519 1124 2656 1182 banc
2684 1129 2862 1199 sancti
2883 1129 3168 1202 Augustini
3214 1134 3669 1194 exclamationem
3712 1153 3808 1197 non

2221 1214 2383 1271 modo
2408 1231 2517 1271 non
2546 1216 2846 1287 imitentur,
2888 1220 2985 1275 sed
3030 1222 3309 1291 irrideant,
3331 1226 3477 1295 quod
3507 1242 3580 1284 ex
3611 1228 3809 1286 Joanne

2220 1309 2429 1366 Adamo
2452 1312 2697 1384 superius
2726 1314 2825 1373 fuit
2852 1314 3215 1375 manifestum.

2291 1404 2512 1462 Accedit
2538 1407 2697 1463 tertio
2714 1408 2835 1465 loco
2864 1409 3288 1468 Bartbolomzeus
3315 1414 3556 1483 Medina,
3590 1432 3812 1489 magnus

2223 1493 2561 1553 Dominicani
2577 1499 2811 1556 instituti
2836 1501 3118 1575 theologus
3141 1522 3158 1572 ;
3181 1505 3301 1575 ejus
3325 1508 3492 1563 verba
3511 1509 3595 1565 sic
3628 1510 3815 1568 recitat

2222 1591 2467 1646 Annatus
2509 1607 2631 1663 pag.
2662 1592 2809 1650 875:
2841 1613 2862 1648 ι
2893 1595 3021 1653 Sine
3046 1596 3210 1653 dubio
3261 1601 3531 1658 sententia
3586 1612 3679 1659 eat
3716 1605 3813 1660 Au-

2222 1683 2422 1753 gustini
2442 1686 2587 1754 quod
2614 1686 2778 1743 homo
2823 1689 2878 1744 in
2906 1704 3039 1759 pura
3068 1698 3258 1749 natura
3308 1692 3470 1750 habet
3517 1696 3815 1754 naturalem

2222 1777 2471 1836 virtutem
2508 1782 2789 1851 operandi,
2826 1799 2986 1855 quam
3026 1802 3137 1842 non
3185 1787 3347 1844 habet
3386 1789 3438 1844 in
3498 1789 3677 1859 lapsa.
3704 1792 3815 1848 Non

536 1895 654 1952 pag.
688 1880 794 1936 858
850 1892 1101 1953 tanquam
1156 1883 1417 1940 crudelem
1445 1884 1755 1949 detestaris,
1788 1899 1819 1940 a
1851 1883 2121 1941 Driedone
2147 1872 2199 1936 Β
2225 1871 2402 1942 placet
2430 1882 2609 1931 tamen
2637 1876 2966 1934 doctoribus.
3003 1899 3024 1932 ι
3054 1879 3101 1937 0
3128 1880 3350 1953 intesta!
3403 1883 3534 1939 ﬁdei
3582 1889 3818 1958 exserit»

534 1973 704 2031 astrui
728 1973 1164 2042 probabiliorem,
1193 1989 1257 2031 ac
1296 1990 1465 2032 sacrm
1491 1977 1695 2046 pagina:
1720 1977 1889 2046 magis
1922 1990 2117 2032 conso-

538 2080 663 2121 nam
691 2067 714 2121 ‘t
744 2068 1042 2139 Augustino
1090 2068 1253 2138 igitur
1277 2069 1471 2126 militat
1511 2070 1853 2128 doctissimus
1890 2071 1983 2127 ille
2011 2070 2115 2136 vir,

536 2172 712 2228 neque
739 2157 843 2214 ulla
871 2168 989 2215 arte
1009 2159 1064 2215 in
1086 2161 1470 2226 recentiorum.
1491 2173 1666 2219 castra
1696 2163 1887 2219 abduci
1917 2170 2115 2232 potest,

535 2250 631 2305 sed
656 2249 813 2307 inane
842 2262 1046 2308 tantum
1067 2252 1215 2310 illius
1236 2269 1435 2312 nomen
1469 2254 1623 2325 lingis
1677 2254 1745 2311 ad
1771 2254 2119 2324 decipiendos

536 2340 797 2400 incautos.

614 2434 866 2491 Driedoni
894 2438 1149 2506 magistro
1181 2453 1467 2509 supparem
1495 2439 1818 2499 submittunt
1846 2440 2119 2498 Ruardum

539 2526 802 2596 Taperum
826 2544 892 2584 ex
915 2530 1105 2589 eadem
1147 2532 1560 2590 Lovaniensium
1606 2532 1883 2590 academia
1936 2535 2122 2591 docto-

536 2634 673 2686 rem,
707 2636 861 2691 quem
890 2624 1005 2681 baic
1046 2635 1235 2683 contra
1272 2628 1629 2696 Augustinum
1671 2629 1911 2684 scribere
1960 2629 2122 2684 tradit

538 2712 802 2781 Annatus,
828 2728 949 2786 pag.
987 2715 1094 2775 879
1125 2734 1141 2773 :
1176 2735 1196 2772 ι
1234 2719 1352 2775 Alia
1377 2727 1559 2777 tamen
1588 2720 1771 2789 opinio
1796 2721 1970 2791 magis
1992 2736 2123 2779 con-

536 2816 793 2867 sentanea
842 2818 929 2867 est
969 2811 1289 2882 Augustino,
1345 2813 1489 2882 quod
1544 2829 1653 2870 non
1677 2814 1926 2871 omnibus
1978 2813 2124 2870 Deus

536 2900 783 2961 concedit
813 2902 919 2959 tale
968 2904 1250 2972 auxilium,
1287 2923 1308 2959 ι
1339 2913 1446 2964 etc.
1477 2905 1547 2962 Et
1585 2906 1782 2964 deinde
1814 2924 1828 2963 :
1864 2924 1883 2958 ι
1924 2907 2122 2967 Harum

538 3000 717 3050 tamen
738 2996 1052 3066 opinionum
1101 2999 1246 3067 prior
1274 2998 1484 3057 videtur
1526 3000 1697 3070 magis
1743 3000 2125 3056 commendare

536 3085 773 3143 divinam
818 3089 1135 3161 bonitatem,
1166 3111 1187 3145 ι
1242 3102 1348 3150 etc.
1381 3094 1453 3149 At
1496 3102 1580 3151 est
1618 3092 1761 3163 quod
1793 3093 1862 3150 de
1908 3096 2124 3152 Annato

2222 1972 2395 2022 torem
2422 1967 2435 2021 ε
2462 1967 2673 2024 Medina
2709 1984 2775 2026 eo
2804 1970 2931 2039 loci,
2977 1972 3205 2029 adducta
3236 1978 3507 2032 sententia
3532 1980 3818 2035 nonnullo-

2224 2072 2344 2114 rum
2367 2061 2721 2117 asserentium
2765 2062 3035 2121 diversam
3081 2080 3206 2122 esse
3249 2068 3507 2123 virtutem
3564 2071 3820 2139 operandi

2225 2147 2457 2206 hominis
2478 2155 2668 2208 stantis
2691 2162 2749 2210 et
2767 2154 2923 2223 lapsi,
2954 2158 3030 2210 ait
3059 2176 3071 2209 :
3109 2158 3238 2222 Quae
3264 2159 3375 2215 sine
3414 2160 3581 2215 dubio
3626 2162 3821 2217 eidem

2221 2256 2331 2300 esse
2359 2242 2429 2297 ι).
2458 2246 2738 2317 Augustini
2769 2248 3042 2302 sententia.
3066 2248 3197 2315 Quae
3225 2249 3295 2305 ita
3325 2251 3524 2307 recitat
3543 2254 3819 2310 Armatus:

2131 2375 2138 2381 -
2223 2340 2352 2396 Sine
2377 2338 2530 2392 dubio
2574 2340 2824 2395 sententia
2869 2352 2945 2394 est
2994 2340 3289 2413 Augustini.
3310 2343 3568 2411 Falleris,
3596 2361 3634 2401 o
3695 2347 3822 2403 bone

2223 2433 2337 2488 vir!
2373 2446 2479 2488 non
2502 2432 2575 2487 ita
2631 2432 2823 2488 scribit
2888 2432 3096 2490 Medina
3130 2450 3146 2491 :
3186 2435 3378 2505 Videri,
3410 2438 3511 2503 ait,
3557 2452 3676 2492 non
3708 2454 3823 2495 vero

2222 2540 2332 2580 esse
2358 2538 2549 2594 reapse
2580 2523 2724 2578 illam
2754 2525 3037 2593 Augustini
3059 2526 3380 2583 sententiam
3405 2544 3422 2592 ;
3453 2539 3517 2584 tu
3542 2544 3685 2585 vero
3708 2530 3822 2586 illud

2223 2622 2443 2679 verbum
2480 2620 2642 2675 uideri
2688 2618 2922 2686 abradis,
2946 2636 3053 2690 quo
3083 2636 3150 2677 ex
3192 2622 3419 2679 Medium
3458 2624 3701 2679 vocibus
3727 2629 3821 2681 An«

2228 2714 2446 2785 gustino
2473 2713 2648 2770 acrius
2667 2712 2911 2769 insultes.
2931 2713 3035 2771 Sed
3061 2728 3161 2770 nec
3179 2716 3291 2771 ait:
3318 2715 3443 2773 Non
3467 2717 3823 2787 placata-sat

2228 2808 2557 2873 doctoribus;
2584 2806 2780 2877 relege,
2812 2814 2868 2862 et
2902 2807 3113 2864 videbis
3146 2808 3219 2863 ita
3262 2810 3428 2865 scribi
3461 2826 3478 2866 :
3508 2810 3644 2865 Non
3670 2813 3821 2883 placa

2226 2911 2393 2957 tamen
2420 2902 2543 2956 viris
2591 2916 2941 2967 noe'rontnus,
2984 2901 3181 2971 quibus
3226 2917 3346 2960 eam
3404 2904 3822 2973 aliquibus,sed

2225 2994 2365 3051 forte
2382 2996 2578 3063 minus,
2604 3004 2662 3050 ut
2677 2994 2767 3052 ille
2785 2994 3001 3065 quidem
3019 2994 3259 3064 putabat,
3284 2996 3465 3052 doctis
3490 2996 3822 3054 sententiam

2229 3087 2442 3157 placere
2494 3086 2779 3156 signiﬁcat,
2822 3100 2918 3142 eos
2960 3094 3140 3143 autem
3183 3086 3350 3143 tacito
3396 3089 3628 3145 nomine
3674 3090 3825 3159 paulo

539 3190 954 3251 conqueramur,
1012 3183 1211 3254 quippe
1237 3184 1327 3256 qui
1380 3184 1544 3242 verba
1588 3185 1782 3256 Taperi
1832 3187 2121 3255 plurimum
2162 3253 2192 3256 _
2229 3177 2724 3234 anteindicaverat.
2758 3176 2865 3235 Sed
2916 3178 3019 3231 alia
3074 3193 3263 3234 rursus
3314 3178 3703 3235 audiendaeat
3731 3181 3823 3235 ob-

540 3271 943 3340 Augustinianze
968 3253 1271 3333 sententia}-
1295 3277 1527 3334 faventia
1567 3253 1846 3345 omiseriti
1874 3292 1995 3334 nam
2045 3280 2119 3335 ita
2147 3253 2196 3316 ο
2225 3272 2427 3343 lectio:
2452 3274 2674 3338 etenim.
2704 3272 2970 3329 recensita
2987 3270 3215 3327 Πθάίηε
3239 3272 3537 3339 “meum.
3563 3272 3825 3328 “dimi

541 3362 732 3419 scribit
785 3364 1025 3434 Taperus
1082 3368 1149 3423 ad
1200 3376 1305 3423 art.
1332 3370 1385 3423 7.
1412 3384 1532 3441 pag.
1554 3369 1661 3424 222
1688 3388 1702 3424 :
1734 3389 1754 3423 ι
1790 3369 1910 3426 Alia
1945 3378 2122 3429 tamen

540 3454 721 3526 opinio
741 3458 909 3529 magis
933 3467 1018 3515 est
1057 3471 1417 3521 consentanea
1454 3463 1770 3533 Augustino,
1813 3480 1881 3520 ετ
1911 3481 2123 3521 ΡΑΤΜΙΙ

540 3561 821 3617 οοααιιιιε,
840 3551 981 3621 quod
999 3567 1105 3610 non
1132 3556 1380 3612 omnibus
1431 3556 1571 3611 Deus
1593 3556 1838 3613 concedit
1853 3557 1958 3612 tale
1974 3558 2125 3615 auxi-

541 3638 693 3709 lium.
726 3659 747 3695 s
781 3641 1062 3715 Pupugere
1086 3647 1400 3705 recentioris
1430 3659 1666 3706 mentem
1689 3648 1795 3706 duo
1820 3649 1911 3705 illa
1936 3652 2118 3707 verba:

540 3731 661 3802 quis
690 3732 835 3788 enim
858 3736 982 3791 inde
1005 3752 1112 3793 non
1140 3738 1319 3796 videat
1344 3750 1601 3809 quantum
1635 3742 1888 3811 ponderis
1942 3746 2126 3813 Augu-

540 3821 789 3879 stiniante
813 3827 1121 3895 sententias,
1146 3838 1284 3886 teste
1306 3830 1531 3901 Tapero,
1555 3833 1814 3888 accedat?
1842 3834 1934 3889 Illa
1963 3836 2126 3905 igitur

541 3914 789 3971 consulto
817 3918 1019 3974 omisit.
1050 3920 1229 3988 Quare
1252 3921 1377 3991 jure
1428 3938 1551 3978 cum
1578 3925 1879 3994 Augustino
1928 3924 2023 3980 lib.
2067 3939 2124 3979 iv

538 4016 726 4065 contra
751 4008 887 4078 Ju|.,
913 4026 1035 4081 cap.
1060 4014 1113 4080 8,
1167 4013 1255 4069 hic
1304 4014 1461 4071 liceat
1486 4015 1791 4073 exclamare
1815 4034 1828 4071 :
1862 4017 1931 4073 Ut
1958 4035 2123 4090 appa-

538 4110 651 4155 reat
678 4102 742 4156 de
762 4118 816 4157 re
854 4111 1024 4169 tanta.
1076 4106 1263 4175 quibus
1311 4107 1399 4162 abs
1428 4118 1478 4163 te
1510 4109 1778 4179 fraudibus
1817 4111 2123 4182 disputetur.

538 4193 703 4250 Addit
723 4197 964 4255 Annatus
989 4199 1292 4270 signiﬁcare
1314 4201 1580 4272 Taperum
1609 4203 1855 4261 eamdem
1902 4212 2124 4263 senten-

541 4286 673 4343 tiam
716 4302 837 4344 esse
864 4290 1085 4349 Adriani
1116 4293 1202 4360 Vl,
1226 4292 1260 4345 4
1303 4294 1726 4363 Sententiarum,
1749 4306 1940 4366 quaest.
1974 4300 2026 4367 1,
2057 4298 2127 4353 de

544 4378 884 4446 poenitentia.
914 4381 1048 4438 Hinc
1092 4382 1315 4441 insultat
1360 4400 1480 4457 pag.
1514 4386 1618 4447 886
1649 4404 1665 4441 :
1696 4388 1956 4444 Adrianus
1990 4405 2127 4460 quo-1

539 4486 637 4539 que
666 4471 859 4530 Sextus
882 4477 1036 4544 iusta
1064 4477 1120 4531 id
1157 4479 1293 4545 quod
1321 4479 1589 4534 retulimus
1617 4489 1769 4536 antea
1799 4497 1861 4536 ea:
1913 4482 2127 4538 Ruarda

545 4560 741 4632 Tapero
767 4566 1071 4638 jungendus
1121 4572 1237 4622 erit.
1287 4567 1397 4626 Sed
1454 4571 1697 4641 profecto
1739 4573 1910 4629 nullas
1967 4573 2123 4631 nobis

2228 3367 2499 3421 recentior
2536 3365 2630 3422 ille
2682 3380 2803 3435 pag.
2861 3363 2969 3420 876
3000 3383 3012 3418 :
3042 3382 3063 3418 ι
3101 3363 3281 3433 Atque
3323 3363 3427 3420 hae
3472 3368 3697 3422 ratione
3744 3366 3826 3421 hic

2228 3465 2418 3513 auctor
2444 3456 2795 3511 indubitatam
2816 3456 3098 3527 Augustini
3129 3455 3430 3511 doctrinam
3458 3457 3569 3514 hoc
3589 3458 3645 3512 in
3662 3472 3825 3528 punc-

2230 3557 2284 3603 to
2307 3559 2363 3605 et
2384 3548 2696 3604 doctoribus
2717 3548 3045 3604 contrariam
3092 3562 3216 3604 esse
3242 3549 3459 3614 fatetur,
3490 3560 3550 3606 et
3577 3565 3682 3607 SIBI
3705 3553 3822 3608 sine

2228 3641 2338 3697 ullo
2369 3641 2492 3697 ﬁdei
2517 3641 2750 3708 violatae,
2783 3640 2869 3695 vel
2897 3649 3096 3711 spretae
3121 3641 3456 3711 antiquitatis
3480 3645 3762 3714 scrupulo.
3800 3662 3820 3696 ι

2232 3735 2378 3791 Belle
2399 3734 2517 3791 haec
2558 3734 2664 3791 sibi
2711 3732 2955 3789 Annatus
2995 3734 3168 3805 fingit.
3221 3734 3459 3802 Medius,
3500 3751 3605 3791 sua
3656 3738 3823 3807 ipsius

2229 3829 2495 3884 sententia
2519 3830 2763 3894 recitata,
2795 3836 2981 3898 aperte
3009 3837 3335 3898 protestatur
3379 3843 3443 3883 se
3476 3844 3589 3884 non
3619 3830 3821 3886 habere

2229 3923 2598 3980 adversarium
2649 3924 3030 3994 Augustinum.
3085 3922 3212 3977 Haec
3268 3931 3396 3978 sunt
3448 3922 3572 3992 ejus
3628 3924 3822 3978 verba:

2234 4035 2254 4069 ι
2290 4017 2476 4088 Neque
2525 4017 2588 4071 D.
2616 4016 2947 4087 Augustinus
3004 4015 3127 4071 huic
3153 4023 3353 4071 nostrae
3398 4017 3689 4071 sententia:
3720 4017 3823 4070 ullo

2231 4110 2391 4165 modo
2414 4110 2747 4165 adversatur.
2782 4126 2802 4162 ι
2852 4108 2917 4163 Ει
2943 4107 3110 4163 audes
3154 4122 3337 4162 curam
3364 4105 3646 4177 judicibns
3675 4108 3821 4163 afﬁr-

2231 4217 2382 4260 mare
2415 4202 2681 4258 Medinam
2712 4200 2871 4256 fateri
2908 4201 3007 4254 sibi
3030 4215 3139 4254 esse
3188 4199 3505 4253 contrariam
3552 4199 3821 4270 Augustini

2229 4299 2522 4353 doctrinam
2543 4299 2568 4351 Ρ
2597 4293 2825 4366 Egregie
2845 4294 3175 4364 Augustinus
3203 4302 3389 4348 contra
3421 4292 3699 4348 lulianum
3725 4293 3817 4347 lib.

2230 4406 2304 4460 tv,
2329 4405 2452 4459 cap.
2477 4389 2509 4443 8
2535 4407 2548 4442 :
2588 4407 2608 4440 ι
2641 4388 2773 4455 Quis
2801 4400 2908 4441 non
2940 4392 3244 4454 exspectet,
3276 4384 3469 4455 inquit,
3500 4383 3819 4453 sapientiam

2228 4480 2559 4546 disserentis,
2586 4479 2676 4547 qui
2702 4477 2860 4532 ﬁdem
2888 4475 3210 4546 cognoverit
3233 4476 3586 4530 mentientis?
3619 4494 3642 4527 ι

2303 4576 2507 4631 Eadem
2537 4573 2641 4628 ﬁde
2664 4573 2950 4639 animoque
2977 4571 3225 4626 Annatus
3264 4583 3386 4639 pag.
3418 4568 3530 4623 870
3553 4568 3621 4624 ad
3651 4566 3820 4622 tribu-

542 4655 841 4723 prastigias
870 4656 1055 4717 facies.
1097 4658 1235 4727 Quid
1264 4663 1479 4733 scripsit
1522 4665 1793 4722 Adrianus
1838 4666 2033 4735 citatus
2066 4666 2122 4723 in
2147 4642 2204 4703 D
2233 4666 2321 4722 nal
2348 4674 2535 4721 contra
2559 4663 2913 4734 Augustinum
2942 4660 3344 4717 Ferdinandum
3374 4659 3708 4715 Vallosillum
3731 4658 3817 4714 vel

539 4745 635 4803 fol.
663 4747 699 4803 3
725 4747 872 4805 dubii
898 4748 929 4820 §
953 4767 969 4806 :
1002 4751 1087 4807 Ea:
1110 4753 1190 4807 his
1217 4758 1502 4826 respondeo
1549 4760 1618 4813 ad
1642 4759 1933 4827 quwsitum,
1961 4759 2125 4814 modo

539 4837 861 4908 proferimus
891 4857 905 4896 :
940 4859 960 4894 ι
996 4842 1131 4901 Eam
1154 4846 1600 4916 misericordiam,
1642 4851 1736 4915 ait,
1787 4858 1847 4905 ut
1873 4850 2125 4919 probabi-

538 4929 666 4987 liter
692 4939 875 5002 teneo,
898 4935 1193 4994 viatoribus
1232 4937 1453 4997 exbibet
1474 4940 1639 5007 Deus,
1666 4956 1771 5011 qua
1792 4941 2125 4998 sufficienter

537 5021 618 5078 eis
636 5024 858 5091 assistit,
888 5034 943 5081 et
968 5042 1119 5083 suam
1156 5031 1380 5100 gratiam
1410 5032 1587 5099 offert,
1617 5048 1719 5104 qua
1751 5050 1849 5103 pro
1876 5042 2123 5090 extremo

538 5114 730 5172 saltem
760 5116 956 5173 virium
1002 5118 1322 5189 laborando,
1344 5133 1564 5191 possent
1595 5126 1797 5191 peccati
1834 5124 2120 5194 indulgen-

540 5203 668 5260 tiam
698 5210 1021 5278 promereri,
1052 5221 1111 5267 ut
1165 5214 1220 5270 in
1250 5213 1354 5272 hoc
1403 5214 1707 5272 dill‘erentia
1731 5218 1804 5273 sit
1850 5218 2118 5275 viatorum

537 5296 607 5352 ab
634 5296 699 5353 iis
724 5302 816 5369 qui
839 5305 1167 5363 transierunt
1217 5310 1526 5365 terminum.
1556 5311 1618 5367 Si
1673 5319 1851 5368 tamen
1899 5320 2119 5368 contra-

537 5384 681 5441 rium
721 5388 900 5459 iaciat,
932 5393 987 5449 id
1009 5396 1165 5452 estsi
1194 5388 1304 5456 non
1327 5400 1418 5456 dat
1447 5401 1527 5456 eis
1575 5400 1965 5473 indulgentiam
1994 5417 2119 5471 pec-

540 5488 780 5538 caturum
808 5484 1104 5546 laborando
1128 5506 1227 5561 pro
1265 5494 1489 5563 viribus,
1523 5496 1665 5563 quod
1688 5496 1830 5565 apud
1869 5496 2121 5553 doctores

537 5568 759 5628 dubium
786 5584 840 5630 et
866 5577 1125 5637 iuuenum
1176 5594 1279 5651 est,
1312 5600 1646 5657 nequaquam
1672 5587 1946 5655 injustitite
1970 5588 2121 5657 arsui

544 5676 748 5729 posset.
786 5685 805 5720 ι
833 5667 994 5726 Vides
1022 5676 1196 5742 primo
1221 5678 1401 5733 dicere
1428 5695 1489 5735 se
1538 5680 1883 5750 probabiliter
1910 5682 2012 5737 hoc
2042 5692 2121 5737 te-

541 5771 690 5813 nere.
723 5759 886 5819 Vides
916 5769 1152 5826 secundo
1174 5772 1410 5829 Adriano
1459 5785 1595 5833 teste
1618 5778 1841 5833 dubium
1868 5788 1925 5833 et
1950 5780 2122 5835 incer-

543 5859 653 5905 tum
676 5867 795 5911 esse
823 5856 951 5915 illud
983 5862 1335 5935 principium:
1367 5865 1606 5924 Facienti
1648 5873 1784 5939 quod
1813 5872 1868 5924 in
1920 5888 1973 5925 se
2024 5879 2119 5943 est:

2233 4759 2504 4814 nolentem
2534 4756 2715 4820 trahit,
2746 4756 2836 4824 qui
2858 4754 3032 4808 multis
3055 4753 3205 4817 locis,
3237 4751 3436 4821 inquit,
3468 4753 3594 4806 satis
3630 4751 3817 4804 indicat

2232 4852 2444 4907 liberam
2462 4865 2569 4905 esse
2588 4849 2651 4903 ab
2675 4846 2966 4918 Augustino
2994 4845 3251 4900 interdum
3271 4842 3571 4899 discedendi
3601 4842 3812 4912 capiam.

2236 4945 2369 5000 Dein
2408 4944 2558 5013 plura
2608 4939 2865 4996 Vallosilli
2900 4938 3202 4993 testimonia
3248 4934 3520 5005 producit,
3554 4934 3609 4989 in
3630 4931 3815 5001 quibus

2236 5046 2413 5093 tamen
2442 5035 2528 5091 hic
2567 5034 2705 5090 adeo
2754 5040 3063 5090 eonsranter
3091 5044 3213 5086 cum
3262 5030 3570 5098 Augustino
3595 5038 3730 5083 stare
3754 5040 3815 5081 se

2232 5131 2533 5199 profitetur,
2566 5135 2623 5182 ut
2646 5140 2854 5181 mecum
2886 5139 3017 5180 sane
3061 5123 3151 5178 illa
3176 5129 3453 5191 reputans,
3485 5121 3539 5175 in
3560 5135 3674 5178 eam
3696 5120 3811 5188 opi-

2228 5223 2444 5278 nionem
2472 5220 2685 5285 abeam,
2708 5217 2997 5275 alienisilla
3027 5216 3198 5271 oculis
3215 5218 3487 5271 Annatum
3510 5214 3811 5269 lectitasse:

2228 5314 2395 5385 pudet
2419 5298 2577 5369 enim.
2594 5326 2657 5367 ac
2690 5310 2837 5381 piget
2854 5309 2924 5364 de
2945 5308 3061 5363 viro
3109 5306 3245 5362 tanti
3297 5306 3439 5362 inter
3489 5306 3816 5361 recentiores

2230 5405 2463 5461 nominis
2490 5403 2626 5459 adeo
2653 5402 2919 5472 palmares
2955 5397 3364 5453 allucinationes
3388 5398 3521 5467 (non
3550 5397 3681 5450 enim
3710 5395 3815 5448 im-

2230 5507 2480 5569 posturas
2527 5494 2730 5563 dicam)
2776 5492 3058 5561 suspicari.
3116 5489 3311 5544 Verum
3362 5488 3555 5545 eadem
3606 5486 3810 5555 objecta

2227 5591 2600 5647 excutiamus:
2632 5607 2653 5640 ι
2692 5586 2868 5642 Multis
2896 5584 3052 5648 locis,
3076 5583 3173 5649 ait,
3205 5582 3338 5637 satis
3368 5581 3567 5636 indicat
3588 5578 3810 5633 liberam

2223 5700 2345 5741 esse
2374 5686 2442 5738 ab
2472 5682 2770 5754 Augustino
2815 5678 3082 5739 interdum
3134 5674 3449 5731 discedendi
3488 5673 3714 5741 copiam,
3752 5680 3813 5724 ut

2224 5778 2449 5848 quaesito
2482 5778 2550 5831 15
2587 5774 2640 5829 in
2673 5784 2875 5828 tomum
2900 5772 2943 5827 ll
3005 5766 3398 5840 Chrysustomi,
3447 5765 3566 5820 dum
3611 5760 3814 5832 quaerit

2226 5886 2444 5928 causam
2472 5866 2958 5943 prmdestinationis
3007 5874 3064 5922 et
3115 5860 3531 5934 reprobationis.
3564 5876 3583 5909 ι
3611 5856 3682 5910 At
3707 5868 3814 5909 cur
