3962 6346
223 338 331 395 768

1390 338 1714 395 VINDlCIAE
1756 336 2318 399 AUGUSTINIANE.

2890 261 3007 281 ’ἢ

3378 336 3484 396 πε

229 450 495 509 Vallosilli
537 450 701 507 verba
748 457 939 507 contra
966 449 1322 520 Augustinum
1371 463 1479 505 non
1525 449 1803 521 producis,
1825 472 1884 537 Δ
1909 450 2073 507 tionis
2092 462 2221 504 vera
2245 449 2453 504 ratione
2476 448 2736 522 attigisse,
2767 463 2888 521 quae
2913 448 3267 520 Augustinum
3290 463 3355 506 ac
3372 430 3481 507 car-

218 546 366 621 quod
388 556 702 602 cancrorum
717 543 1024 601 testimonia
1045 542 1286 601 referens
1305 542 1638 614 prastitisti?
1661 543 1801 600 Sane

217 642 345 713 quia
371 638 519 696 nulla
541 647 703 705 sunt;
737 636 897 695 debui
932 637 1133 704 dicere,
1164 636 1433 693 contraria
1487 647 1611 692 sunt
1640 654 1653 689 :
1688 646 1801 693 ete-

219 732 333 789 nim
357 731 493 787 adeo
527 728 799 785 mordicus
847 727 1248 801 Augustiuianae
1276 727 1560 783 sententiae
1591 726 1658 783 de
1679 741 1801 798 gra-

215 825 351 880 tuita
401 820 873 893 praedestinatione
921 819 1198 885 adhaeret,
1250 828 1307 873 ut
1356 818 1558 874 ibidem
1618 818 1797 874 dicat:

218 935 240 970 ι
268 916 466 986 Opinio
489 914 763 971 contraria
784 930 891 970 non
913 922 997 970 est
1011 913 1323 983 probabilis,
1348 912 1473 971 licet
1493 928 1599 969 non
1630 914 1799 970 haere-

198 1008 342 1079 tica,
364 1015 421 1064 et
444 1008 620 1063 nullus
648 1021 765 1063 eam
784 1005 1011 1065 deberet
1036 1020 1285 1062 asserere
1320 1004 1374 1061 in
1400 1005 1600 1062 scholis
1625 1020 1800 1076 neque

208 1099 362 1155 alibi.
404 1117 433 1155 »Α
460 1099 527 1155 Et
556 1098 697 1154 hunc
729 1097 862 1153 dicis
890 1096 946 1153 in
977 1096 1340 1167 disputatione
1361 1096 1429 1151 de
1452 1096 1798 1167 praedestina-

207 1193 361 1248 tione
390 1192 564 1248 iacere
590 1190 803 1247 liberam
829 1192 893 1246 ab
921 1191 1205 1260 Augustino
1235 1191 1531 1245 discedendi
1562 1191 1800 1262 capiam?

207 1284 419 1341 Rursus
450 1285 667 1356 ibidem,
714 1300 907 1356 nempe
955 1285 1254 1355 quaestione
1305 1284 1395 1351 15,
1422 1280 1797 1355 Chrysostomi

202 1364 532 1434 testimoniis
561 1376 865 1448 explicatis,
910 1376 1061 1434 addit
1091 1394 1105 1435 :
1135 1396 1154 1429 ι
1185 1377 1516 1449 Augustinus
1567 1387 1797 1448 patrono

204 1485 319 1526 non
345 1455 550 1542 indiget
572 1486 588 1538 ;
612 1484 737 1526 nam
759 1485 878 1526 cum
910 1470 1056 1539 prius
1078 1469 1199 1526 huic
1222 1469 1459 1540 dagmati
1487 1476 1796 1525 constanter

206 1566 554 1635 adhatsisset,
586 1581 646 1624 re
673 1575 853 1623 tamen
885 1566 1197 1636 diligentius
1246 1573 1552 1637 perspecta,
1578 1565 1793 1635 opinio-

202 1673 336 1714 nem
354 1653 496 1714 locis
518 1657 815 1714 innumeris
862 1658 1195 1731 retractavit,
1230 1677 1250 1711 ι
1281 1672 1472 1727 nempe
1500 1658 1667 1713 Deum
1701 1657 1796 1713 ho-

202 1750 383 1805 mines
407 1751 791 1820 praedeStinare
824 1765 889 1806 ex
919 1751 1162 1823 praevisis
1197 1750 1404 1806 meritis
1426 1750 1549 1807 fidei
1578 1760 1795 1806 natura-

198 1839 293 1896 lis.
326 1841 486 1897 Addit
516 1841 854 1899 adversarius
889 1860 901 1896 :
936 1860 954 1896 ‹
1021 1843 1085 1897 Ει
1113 1844 1337 1914 (ιωεεὶιο
1364 1844 1433 1899 18
1462 1844 1516 1899 in
1567 1851 1693 1898 tom.
1724 1842 1790 1898 lli

201 1934 383 1989 sancti
414 1935 724 2006 Augustini,
754 1934 843 1991 ubi
871 1935 1108 2006 disputat
1131 1951 1195 1990 an
1226 1937 1431 2006 possint
1476 1937 1595 1992 alia:
1624 1937 1790 1992 virtu-

196 2033 285 2081 tes
310 2040 429 2082 esse
462 2026 579 2083 sine
632 2027 771 2099 ﬁde,
804 2036 858 2082 et
912 2027 991 2083 sic
1041 2027 1296 2100 loquitur,
1346 2041 1447 2086 etc.
1474 2029 1591 2085 Non
1647 2031 1790 2087 enim

194 2132 425 2179 sanctus
455 2122 688 2180 Thomas
719 2126 989 2180 consentit
1017 2140 1137 2181 cum
1159 2126 1418 2199 Gregorio
1438 2128 1787 2195 Arimineusi,

198 2228 381 2284 neque
413 2228 534 2269 cum
558 2216 621 2270 Β.
658 2216 980 2285 Augustino,
1013 2216 1154 2288 quod
1190 2232 1378 2274 omnes
1427 2227 1579 2275 actus
1603 2219 1792 2276 infide-

195 2302 334 2359 lium
379 2305 488 2360 sint
527 2314 768 2376 peccata.
810 2325 830 2361 ι
862 2306 1272 2378 RcSpoudemus
1320 2309 1648 2367 Vallosiiium
1675 2311 1791 2368 haec

197 2395 406 2452 dixisse
435 2412 501 2454 ex
527 2398 756 2455 aliorum
802 2401 1065 2456 sententia
1115 2401 1324 2458 calamo
1370 2404 1435 2458 ad
1464 2404 1568 2459 alia
1600 2420 1791 2475 prope-

194 2498 396 2558 rante;
437 2506 560 2546 nam
600 2493 823 2563 quaesito
870 2492 942 2548 22
988 2494 1040 2549 in
1086 2494 1151 2550 D.
1198 2495 1677 2562 Ambrosium,ubi
1720 2512 1787 2556 ex

195 2582 451 2649 professo
480 2585 831 2653 quazstionem
856 2586 998 2641 illam
1022 2587 1208 2657 agitat,
1240 2597 1293 2644 et
1313 2592 1380 2644 ad
1425 2606 1582 2661 quam
1609 2608 1669 2649 se
1697 2608 1788 2649 re-

194 2673 308 2729 fert
333 2682 463 2730 tom.
490 2674 578 2730 VII
596 2678 876 2747 Augustini
893 2679 1128 2748 quaesitis
1162 2680 1229 2737 i8
1244 2690 1298 2736 et
1315 2682 1400 2751 19,
1422 2693 1476 2738 et
1498 2692 1627 2739 tom.
1648 2685 1784 2755 Vill,

194 2766 428 2835 quaesito
448 2769 512 2835 '5,
541 2777 594 2823 et
618 2769 769 2840 alibi,
800 2781 982 2841 aperte
1004 2770 1031 2843 §
1054 2771 1134 2824 Ad
1179 2783 1475 2845 argumenta
1524 2774 1783 2848 Gregorii,

195 2859 252 2914 in
286 2860 640 2929 responsione
668 2862 734 2917 ad
759 2864 814 2930 4,
845 2862 1005 2918 tradit
1025 2872 1266 2919 sanctum
1292 2868 1648 2937 Augustinum
1678 2884 1786 2927 non

194 2950 343 3007 idem
372 2954 608 3010 sensisse
637 2968 758 3009 cum
789 2954 1051 3027 Gregorio
1078 2957 1402 3013 Ariminensi
1430 2959 1497 3015 de
1525 2962 1777 3030 operibus

194 3043 518 3100 infidelium.
553 3046 619 3101 Et
646 3045 697 3101 in
720 3056 851 3103 tom.
873 3048 959 3115 lli,
989 3049 1216 3119 quaesito
1241 3049 1328 3117 l8,
1371 3052 1557 3109 scribit
1581 3051 1647 3108 de
1670 3052 1784 3108 vir-

191 3136 405 3191 tutibus
441 3136 738 3192 infidelium
767 3150 1010 3194 sanctum
1045 3139 1402 3211 Augustinum
1431 3144 1648 3199 sensisse
1670 3162 1784 3201 cum

190 3237 377 3282 sancto
391 3228 608 3325 Tuoma.
642 3228 711 3285 Et
738 3239 867 3286 tom.
897 3228 1030 3295 Vili,
1053 3231 1278 3325 quaesito
1298 3233 1367 3325 5,,
1389 3234 1464 3289 ait
1506 3234 1573 3291 de
1593 3236 1783 3292 eodem
1811 3256 1861 3325 ο

192 3333 388 3375 sancto
418 3321 657 3387 doctore,
694 3337 938 3393 quterens
961 3337 1027 3377 an
1076 3323 1254 3379 omnia
1287 3323 1580 3380 inﬁdelium
1620 3341 1783 3398 opera

193 3410 309 3464 sint
343 3422 565 3481 peccata
599 3430 611 3466 :
652 3432 671 3466 ί
705 3413 772 3469 Ει
802 3414 873 3469 ita
903 3415 955 3469 in
984 3430 1041 3470 re
1081 3415 1335 3471 convenit
1353 3431 1474 3471 cum
1512 3420 1784 3477 communi

190 3515 357 3557 sensu
406 3502 684 3571 Ecclesiae,
718 3514 772 3560 et
815 3521 936 3562 cum
958 3506 1201 3565 doctrina
1230 3506 1508 3563 doctorum
1538 3509 1782 3566 scholas-

189 3594 448 3651 ticorum.
488 3615 509 3649 ι
541 3595 608 3652 Ει
644 3597 761 3654 haec
798 3606 881 3654 cst
919 3598 1178 3654 Vailosilii
1219 3599 1288 3654 de
1318 3603 1613 3671 Augustino
1655 3618 1782 3660 sen-

190 3685 380 3740 tentia.

257 3778 447 3848 Pergit
470 3780 752 3836 Annatus:
791 3800 811 3834 ε
849 3782 915 3838 Et
952 3784 1177 3853 quaesito
1200 3784 1293 3855 25,
1320 3786 1373 3841 in
1425 3794 1557 3843 tom.
1583 3787 1650 3842 ill
1673 3789 1782 3844 Au-

184 3870 417 3941 gustini,
448 3871 540 3927 ubi
561 3872 833 3929 concludit
860 3873 1109 3931 timorem
1141 3880 1390 3933 servilem
1426 3890 1533 3933 tum
1558 3880 1777 3952 bonum,

187 3969 305 4015 tum
337 3962 677 4017 meritorium
705 3978 848 4032 esse,
878 3969 1122 4036 quamvis
1162 3969 1490 4037 Augustinus
1536 3970 1780 4026 videatur

186 4049 259 4106 illi
288 4051 436 4107 aliud
467 4054 720 4119 sensisse,
750 4054 802 4109 in
826 4072 930 4125 quo
981 4057 1120 4113 forte
1176 4060 1477 4115 Vallosillus
1521 4059 1779 4130 deceptus

184 4151 287 4199 est.
329 4164 348 4197 ι
383 4144 494 4202 Sed
546 4146 756 4216 appello
785 4147 971 4205 oculos
1033 4150 1314 4218 lectorum,
1340 4151 1474 4207 nihil
1506 4154 1647 4207 enim
1704 4153 1779 4209 ibi

186 4238 262 4292 ait
293 4236 364 4293 de
396 4239 716 4308 Augustino,
744 4249 802 4294 ut
842 4240 993 4313 fingit
1049 4244 1336 4311 Armatus;
1368 4247 1422 4300 in
1472 4246 1577 4301 line
1602 4256 1779 4303 tamen

189 4330 405 4400 quaesiti
421 4330 658 4399 ejusdem
680 4333 855 4388 sancti
877 4333 1114 4391 doctoris
1140 4336 1339 4392 dictum
1374 4339 1776 4408 interpretatur,

186 4436 289 4477 nec
318 4422 530 4491 uspiam
554 4423 741 4479 scribit
767 4424 869 4481 sibi
903 4426 1071 4481 videri
1096 4428 1452 4497 Augustinum
1477 4431 1777 4486 asseruisse

184 4511 438 4567 timorem
466 4514 717 4570 servilem
750 4531 855 4570 non
879 4530 999 4572 esse
1044 4517 1275 4584 bonum;
1305 4518 1444 4574 unde
1468 4519 1559 4576 ille
1588 4535 1777 4575 recen-

186 4605 293 4660 tior
317 4620 424 4661 non
443 4605 614 4661 solum
634 4609 686 4663 in
715 4616 956 4663 sanctum
976 4608 1326 4679 Augustinum
1350 4610 1637 4680 injuriosus
1666 4620 1770 4680 est,
1800 4636 1855 4697 Ι)

185 4709 378 4751 verum
411 4696 574 4752 etiam
616 4699 668 4753 in
700 4700 876 4769 ipsum
904 4699 1276 4772 Valiosillum,
1306 4718 1463 4773 quem
1509 4704 1773 4776 deceptum

185 4786 335 4853 dicit,
360 4802 425 4843 ea
449 4788 519 4844 de
546 4790 843 4861 Augustino
880 4793 1299 4865 pronuntiando,
1328 4810 1447 4862 quae
1501 4812 1568 4852 ne
1616 4811 1766 4852 som-

186 4884 357 4939 niavit
400 4884 639 4953 quidem.
670 4884 831 4941 Addit
858 4895 1047 4955 quarto
1082 4906 1095 4942 :
1136 4905 1153 4938 t
1187 4886 1252 4940 Et
1303 4887 1527 4957 quaesito
1577 4888 1664 4953 10,
1716 4888 1771 4945 in

184 4984 318 5033 tom.
346 4975 420 5043 X,
445 4976 537 5033 ubi
561 4976 690 5033 dicit
714 4978 997 5049 Augustini
1019 4980 1338 5035 sententiam
1368 4980 1437 5035 de
1492 4995 1654 5036 causa
1678 4996 1769 5037 re-

182 5070 518 5140 probationis
552 5069 886 5141 diSpiicuisse
917 5072 1185 5142 plerisque
1214 5080 1451 5127 veterum
1475 5071 1712 5128 Patrum.
1744 5091 1766 5125 ι

186 5167 366 5232 Bene;
405 5174 459 5221 at
484 5166 664 5221 statim
696 5166 911 5236 quinam
942 5166 1142 5222 fuerint
1179 5166 1255 5220 illi
1276 5166 1458 5223 Patres
1480 5167 1765 5238 signiﬁcat,

182 5273 379 5329 nempe
408 5258 757 5314 Massilienses
792 5268 838 5312 et
869 5256 1099 5312 Faustus
1133 5256 1391 5326 Reiensis.
1423 5256 1551 5314 litae
1583 5267 1765 5313 tamen

181 5354 329 5409 siluit
358 5354 628 5420 Armatus,
656 5349 873 5408 videbat
897 5352 1038 5407 enim
1069 5351 1188 5406 illos
1221 5349 1409 5405 Patres
1437 5364 1559 5405 esse
1591 5340 1766 5407 Semi-

182 5446 594 5516 Pelagiauorum
652 5447 967 5518 magistros,
1018 5446 1119 5502 hoc
1166 5454 1248 5501 est
1297 5444 1498 5501 nullius
1544 5460 1764 5515 prorsus

179 5538 540 5594 auctoritatis.
578 5538 745 5594 Porro
801 5536 998 5594 ibidem
1032 5536 1340 5593 Vallosiiius
1388 5537 1627 5593 confutat
1655 5538 1761 5593 Ca-

182 5631 455 5686 tharinum
490 5631 663 5687 sancti
690 5631 969 5703 Augusrini
1011 5631 1331 5686 sententiam
1364 5632 1762 5703 reprehenden-

187 5734 318 5791 tem,
351 5736 404 5779 et
429 5724 699 5780 concludit
731 5741 743 5777 :
778 5742 795 5775 ι
828 5724 943 5778 Non
969 5738 1095 5794 ergo
1124 5733 1203 5779 est
1234 5739 1329 5779 cur
1357 5724 1678 5781 Catharinus
1706 5725 1760 5781 in

182 5817 471 5889 proloquio
491 5814 571 5872 sui
604 5816 770 5873 libelli
800 5816 1007 5872 diceret
1026 5830 1084 5872 se
1110 5825 1361 5887 punctum
1409 5817 1758 5888 praedestina-

1907 548 2051 596 teros
2079 549 2237 595 antea
2257 536 2443 593 Patres
2470 539 2640 595 celata
2676 554 2889 612 semper
2928 539 3139 597 fuisset.
3170 557 3191 592 ι
3244 539 3481 596 Tandem

1901 635 1981 691 sic
2035 631 2313 690 concludit
2345 650 2359 687 :
2394 650 2413 685 ‹
2460 631 2529 688 Et
2577 636 2804 705 quaesito
2864 635 2957 703 50,
2982 634 3039 692 in
3092 643 3225 692 tom.
3253 634 3345 705 ιγ,
3389 634 3482 691 ubi

1900 728 2305 798 responsionem
2330 723 2401 784 ad
2422 729 2722 800 oppositam
2746 726 2849 782 sibi
2879 727 3248 784 auctoritatem
3277 730 3482 797 Augus-

1902 819 2073 875 tiniin
2109 834 2175 877 ea
2208 822 2505 890 quaestione
2535 836 2661 876 num
2692 820 2853 875 liceat
2907 818 3063 875 uxori
3110 818 3179 876 de
3216 834 3481 877 consensu

1899 911 2081 966 mariti
2110 910 2386 980 fornicari,
2440 911 2517 967 sic
2562 911 2874 968 exorditur:
2925 909 3035 969 Pro
3080 910 3146 966 Β.
3198 912 3482 983 Augustino

1900 1006 2261 1077 respondemus
2293 1006 2429 1078 quod
2448 1005 2573 1077 quid
2603 1006 2886 1060 secundum
2919 1006 3181 1059 veritatem
3210 1007 3481 1060 tenendum

1899 1097 1987 1163 sit,
2020 1098 2363 1167 deﬁnivimus.
2402 1116 2422 1151 ›
2451 1098 2529 1153 Ita
2558 1106 2862 1155 truncatum
2906 1097 3273 1154 testimonium
3307 1099 3481 1155 Vallo‘

1900 1188 2005 1243 silli
2034 1191 2198 1246 refert
2231 1192 2495 1261 Annatus,
2528 1199 2586 1247 ut
2618 1198 2834 1262 putetur
2878 1193 3026 1260 parvi
3057 1190 3237 1246 habita
3272 1193 3479 1263 Augus»

1902 1281 1998 1337 tini
2019 1285 2349 1352 auctoritas;
2382 1300 2505 1342 nam
2534 1285 2625 1342 ille
2656 1285 2887 1355 scriptor
2928 1286 3110 1341 statim
3141 1285 3288 1341 addit
3316 1304 3328 1339 :
3362 1304 3381 1338 ι
3414 1285 3481 1344 Et

1899 1377 2019 1448 ipse
2049 1386 2252 1436 tantum
2276 1382 2555 1450 proposuit
2600 1380 2948 1452 quaestionem
2992 1395 3061 1435 an
3082 1380 3137 1435 in
3194 1395 3320 1437 casu
3346 1395 3480 1437 uxor

1900 1471 2069 1542 possit
2099 1471 2242 1527 licite
2288 1471 2559 1541 fornicari,
2609 1473 2903 1531 accedente
2946 1487 3213 1530 consensu
3270 1474 3394 1542 viri,
3426 1476 3480 1531 in

1899 1580 2006 1637 quo
2034 1580 2197 1623 sensu
2220 1565 2471 1624 doctores
2499 1567 2815 1623 scholastici
2863 1568 3214 1638 quaestionem
3242 1581 3348 1622 non
3374 1566 3479 1623 ἀίει

1898 1665 2109 1727 putant.
2148 1676 2167 1712 ι
2206 1657 2397 1714 Postea
2420 1658 2576 1714 aliam
2599 1660 3009 1729 explicationem
3033 1659 3267 1715 annectit
3292 1676 3306 1713 :
3338 1676 3356 1713 ‹
3380 1658 3481 1715 Se~
3579 1682 3583 1696 υ

1899 1750 2076 1804 eundo
2104 1750 2336 1806 dicimus
2356 1752 2419 1807 Β.
2459 1751 2812 1822 Augustinum
2846 1766 3029 1809 casum
3046 1765 3161 1809 non
3210 1751 3481 1819 deﬁnisse,

1904 1840 2047 1911 quod
2078 1857 2145 1896 ex
2174 1841 2351 1897 verbis
2378 1841 2497 1911 ejus
2526 1851 2773 1909 constat;
2808 1851 3089 1915 postquam
3122 1844 3266 1899 enim
3298 1857 3481 1900 casum

1895 1934 2195 2003 proposuit,
2232 1935 2496 1991 conclusit
2532 1935 2611 1991 sic
2640 1950 2887 1993 asserens
2922 1954 2934 1988 :
2966 1936 3118 1991 Nihil
3145 1938 3227 1991 hic
3252 1936 3306 1990 in
3346 1936 3479 1992 alle-

1893 2041 2004 2079 ram
2032 2034 2230 2096 partem
2251 2026 2478 2095 disputo,
2506 2027 2651 2082 liceat
2669 2028 2848 2097 cuique
2870 2026 3156 2083 existimare
3177 2029 3314 2098 quod
3336 2028 3478 2094 velit,

1892 2123 2002 2171 etc.
2034 2115 2107 2171 Ex
2139 2129 2242 2186 qua
2266 2116 2441 2172 littera
2494 2125 2705 2172 constat
2748 2118 2889 2187 quod
2933 2132 3055 2172 cum
3094 2117 3254 2184 dicat,
3305 2117 3480 2171 Liceat

1892 2206 2073 2275 cuique
2100 2206 2393 2261 existimare
2421 2207 2556 2278 quod
2584 2208 2721 2272 velit,
2751 2207 2893 2277 quod
2915 2207 3128 2263 definite
3176 2206 3309 2262 nihil
3334 2221 3478 2264 asse-

1890 2300 2020 2363 ruit,
2052 2297 2149 2353 sed
2180 2298 2419 2369 opinioni
2460 2309 2515 2355 et
2558 2298 2757 2367 judicio
2785 2299 3012 2355 aliorum
3066 2299 3480 2355 existimandum

1891 2389 2131 2461 reliquit.
2164 2408 2184 2442 ι
2219 2390 2345 2446 Haec
2384 2390 2731 2448 doctissimus
2759 2392 2851 2448 ille
2878 2393 3181 2464 episcopus,
3208 2392 3299 2463 qui
3329 2407 3478 2447 sum-

1890 2500 1980 2543 ma
2012 2485 2287 2558 diligentia
2316 2494 2477 2558 atque
2498 2488 2698 2558 ingenti
2726 2487 2910 2545 labore
2937 2502 3268 2561 quascunque
3314 2488 3478 2544 dubia

1891 2578 1949 2636 in
1984 2579 2243 2635 universis
2279 2580 2451 2635 sancti
2490 2580 2773 2652 Augustini
2804 2579 3165 2636 voluminibus
3191 2593 3475 2636 occurrere

1894 2678 2161 2741 poterant,
2185 2671 2464 2742 explicuit,
2484 2686 2753 2742 unumque
2770 2672 3066 2743 praesertim
3089 2671 3477 2728 ostendendum

1890 2760 1995 2816 sibi
2024 2763 2320 2833 proposuit,
2345 2763 2419 2820 nil
2445 2762 2563 2819 falsi
2584 2762 2780 2820 alicubi
2801 2762 2868 2820 ab
2897 2763 3191 2836 Augustino
3211 2772 3475 2819 assertum

1891 2853 2079 2912 fuisse.
2102 2856 2277 2923 Quare
2299 2856 2419 2928 quis
2445 2873 2552 2913 non
2600 2872 2743 2929 aegre
2791 2859 2929 2915 ferat
2980 2867 3036 2913 et
3082 2857 3293 2927 acerbe,
3333 2856 3476 2913 hunc

1889 2948 2322 3005 Strenuissimum
2364 2950 2534 3007 sancti
2598 2949 2835 3007 doctoris
2897 2949 3234 3007 defensorem
3290 2957 3476 3005 contra

1889 3045 2142 3102 eumdem
2201 3045 2269 3103 ad
2300 3046 2532 3103 tribunal
2579 3046 2795 3103 obtorto
2850 3047 2990 3106 collo
3018 3062 3051 3101 a
3089 3044 3475 3103 recentioribus

1889 3139 2053 3206 trahi,
2085 3139 2204 3196 ﬁeri
2227 3140 2375 3195 illum
2405 3140 2756 3211 ipsorummet
2794 3154 2890 3197 ore
2913 3155 2975 3198 ea
3020 3140 3324 3211 loquentem
3353 3153 3476 3208 quae

1891 3249 1998 3290 non
2025 3235 2186 3289 modo
2211 3248 2319 3290 non
2346 3234 2499 3300 dixit,
2550 3234 2644 3289 sed
2673 3248 2793 3304 quae
2821 3233 2890 3290 ab
2918 3234 3198 3305 Augustini
3224 3230 3474 3289 sensibus

1892 3326 2077 3396 procul
2099 3325 2293 3381 abesse
2325 3324 2654 3381 solidissime
2680 3322 3108 3380 demonstravit?

1888 3437 2077 3509 §VIIL
2142 3437 2406 3511 Viguerii,
2449 3437 2564 3493 Soli
2582 3478 2609 3511 ,Α
2641 3436 2837 3503 Fabri,
2886 3437 3136 3494 Herculii
3181 3436 3474 3492 testimonia

2556 3509 2804 3566 discussa.

1960 3601 2314 3660 Decentiores
2336 3644 2352 3670 ,
2381 3603 2510 3659 licet
2539 3602 2590 3658 in
2620 3604 2884 3675 superiori
2914 3604 3127 3660 testium
3153 3604 3473 3676 repetitione

1885 3696 2115 3750 convicti
2161 3696 2304 3764 sint,
2350 3710 2445 3750 ora
2476 3704 2653 3751 tamen
2693 3696 2932 3766 judicum
2963 3696 3242 3766 aspicere,
3271 3694 3471 3753 nedum

1884 3797 1982 3837 sua
2009 3784 2202 3839 iterum
2228 3794 2416 3839 contra
2446 3785 2801 3855 Augustinum
2846 3785 3057 3857 aperire
3099 3801 3208 3843 non
3250 3784 3471 3841 erubes-

1884 3886 2011 3933 cunt
2035 3918 2049 3944 ,
2076 3877 2183 3932 imo
2208 3892 2376 3933 novos
2396 3887 2581 3933 contra
2604 3887 2847 3934 sanctum
2880 3878 3151 3934 doctorem
3181 3886 3342 3934 testes
3369 3877 3471 3934 ad-

1882 3970 2125 4039 ducunt,
2158 3970 2231 4026 ita
2280 3980 2336 4024 ut
2367 3970 2415 4025 si
2447 3972 2662 4027 testium
2707 3986 2930 4028 numero
2956 3971 3269 4028 certandum
3306 3970 3467 4038 foret,

1885 4059 2175 4115 verendum
2222 4069 2366 4117 esset
2404 4076 2472 4116 ne
2518 4061 2729 4117 illorum
2762 4059 3102 4119 multitudine
3142 4060 3471 4133 Augustinus

1881 4150 2229 4218 obrueretur;
2276 4150 2370 4206 sed
2400 4166 2460 4207 re
2490 4150 2645 4207 nobis
2685 4151 2961 4223 hucusque
3010 4150 3239 4208 feliciter
3283 4164 3471 4207 succe-

1882 4243 2041 4298 dente
2068 4241 2423 4298 animosiores
2447 4240 2595 4308 facti,
2626 4241 2692 4297 ad
2720 4242 3049 4313 reliquorum
3092 4241 3306 4299 testium
3334 4255 3467 4296 exa-

1881 4348 2003 4389 men
2035 4331 2365 4389 accedimus.

1950 4425 2187 4481 Joannes
2231 4425 2518 4498 Viguerius
2562 4440 2683 4497 pag.
2716 4423 2822 4482 872
2853 4426 3180 4493 nominatur,
3212 4425 3351 4496 quod
3381 4425 3407 4499 ὅ
3432 4424 3467 4480 ϐ

1878 4515 1945 4571 de
1972 4514 2201 4571 Peccato
2230 4516 2477 4588 originali
2506 4516 2621 4572 haec
2651 4516 2907 4586 scripsit,:
2943 4537 2963 4572 ‹
2990 4517 3255 4575 Praeterea
3285 4518 3338 4572 in
3366 4516 3471 4573 hoc

1878 4623 1987 4663 non
2034 4616 2249 4665 tenetur
2276 4608 2343 4664 D.
2372 4608 2718 4679 Augustinus.
2752 4610 2904 4667 Unde
2926 4608 3308 4666 Gennadiusde
3326 4607 3467 4666 Viris

1879 4699 2178 4756 illustribus
2221 4700 2287 4755 de
2315 4700 2503 4756 eodem
2548 4701 2844 4771 Augustino
2884 4702 3117 4772 loquens
3162 4701 3279 4754 ait:
3323 4698 3464 4754 Licet
3526 4734 3531 4735 κ

1879 4793 2049 4845 minus
2095 4792 2367 4864 capacibus
2425 4792 2794 4846 dubitationem
2837 4793 2899 4846 de
2960 4792 3202 4845 abortivis
3249 4791 3461 4862 fecerit,

1876 4902 2021 4940 error
2073 4895 2240 4939 tamen
2288 4885 2448 4952 illius,
2495 4896 2549 4939 ut
2578 4888 2811 4955 superius
2863 4885 2993 4953 dixi,
3028 4884 3186 4937 mullo
3233 4899 3464 4939 sermone

1877 4985 2188 5041 contractus,
2209 4976 2347 5029 lucta
2376 4975 2604 5030 hostium
2630 4984 2984 5046 exaggeratus,
3014 4974 3228 5028 necdum
3256 4972 3462 5029 hwresis

1877 5068 2390 5141 quwslionemdedil.
2427 5069 2531 5126 Per
2557 5086 2676 5141 qum
2720 5067 2883 5124 verba
2912 5067 3002 5122 dat
3048 5067 3347 5138 intelligere
3392 5066 3460 5124 D.

1879 5162 2233 5235 Augustinum
2261 5163 2313 5217 in
2342 5163 2442 5220 hac
2470 5163 2718 5233 opinione
2748 5175 2977 5227 errasse,
3024 5160 3120 5215 sed
3144 5160 3315 5231 ipsum
3342 5159 3457 5215 haz-

1875 5258 2099 5313 reticum
2132 5272 2237 5311 non
2280 5256 2465 5325 fuisse,
2499 5272 2564 5312 eo
2592 5256 2734 5327 quod
2766 5271 2873 5311 non
2916 5255 3014 5310 fuit
3058 5254 3321 5325 pertinax,
3349 5254 3459 5311 imo

1873 5350 2181 5405 retractavit
2220 5348 2273 5407 in
2305 5349 2532 5421 epistola
2560 5348 2626 5403 ad
2674 5345 3018 5404 lulianum...
3048 5349 3318 5402 Praeterea
3357 5346 3457 5402 de-

1870 5441 2083 5498 cretalis
2111 5442 2358 5512 Majores,
2394 5441 2457 5497 de
2477 5439 2762 5509 Baptismo,
2790 5426 2845 5495 in
2875 5454 2981 5511 qua
3010 5448 3093 5496 est
3121 5438 3456 5494 determina-

1870 5544 1980 5590 tum
2029 5550 2122 5591 eos
2172 5550 2274 5589 non
2335 5536 2440 5605 pati
2485 5549 2692 5602 poenam
2722 5547 2942 5600 sensus,
2976 5544 3216 5603 tempore
3242 5532 3305 5586 D.
3337 5529 3452 5584 Au-

1870 5630 2068 5702 gustini
2098 5630 2330 5686 nondum
2361 5628 2500 5683 edita
2548 5638 2682 5685 erat.
2724 5629 2857 5695 Quia
2907 5627 3048 5683 idem
3098 5623 3445 5696 Augustinus,

1872 5726 1959 5795 qui
2011 5739 2170 5794 supra
2220 5722 2433 5777 modum
2483 5722 2777 5778 Ecclesium
2808 5721 3181 5783 reverebatur,
3214 5717 3255 5772 si
3302 5714 3449 5769 edita

1873 5798 2074 5885 luisset,
2108 5816 2408 5887 oppositum
2457 5828 2559 5868 non
2592 5815 2833 5871 dixisset.
2871 5834 2889 5869 ι
2940 5814 3135 5869 Verum
3180 5808 3267 5864 hic
3294 5804 3447 5861 testis
