3962 6346
467 380 573 439 767

1320 371 1883 431 SUPPLEMENTUM
1927 372 2016 427 AD
2054 368 2291 427 OPERA
2329 369 2388 426 S.
2431 365 2828 425 AUGUSTINI.

3661 366 3772 423 768

468 480 671 559 nullam
700 493 838 566 apud
855 491 1063 564 iudices
1097 488 1257 545 ﬁdem
1288 496 1544 556 meretur,
1570 489 1709 559 quod
1733 503 1920 544 corum
1943 502 2061 558 qua:
2085 490 2140 549 Α
2166 499 2254 540 ses
2284 486 2661 552 communiter,
2693 498 2921 557 quorum
2950 482 3191 540 omnium
3222 482 3533 538 testimonia
3565 481 3773 538 indica-

467 592 599 652 dicit
617 603 835 661 prorsus
858 587 1085 641 inscium
1099 598 1159 639 se
1172 583 1433 653 propalat.
1450 582 1507 637 ln
1523 583 1709 652 primis
1723 581 2059 649 Gennadius,

470 701 589 755 cap.
619 683 687 739 58
712 680 779 737 de
799 678 1061 735 sententia
1105 677 1277 732 sancti
1318 676 1602 745 Augustini
1627 676 1695 733 de
1734 677 1910 746 poenis
1943 690 2063 745 par-

470 777 717 830 vulorum
740 774 858 828 sine
886 771 1153 840 baptismo
1176 768 1516 825 morientium
1549 784 1654 823 non
1687 769 1941 838 loquitur,
1967 767 2063 824 sed

467 869 535 923 de
565 866 961 921 resurrectione
990 877 1281 933 puerorum
1311 862 1365 916 in
1397 862 1563 917 uteris
1612 870 1843 916 matrum
1898 860 2063 917 dece-

466 957 731 1013 dentium.
762 954 895 1009 Nam
928 953 1263 1021 Gennadius,
1295 968 1420 1008 cum
1457 952 1680 1008 dixisset
1711 952 2063 1021 Augustinum
2096 1011 2100 1014 ,

471 1065 537 1104 ex
566 1046 908 1117 multiloquio
929 1045 1260 1112 errasse,ait
1284 1062 1296 1097 :
1327 1062 1347 1096 ι
1377 1044 1455 1099 De
1478 1044 1873 1099 resurrectione
1900 1044 2064 1117 etiam

468 1116 811 1197 mortuorum
848 1137 1011 1193 simili
1059 1136 1294 1191 cucurrit
1324 1134 1675 1200 sinceritate,
1707 1134 1837 1189 licet
1885 1116 2064 1189 minus

467 1233 759 1303 capacibus
786 1229 1176 1287 dubitationem
1224 1228 1294 1285 de
1321 1228 1579 1284 abortivis
1610 1227 1821 1283 fecerit.
1865 1223 2065 1282 Catho-

468 1326 601 1382 licus
630 1323 926 1396 permansit
951 1330 1154 1387 tamen,
1186 1329 1240 1378 et
1259 1335 1412 1376 error
1428 1320 1570 1376 illius
1597 1333 1850 1375 sermone
1872 1318 2061 1388 multo,

468 1430 530 1477 ut
557 1419 688 1488 disi,
717 1424 1029 1474 contractus
1053 1458 1068 1483 ,
1102 1415 1241 1471 lucta
1272 1414 1506 1470 hostium
1553 1420 1905 1483 exaggeratus
1934 1426 2062 1467 nec-

469 1514 597 1569 dum
654 1510 877 1565 lueresis
917 1508 1270 1578 quaestionem
1321 1505 1489 1562 dedit.
1521 1523 1539 1556 ι
1595 1504 1807 1559 Etenim
1847 1510 2064 1558 sanctus

470 1605 697 1671 doctor,
727 1604 823 1659 lib.
850 1617 959 1656 χιιι
1009 1600 1078 1655 de
1125 1599 1352 1655 Civitate
1374 1598 1491 1663 Dei,
1532 1596 1665 1667 'cap.
1718 1596 1807 1662 15,
1842 1594 2064 1649 dubium

470 1696 724 1769 prOponit
754 1712 823 1749 an
852 1694 1067 1748 abortivi
1096 1700 1274 1763 partus
1300 1691 1356 1744 in
1384 1691 1467 1745 die
1488 1689 1684 1761 judicii
1728 1686 2065 1742 resurrecturi

471 1793 593 1847 sint.
619 1791 797 1857 Quare
827 1786 1111 1857 Viguerius
1154 1784 1320 1841 verba
1349 1782 1613 1838 Gennadii
1663 1795 1763 1837 nec
1801 1780 2060 1851 percepit,

2170 582 2349 635 vimus
2377 595 2496 651 cap.
2521 582 2577 650 ὅ,
2611 581 2639 653 §
2668 582 2719 636 5.
2751 581 3021 648 Quantum
3046 592 3176 634 vero
3197 578 3359 636 Sotus
3384 576 3697 647 Augustino
3715 579 3771 633 in

2168 676 2619 745 disputationibus
2651 676 2717 731 de
2746 676 2917 747 gratia
2963 674 3251 740 detulerit,
3283 689 3349 729 ex
3391 688 3516 742 cap.
3551 671 3588 723 2
3628 673 3772 739 ejus—

2168 771 2290 827 dem
2330 771 2449 825 libri
2476 772 2766 855 colligitur,
2791 770 2882 826 ubi
2899 768 2973 824 ait
2999 784 3013 821 :
3043 787 3063 821 ι
3096 769 3209 824 Hoc
3230 769 3404 837 ipsum
3437 767 3771 836 Augustinus

2168 865 2407 934 agnovit,
2465 874 2521 918 ut
2551 866 2803 935 pleraque
2830 862 2931 917 alia
2959 877 3079 933 quas
3111 862 3164 917 in
3191 869 3581 933 argumentum
3619 858 3772 928 hujus

2167 958 2347 1027 operis
2369 957 2667 1027 excogitari
2695 964 2963 1026 possunt;
3004 970 3163 1026 quem
3193 967 3483 1026 propterea
3517 951 3773 1007 nihilini-

2168 1066 2289 1107 rum
2316 1050 2361 1105 si
2382 1049 2551 1105 ferme
2568 1060 2764 1104 umcuu
2783 1064 3122 1104 CORYPBEU!
3150 1047 3447 1104 identidem
3476 1046 3591 1101 huc
3611 1045 3774 1100 simus

2168 1160 2287 1200 rnie
2313 1158 2550 1198 σει-ειυς
2581 1142 2847 1198 ΡΑτιιιιιυε
2876 1140 3242 1199 θοοθιείιυτὶδ
3278 1141 3408 1195 Hec
3442 1139 3562 1195 ille.

2168 1282 2173 1287 .
2242 1238 2566 1292 Franciscus
2616 1236 2780 1292 etiam
2826 1235 3121 1291 Horantius
3168 1244 3358 1291 contra
3408 1232 3773 1301 Augustinum

2169 1330 2387 1396 citatur,
2420 1328 2502 1382 vir
2524 1342 2656 1383 sane
2685 1327 2961 1393 eruditus,
2992 1336 3048 1383 et
3074 1324 3167 1397 qui
3194 1325 3403 1397 synodo
3436 1324 3773 1381 Tridentina:

2169 1422 2455 1489 interfuit,
2483 1421 2627 1493 quod
2658 1435 2783 1477 cum
2831 1423 3162 1493 Cyprianum
3210 1422 3450 1491 itemque
3504 1405 3774 1491 Hierony-

2168 1530 2315 1570 mum
2350 1516 2405 1569 in
2437 1514 2754 1584 quibusdam
2802 1528 3017 1569 errasse
3046 1513 3294 1579 dixisset,
3325 1513 3442 1569 haec
3483 1513 3556 1568 de
3602 1513 3774 1583 Augm

2168 1607 2311 1662 stino
2341 1605 2617 1675 subjungit
2639 1605 2734 1661 lib.
2760 1621 2832 1673 tv,
2858 1620 2981 1676 cap.
3015 1607 3069 1670 3,
3108 1604 3176 1661 de
3203 1605 3359 1661 Locis
3384 1605 3734 1676 Theologicis
3760 1623 3776 1659 :

2176 1716 2196 1751 ο
2234 1697 2379 1752 idem
2410 1696 2711 1767 Augustino
2739 1697 2899 1767 longe
2927 1695 3244 1752 doctissimo
3266 1696 3516 1767 contigit.
3536 1695 3646 1752 Sed
3672 1710 3777 1765 quo

2176 1788 2362 1844 feror?
2388 1790 2474 1843 cui
2499 1804 2607 1843 non
2630 1788 2653 1841 ?
2688 1807 2707 1840 ι
2734 1788 2838 1854 Qui
2883 1802 3146 1858 nusquam
3173 1788 3537 1859 Augustinum
3567 1802 3778 1843 errasse

470 1896 571 1938 nec
621 1878 850 1935 fideliter
897 1877 1115 1940 retulit,
1153 1890 1274 1930 nam
1324 1874 1442 1929 hanc
1489 1873 1717 1930 omisit:
1770 1872 2066 1927 Catholicus
2097 1874 2149 1938 Β
2175 1881 2407 1947 ὀίεαι-ει,
2450 1879 2644 1935 eximia
2678 1878 3037 1950 Augustinum
3082 1879 3243 1934 laude
3285 1879 3592 1945 fraudaret,
3648 1879 3780 1934 duos

471 1972 754 2046 permansit
807 1978 1019 2035 tamen,
1050 1967 1242 2037 quibus
1288 1966 1497 2037 periodi
1551 1979 1743 2022 sensus
1791 1964 2063 2031 variatur;

474 2079 715 2123 errorem
746 2063 890 2118 enim
935 2075 1043 2117 non
1089 2060 1157 2116 de
1197 2059 1462 2115 abortivis
1504 2056 1817 2112 Gennadius
1844 2056 2067 2126 objicit,

472 2156 567 2214 sed
598 2155 665 2211 de
692 2152 1161 2225 praedestinatione
1205 2166 1275 2206 ex
1304 2150 1553 2204 absoluto
1595 2148 1691 2203 Dei
1721 2147 1940 2203 decreto
1959 2187 1974 2213 ,
2006 2154 2070 2201 ut

474 2248 605 2304 alibi
636 2247 837 2302 dictum
867 2252 969 2300 est.
996 2242 1183 2313 Neque
1212 2242 1357 2297 enim
1394 2241 1659 2296 sententia
1689 2237 1973 2308 Augustini
2002 2236 2071 2291 de

482 2341 658 2413 ptenis
703 2338 1045 2410 parvulorum
1093 2335 1193 2390 fuit
1240 2334 1383 2389 lucta
1444 2332 1677 2387 hostium
1731 2337 2068 2400 exaggerata,

479 2448 605 2491 nam
636 2434 703 2487 de
733 2430 841 2486 illis
864 2429 1221 2499 Augustinum
1258 2422 1631 2481 tantummodo
1671 2420 1947 2477 dubitasse
1977 2421 2074 2475 Se-

479 2521 849 2593 milPelagiani
877 2520 1150 2585 dicebant,
1196 2527 1255 2572 ut
1284 2526 1431 2587 patet
1456 2530 1523 2571 ex
1550 2514 1743 2569 litteris
1784 2513 1975 2568 Hilarii
2005 2512 2073 2566 ad

478 2616 855 2688 Augustinum.
890 2613 1161 2669 Praeterea
1191 2610 1385 2666 falsum
1415 2618 1498 2664 est
1522 2616 1766 2664 sanctum
1787 2607 2074 2661 Doctorem

477 2709 800 2769 sententiam
819 2707 967 2762 illam
998 2711 1316 2762 retractasse
1335 2701 1390 2756 in
1414 2700 1643 2771 epistola
1672 2700 1739 2755 ad
1768 2698 2073 2763 Julianum;

481 2804 679 2862 etenim
729 2802 928 2856 nullam
975 2799 1044 2854 ad
1089 2797 1360 2853 lulianum
1408 2793 1694 2865 epistolam
1747 2793 2077 2861 Augustinus

481 2898 715 2969 scripsit.
740 2895 884 2953 Sane
913 2895 964 2948 in
983 2893 1161 2963 Opere
1182 2888 1498 2961 imperfecto
1520 2897 1706 2943 contra
1723 2874 1856 2954 Jul.,
1882 2886 1978 2941 lib.
1993 2901 2076 2955 ut,

484 3004 605 3059 cap.
636 2988 770 3055 200,
800 2986 942 3057 quod
971 2983 1159 3055 ultima
1184 2991 1344 3037 aetate
1366 2980 1709 3050 conscripsit,
1741 2987 1995 3034 constans
2024 2979 2078 3034 in

486 3081 679 3139 eadem
710 3078 810 3135 fuit
849 3076 1115 3133 sententia
1140 3092 1152 3127 :
1210 3090 1229 3125 ι
1258 3073 1315 3129 Si
1345 3082 1547 3138 autem,
1578 3072 1769 3141 inquit,
1800 3086 1908 3127 non
1936 3071 2082 3127 erui-

491 3182 578 3230 tur
599 3174 669 3229 de
685 3178 961 3242 .potestate
982 3167 1345 3233 tenebrarum,
1376 3176 1431 3222 et
1458 3166 1567 3220 illic
1611 3174 1856 3220 remanet
1885 3180 2081 3235 parvu-

2172 1970 2639 2028 Retractationum
2670 1971 2839 2027 libros
2884 1971 3265 2042 expungendo.
3315 1970 3522 2026 Verum
3567 1973 3781 2027 Annato

2172 2063 2508 2135 probandum
2542 2073 2659 2119 erat
2706 2064 3065 2133 Augustinum
3102 2065 3156 2119 in
3195 2063 3350 2120 libris
3388 2074 3588 2120 contra
3636 2064 3782 2119 Pela-

2173 2158 2360 2228 gianos
2390 2158 2458 2211 ab
2489 2156 2749 2211 llorantio
2780 2158 3171 2227 reprehensum
3200 2156 3390 2223 fuisse,
3419 2159 3529 2216 hoc
3555 2161 3705 2214 enim
3729 2174 3782 2216 se

2174 2247 2499 2317 scriptorum
2529 2248 2847 2303 testimoniis
2869 2248 3176 2303 evicturum
3220 2251 3622 2319 spoponderat.
3672 2251 3781 2306 Au-

2176 2340 2288 2397 dlte
2316 2340 2531 2395 interim
2562 2356 2683 2410 quae
2724 2341 2799 2396 sit
2842 2340 2987 2397 illius
3042 2341 3324 2411 scriptoris
3370 2343 3439 2399 de
3485 2345 3783 2414 Augustino

2173 2431 2454 2504 judicium.
2488 2432 2583 2487 ille
2611 2432 2704 2487 lib.
2748 2433 2789 2499 i,
2814 2447 2935 2503 cap.
2968 2433 3059 2500 51,
3094 2434 3186 2489 ubi
3217 2433 3286 2491 de
3312 2436 3484 2505 gratia
3528 2445 3587 2491 et
3619 2436 3783 2491 libero

2177 2526 2403 2582 arbitrio
2449 2526 2706 2595 disputat,
2741 2525 2911 2581 hocce
2953 2526 3134 2582 nobile
3178 2528 3483 2598 Augustino
3540 2526 3783 2597 Elogium

2178 2616 2436 2688 appendit
2482 2636 2496 2671 :
2557 2636 2575 2668 ί
2613 2617 2738 2673 Haec
2786 2618 2944 2688 longe
2997 2619 3239 2673 omnium
3288 2621 3343 2675 in
3384 2618 3785 2690 perlustrandis

2178 2711 2304 2766 ﬁdei
2374 2718 2573 2767 nostra:
2647 2710 2999 2785 sacramentis
3074 2712 3324 2781 princeps
3424 2710 3784 2781 Augustinus.

2181 2804 2352 2872 Quam
2382 2803 2601 2873 quidem
2654 2795 2957 2858 doctrinam
3008 2812 3262 2874 tanquam
3309 2818 3341 2860 e
3386 2806 3533 2859 creto
3586 2804 3787 2873 lapsam

2183 2899 2532 2968 suscipimus,
2586 2904 2644 2951 ut
2688 2905 2931 2953 sanctam
2959 2912 3321 2964 veneramur,
3352 2907 3409 2953 ut
3434 2896 3569 2953 ﬁdei
3597 2908 3787 2952 nostra:

2185 2992 2389 3063 regula:
2414 2991 2748 3046 conformem
2774 2990 3151 3060 amplexamur
3175 3032 3191 3058 ,
3222 2998 3279 3046 et
3326 3000 3384 3045 ut
3411 2992 3659 3061 antiquae
3694 2991 3788 3045 Pa-

2186 3092 2327 3140 trum
2360 3083 2639 3139 traditioni
2673 3084 2807 3139 satis
2829 3092 3193 3151 constantem,
3225 3082 3512 3154 modisque
3539 3083 3788 3139 omnibus

2185 3176 2398 3233 veritati
2429 3185 2850 3233 consentaneam
2896 3186 2950 3232 et
2976 3174 3385 3233 convenientem
3417 3175 3743 3232 retinemus.
3766 3194 3783 3227 ι

490 3265 600 3333 lus,
630 3265 758 3335 quid
797 3263 1012 3319 mireris
1056 3262 1110 3316 in
1141 3261 1267 3331 igne
1297 3269 1502 3315 aeterno
1529 3274 1653 3315 cum
1680 3259 1899 3315 diabolo
1937 3260 2081 3315 futu-
2111 3260 2160 3325 C
2188 3271 2320 3340 Cap,
2351 3269 2419 3322 46
2466 3278 2625 3325 voca;
2663 3277 2909 3324 sanctum
2959 3269 3317 3339 Augustinum
3356 3283 3518 3322 unum
3566 3267 3789 3321 οπιηίηηι

492 3373 638 3427 rum,
668 3355 760 3427 qui
790 3356 844 3411 in
874 3354 971 3410 Dei
1002 3367 1229 3425 regnum
1275 3353 1477 3407 intrare
1519 3363 1629 3406 non
1668 3351 1897 3405 sinitur?
1929 3370 1947 3404 ι
1982 3351 2086 3408 Ne-

494 3468 601 3526 que
630 3453 732 3509 hoc
759 3452 928 3509 sancti
957 3451 1195 3507 doctoris
1237 3461 1505 3507 assertum
1534 3450 1849 3506 damnatum
1884 3458 1969 3504 cst
2017 3448 2086 3502 ab

496 3544 811 3601 Innocentio
864 3542 931 3599 111
982 3543 1037 3599 in
1087 3542 1178 3598 illa
1231 3543 1533 3610 decretali,
1586 3551 1644 3597 ut
1688 3541 1890 3612 optime
1938 3548 2090 3598 notat

501 3637 791 3709 Gregorius
820 3637 874 3692 in
896 3635 932 3689 2
955 3634 1380 3702 Sententiarum,
1411 3622 1543 3689 dist.
1566 3634 1656 3700 3'5,
1684 3649 1740 3704 q.
1772 3635 1828 3701 3,
1854 3640 1908 3688 ct
1931 3646 2089 3703 supeo

499 3733 612 3791 rius
632 3746 699 3787 ex
722 3730 968 3802 professo
984 3729 1342 3786 ostendimus.

571 3824 811 3895 Augetur
840 3820 1056 3878 testium
1085 3834 1341 3875 numerus
1374 3819 1634 3875 Dominici
1681 3818 1799 3876 Soti
1840 3832 2089 3885 censura,

500 3928 606 3988 qua
630 3914 951 3972 sententiam
977 3914 1149 3970 sancti
1166 3913 1447 3984 Augustini
1463 3913 1532 3968 dc
1556 3913 1729 3983 poenis
1746 3911 2090 3982 parvulorum

501 4007 837 4079 perstringit,
895 4006 1142 4076 inquiens
1171 4005 1265 4061 lib.
1298 4021 1315 4059 ι
1343 4005 1412 4060 de
1450 4005 1648 4060 Natura
1676 4014 1731 4061 et
1760 4013 1924 4076 grat.,
1970 4018 2090 4073 cap.

505 4100 597 4168 M,
640 4101 780 4173 apud
827 4100 1097 4156 Aunatum
1148 4114 1271 4171 pag.
1314 4098 1420 4152 874
1471 4116 1486 4152 :
1542 4117 1561 4151 ‹
1590 4098 1921 4168 Augustinus
1977 4097 2094 4166 plus

500 4194 651 4266 justo
693 4194 905 4249 videtur
935 4202 1188 4263 torquere
1231 4192 1503 4262 parvulos,
1536 4191 1681 4246 unde
1705 4191 1796 4259 qui
1824 4191 1943 4259 ejus
1971 4204 2096 4244 sen-

509 4289 695 4347 tentiae
739 4286 1105 4354 subscribunt,
1137 4285 1392 4356 perpauci
1421 4293 1579 4349 sunt,
1628 4292 1682 4337 et
1713 4290 1939 4336 tortores
1970 4296 2094 4351 par-

506 4376 759 4435 vulorum
802 4384 1194 4446 nuncupantur.
1228 4393 1248 4427 ι
1302 4373 1450 4430 Idem
1496 4388 1626 4430 vero
1680 4373 1920 4428 Annatus
1972 4388 2095 4443 pag.

510 4469 612 4529 871
646 4468 909 4525 Joannem
936 4467 1170 4524 Fabrum
1200 4466 1514 4537 episcopum
1557 4464 1915 4521 Viennensem
1947 4466 2094 4521 hom.

510 4560 545 4618 9
573 4561 642 4617 de
667 4567 888 4630 peccato
914 4559 1052 4627 orig.
1092 4558 1145 4613 in
1171 4556 1419 4614 eamdem
1443 4556 1556 4612 Soti
1579 4557 1898 4613 sententiam
1925 4556 2098 4613 addu-

2191 3362 2551 3418 doctissimum
2600 3370 2650 3415 et
2699 3360 3117 3426 sanctissimum;
3164 3374 3284 3430 cap.
3328 3357 3398 3413 48
3429 3358 3503 3413 ait
3549 3375 3565 3411 :
3616 3355 3789 3429 Magni

2191 3454 2470 3524 Augustini
2509 3469 2649 3508 mens
2694 3454 3034 3522 expendatur.
3069 3451 3195 3506 Haec
3235 3452 3301 3506 de
3339 3458 3534 3504 sancto
3566 3448 3788 3504 doctore

2192 3544 2434 3599 liorantii
2463 3543 2733 3599 sententia
2764 3554 2868 3608 est,
2905 3552 2961 3598 ut
3006 3541 3151 3597 haud
3175 3541 3299 3612 jure
3327 3549 3516 3597 contra
3543 3540 3788 3596 eumdem

2192 3654 2222 3693 a
2255 3638 2645 3694 recentioribus
2663 3636 2927 3693 nominari
2949 3637 3140 3707 possit.

2196 3749 2225 3822 ᾗ
2256 3748 2601 3822 lX._Joamti_s
2626 3765 2659 3803 a
2685 3748 2948 3822 Bononia,
2976 3749 3214 3816 Arborei,
3246 3750 3519 3822 Aragonii,
3548 3747 3786 3814 Penuoti,

2339 3820 2496 3885 Estii,
2537 3819 2691 3891 Vega'
2719 3831 2766 3874 et
2791 3819 2984 3873 Tostati
3012 3821 3305 3875 testimonia
3335 3819 3652 3875 examinata.

2268 3914 2522 3970 Omnium
2598 3912 3046 3969 bibliothecarum
3104 3913 3393 3969 schedulas
3462 3913 3787 3969 recentiores

2196 4013 2592 4073 excusserunt,
2644 4004 2901 4060 rimantes
2927 4004 2974 4059 si
3020 4019 3140 4074 qua:
3184 4004 3466 4061 doctorum
3498 4005 3629 4060 licet
3657 4003 3787 4059 haud

2195 4096 2269 4153 ita
2320 4099 2611 4153 celebrium
2670 4097 2812 4151 dicta
2859 4096 3206 4166 invenirent,
3259 4098 3455 4167 quibus
3507 4096 3786 4168 Augustini

2196 4194 2489 4249 auctoritas
2528 4192 2921 4247 decurtaretur.
2976 4190 3270 4247 Enimvero
3321 4191 3378 4245 in
3436 4190 3639 4246 librum
3694 4191 3784 4244 exi

2198 4300 2361 4358 gnum
2406 4286 2592 4342 nescio
2645 4284 2798 4354 cujus
2827 4283 3051 4340 Joannis
3095 4299 3126 4338 a
3164 4284 3405 4339 Bononia
3451 4281 3785 4347 inciderunt,

2198 4381 2313 4453 qui,
2343 4379 2582 4436 ntrefert
2612 4381 2855 4433 Annatus
2885 4392 3007 4449 pag.
3041 4375 3168 4444 878,
3197 4375 3568 4447 expositiones
3610 4376 3783 4445 Augu-

2199 4472 2326 4527 stini
2355 4472 2406 4527 in
2438 4471 2527 4525 illa
2558 4470 2803 4541 Apostoli
2834 4488 2847 4524 :
2877 4468 3020 4526 Deus
3040 4470 3148 4525 vult
3180 4486 3351 4525 omnes
3376 4469 3612 4524 homines
3630 4468 3785 4521 salvos

2205 4565 2319 4633 ﬁeri
2351 4563 2406 4633 (Ι
2432 4563 2569 4618 Tim.
2602 4578 2663 4631 ιι,
2696 4562 2775 4633 4),
2808 4577 2914 4619 non
2942 4562 3208 4634 recipiens
3240 4563 3347 4618 ait:
3388 4581 3407 4615 ε
3434 4560 3557 4618 Νοιι
3586 4560 3784 4615 videtur

508 4661 687 4721 xerat,
730 4653 929 4724 quippe
954 4652 1046 4723 qui
1092 4651 1227 4707 dixit
1273 4650 1632 4723 Augustinum
1661 4650 1740 4707 sic
1784 4639 2177 4721 opinantemD
2203 4657 2292 4712 hic
2344 4656 2537 4711 modus
2584 4655 2799 4712 dicendi
2849 4655 3143 4713 sufﬁciens.
3176 4674 3197 4708 ι
3252 4655 3385 4711 Item
3421 4672 3436 4709 :
3494 4673 3516 4708 ί
3547 4654 3665 4710 Non
3714 4659 3785 4706 est

508 4746 765 4803 excessive
835 4747 1085 4800 locutum.
1161 4746 1231 4801 At
1285 4745 1516 4816 qumstio
1586 4743 1654 4800 de
1738 4743 1911 4814 panis
1976 4758 2099 4813 par-

507 4838 756 4893 vulorum
796 4851 1062 4908 nusquam
1091 4850 1157 4891 cx
1188 4835 1433 4905 professo
1475 4835 1543 4890 ab
1573 4834 1871 4905 AuguStino
1900 4835 2097 4905 agitata

506 4930 640 4999 fuit,
701 4931 797 4988 sed
830 4931 1113 4987 occasione
1142 4943 1172 4983 a
1224 4929 1523 5000 Pelagianis
1563 4928 1687 4984 data
1749 4942 1901 4984 suam
1971 4942 2098 4983 sen-

512 5029 733 5083 tentiam
802 5026 1201 5097 pronuntiavit;
1266 5027 1321 5082 in
1376 5042 1629 5083 sermone
1680 5025 1746 5082 l4
1786 5026 1854 5083 de
1909 5026 2099 5081 Verbis

482 5112 760 5184 Apostoli
806 5116 972 5173 fusius
996 5116 1213 5188 quidem
1256 5131 1415 5187 quam
1460 5117 1583 5172 alibi
1628 5131 1693 5173 ea
1722 5116 1794 5173 de
1840 5130 1898 5172 re
1950 5116 2101 5171 locu-

510 5219 598 5264 tus
650 5220 753 5265 est.
786 5209 896 5266 Nec
937 5210 1191 5280 perpauci
1249 5217 1377 5265 sunt
1423 5210 1512 5281 qui
1543 5208 1717 5265 eidem
1773 5208 2097 5277 adhaerent,

515 5314 641 5356 nam
663 5300 910 5358 Gelasius
944 5316 1009 5357 ac
1057 5301 1347 5372 Gregorius
1377 5302 1659 5373 pontiﬁces
1680 5342 1695 5369 ,
1728 5302 1918 5359 Avitus
1938 5343 1954 5371 ,
1980 5301 2102 5358 Ful-

515 5384 763 5465 gentius‘,
813 5394 1086 5461 Isidorus,
1138 5395 1376 5467 synodus
1446 5396 1809 5453 Sardiniensis
1878 5395 2099 5453 Patrum

513 5483 925 5553 Africanorum,
974 5474 1343 5557 Prudentius,
1376 5489 1552 5554 Beda,
1604 5487 1865 5545 Aelredus
1909 5488 2104 5561 aliique

513 5575 690 5633 sancti
740 5575 928 5633 Patres
956 5578 1399 5649 Augustinianam
1430 5582 1498 5640 de
1538 5581 1879 5650 parvulorum
1927 5582 2103 5653 poenis

517 5670 842 5725 sententiam
874 5671 1046 5727 secuti
1076 5681 1221 5727 sunt.
1251 5672 1490 5744 Itemque
1519 5689 1583 5729 ex
1617 5673 1883 5746 theologis
1914 5672 2108 5744 Grego-

516 5760 628 5817 rius
648 5802 661 5825 ,
692 5762 883 5818 Driedo
906 5804 926 5829 ,
958 5763 1211 5832 Musmus,
1236 5766 1472 5835 Moreau,
1500 5767 1722 5825 Macedo
1742 5809 1756 5834 ,
1796 5768 2102 5835 Polmanus,

517 5849 843 5922 Paludanus,
870 5854 1126 5926 Poncius,
1159 5856 1389 5916 Conrius
1418 5873 1483 5916 ac
1505 5858 1759 5919 doctores
1798 5859 2103 5918 Lovanien-

2203 4748 2497 4805 verisimile
2528 4747 2846 4818 Apostolum
2878 4749 2980 4803 hoc
3018 4748 3277 4803 sensisse.
3313 4766 3333 4800 ι
3370 4746 3429 4801 In
3476 4746 3667 4817 primis
3708 4745 3785 4800 hic

2202 4840 2440 4909 scriptor
2468 4838 2521 4893 in
2552 4838 2713 4892 tacita
2762 4837 3031 4892 solutione
3079 4835 3441 4905 objectionum
3466 4876 3483 4901 .
3537 4852 3659 4907 pag.
3692 4835 3783 4892 565

2203 4931 2342 4987 edit.
2384 4930 2739 4986 Lovaniensis
2767 4929 2897 4984 anni
2929 4928 3068 4985 1555
3092 4969 3109 4996 ,
3138 4942 3245 4999 quo
3273 4928 3577 4985 modestius
3618 4931 3783 5001 Augu-

2205 5024 2333 5081 stini
2382 5021 2887 5092 interpretationem
2951 5020 3174 5076 alteram
3220 5027 3437 5075 secutus
3494 5020 3780 5084 omitteret.

2206 5131 2449 5174 sanctum
2500 5117 2784 5172 Doctorem
2830 5114 3000 5171 noluit
3047 5114 3351 5183 nominare,
3404 5113 3657 5185 religioni
3699 5112 3783 5168 sibi

2205 5210 2407 5267 ducens
2436 5225 2467 5265 a
2524 5220 2629 5265 tam
2657 5224 2833 5265 :sacro
2863 5209 3081 5265 nomine
3123 5208 3303 5279 palam
3346 5208 3637 5265 discedere
3661 5250 3675 5270 .
3704 5208 3783 5263 sed

2206 5303 2283 5359 ait
2333 5319 2346 5356 :
2402 5322 2421 5354 ‹
2451 5303 2692 5373 Denique
2723 5301 2864 5358 haud
2912 5318 2999 5359 me
3037 5302 3167 5358 latet
3204 5301 3464 5358 eximium
3510 5302 3782 5373 quemdam

2208 5410 2480 5453 sacrarum
2511 5395 2810 5451 litterarum
2832 5395 3178 5466 interpretem
3199 5395 3344 5450 hunc
3360 5393 3542 5451 locum
3572 5394 3640 5449 ad
3662 5395 3782 5449 hunc

2210 5488 2429 5544 modum
2454 5488 2747 5558 explicare.
2783 5507 2801 5540 ι
2833 5488 3026 5544 Postea
3060 5506 3072 5541 :
3125 5506 3143 5540 ι
3174 5488 3354 5544 Alium
3384 5501 3606 5544 sensum
3652 5483 3781 5557 ponit

2212 5579 2355 5636 idem
2386 5580 2573 5637 doctor
2616 5580 2870 5636 eximius.
2910 5598 2929 5631 ι
2983 5581 3053 5636 At
3097 5579 3430 5636 recentiores
3483 5594 3591 5635 non
3641 5576 3778 5632 modo

2209 5672 2513 5744 Augustino
2558 5674 2835 5728 nominato
2879 5672 3095 5729 easdem
3141 5672 3618 5743 interpretationes
3662 5668 3774 5737 reji-

2216 5765 2399 5832 ciunt,
2440 5766 2534 5821 sed
2558 5766 2798 5822 dicteriis
2821 5767 2980 5822 etiam
3010 5776 3272 5837 onerant,
3296 5775 3552 5824 vocantes
3581 5763 3774 5821 easdem

2186 5872 2335 5936 .cum
2363 5858 2559 5917 Molina
2584 5858 2667 5917 vel
2709 5860 2873 5930 primo
2902 5868 3111 5931 aspectu
3140 5862 3441 5933 peregrinas
3470 5870 3519 5917 et
3548 5864 3772 5921 extortus,
