3962 6346
165 354 274 414 769

1351 353 1675 413 νίΝΒΙΟΙᾹΞ
1713 352 2275 414 ΑυΕΠΞΤΙΝΙΑΝᾸΕ.

3346 355 3458 414 770

165 470 220 529 in
253 470 544 539 Concord,
576 476 767 540 quaest.
801 465 890 535 19,
929 476 1034 524 art.
1064 467 1116 534 6,
1145 466 1286 538 disp.
1321 471 1374 535 l,
1399 470 1484 525 vel
1513 484 1634 525 cum
1657 471 1758 526 Pe-
1785 477 1839 535 Α
1863 469 1969 526 illic
2013 477 2253 540 urgetur.
2287 487 2305 522 ι
2353 463 2491 537 Quid
2538 468 2688 526 tum?
2739 466 2940 527 Scribit
2983 479 3201 527 sanctus
3258 471 3450 528 doctor

166 566 314 621 tsvio
333 565 400 620 ad
425 564 737 620 studendum
763 565 946 633 magis,
990 580 1145 633 quam
1171 569 1337 617 rectas
1380 571 1428 616 et
1456 564 1652 618 solidas
1683 565 1760 619 vi-

100 658 107 672 ‘
165 659 320 724 deri,
358 668 487 713 tom.
522 656 541 711 l
585 656 777 726 Dogm.
817 656 1008 720 theol..
1042 656 1132 710 lib.
1169 671 1226 722 x,
1268 669 1386 726 cap.
1426 654 1482 710 '5.
1515 657 1586 710 At
1617 657 1757 710 idem

167 752 407 821 scriptor
439 749 491 804 in
533 750 800 819 praecipua
831 748 1128 820 quaestione
1174 747 1242 803 de
1287 747 1760 816 praedestinatione

163 841 285 896 haec
315 840 477 899 tradit
510 857 524 894 :
572 860 590 893 ι
621 840 868 897 Nostram
892 855 1014 896 mox
1044 840 1390 910 subjiciemus
1414 840 1757 909 sententiam,

161 948 396 1005 eamque
423 933 583 990 dictis
612 935 673 989 Β.
702 933 964 1006 Fulgentii
994 933 1221 1004 sumptis
1250 948 1319 988 ex
1365 933 1428 987 B.
1460 933 1760 1003 Augustino

161 1025 524 1081 stabiliemus.
556 1043 576 1078 ι
627 1025 941 1093 Passimque
981 1026 1048 1080 eo
1087 1023 1142 1079 in
1181 1031 1349 1094 "opere
1376 1023 1550 1079 sancti
1580 1022 1760 1094 Augu-

162 1118 292 1173 stini
319 1117 628 1176 testimonia
656 1115 906 1172 inculcat.

234 1229 638 1300 Opponitvpag.
703 1226 831 1298 880,
885 1227 1147 1284 Joannem
1209 1227 1504 1283 Arboreum
1553 1228 1608 1282 in
1671 1226 1762 1282 illa

159 1320 329 1375 verba
350 1320 524 1390 Epist.
553 1318 620 1373 ad
651 1318 838 1386 Rom.,
869 1333 987 1389 cap.
1015 1333 1071 1373 ut
1098 1336 1110 1372 :
1140 1317 1237 1373 Ubi
1265 1325 1338 1372 est
1365 1319 1604 1392 gloriatio
1632 1317 1761 1370 tua?

161 1414 372 1467 exclusa
401 1420 510 1477 est;
541 1427 631 1481 per
655 1427 812 1483 quam
839 1411 1038 1482 legem?
1061 1411 1350 1481 factorum?
1383 1411 1530 1477 Non,
1559 1411 1651 1465 sed
1671 1427 1762 1480 per

161 1503 332 1575 legem
373 1501 531 1570 ﬁdei;
576 1501 665 1556 ubi
715 1501 885 1556 sancti
928 1500 1212 1572 Augustini
1260 1501 1759 1572 interpretationem

156 1594 397 1665 jejunam
418 1599 573 1647 vocat
594 1600 647 1646 et
671 1591 1071 1662 explodendam.
1106 1592 1272 1647 Miror
1290 1592 1519 1647 alterum
1549 1605 1760 1648 summa

159 1686 368 1742 Annati
394 1685 726 1756 diligentiam
757 1683 1149 1756 subterfugisse
1176 1703 1188 1740 :
1212 1686 1411 1741 etenim
1438 1687 1514 1740 ait
1540 1702 1552 1739 :
1582 1684 1761 1754 Expo-

160 1778 285 1832 sitio
316 1787 392 1832 est
430 1778 657 1832 ridicula
685 1786 732 1831 et
761 1777 1120 1846 explodenda;
1149 1791 1337 1832 verum
1375 1777 1635 1832 ridiculus
1666 1791 1760 1846 po—

1865 563 1999 618 duas
2048 562 2413 632 expositiones
2463 563 2756 633 excogitari
2806 578 2964 634 posse
3016 564 3246 620 laudatae
3301 565 3455 623 Pauli

1861 656 2164 718 sententiae.
2196 668 2421 724 quarum
2465 666 2688 726 utraque
2715 654 3000 728 Pelagiana
3029 655 3252 714 haeresis
3288 656 3457 714 suﬁ'o-

1861 753 2012 800 catur
2060 761 2073 799 :
2115 744 2380 815 siquidem
2426 760 2532 800 una
2581 746 2883 817 displiceat,
2929 748 3098 804 altera
3141 748 3458 820 recipiatur,

1861 834 1967 890 hoc
1992 835 2123 891 satis
2159 836 2458 905 Augustino
2485 836 2605 904 fuit,
2635 852 2808 908 neque
2843 840 2935 910 qui
2972 842 3198 910 primam
3227 856 3334 899 non
3365 842 3460 898 ad-

1859 925 2043 992 mittit,
2079 927 2364 997 Augustini
2396 927 2568 983 hostis
2611 930 2793 984 statim
2841 932 3145 989 censendus
3185 943 3302 1000 est;
3349 948 3461 990 non

1862 1015 2005 1071 enim
2035 1015 2138 1073 hoc
2183 1018 2350 1088 exigit
2379 1019 2726 1088 Augustinus,
2759 1019 2886 1076 dum
2919 1021 3014 1090 ait,
3059 1025 3166 1079 sive
3193 1025 3460 1094 gloriatio-

1860 1122 1975 1163 nem
1991 1108 2175 1163 dixerit
2197 1108 2532 1177 laudabilem,
2549 1119 2680 1180 etc.,
2699 1113 2801 1167 sive
2819 1113 3178 1184 gloriationem
3200 1119 3453 1184 vitiosam,

1862 1201 2054 1270 quibus
2077 1201 2344 1272 signiﬁcat
2370 1204 2512 1259 nolle
2536 1218 2596 1260 se
2623 1206 2674 1260 in
2698 1205 2764 1261 iis
2790 1209 3122 1277 explicandis
3148 1211 3448 1282 immorari,

1862 1303 2092 1364 utraque
2123 1305 2300 1352 tamen
2331 1297 2776 1367 interpretatione
2823 1299 3141 1371 Pelagianos
3188 1302 3455 1374 convinci,

1862 1396 2123 1458 sequente
2143 1389 2385 1460 quolibet
2407 1403 2565 1458 quam
2597 1390 2751 1447 velit.

1861 1517 1883 1557 ε
1933 1503 2201 1559 Caeterum
2248 1505 2549 1561 exciderint
2576 1507 2664 1562 illa
2702 1507 2966 1575 Arboreo,
3005 1509 3166 1565 modo
3198 1510 3251 1565 in
3282 1525 3459 1580 quass-

1866 1592 2107 1650 tionibus
2137 1595 2205 1650 de
2232 1597 2705 1664 praedestinatione
2728 1608 2783 1655 et
2809 1603 2980 1670 gratia
3011 1601 3459 1672 Augustinianum

1865 1699 1926 1743 se
1946 1687 2277 1756 proﬁteatur.
2303 1688 2425 1744 Lib.
2453 1704 2488 1742 x
2511 1688 2846 1761 Theosoph.,
2875 1706 2993 1762 cap.
3020 1692 3052 1746 9
3079 1709 3092 1745 :
3121 1691 3460 1764 Augustinus,

1868 1780 1964 1845 ait,
2005 1778 2150 1832 liberi
2193 1779 2394 1833 arbitrii
2442 1789 2665 1835 assertor
2708 1782 3146 1849 studiosissimus;
3183 1782 3276 1838 lib.
3333 1796 3450 1848 XIV,

158 1868 272 1924 tius
325 1869 476 1925 testis
504 1870 576 1925 sit
618 1869 912 1936 Arboreus,
963 1869 1055 1938 qui
1106 1870 1458 1940 Augustinum
1507 1869 1754 1925 Latinum
1783 1850 1834 1913 Β
1860 1887 1982 1942 cap.
2013 1873 2043 1924 7
2077 1892 2088 1926 :
2125 1874 2188 1929 Si
2217 1873 2476 1943 nonnihil,
2516 1875 2711 1944 inquit,
2744 1874 2833 1928 tibi
2866 1875 2930 1928 sit
2951 1874 3164 1946 judicii,
3188 1875 3337 1945 facile
3367 1891 3456 1929 co-

158 1974 473 2017 sermonem
506 1960 702 2018 docere
731 1961 1028 2031 praesumit.
1060 1959 1290 2017 Sanctus
1320 1962 1526 2026 doctor,
1563 1962 1657 2016 lib.
1692 1963 1760 2018 de

160 2051 372 2121 Spiritu
399 2061 454 2107 et
474 2051 606 2119 litt.,
632 2065 756 2123 cap.
784 2052 873 2118 10,
900 2061 958 2106 ut
981 2051 1177 2123 probet
1201 2052 1448 2109 homines
1472 2067 1578 2110 non
1604 2054 1760 2124 justi-

157 2144 312 2200 ﬁcari
334 2159 403 2200 ex
424 2144 564 2214 lege,
588 2144 683 2200 sed
705 2159 772 2201 ex
805 2143 909 2199 ﬁde
935 2144 1191 2200 auxilium
1209 2145 1394 2215 gratiae
1416 2145 1756 2215 impetrante,

157 2234 257 2290 illa
287 2235 457 2291 verba
485 2236 728 2306 Apostoli
758 2236 993 2302 adducit,
1025 2237 1140 2292 haec
1169 2236 1500 2308 subjungens
1532 2255 1546 2290 :
1585 2254 1603 2288 ‹
1631 2237 1758 2294 Sive

159 2329 543 2398 gloriationem
573 2329 775 2386 dixerit
803 2328 1143 2395 laudabilem,
1170 2343 1291 2399 quae
1319 2329 1372 2384 in
1407 2329 1628 2384 Domino
1653 2340 1756 2397 esr,

162 2436 402 2491 eamque
427 2420 724 2488 exclusam,
757 2420 809 2477 id
831 2429 939 2490 est,
960 2435 1066 2476 non
1088 2429 1145 2475 ut
1163 2420 1501 2487 abscederet,
1525 2422 1755 2491 pulsam,

160 2513 262 2568 sed
293 2522 354 2568 ut
380 2514 667 2581 emineret,
698 2526 1029 2583 expressam,
1065 2511 1205 2568 unde
1242 2521 1297 2568 et
1325 2512 1641 2568 exclusores
1667 2512 1757 2568 di-

163 2613 368 2660 cuntur
393 2605 608 2675 quidam
639 2604 875 2661 artiﬁces
903 2604 1211 2674 argentarii,
1252 2613 1384 2671 etc.;
1416 2603 1528 2660 sive
1555 2604 1756 2674 gloria-

159 2696 370 2751 tionem
397 2695 648 2752 vitiosam
692 2697 761 2753 de
785 2696 1038 2766 superbia
1081 2696 1381 2752 venientem
1424 2711 1755 2753 commemo-

157 2804 289 2845 rare
317 2790 572 2854 voluerit,
614 2805 799 2847 eorum
842 2790 1050 2846 scilicet
1090 2791 1332 2861 quicum
1372 2791 1473 2844 sibi
1501 2791 1644 2860 juste
1671 2791 1756 2845 vi-

157 2879 364 2936 dentur
393 2881 596 2950 vivere,
646 2883 718 2937 ita
769 2880 1068 2952 gloriantur
1093 2883 1246 2952 quasi
1295 2895 1400 2938 non
1453 2881 1757 2952 acceperint
1799 2932 1815 2951 ,

155 2989 283 3029 eam
310 2988 471 3044 quam
504 2988 608 3029 non
649 2988 747 3043 per
791 2974 961 3044 legem
988 2973 1270 3038 factorum,
1320 2972 1418 3028 sed
1457 2987 1553 3042 per
1582 2973 1755 3042 legem

156 3066 287 3121 ﬁdei
317 3063 449 3120 dicit
470 3065 770 3131 exclusam,
795 3065 850 3120 id
876 3073 960 3122 est
984 3065 1207 3137 ejectam
1235 3074 1290 3121 et
1317 3065 1601 3135 abiectam,
1630 3065 1756 3135 quia

157 3173 264 3228 per
296 3159 488 3243 legem.
501 3157 627 3213 ﬁdei
648 3157 876 3229 quisque
896 3159 1190 3230 cognoscit,
1217 3159 1263 3214 si
1291 3159 1416 3229 quid
1442 3158 1581 3215 bene
1600 3158 1750 3227 vivit,

1863 1982 2071 2038 gnosces
2102 1983 2166 2021 ea“.
2188 1983 2314 2022 sana
2336 1977 2384 2023 et
2413 1969 2672 2024 luculenta
2702 1969 2977 2039 Augustini
3007 1970 3260 2036 doctrina,
3291 1970 3458 2025 Deum

1862 2073 1965 2111 non
1997 2074 2060 2112 ex
2108 2073 2166 2112 eo
2205 2057 2445 2113 dilexisse
2489 2057 2674 2128 Iacob,
2724 2059 2858 2128 quod
2904 2062 3082 2128 futura
3123 2061 3233 2130 ejus
3275 2061 3458 2115 merita

1862 2151 2172 2220 prazt'iderit.
2221 2151 2359 2207 Toto
2413 2166 2479 2206 eo
2525 2152 2796 2207 volumine
2847 2151 2902 2206 in
2959 2151 3342 2221 quaestionibus
3388 2152 3458 2206 de

1859 2243 2030 2314 gratia
2061 2246 2136 2300 ait
2167 2262 2182 2300 :
2218 2245 2348 2300 Hcce
2394 2247 2774 2317 Augustiniana
2804 2255 2876 2300 est
2921 2249 3157 2311 assertio,
3199 2256 3252 2303 et
3300 2248 3458 2303 initio

1860 2336 1983 2393 libri
2014 2338 2096 2392 vel
2137 2354 2166 2392 a
2199 2338 2384 2393 limine
2415 2353 2475 2393 se
2505 2339 2677 2394 sancti
2732 2339 2971 2394 doctoris
2999 2338 3457 2396 studiosissimum

1862 2437 2179 2484 ostensurus
2219 2430 2406 2486 scribit
2451 2447 2463 2484 :
2500 2429 2737 2500 Hujusce
2775 2432 3070 2486 assertionis
3113 2440 3305 2502 partes,
3338 2447 3458 2503 qutc

1861 2518 2293 2591 Augustinianam
2316 2522 2524 2589 sapiunt
2547 2523 2856 2592 doctrinam,
2884 2526 3093 2579 seorsim
3116 2525 3452 2582 stabiliemus.

1860 2610 2027 2680 Igitur
2057 2613 2391 2668 recentiores
2422 2629 2578 2668 suum
2616 2615 2854 2685 ipsorum
2887 2615 2955 2670 de
2990 2616 3290 2686 Augustino
3313 2616 3456 2685 judi-

1861 2704 2032 2773 cium,
2081 2703 2224 2774 quod
2267 2703 2516 2776 dogmata
2555 2705 2624 2761 de
2669 2705 3141 2775 praedestinatione
3182 2716 3237 2763 et
3281 2708 3455 2779 gratia

1862 2795 2075 2863 attinet,
2109 2797 2267 2867 hujus
2294 2797 2522 2855 Arboris
2548 2812 2650 2855 nec
2679 2797 2824 2854 foliis
2853 2813 2952 2855 nec
2984 2800 3172 2856 umbra
3202 2800 3457 2871 obtegere

1860 2890 2060 2943 valent.

1935 2983 2053 3050 Quo
2091 2993 2271 3040 tamen
2311 2983 2594 3055 Augustini
2635 2984 3007 3042 auctoritatem
3060 2985 3279 3056 propius
3318 2986 3461 3041 arie-

1861 3083 1997 3140 tent,
2049 3074 2264 3131 Petrum
2312 3076 2642 3147 Aragonium
2694 3085 2749 3133 et
2802 3075 3106 3133 Gabrielem
3156 3076 3458 3133 Pennotum

1862 3167 2281 3236 Augustinianos
2314 3168 2369 3222 in
2395 3168 2691 3223 subsidium
2733 3176 2950 3224 vocant.
2983 3168 3306 3238 Aragonius,
3339 3167 3461 3234 2-9.,

153 3251 254 3308 Dei
284 3229 565 3323 gratia.se
592 3251 811 3309 habere.
847 3272 867 3306 ι
917 3253 1100 3324 Itaque
1128 3263 1344 3310 sanctus
1389 3253 1599 3320 doctor,
1631 3254 1756 3308 sub-
1785 3226 1832 3290 (ἶ
1866 3279 1923 3335 q,
1958 3264 2046 3331 10,
2079 3273 2183 3319 an.
2229 3263 2283 3332 6,
2319 3279 2440 3319 cum
2487 3264 2768 3333 probasset
2813 3263 3085 3319 hominem
3125 3262 3245 3318 sine
3287 3261 3463 3333 gratia

154 3344 398 3400 indicata
442 3345 615 3414 prima
643 3344 1020 3414 explicatione,
1049 3360 1166 3414 qua:
1206 3345 1364 3400 alicui
1396 3344 1533 3399 forte
1574 3344 1762 3400 venire

162 3444 358 3506 posset
386 3435 440 3492 in
472 3446 730 3504 mentem,
751 3436 821 3493 ad
849 3437 1076 3494 alteram
1107 3439 1405 3506 descendit,
1433 3438 1520 3493 cui
1547 3451 1762 3508 semper

156 3532 397 3588 inhaeret
423 3533 479 3588 in
504 3531 656 3590 libris
684 3543 878 3590 contra
912 3533 1250 3604 Pelagianos.
1294 3534 1364 3590 At
1393 3535 1664 3590 Arboreus
1689 3534 1761 3587 ri-

155 3625 404 3680 diculum
434 3626 840 3696 grammaticum
870 3629 1001 3698 agit,
1031 3627 1158 3683 dum
1185 3628 1540 3699 Augustinum
1568 3627 1763 3684 barba-

153 3719 314 3774 rismi
339 3733 600 3775 accusans
636 3721 710 3775 ait
743 3738 756 3775 :
792 3740 811 3773 ‹
843 3721 953 3776 Nec
980 3721 1214 3790 pictores
1242 3720 1447 3788 eximii,
1474 3721 1761 3791 elegantis-

151 3813 430 3881 simaeque
457 3811 680 3881 picturae
713 3813 926 3869 ﬁctores
954 3822 1045 3868 aut
1070 3827 1417 3883 expressores
1447 3813 1549 3868 dici
1583 3814 1761 3868 solent

154 3904 500 3974 exclusores,
524 3903 620 3959 sed
649 3904 1026 3973 exsculptores
1048 3912 1141 3959 aut
1161 3903 1506 3975 elﬁgiatores.
1539 3922 1558 3958 ι
1593 3905 1760 3971 Quasi

153 3997 501 4066 Augustinus
531 3995 753 4066 vulgare
794 3996 936 4051 illius
961 3997 1133 4051 uitatis
1176 3996 1525 4066 quorumdam
1569 4010 1761 4066 argen-

151 4090 313 4143 tariae
341 4089 476 4143 artis
498 4087 751 4158 opiﬁcum
776 4103 971 4144 nomen
995 4087 1228 4158 potuerit
1263 4089 1530 4158 ignorare.
1560 4087 1760 4143 Scribit

149 4179 304 4235 idem
337 4188 559 4236 sanctus
591 4173 750 4236 Pater
777 4181 832 4236 in
860 4181 954 4236 illa
983 4182 1120 4250 psal.
1157 4196 1297 4237 vau
1330 4197 1343 4234 :
1381 4181 1448 4236 Ut
1479 4181 1759 4236 excludant

151 4273 229 4339 hi,
263 4279 402 4326 etc.:
443 4289 461 4323 ι
492 4269 549 4327 ln
580 4281 696 4328 arte
717 4273 1021 4344 argentaria
1049 4273 1359 4329 exclusores
1382 4283 1640 4329 vocantur
1667 4272 1759 4342 qui

153 4362 222 4418 de
255 4361 588 4418 confusione
617 4377 810 4420 massae
839 4372 1104 4420 noverunt
1139 4363 1367 4419 formam
1406 4363 1548 4419 vasis
1580 4364 1759 4433 expri-

149 4469 333 4510 mere.
370 4472 391 4507 ›
426 4453 583 4511 Unde
628 4464 776 4526 patet
826 4471 922 4512 eos
959 4458 1296 4527 argentarios
1341 4458 1574 4514 artiﬁces
1621 4471 1756 4527 quos

151 4546 355 4601 Latin’o
408 4547 666 4603 vocabulo
716 4548 924 4605 fusores
969 4549 1220 4618 dicimus,
1267 4557 1511 4620 tempore
1540 4552 1750 4620 Augus-

1869 3355 1966 3410 Dei
1995 3369 2154 3424 posse
2185 3355 2325 3410 bene
2350 3354 2629 3410 moraliter
2651 3354 2887 3424 operari,
2921 3353 3068 3408 addit
3100 3369 3113 3407 :
3147 3371 3168 3405 ι
3201 3353 3277 3408 Ex
3303 3353 3467 3409 dictis

1868 3459 1999 3516 ergo
2051 3444 2279 3501 infertur
2317 3447 2642 3500 sententiam
2688 3445 2752 3500 ι).
2803 3445 3084 3516 Augustini
3115 3443 3278 3500 fuisse
3321 3445 3466 3514 quod

1868 3538 2119 3594 homines
2149 3538 2355 3594 nullum
2385 3537 2586 3594 bonum
2625 3553 2763 3608 opus
2791 3539 3069 3593 moraliter
3097 3538 3314 3594 efﬁcere
3340 3554 3464 3608 pos-

1867 3637 1993 3684 sunt
2021 3629 2142 3684 sine
2187 3633 2355 3700 gratia
2389 3629 2515 3695 Dei,
2552 3629 2698 3699 quod
2734 3628 2876 3685 idem
2922 3628 3222 3684 affirmabat
3256 3628 3466 3699 Grego-
3508 3661 3524 3679 .

1865 3719 1998 3776 rius.
2034 3740 2052 3772 ι
2099 3719 2253 3776 Unde
2300 3721 2376 3776 ait
2411 3721 2675 3786 Annatus,
2731 3735 2854 3791 pag.
2907 3719 3012 3774 882
3060 3737 3073 3773 :
3129 3721 3343 3790 «Atque
3386 3718 3460 3774 ita

1865 3811 2044 3882 palam
2087 3811 2368 3881 proﬁtetur
2392 3811 2586 3867 Petrus
2622 3812 2920 3880 Aragonius
2961 3825 3022 3866 se
3053 3811 3122 3865 ab
3160 3811 3464 3881 Augustino

1865 3903 2168 3959 discedere.
2196 3923 2214 3955 ι
2251 3902 2524 3958 Pennotus
2547 3917 2675 3957 vero
2702 3902 2793 3958 lib.
2818 3917 2851 3957 ν
2872 3901 3235 3972 Propugnac.,
3256 3915 3376 3971 cap.
3401 3901 3460 3967 6,

1867 3996 2032 4050 tradit
2076 3995 2300 4051 minime
2327 3995 2657 4051 credendum
2689 4009 2810 4050 esse
2864 4013 2882 4046 ‹
2913 4010 3126 4050 omnem
3175 3994 3462 4065 Augustini

1864 4088 2128 4143 rationem
2174 4101 2298 4143 esse
2349 4093 2592 4154 exactam
2645 4086 3186 4152 demonstrationem,
3239 4099 3461 4141 omnem

1865 4177 2275 4248 responsionem
2300 4191 2422 4234 esse
2443 4177 2637 4247 dogma
2659 4177 2804 4242 ﬁdei,
2831 4192 3046 4233 omnem
3069 4175 3464 4246 expositionem

1865 4269 2109 4326 locorum
2133 4286 2305 4327 sacrae
2338 4269 2633 4339 Scriptura
2654 4283 2774 4325 esse
2796 4281 2996 4324 certam
3027 4268 3267 4340 regulam
3299 4275 3353 4322 et
3383 4267 3466 4322 in-

1862 4362 2135 4418 fallibilem
2149 4363 2295 4433 ipsas
2309 4362 2517 4418 divinas
2534 4362 2836 4432 Scripturas
2848 4360 3258 4432 interpretandi,
3284 4380 3304 4414 ι
3322 4368 3457 4426 etc.;

1861 4458 2056 4526 quibus
2089 4457 2327 4514 recitatis
2378 4456 2462 4512 his
2510 4457 2753 4512 Armatus
2803 4456 3066 4512 insultat:
3106 4473 3126 4507 (
3158 4453 3313 4522 Vide,
3344 4452 3458 4508 lec-

1861 4557 1971 4617 tor,
2019 4564 2125 4620 quo
2156 4548 2525 4605 moderamine
2570 4549 2624 4603 in
2653 4547 3081 4604 commendanda
3124 4545 3298 4601 sancti
3345 4547 3461 4599 Au-

147 4639 249 4694 tini
280 4653 316 4693 a
339 4638 504 4709 vulgo
542 4640 837 4710 appellatos
869 4640 1036 4697 fuisse
1074 4642 1383 4696 exclusores.
1411 4640 1572 4698 Certe
1600 4641 1673 4696 uti
1702 4657 1754 4697 tv
1781 4629 1840 4692 D
1864 4644 2067 4716 gustini
2098 4642 2343 4698 doctrina
2381 4649 2600 4696 utantur
2646 4642 2806 4697 etiam
2841 4641 2914 4696 illi
2960 4639 3048 4711 qui
3094 4654 3160 4696 ex
3210 4637 3458 4692 instituto

145 4732 290 4804 Reg.
326 4748 457 4787 xxiv
496 4732 720 4789 clusores
766 4735 1056 4804 argentarii
1094 4736 1440 4790 nominantur
1480 4734 1571 4806 qui
1604 4749 1754 4805 gem-

148 4842 267 4880 mas
299 4841 439 4881 auro
465 4827 547 4883 vel
592 4837 814 4897 argento
845 4827 1187 4894 claudebant,
1230 4830 1298 4884 ita
1329 4829 1635 4884 exclusores
1664 4829 1750 4884 di-

145 4919 419 4974 cebantur
447 4918 538 4990 qui
581 4923 648 4976 ex
694 4931 827 4976 auro
855 4921 942 4977 vel
990 4930 1214 4990 argento
1261 4906 1385 4976 vasa
1420 4920 1749 4989 fundebant;

146 5016 312 5085 cujus
341 5013 558 5084 quidem
587 5015 733 5072 vocis
761 5017 1146 5088 etymologiam
1171 5030 1278 5072 non
1307 5024 1459 5071 vacat
1486 5015 1751 5072 curiosius

143 5109 452 5178 inquirere,
488 5121 610 5162 cum
650 5116 706 5164 et
744 5110 959 5164 nomina
987 5110 1053 5165 ad
1085 5110 1341 5181 placitum
1365 5111 1748 5179 imponantur,

89 5217 94 5284 ς
142 5215 195 5255 et
243 5216 356 5256 vox
398 5201 488 5256 illa
533 5201 696 5274 vulgo
732 5189 1103 5274 usurparetur.
1147 5205 1420 5262 Arboreus
1469 5214 1646 5263 autem
1682 5206 1753 5262 de

85 5290 94 5344 ἕ
142 5293 454 5362 pictoribus
479 5302 534 5349 et
574 5294 778 5364 pictura
805 5311 1004 5353 nomen
1039 5297 1174 5352 illud
1206 5312 1491 5368 perperam
1533 5300 1745 5368 accipit,

97 5385 99 5387 ’
143 5385 294 5452 quod
341 5384 412 5439 ab
441 5383 743 5454 Augustino
784 5386 851 5441 de
884 5389 1241 5444 excusoribus
1268 5389 1606 5458 argentariis,
1652 5403 1752 5446 seu

138 5478 208 5530 de
245 5476 318 5530 iis
363 5477 453 5545 qui
485 5486 710 5545 statuas,
737 5492 831 5535 seu
861 5479 1134 5550 quodlibet
1163 5478 1307 5534 aliud
1345 5481 1634 5546 excudunt,
1668 5480 1750 5535 in-

141 5565 427 5636 telligitur.
475 5565 640 5636 igitur
684 5568 867 5638 inepte
919 5570 973 5624 in
1011 5568 1116 5625 hoc
1161 5569 1438 5625 Arboreus
1485 5569 1748 5626 calculum

139 5661 364 5728 posuit;
402 5675 595 5716 verum
646 5661 890 5718 Armatus
937 5663 1038 5719 hoc
1085 5662 1264 5719 nobile
1313 5662 1554 5718 scholion
1597 5662 1749 5718 addit

140 5764 274 5820 pag.
302 5749 402 5805 88l
439 5767 453 5805 :
491 5769 511 5802 ‹
550 5751 618 5806 Et
644 5760 821 5809 tamen
849 5753 986 5809 liber
1011 5752 1102 5809 ille
1129 5753 1198 5809 ab
1228 5754 1525 5825 Augustino
1549 5764 1744 5810 contra

144 5841 478 5912 Pelagianos
502 5843 735 5914 scriptus
755 5852 861 5919 est,
889 5853 943 5903 et
956 5843 1115 5903 locus
1136 5844 1289 5904 Pauli
1310 5855 1497 5905 contra
1525 5846 1742 5906 eosdem

1867 4737 1986 4807 ejus
2016 4736 2272 4804 cultores,
2305 4734 2606 4791 imitatores
2633 4742 2687 4786 et
2718 4733 2918 4788 alumni
2961 4740 3087 4787 sunt
3129 4731 3182 4786 in
3231 4739 3466 4799 utroque

1865 4831 2054 4886 ordine
2091 4829 2477 4887 canonicorum
2509 4835 2563 4882 et
2605 4826 2979 4882 ercmitarum.
3033 4825 3103 4880 Ut
3154 4823 3467 4893 perspicere

1863 4922 2024 4978 liceat
2046 4936 2205 4992 quam
2232 4920 2303 4975 sit
2329 4917 2703 4988 supersuitiosa
2724 4915 3106 4972 hodiernorum
3131 4913 3460 4970 Baianorum

1861 5017 2072 5087 religio,
2111 5017 2200 5086 qui
2242 5014 2488 5086 specioso
2531 5026 2777 5068 errorum
2823 5017 3086 5081 praetextu
3133 5009 3304 5063 solum
3345 5008 3460 5060 Au-

1865 5108 2139 5181 gustinum
2188 5108 2243 5162 in
2291 5121 2405 5173 ore,
2438 5106 2492 5160 in
2521 5105 2716 5170 oculis,
2748 5103 2802 5158 in
2833 5100 2996 5157 corde
3026 5099 3226 5156 habere
3264 5113 3324 5155 se
3359 5098 3465 5152 lin-
3525 5096 3537 5184 1'

1862 5209 2014 5271 gunt.
2051 5217 2071 5250 ι
2106 5197 2224 5254 Non
2269 5211 2486 5268 possum
2525 5208 2724 5265 negare
2764 5192 3094 5263 Aragonium
3132 5189 3186 5244 in
3227 5203 3293 5245 ea
3333 5202 3466 5245 sen-

1861 5291 2028 5347 tentia
2059 5291 2245 5358 fuisse,
2275 5298 2513 5343 attamen
2553 5286 2752 5341 ibidem
2779 5284 2955 5340 conci.
2988 5283 3024 5336 2
3055 5281 3254 5338 fatetur
3286 5280 3460 5336 homi-

1860 5395 1986 5443 nem
2020 5388 2137 5442 sine
2174 5384 2342 5457 gratia
2382 5399 2523 5448 raro,
2553 5390 2603 5437 et
2636 5381 3005 5451 infrequenter,
3035 5386 3082 5434 et
3112 5394 3226 5432 cum
3266 5392 3457 5448 magna
3548 5370 3550 5372 ’

1861 5480 2173 5551 difﬁcultate
2212 5492 2371 5548 posse
2401 5475 2618 5531 efﬁcere
2649 5473 2850 5529 bonum
2891 5485 3047 5542 opus,
3080 5478 3139 5526 ut
3168 5484 3358 5540 parum
3385 5469 3454 5523 ab

1864 5571 2254 5642 Augustiniano
2283 5569 2534 5641 dogmate
2555 5566 2812 5622 recedere
2840 5564 3102 5621 videatur.
3136 5564 3205 5618 At
3235 5561 3263 5634 ᾗ
3295 5560 3457 5617 Crete-

1862 5680 1978 5719 rum
2021 5665 2116 5719 hoc
2158 5679 2256 5716 non
2288 5661 2518 5714 obstante
2554 5657 2748 5728 probat
2777 5657 3098 5714 sententiam
3139 5653 3310 5712 sancti
3347 5654 3457 5708 Au-

1861 5754 2058 5826 gustini
2101 5754 2305 5810 nullum
2337 5751 2617 5807 continere
2649 5763 2913 5817 errorem,
2945 5763 3008 5804 ac
3043 5745 3268 5819 proinde
3297 5756 3464 5812 posse

1857 5846 2136 5904 sustineri.
2182 5844 2315 5902 Huic
2357 5852 2536 5905 tamen
2579 5839 2882 5903 domestico
2913 5839 3038 5899 testi
3080 5852 3149 5896 ne
3187 5833 3453 5893 tantillum

2521 6009 2586 6018 v.-
