3962 6346
461 342 566 409 ⁵771

1318 348 1881 409 SUPPLEMENTUM
1920 351 2014 408 AD
2051 348 2281 408 OPERA
2320 351 2381 406 S.
2425 345 2814 407 AUGUSTINI.

3634 348 3739 404 772

465 471 673 547 judices
712 474 942 535 moveat,
973 464 1291 537 opponimus
1329 473 1441 522 tres
1475 480 1540 521 ex
1571 465 1673 522 hac
1710 474 1892 521 nostra
1930 479 2046 521 ere-
2076 466 2131 529 Α
2152 462 2412 534 impendit
2448 471 2508 519 ut
2549 463 2798 519 eumdem
2830 462 2885 519 in
2919 474 3073 517 suam
3111 461 3435 517 sententiam
3460 460 3737 528 traheret;

471 563 672 620 mitana
705 559 899 616 familia
929 558 1313 616 celeberrimos
1347 559 1627 625 doctores,
1663 560 1754 629 qui
1786 556 2052 614 mordicus

470 658 639 712 sancti
690 652 972 723 Augustini
1021 652 1308 709 sententiae
1361 650 1685 719 adhaerent,
1738 649 2054 720 Gregorium

470 749 890 814 Ariminensem,
916 744 974 815 2,
1002 745 1129 803 dist.
1155 744 1246 811 29,
1272 754 1464 816 quaest.
1502 747 1554 813 1,
1583 752 1687 800 art.
1714 742 1771 813 2,
1801 742 2053 798 Basiliam

466 842 740 907 Pontium,
791 855 1041 912 magnum
1093 839 1400 910 theologum
1447 836 1952 903 Salmanticensem,
2000 834 2056 890 in

467 934 873 992 Relectionibus
899 935 967 991 de
992 934 1204 989 auxiliis
1232 934 1431 990 divinae
1451 932 1656 1003 gratiae,
1682 938 1736 986 et
1763 929 2055 999 Gasparem

467 1026 763 1098 Casalium,
796 1028 1113 1085 Lusitanum
1158 1028 1492 1098 episcopum,
1524 1024 1618 1080 lib.
1650 1039 1669 1077 ι
1715 1021 1785 1078 de
1824 1020 2054 1089 Quadri-

468 1117 664 1193 partita
703 1121 939 1187 iustitia,
980 1120 1073 1192 qui
1111 1118 1388 1192 Augustini
1423 1118 1617 1188 dogma
1645 1113 1939 1187 explicant,
1969 1127 2057 1170 so-

466 1213 744 1271 lidissimis
794 1211 1126 1285 argumentis
1176 1211 1440 1277 muniunt,
1485 1216 1644 1278 atque
1684 1206 1753 1262 ab
1801 1206 2057 1263 adversa-

466 1306 670 1362 riorum
701 1306 898 1375 iaculis
926 1305 1225 1361 vindicant.
1264 1304 1375 1360 imo
1420 1301 1782 1360 recentiorum
1814 1298 2055 1356 subtilis-

468 1398 639 1452 simus
662 1396 905 1466 Vasquez
926 1396 1067 1452 idem
1092 1394 1362 1450 fusissime
1384 1401 1682 1464 propugnat
1707 1390 1820 1458 1-2,
1856 1390 2052 1459 disput.

469 1490 598 1556 190,
630 1505 786 1559 quem
832 1498 1126 1560 sequuntur
1175 1503 1243 1545 ex
1290 1487 1475 1543 eadem
1507 1484 1708 1541 familia
1736 1483 2055 1553 Turrianus,

475 1589 633 1636 tract.
658 1580 725 1637 de
754 1581 957 1648 Gratia,
990 1578 1188 1650 disput.
1213 1579 1281 1647 4;
1312 1577 1594 1640 Macratius.
1629 1586 1761 1635 tom.
1792 1576 1857 1643 ll,
1897 1582 2054 1631 tract.

465 1672 677 1739 eodem,
711 1682 843 1726 sect.
890 1672 953 1737 8;
986 1670 1240 1741 ﬂipalda,
1273 1677 1404 1726 tom.
1440 1669 1460 1725 l
1489 1670 1556 1725 de
1583 1667 1721 1727 Ente
1749 1676 2052 1738 supernat.,

471 1763 671 1833 disput.
700 1762 792 1827 20,
824 1769 962 1818 sect.
996 1760 1052 1830 6,
1083 1761 1305 1832 aliique.

2160 556 2301 628 quod
2334 571 2464 612 vero
2487 557 2702 613 videbat
2728 556 2781 611 id
2809 555 2939 612 satis
2967 571 3109 627 :egre
3138 570 3295 625 posse
3331 556 3652 625 persuaderi
3682 571 3743 611 ea

2157 666 2279 725 qua:
2317 653 2537 708 recitata
2579 660 2727 720 sunt,
2774 650 3043 722 apposuit,
3073 665 3181 705 non
3211 659 3268 705 ut
3312 650 3465 720 parvi
3512 650 3635 706 ﬁeri
3680 652 3745 705 ab

2159 746 2279 817 ipso
2303 748 2661 819 Augustinum
2677 744 3060 815 iudicaremus,
3084 744 3178 800 sed
3202 752 3260 798 ut
3280 743 3497 800 molesti
3519 744 3745 799 forsitan

2159 839 2452 896 adversarii
2483 839 2844 910 objectionem
2873 838 3150 909 eﬂ‘ugeret.
3184 838 3254 893 At
3279 837 3426 908 quod
3456 838 3615 893 Estio
3641 837 3749 892 dis-

2127 934 2343 1005 plicuit
2367 973 2383 1000 ,
2436 932 2565 989 olim
2617 932 2819 1002 pariter
2871 931 3352 1004 Semi-Peiagianis
3399 930 3749 1001 displicuisse

2159 1025 2344 1080 scribit
2384 1024 2620 1079 Hilarius
2660 1022 2992 1079 Arelatensis
3040 1023 3095 1079 in
3125 1024 3349 1093 epistola
3386 1023 3459 1077 ad
3486 1022 3745 1092 Angusti-

2158 1132 2308 1183 num,
2338 1116 2366 1188 ς
2403 1115 2600 1170 Deinde
2626 1116 2835 1171 moleste
2862 1117 3034 1188 ferunt
3064 1117 3138 1169 ita
3162 1115 3323 1170 dividi
3346 1115 3605 1187 gratiam,
3637 1130 3747 1184 qua:

2157 1208 2236 1265 vel
2275 1218 2393 1263 tunc
2439 1207 2605 1277 primo
2636 1207 2832 1262 homini
2880 1208 3023 1277 data,
3071 1208 3148 1264 vel
3194 1224 3330 1261 nunc
3373 1207 3622 1262 omnibus
3658 1207 3749 1259 de-

2159 1312 2262 1368 tur,
2295 1309 2399 1356 etc.
2432 1298 2528 1356 ille
2566 1308 2744 1357 tamen
2779 1301 3029 1372 scriptor,
3057 1299 3115 1370 2,
3145 1300 3272 1356 dist.
3312 1298 3405 1367 24,
3441 1299 3473 1371 ς
3502 1299 3597 1364 10,
3628 1299 3701 1353 ait
3728 1315 3747 1354 :

2164 1411 2184 1445 ‹
2218 1393 2393 1464 Atque
2442 1394 2634 1449 horum
2684 1394 2888 1464 primus
2941 1396 3013 1449 sit
3062 1393 3429 1464 Augustinus,
3484 1400 3549 1447 ut
3594 1406 3750 1461 quem

2157 1496 2370 1545 constat
2392 1502 2606 1544 causam
2635 1487 2760 1544 ﬁdei
2783 1484 3067 1544 catholicas
3085 1496 3271 1542 contra
3296 1483 3619 1555 Pelagianos
3642 1496 3750 1552 pra

2156 1580 2370 1637 caeteris
2410 1580 2792 1637 ecclesiasticis
2818 1579 3170 1650 scriptoribus
3206 1577 3383 1633 acrius
3421 1576 3749 1640 uberiusque

2158 1670 2485 1727 defendisse.
2516 1690 2536 1725 ι
2573 1671 2637 1726 Et
2666 1671 2722 1726 in
2752 1670 2805 1736 1,
2842 1669 2971 1725 dist.
3003 1668 3158 1742 ΗΑ
3196 1669 3231 1726 6
3265 1685 3279 1722 :
3315 1686 3336 1720 ι
3366 1668 3430 1723 Β.
3464 1665 3747 1735 Augustini

2157 1765 2225 1820 de
2253 1764 2419 1836 gratia
2458 1762 2656 1819 Christi
2702 1761 3022 1829 doctrinam,
3074 1776 3197 1832 qua:
3243 1773 3434 1830 magna
3476 1772 3549 1814 ex
3601 1766 3745 1825 parte

535 1852 605 1906 At
631 1852 906 1906 Pennotus
945 1867 1049 1907 non
1089 1851 1443 1917 adversatur;
1487 1850 1682 1905 etenim
1724 1848 2054 1919 Augustinus

2169 1856 2404 1915 consistit
2444 1857 2497 1913 in
2533 1856 2819 1912 astruenda
2860 1854 3329 1925 praedestinatione
3363 1852 3626 1923 gratuita,
3655 1864 3746 1920 ap-

466 1958 596 2000 usus
642 1955 723 2000 est
773 1944 826 1998 in
876 1958 1095 2000 suarum
1150 1942 1542 1999 sententiarum
1591 1940 2057 1998 confirmationem

468 2036 797 2106 argumentis
837 2036 997 2092 etiam
1032 2033 1419 2105 probabilibus,
1473 2048 1593 2104 quae
1644 2036 1690 2089 si
1737 2042 1920 2091 essent
1962 2034 2058 2090 de-

469 2132 820 2186 monstrativa
865 2142 1213 2201 argumenta,
1266 2128 1464 2185 stultos
1515 2128 1818 2184 diceremus
1871 2142 2057 2183 recen-

470 2224 636 2279 tiores
683 2224 774 2292 qui
821 2222 1023 2279 eisdem
1065 2221 1473 2292 responsionem
1518 2220 1841 2291 procudunt.
1883 2218 2055 2276 Unum

472 2314 869 2381 contendimus,
916 2312 1174 2384 capitales
1219 2312 1389 2368 sancti
1436 2311 1718 2383 Augustini
1764 2311 2059 2367 sententias

470 2406 730 2461 adversus
758 2404 1074 2475 Pelagianos
1118 2414 1175 2461 et
1218 2402 1711 2475 Semi-Pelagianos
1755 2416 1862 2458 non
1901 2416 2059 2473 posse

473 2496 607 2553 citra
635 2496 953 2553 temeritatis
983 2506 1163 2552 notam
1196 2496 1520 2569 impugnari.
1561 2496 1732 2565 Quam
1765 2509 1895 2552 vero
1922 2494 2060 2551 Pen-

482 2598 641 2645 notus
696 2602 882 2658 parum
935 2589 1297 2645 recentiorum
1363 2602 1538 2645 causai
1596 2588 1807 2656 faveat,
1867 2587 1920 2644 in
1977 2588 2058 2642 his

484 2680 723 2750 ejusdem
761 2680 942 2736 verbis
985 2692 1145 2736 nemo
1182 2696 1288 2736 non
1338 2679 1480 2736 videt
1512 2698 1527 2737 :
1565 2697 1585 2732 ι
1631 2680 1685 2736 Si
1714 2679 2057 2748 Coelestinus,

479 2774 684 2843 inquit,
738 2774 991 2831 Romana:
1039 2772 1297 2832 Ecclesiae
1352 2774 1587 2846 pontifex
1643 2775 2059 2831 calumniatores

474 2867 734 2923 doctrina:
796 2868 859 2922 D.
902 2868 1183 2940 Augustini
1241 2868 1309 2924 de
1365 2869 1838 2939 praedestinatione
1903 2866 2062 2922 vocat

473 2962 684 3032 plantas
728 2961 870 3017 male
911 2970 1239 3030 crescentes,
1283 2970 1338 3017 et
1383 2960 1678 3032 improbos,
1712 2959 1903 3032 quibus
1934 2972 2060 3029 per-

472 3063 692 3125 petuom
747 3054 1022 3111 silentium
1076 3053 1459 3129 imponendum
1517 3054 1611 3122 sit,
1658 3062 1713 3109 et
1768 3060 2062 3109 sectatores

475 3145 784 3215 dogmatum
812 3160 1190 3216 perversorum
1220 3152 1277 3201 et
1300 3143 1699 3209 damnatorum,
1723 3159 1754 3199 a
1791 3142 2063 3198 contrario

2159 1948 2749 2022 probavitCoelestinus
2781 1949 3018 2019 pontifex
3038 1949 3093 2004 in
3118 1948 3343 2017 epistola
3371 1946 3439 2000 ad
3466 1944 3748 2013 episcopos

2158 2041 2363 2097 Calliae.
2397 2060 2417 2094 ι
2469 2040 2669 2097 Omitto
2717 2040 2868 2111 plura
2915 2055 3036 2111 quae
3063 2039 3264 2111 passim
3304 2040 3358 2094 in
3400 2035 3751 2094 commenda-

2160 2135 2359 2191 tionem
2406 2133 2579 2191 sancti
2614 2134 2853 2190 doctoris
2901 2133 3083 2189 Estius
3122 2133 3344 2196 recitat;
3382 2129 3751 2185 bovanienses

2158 2225 2300 2281 enim
2344 2240 2409 2281 ac
2460 2225 2764 2282 Duacenses
2806 2237 3139 2281 consuevere
3185 2222 3490 2293 Augustino
3538 2233 3752 2289 semper

2159 2331 2280 2373 esse
2309 2316 2685 2373 addictissimi.

2231 2410 2537 2481 Alphonsus
2562 2409 2814 2465 Tostatus
2840 2408 2893 2465 in
2917 2407 3196 2465 nonnullis
3217 2407 3284 2462 ab
3305 2405 3617 2477 Augustino
3645 2405 3751 2461 dis;

2160 2502 2364 2573 sentit,
2397 2517 2519 2573 quae
2571 2505 2638 2557 ad
2677 2517 2845 2559 sacra:
2874 2502 3085 2572 paginae
3126 2500 3547 2570 explicationem
3588 2498 3751 2568 perm

2159 2603 2308 2649 nent.
2340 2595 2409 2648 At
2439 2596 2684 2649 Annatus
2731 2608 2852 2665 pag.
2884 2592 2989 2649 867
3018 2593 3095 2649 ait
3123 2610 3137 2645 :
3176 2610 3196 2643 ι
3224 2590 3383 2657 Vide,
3688 2603 3753 2643 aa

2160 2696 2312 2757 putet
2335 2688 2563 2744 dandam
2585 2702 2708 2744 esse
2736 2687 2938 2744 nemini
2968 2685 3277 2743 facultatem
3298 2686 3350 2740 in
3382 2685 3571 2754 aliquo
3599 2697 3755 2752 repu—

2158 2782 2358 2854 gnandi
2401 2797 2466 2838 ex
2497 2782 2749 2838 omnibus
2792 2795 2915 2851 qua:
2960 2770 3054 2837 ille
3098 2787 3288 2836 contra
3331 2776 3662 2848 Pelagianos
3705 2783 3758 2831 et

2162 2868 2652 2946 Serui-Pelagianos
2677 2873 2908 2943 scripsit.
2953 2891 2973 2925 ι
3007 2870 3394 2928 Contendimus
3435 2868 3622 2925 sancti
3653 2868 3758 2922 Au-
3827 2932 3832 2936 η

2162 2966 2361 3037 gustiui
2386 2966 2688 3022 doctrinam
2717 2972 2906 3021 contra
2935 2963 3254 3035 Pelagianos
3277 2977 3345 3019 ex
3389 2970 3538 3017 tanta
3572 2959 3759 3015 Eccle-

2162 3060 2260 3115 siae
2289 3057 2674 3132 approbatione
2702 3058 2755 3114 in
2799 3055 3171 3113 excellentiori
3212 3053 3387 3126 gradu
3415 3052 3761 3110 auctoritatis

2164 3150 2446 3207 locandam
2474 3166 2633 3219 esse,
2658 3165 2818 3222 quam
2846 3150 3082 3217 illorum,
3131 3149 3247 3221 qui,
3286 3158 3344 3205 ut
3380 3148 3458 3204 ait
3506 3147 3760 3203 Testatus

475 3236 776 3292 doctrinam
822 3236 1104 3306 Augustini
1155 3235 1225 3291 de
1252 3234 1722 3305 praedestinatione
1771 3234 1962 3304 probat
2004 3239 2064 3289 ut

2169 3245 2305 3316 apud
2332 3246 2626 3310 Annatum,
2654 3245 2879 3300 huanano
2906 3245 3113 3316 ingenio
3138 3243 3249 3299 solo
3269 3243 3615 3313 scripserunt.
3648 3240 3759 3296 Ca-

475 3329 775 3385 doctrinam
805 3343 1014 3397 sanam,
1058 3328 1225 3399 piam,
1265 3326 1583 3383 catholicam
1628 3336 1682 3383 et
1717 3324 1786 3381 de
1821 3325 1947 3393 ﬁde,
1978 3326 2067 3382 cui

488 3435 518 3476 a
551 3419 831 3476 catholicis
866 3434 970 3476 non
1008 3421 1180 3491 possit
1204 3418 1519 3487 contradici,
1555 3436 1575 3473 ι
1609 3419 1704 3475 lib.
1745 3430 1779 3473 v
1809 3416 2063 3488 PrOpug.,

476 3527 595 3584 cap.
632 3513 721 3582 16,
769 3528 917 3569 num.
966 3512 1022 3570 2.
1055 3514 1299 3569 Annatus
1327 3521 1527 3583 tamen,
1573 3510 1670 3569 lib.
1701 3524 1815 3578 vui,
1857 3527 1977 3582 cap.
2007 3508 2063 3580 2,

477 3622 601 3679 pag.
652 3608 781 3676 860,
820 3609 895 3665 ait
931 3625 947 3664 :
987 3626 1009 3663 ι
1049 3607 1453 3666 Constituamus
1496 3609 1645 3663 illam
1695 3616 1901 3679 partem
1948 3622 2067 3677 qua:

476 3700 601 3771 plus
632 3700 773 3759 favet
811 3701 984 3759 libero
1013 3702 1260 3770 arbitrio,
1294 3701 1644 3772 dicamusque
1676 3710 1800 3758 ante
1839 3702 2068 3773 praevisa

478 3793 669 3848 merita
701 3790 956 3850 homines
980 3795 1046 3850 ad
1077 3794 1302 3866 gratiam
1340 3793 1735 3865 praedestinari,
1768 3802 1889 3863 post
1932 3808 2071 3864 pra:-

477 3884 654 3939 visum
692 3893 874 3941 autem
913 3884 1113 3942 bonum
1161 3898 1314 3943 usum
1354 3886 1538 3958 gratia:
1581 3884 1954 3956 praedestinari
2002 3882 2071 3940 ad

478 3980 729 4051 gloriam,
761 3981 886 4050 quid
913 3980 1038 4038 inde
1068 3980 1311 4052 sequitur
1342 3987 1529 4036 contra
1564 3978 1780 4051 regulas
1808 3994 1838 4035 a
1865 3977 2072 4035 Caeles-

480 4074 593 4127 tino
642 4072 879 4143 positas?
924 4087 1145 4145 prorsus
1175 4072 1335 4129 nihil.
1364 4072 1490 4128 Haac
1529 4072 1689 4143 igitur
1728 4086 1837 4127 una
1882 4080 1967 4127 est
2003 4085 2068 4127 ex

479 4165 869 4235 quaestionibus
916 4181 1047 4236 quas
1078 4176 1318 4221 astruere
1357 4180 1465 4221 non
1510 4164 1624 4220 vult
1649 4164 1993 4235 Coclestinus,
2025 4164 2073 4221 si

483 4257 754 4311 credimus
806 4257 1057 4313 Barouio.
1094 4276 1114 4310 ι
1148 4256 1266 4314 Jam
1306 4259 1496 4324 sentis,
1542 4256 1653 4329 jam
1700 4257 1868 4324 vides,
1911 4272 2074 4330 quam

486 4346 628 4402 belle
662 4346 758 4403 tibi
804 4347 1079 4403 Pennotus
1111 4351 1376 4404 concinat.
1409 4348 1563 4416 Quod
1595 4346 1662 4404 de
1709 4348 1937 4405 Baronio
1979 4348 2074 4404 ad-

486 4437 594 4505 dis,
626 4437 820 4494 falsum
860 4453 980 4494 esse
1011 4438 1038 4510 ς
1071 4438 1095 4493 1
1129 4454 1195 4495 ex
1236 4439 1428 4495 eodem
1468 4439 1700 4495 Baronio
1738 4440 2071 4497 demonstra-

482 4545 678 4585 vrmus.

2170 3346 2341 3393 terum
2390 3338 2597 3407 insigne
2643 3336 2873 3408 elogium
2924 3337 3130 3393 Tostati
3179 3339 3246 3391 de
3286 3333 3591 3405 Augustino
3645 3332 3757 3401 iege

2168 3430 2309 3501 apud
2336 3430 2551 3486 Macedo
2573 3431 2624 3485 in
2647 3430 2925 3486 Concentu
2955 3428 3328 3499 euchologico,
3352 3441 3480 3498 pag.
3510 3424 3643 3491 451,
3671 3421 3754 3477 ubi

2169 3520 2237 3577 de
2259 3522 2483 3576 Tostato
2529 3521 2604 3575 ait
2634 3538 2648 3574 :
2686 3538 2706 3573 ι
2739 3520 3056 3591 Quanquam
3086 3519 3307 3575 minutis
3351 3515 3678 3588 quibusdam
3705 3515 3754 3568 in

2168 3611 2552 3681 quaestionibus
2603 3610 2670 3666 ab
2701 3610 3000 3682 Augustino
3031 3609 3298 3667 interdum
3330 3608 3659 3672 dissentiat,
3702 3606 3755 3661 in

2170 3704 2392 3759 materia
2423 3704 2490 3760 de
2522 3703 2997 3773 prmdestinatione
3020 3711 3079 3759 et
3121 3702 3294 3775 gratia
3338 3701 3645 3773 Augustino
3670 3713 3754 3771 pe.

2170 3797 2315 3852 nitus
2345 3798 2635 3853 consentit.
2667 3816 2687 3851 ι

2243 3886 2337 3943 llis
2359 3887 2574 3944 additur
2601 3888 2670 3944 ab
2698 3887 2937 3957 Adamo,
2970 3895 3110 3958 part.
3139 3901 3199 3943 ιιι
3223 3884 3431 3942 Calvlni
3457 3883 3752 3951 destructi,

2170 3995 2289 4052 cap.
2320 3982 2375 4051 (5,
2404 3982 2649 4038 Andreas
2671 3981 2819 4054 Vega
2841 4023 2859 4049 ,
2890 3982 2981 4053 qui
3008 3980 3193 4038 dolere
3243 3995 3307 4037 se
3339 3979 3479 4036 dixit
3508 3978 3754 4050 Augusti—

2172 4089 2300 4130 num
2328 4072 2759 4131 adversariorum
2811 4074 2997 4146 gratite
3044 4072 3442 4144 objectiohibus
3464 4072 3617 4128 clare
3656 4086 3754 4127 non

2172 4167 2522 4235 satisfecisse,
2551 4167 2643 4224 lib.
2677 4184 2754 4224 xu
2783 4168 2837 4223 in
2862 4167 3143 4233 Trideut.,
3174 4181 3296 4237 cap.
3323 4165 3417 4233 22,
3449 4165 3524 4221 de
3563 4162 3757 4221 Justiti-

2174 4268 2277 4315 cat.
2310 4260 2585 4316 Caeterum
2618 4258 2763 4331 cha
2797 4258 2996 4314 ibidem
3028 4272 3150 4314 cum
3178 4256 3405 4315 dixisset
3449 4255 3757 4325 Pelagianos

2178 4360 2368 4407 contra
2418 4351 2651 4407 divinam
2697 4352 2923 4422 gratiam
2975 4348 3161 4406 decem
3202 4357 3257 4404 et
3293 4362 3391 4405 sex
3436 4347 3759 4417 argumentis

2175 4444 2413 4513 stetisse,
2437 4443 2549 4499 ait:
2586 4461 2605 4495 ‹
2633 4443 2703 4498 Et
2724 4443 2791 4497 ad
2816 4428 2878 4499 ea
2897 4442 3076 4498 omnia
3105 4441 3323 4513 copiose
3343 4447 3400 4496 et
3426 4440 3647 4497 erudite
3673 4452 3761 4509 pro

2177 4548 2272 4588 sua
2304 4535 2503 4590 eximia
2550 4534 2796 4590 doctrina
2846 4532 3124 4605 respondit
3165 4532 3522 4604 Augustinus.
3554 4549 3576 4584 ι
3607 4530 3759 4587 Addit

551 4620 868 4678 Guillclmus
896 4623 1059 4679 etiam
1096 4622 1279 4680 Estius
1311 4624 1704 4694 intromittitur,
1736 4625 1827 4697 qui
1858 4626 1884 4679 1
1932 4625 2069 4682 Seu-
2095 4632 2151 4696 1)
2176 4637 2354 4684 tamen
2396 4628 2594 4683 ibidem
2640 4626 2896 4683 nonnulla
2944 4642 3067 4698 quae
3109 4641 3210 4684 nec
3255 4624 3588 4683 adversariis
3636 4624 3759 4694 ipsis

482 4715 795 4784 tentiarum,
826 4716 953 4771 dist.
979 4717 1073 4787 64,
1105 4716 1132 4789 §
1160 4716 1248 4786 lli,
1276 4719 1349 4773 ait
1379 4738 1391 4772 :
1427 4737 1445 4770 ι
1475 4719 1629 4787 Quod
1657 4719 1704 4774 si
1726 4719 2075 4776 nihilominus

481 4811 776 4866 contendat
812 4812 1005 4882 aliquis
1044 4812 1326 4883 Augustini
1362 4812 1522 4869 verba
1551 4829 1672 4884 quac
1710 4814 1919 4885 objecta
1950 4823 2076 4871 sunt

482 4904 584 4961 huc
618 4904 819 4962 inﬂecti
848 4920 955 4961 non
989 4922 1172 4977 posse,
1204 4914 1461 4977 putetque
1487 4892 1609 4963 cum
1640 4923 1826 4964 revera
1854 4907 2074 4964 alterius

482 5013 603 5056 esse
627 4998 936 5067 sententiae,
970 5009 1078 5056 tum
1110 5000 1558 5071 respondebimus
1590 5016 1652 5057 ea
1682 5014 1803 5072 quae
1828 5001 1895 5058 de
1922 4999 2073 5073 adju-~

486 5092 626 5146 torio
659 5092 819 5161 primi
865 5092 1099 5149 hominis
1145 5100 1200 5148 et
1230 5092 1545 5164 angelorum
1574 5093 1877 5165 obscurius,
1907 5102 1985 5161 et,
2018 5102 2077 5150 ut

484 5180 713 5250 videtur,
744 5190 897 5238 extra
935 5180 1234 5254 Scriptura:
1274 5182 1648 5239 auctoritatem
1693 5184 1759 5239 ab
1792 5200 1856 5240 eo
1894 5185 2077 5256 dispu-

487 5279 593 5326 tata
621 5281 766 5338 sunt,
797 5274 863 5329 ad
894 5274 997 5328 hoc
1034 5281 1093 5327 ut
1124 5289 1189 5329 ex
1218 5273 1623 5345 comparatione
1659 5275 1848 5347 gratiae
1878 5284 2077 5333 nostrae

488 5379 584 5434 per
611 5364 881 5421 Christum
916 5368 1269 5437 reparationis
1305 5369 1477 5439 magis
1513 5370 1798 5441 emineret,
1838 5387 1943 5429 non
1983 5373 2077 5430 de-

489 5459 619 5513 bere
665 5459 1016 5530 praejudicare
1058 5461 1314 5517 doctrina:
1359 5479 1478 5534 quae
1526 5465 1665 5535 apud
1714 5466 1850 5522 alios
1892 5466 2080 5526 Patres

489 5552 770 5622 ipsumque
825 5563 1066 5610 sanctum
1131 5554 1393 5613 Thomam
1454 5559 1507 5614 in
1560 5558 1869 5632 bujusmodi
1920 5562 2080 5620 rebus

489 5643 893 5699 exactissimum
917 5645 1187 5701 doctorem
1209 5650 1516 5718 expressior
1542 5651 1826 5721 reperitur.
1852 5670 1873 5706 ι
1900 5652 2079 5711 Estius

491 5749 597 5802 quo
627 5750 777 5789 suam
809 5750 934 5807 erga
975 5747 1220 5793 sanctum
1258 5738 1534 5797 doctorem
1567 5742 1962 5800 observantiam
1991 5759 2080 5802 os-

493 5829 751 5897 tenderet,
782 5828 970 5888 eadem
997 5829 1119 5887 dist.
1154 5828 1245 5900 ﬂ,
1274 5830 1301 5903 §
1333 5830 1400 5888 i5
1423 5841 1478 5892 et
1503 5834 1593 5903 11,
1620 5837 1843 5894 multum
1873 5836 2078 5897 laboris

2179 4722 2393 4793 placere
2437 4725 2669 4791 possunt
2711 4737 2725 4772 :
2770 4734 2893 4774 nam
2943 4717 3084 4773 hanc
3137 4717 3381 4790 regulam
3435 4714 3758 4787 praedicandi

2178 4814 2490 4885 mysterium
2520 4810 3088 4883 praedestinationisﬁet
3112 4810 3438 4868 necessariae
3468 4808 3662 4880 gratia:
3696 4806 3757 4862 ad

2176 4904 2501 4960 credendum
2528 4946 2547 4972 ,
2572 4902 2897 4974 diligendum
2926 4901 3096 4958 Deum
3118 4941 3135 4969 ,
3165 4900 3540 4973 paenitendum
3568 4940 3585 4969 ,
3633 4908 3756 4967 etc.,

2178 4993 2643 5051 concionatoribus
2674 4992 2857 5050 tradit.
2892 5012 2911 5046 ι
2940 4988 3203 5064 Cuperem
3254 4992 3355 5048 hoc
3396 4991 3547 5047 clare
3577 5000 3637 5048 et
3661 4990 3761 5045 dis-

2179 5086 2344 5143 tincte
2382 5087 2549 5155 tradi,
2581 5085 2806 5157 perinde
2846 5100 2967 5142 esse
3002 5085 3057 5142 in
3080 5093 3265 5142 nostra
3292 5092 3566 5155 potestate
3592 5082 3759 5137 omnia

2178 5180 2434 5237 exercitia
2491 5179 2778 5250 virtutum,
2824 5178 2890 5234 ad
2935 5193 3056 5249 qua:
3083 5177 3356 5234 credimus
3402 5174 3757 5231 necessariam

2178 5286 2299 5331 esse
2328 5273 2615 5345 specialem
2644 5273 2742 5330 Dei
2763 5273 3020 5345 gratiam,
3044 5287 3109 5329 ac
3132 5272 3181 5328 si
3206 5271 3354 5328 solus
3372 5268 3652 5341 generalis
3675 5264 3760 5320 Dei

2180 5383 2475 5426 concursus
2495 5368 2803 5438 sufﬁceret,
2835 5370 2945 5425 imo
2982 5383 3046 5426 ac
3072 5368 3120 5425 si
3148 5381 3256 5424 non
3284 5373 3432 5423 esset
3459 5365 3567 5420 nisi
3588 5370 3758 5419 nostra

2181 5461 2294 5518 sola
2326 5461 2576 5518 voluntas
2605 5460 2673 5516 ad
2702 5475 2767 5516 ea
2795 5460 2977 5517 omnia
3019 5458 3296 5531 requisita.
3326 5476 3347 5511 ι
3378 5456 3450 5513 Et
3478 5463 3607 5526 post
3631 5469 3758 5509 non-

2182 5553 2327 5610 nulla
2367 5555 2561 5611 similia
2591 5554 2784 5611 addit:
2824 5572 2844 5608 ‹
2873 5554 2942 5609 Ει
2988 5552 3108 5610 haec
3152 5565 3299 5622 saepe
3339 5548 3683 5616 desideravi,
3709 5552 3761 5600 ut

2180 5647 2511 5718 Augustinus
2544 5647 2719 5718 palam
2744 5652 2801 5703 et
2829 5654 3016 5717 aperte
3059 5641 3431 5715 respondisset
3468 5638 3760 5711 obiicienti-

2180 5742 2282 5798 bus
2304 5743 2407 5813 ipsi
2431 5742 2574 5813 quod
2594 5756 2624 5797 a
2644 5741 3032 5815 praedicatione
3056 5723 3553 5812 praedestinationis
3568 5745 3624 5792 et
3647 5746 3754 5804 grav

2180 5833 2270 5893 tiae
2292 5835 2610 5895 cessandum
2636 5844 2782 5895 esset
2801 5848 2985 5894 coram
3014 5833 3231 5909 populo.
3268 5849 3290 5888 ι
3323 5830 3455 5901 Quis
3495 5842 3626 5890 vero
3656 5838 3751 5884 non
