3962 6346
160 353 280 414 ⁸1⁸15

1349 356 1672 417 ἾΙΝΒῙΟΙιΕ
1712 356 2271 421 AUGUSTINIAN/E.

3333 314 3441 424 πὶ

165 469 351 526 videat
381 482 446 525 ex
466 468 559 525 illa
583 467 744 539 Vaga
761 468 943 540 regula
975 469 1273 525 orationem
1300 485 1573 542 nunquam
1604 473 1752 530 audi-
1778 479 1835 539 Α
1857 476 2018 533 habet
2046 493 2059 530 :
2086 473 2229 549 Ergo
2257 493 2357 532 non
2388 484 2463 533 est
2492 476 2768 548 probabilis
2792 479 3043 537 sententia
3062 480 3355 554 Augustini.
3380 486 3441 545 in

166 561 379 618 toribus
406 560 775 617 inculcandatn
819 560 977 617 esse?
1008 561 1221 618 Etenim
1272 564 1446 619 oratio
1488 574 1572 621 est
1616 565 1753 622 divi-

163 672 254 713 na:
280 654 469 727 gratia
506 653 835 722 testiﬁcatio,
885 670 1007 711 cum
1058 656 1236 712 nullus
1280 665 1427 727 petat
1472 656 1539 713 ab
1578 658 1752 716 altero

162 755 427 811 auxilium
476 754 544 809 ad
590 749 806 823 aliquod
851 751 1152 809 faciendum
1180 794 1199 822 ,
1246 753 1391 824 quod
1434 769 1534 825 per
1580 762 1753 813 semet

163 862 324 919 teque
351 847 510 903 facile
536 854 795 916 prmatare
829 852 1048 915 potest,
1079 860 1189 917 quo
1231 856 1549 917 argumento
1591 846 1750 905 Pela-

160 941 313 1011 giani
342 955 373 996 a
404 939 654 997 Patribus
679 939 913 995 convicti
939 946 1083 995 sunt.
1118 938 1175 995 Si
1204 938 1391 996 ﬁdeles
1419 941 1483 996 ad
1512 940 1751 999 divinam

162 1047 326 1104 Opem
379 1033 770 1104 implorandam
819 1032 1138 1089 adhortandi
1165 1041 1328 1101 sunt,
1379 1041 1438 1088 ut
1484 1033 1541 1089 in
1583 1034 1751 1089 sacris

160 1125 437 1195 mysteriis
458 1124 582 1181 facit
614 1122 853 1181 Ecclesia
876 1166 891 1190 ,
941 1139 1049 1180 non
1091 1125 1165 1179 ita
1214 1124 1639 1182 commendanda
1666 1130 1751 1182 est

159 1220 412 1274 voluntas
451 1232 515 1273 ac
551 1219 596 1273 si
636 1218 752 1273 sola
780 1220 894 1288 ipsa
925 1218 990 1274 ad
1019 1218 1251 1274 virtutes
1288 1218 1659 1288 capessendas
1696 1224 1752 1274 et

161 1309 446 1377 fugiendas
466 1309 789 1365 tentationes
810 1309 911 1364 sibi
933 1308 1185 1365 sufﬁciat.
1212 1309 1380 1364 Miror
1398 1315 1599 1379 autem,
1628 1324 1750 1366 cum

160 1400 365 1471 Vagam
389 1400 527 1456 hanc
553 1400 874 1457 sententiam
903 1399 1103 1456 ibidem
1132 1400 1543 1457 interserentem
1566 1400 1749 1471 audio,

155 1493 361 1549 debere
386 1507 511 1560 nos,
542 1494 702 1565 ipsius
745 1509 894 1562 opem
932 1492 1155 1547 assiduis
1179 1499 1227 1545 et
1256 1492 1560 1562 importunis
1587 1493 1751 1564 gemi-

157 1586 297 1639 tibus
327 1584 584 1657 ﬂagitare.
619 1584 787 1639 Porro
816 1585 860 1639 si
887 1583 991 1640 hoc
1022 1583 1205 1655 populi
1228 1582 1454 1639 docendi
1478 1592 1624 1651 sunt,
1646 1597 1751 1651 qua

154 1681 378 1735 ratione
404 1678 517 1734 sola
546 1677 839 1733 voluntatis
881 1677 1125 1733 humanae
1172 1678 1410 1748 potentia
1462 1675 1750 1732 asserenda

154 1772 280 1826 est?
308 1771 419 1825 imo
445 1780 654 1825 summa
681 1769 923 1839 ejusdem
955 1770 1241 1825 inﬁrmitas
1271 1768 1590 1836 ostenditur,
1625 1768 1751 1824 dum

1856 569 1964 625 ﬁne
1991 571 2251 626 secundi:
2293 569 2621 641 lmpossibile
2656 574 2852 628 videtur
2880 584 2927 630 et
2963 577 3168 631 omnino
3216 577 3444 634 incredi-

1856 660 1970 727 bile,
1996 671 2127 727 etc.;
2163 676 2283 732 quae
2320 677 2426 718 non
2456 677 2522 719 ex
2554 665 2768 735 prepria
2812 667 3100 734 sententia,
3130 667 3224 723 sed
3246 668 3439 724 adver-

1853 767 1947 810 sus
1975 754 2327 824 Augustinum
2374 756 2644 825 arguentis
2694 772 2922 827 persona
2968 757 3181 814 inducta
3223 762 3437 831 posuit,

1853 854 1913 901 ut
1943 855 2089 917 patet
2112 862 2178 903 ex
2201 846 2267 902 iis
2297 862 2415 918 quae
2438 858 2623 918 postea
2659 849 2837 904 tradit.
2868 848 2959 905 ille
2987 860 3164 907 autem
3195 861 3309 908 tres
3338 853 3442 908 ibi-

1853 940 1975 996 dem
2008 941 2304 997 sententias
2354 942 2516 997 refert
2559 961 2570 995 :
2616 943 2843 1012 primam
2899 943 3072 1000 sancti
3115 945 3441 1019 Augustini,

1853 1032 2079 1089 alteram
2102 1033 2455 1105 quorumdam
2476 1034 2895 1101 Thomistarum,
2922 1046 3242 1107 postremam
3268 1037 3441 1094 sancti

1852 1128 2096 1185 Thomas.
2130 1130 2206 1185 De
2235 1128 2467 1187 secunda
2485 1170 2499 1197 ,
2538 1128 2565 1202 §
2589 1126 2850 1185 Praeterea
2870 1130 3202 1203 manifestum
3230 1140 3304 1187 est
3327 1171 3344 1199 ,
3366 1132 3443 1190 ita

1849 1220 2097 1293 judicat:
2135 1242 2153 1275 ‹
2194 1222 2369 1295 Atque
2415 1224 2487 1277 ita
2543 1221 2780 1278 secunda
2834 1222 3015 1294 opinio
3058 1222 3213 1280 facile
3266 1231 3443 1295 potest

1853 1314 2177 1383 sustentari,
2211 1330 2385 1387 neque
2415 1314 2665 1373 existimo
2712 1313 2929 1371 diﬁ'erre
2978 1330 3007 1370 a
3058 1304 3325 1372 sententia
3374 1316 3441 1374 D.

1853 1402 2095 1474 Thomas,
2128 1407 2230 1461 nisi
2261 1408 2379 1463 solo
2410 1407 2647 1464 nomine.
2671 1426 2690 1461 ι
2720 1406 2885 1463 Porro
2911 1406 2938 1480 §
2972 1404 3146 1464 Tertia
3192 1409 3446 1465 sententia

1854 1506 1928 1551 est
1958 1496 2028 1554 ι).
2074 1496 2284 1554 Thomas
2304 1539 2319 1565 ,
2350 1499 2543 1554 collata
2575 1499 2853 1571 Augustini
2892 1499 3157 1555 sententia
3204 1514 3325 1556 cum
3355 1499 3445 1559 illa

1855 1588 2090 1645 secunda
2120 1590 2195 1645 ait
2223 1607 2236 1643 :
2266 1608 2283 1641 ι
2316 1590 2686 1661 Quapropter,
2708 1600 2768 1645 ut
2811 1600 2991 1662 postea
3019 1591 3295 1657 dicemus,
3337 1605 3445 1648 non

1855 1689 1941 1736 est
1968 1682 2141 1737 minus
2170 1681 2496 1752 probabilis,
2528 1682 2636 1737 imo
2668 1683 2805 1739 forte
2832 1682 3164 1753 probabilior
3207 1681 3444 1741 secunda

1856 1773 1943 1828 illa
1966 1772 2254 1842 sententia,
2277 1790 2435 1845 quam
2471 1776 2638 1845 prima
2661 1774 2725 1830 D.
2753 1774 3053 1845 Augustini.
3069 1793 3090 1827 ι
3114 1774 3277 1847 Ergo,
3305 1782 3444 1831 teste

155 1861 222 1917 ad
276 1862 424 1916 illam
450 1861 809 1930 adjuvandam
836 1861 931 1916 Dei
958 1860 1125 1932 gratia
1144 1902 1158 1927 ,
1193 1875 1298 1915 non
1330 1860 1503 1916 dicam
1532 1873 1754 1930 exspec-
1779 1851 1831 1916 Β
1859 1865 2145 1932 Bannesio,
2175 1868 2437 1923 sententia
2478 1867 2648 1923 sancti
2694 1867 2975 1938 Augustini
2998 1875 3082 1923 est
3111 1866 3441 1939 probabilis;

155 1961 320 2018 tatur,
352 1952 446 2009 sed
467 1952 690 2008 assiduis
719 1962 767 2007 st
794 1953 1105 2023 importunis
1128 1952 1398 2026 gemitibus
1418 1951 1744 2022 imploratur.

152 2047 232 2102 De
262 2046 352 2103 bis
376 2056 554 2103 autem
584 2046 719 2103 adeo
744 2046 915 2103 solide
944 2046 1052 2116 agit
1098 2046 1431 2117 Augustinus
1463 2045 1517 2099 in
1551 2045 1643 2100 lib.
1678 2044 1747 2098 de

152 2141 310 2197 Dono
332 2154 569 2210 persev.,
600 2140 651 2210 ['a
685 2153 805 2210 cap.
833 2139 900 2192 14
927 2148 981 2195 et
1011 2153 1152 2210 seq.,
1186 2148 1246 2194 ut
1270 2138 1404 2193 nihil
1431 2138 1515 2192 vel
1548 2137 1747 2193 clarius

152 2237 239 2293 vel
281 2236 556 2300 efﬁcacius
602 2250 635 2290 a
682 2249 949 2306 quoquam
998 2233 1292 2291 desiderari
1341 2233 1532 2303 possit.
1569 2231 1748 2299 Quare

152 2327 317 2401 Vegm
347 2329 712 2385 testimonium
740 2343 839 2383 nec
858 2326 1148 2382 adversarii
1182 2326 1282 2396 ipsi
1329 2325 1591 2395 probent,
1615 2323 1745 2379 dum

151 2435 216 2477 ea
246 2423 443 2477 astruit
466 2436 585 2492 quae
614 2422 834 2491 ipsimet
854 2419 1179 2491 improbent,
1208 2418 1251 2474 si
1274 2431 1402 2479 sane
1423 2414 1653 2486 sapiant.

151 2533 178 2604 §
215 2532 291 2590 Χ.
335 2532 593 2589 Dominici
622 2531 831 2587 Bannez
857 2530 1201 2604 testimonium
1232 2529 1387 2604 altius
1417 2535 1596 2582 contra
1640 2525 1747 2580 Au-

466 2606 728 2678 gustinum
748 2616 1115 2674 exaggeratam
1138 2601 1437 2654 discutitur.

222 2720 447 2792 Hispani
493 2720 654 2791 hujus
698 2717 969 2788 theologi,
1020 2730 1181 2787 quem
1212 2727 1427 2783 semper
1476 2709 1745 2768 infensum

148 2819 484 2877 recentiores
521 2816 726 2887 experti
750 2822 907 2882 sunt,
963 2811 1327 2869 testimonium
1359 2816 1546 2865 contra
1585 2821 1744 2862 sanc-

147 2922 267 2968 tum
295 2913 576 2968 doctorem
604 2907 794 2980 grandi
831 2907 1024 2963 ﬁducia
1042 2911 1392 2976 exaggerant,
1420 2902 1475 2957 in
1503 2916 1604 2973 qua
1629 2900 1745 2971 qui-

148 3006 277 3062 dem
308 3020 371 3060 re
396 3019 515 3059 cum
540 3002 681 3057 mala
710 3000 817 3057 ﬁde
844 2999 1158 3070 procedant,
1187 2996 1319 3053 illud
1344 2994 1496 3051 nobis
1520 2994 1746 3064 diligen-

148 3101 259 3154 tius
288 3097 704 3155 examinandum
737 3094 908 3151 venit.
941 3092 1212 3161 Adamusf,
1242 3099 1379 3161 part.
1411 3104 1471 3144 ill
1502 3087 1584 3144 sui
1627 3086 1746 3142 Cai-

147 3192 263 3246 vini
304 3190 592 3256 destructi,
637 3203 757 3259 cap.
790 3189 844 3253 9,
895 3201 1015 3257 pag.
1050 3184 1176 3252 667,
1225 3198 1343 3238 cum
1393 3180 1494 3237 sibi
1538 3179 1739 3235 licitum

147 3300 274 3342 esse
312 3284 515 3340 scribat
563 3282 734 3338 sancti
763 3278 1044 3351 Augustini
1092 3285 1209 3333 sent

148 3376 374 3432 batione
402 3390 468 3431 ex
492 3374 609 3431 solo
632 3382 852 3445 peccato
882 3370 1127 3443 originali
1153 3377 1325 3424 ortam
1356 3365 1585 3435 horrere,
1609 3364 1746 3436 quod

148 3476 315 3521 mater
348 3476 424 3522 est
450 3464 591 3520 illius
612 3480 764 3533 quam
783 3462 1027 3519 Calvinus
1054 3469 1197 3514 tanta
1224 3458 1480 3530 impietate
1500 3473 1560 3510 ac
1605 3455 1746 3511 rabie

148 3569 336 3615 contra
391 3556 679 3612 Ecclesiam
727 3555 986 3620 inculcat,
1032 3549 1285 3609 Bannesii
1326 3546 1626 3621 patrocinio
1659 3545 1744 3602 vel

146 3651 467 3709 testimonio
507 3650 701 3717 utitur,
734 3647 805 3703 ita
832 3646 900 3702 de
927 3644 1117 3702 eadem
1165 3642 1431 3700 sententia
1461 3635 1745 3710 Augustini

145 3741 465 3811 scribentis,
499 3749 639 3811 part.
670 3756 709 3809 ι,
740 3746 932 3810 quaest.
952 3737 1044 3806 25,
1066 3734 1216 3793 art.5
1241 3754 1256 3789 ι
1282 3754 1300 3787 t
1329 3734 1459 3789 Haec
1479 3732 1743 3789 sententia

145 3853 258 3894 non
285 3844 373 3893 est
400 3832 711 3905 probabilis.
728 3831 843 3887 Non
869 3828 1131 3886 modicam
1164 3827 1324 3883 habet
1352 3824 1741 3881 difﬁcultatem.

146 3930 497 4003 lmpossibile
531 3928 743 3985 videtur
769 3934 824 3983 et
851 3925 1070 3981 omnino
1098 3921 1412 3979 incredibile
1442 3920 1581 3993 quod
1602 3920 1745 3975 Deus

144 4032 376 4096 propter
405 4024 616 4094 culpam
659 4021 974 4093 originalem
1018 4018 1290 4074 hominem
1349 4015 1740 4087 reprobaverit.

144 4121 267 4178 Hoc
298 4120 480 4176 nullus
503 4117 742 4174 ﬁdelium
769 4116 952 4174 dicere
974 4113 1209 4170 audebit.
1233 4110 1289 4168 Si
1321 4111 1386 4167 D.
1415 4110 1745 4183 Augustinus

145 4213 421 4269 voluisset
477 4211 758 4266 attendere
808 4206 1066 4265 malitiam
1119 4206 1277 4276 hujus
1319 4205 1742 4276 consequentiae,

144 4320 432 4377 nunquam
465 4302 735 4374 posuisset
780 4301 922 4373 quod
962 4301 1225 4371 originale
1269 4309 1541 4371 peccatum
1570 4300 1743 4356 solum

144 4410 228 4456 est
256 4412 425 4455 causa
473 4395 867 4467 reprobationis
912 4394 1151 4451 omnium
1183 4393 1591 4464 reprobatorum
1641 4392 1740 4448 ho-

144 4491 381 4548 mitium.
408 4507 427 4542 ι
463 4486 734 4557 Armatus,
779 4487 872 4542 lib.
899 4501 997 4542 vut
1025 4486 1143 4550 cit.,
1192 4500 1309 4555 cap.
1364 4485 1418 4553 4,
1451 4500 1572 4556 pag.
1615 4484 1741 4553 874,

144 4582 426 4653 prioribus
451 4579 685 4649 Omissis,
718 4579 832 4644 illa,
866 4577 927 4634 Si
962 4576 1033 4633 υ.
1070 4578 1405 4650 Augustinus,
1432 4585 1562 4644 etc.,
1588 4577 1745 4648 longe

1848 1957 1958 2013 imo
1994 1959 2204 2016 dubitat
2252 1975 2319 2015 an
2364 1959 2596 2015 secunda
2646 1959 2716 2015 sit
2769 1959 3095 2029 probabilior
3145 1959 3267 2029 (ait
3293 1959 3441 2015 enim

1849 2049 2023 2121 forte)
2058 2051 2147 2105 illa
2181 2052 2352 2107 sancti
2384 2049 2692 2121 Augustini,
2721 2049 2807 2105 illa
2831 2091 2846 2115 ,
2881 2050 3093 2121 inquam
3121 2084 3139 2116 ,λ
3163 2049 3397 2105 secunda
3421 2091 3440 2118 ,

1848 2156 2008 2212 quam
2056 2141 2274 2198 differre
2296 2150 2503 2213 putata
2535 2141 2798 2198 sententia
2847 2143 3018 2197 sancti
3070 2142 3293 2197 Thomas
3339 2142 3444 2197 nisi

1846 2233 1957 2286 solo
1980 2233 2204 2289 nomine.
2238 2234 2381 2305 Ergo
2431 2232 2594 2288 falsus
2632 2233 2973 2289 cenvincitur
3001 2231 3240 2289 Adamus
3269 2275 3283 2298 ,
3311 2233 3439 2288 dum

1846 2322 2009 2379 verba
2041 2324 2129 2379 illa
2164 2340 2175 2377 :
2211 2322 2351 2395 Ergo
2382 2340 2482 2378 non
2507 2332 2581 2379 est
2623 2323 2902 2395 probabilis
2948 2324 3198 2378 sententia
3227 2324 3437 2395 Augus-

1847 2415 1960 2481 tini,
1981 2430 2099 2484 qua:
2125 2415 2379 2486 arguendi
2398 2416 2568 2486 gratia
2592 2415 2680 2472 ille
2700 2416 2980 2487 theologus
3011 2415 3171 2482 dixit,
3196 2415 3439 2486 ejusdem

1849 2507 2171 2562 sententiam
2202 2522 2321 2563 esse
2351 2508 2740 2579 pronuntiavit.
2778 2508 2986 2564 Rursus
3026 2507 3168 2565 idem
3198 2508 3266 2565 de
3295 2508 3436 2565 alte-

1851 2614 1914 2656 ro
1944 2601 2191 2659 Bannesii
2221 2602 2366 2660 dicto
2395 2600 2680 2659 dicendum
2711 2611 2814 2669 est,
2844 2602 2971 2658 dum
3016 2601 3069 2658 in
3116 2612 3439 2674 argumento

1847 2691 2088 2747 secundo
2116 2692 2229 2748 ait:
2268 2711 2288 2745 α
2317 2693 2650 2765 lmpossibile
2675 2693 2888 2751 videtur
2920 2702 2975 2751 et
3004 2693 3224 2750 omnino
3256 2696 3435 2752 incre-

1849 2784 2015 2842 dibile
2043 2787 2186 2856 quod
2218 2787 2360 2845 Deus
2382 2789 2449 2845 ab
2476 2798 2681 2845 aeterno
2710 2789 2956 2847 statuerit
2978 2788 3295 2862 originalem
3322 2791 3439 2845 cul-

1848 2892 1970 2947 pam
2017 2879 2439 2936 misericorditer
2468 2889 2523 2936 et
2547 2896 2675 2938 vere
2706 2882 3015 2949 remittere;
3067 2891 3120 2937 et
3166 2882 3438 2937 nihilomi-

1848 2984 1950 3028 nus
1980 2981 2200 3041 pr0pter
2240 2973 2386 3030 illam
2415 2976 2627 3046 culpam
2656 2974 2930 3032 hominem
2972 2974 3339 3045 reprobaverit
3364 2992 3378 3042 ;
3408 2991 3429 3026 ι

1848 3073 1904 3123 et
1926 3068 1980 3123 in
2010 3067 2169 3124 tertio
2190 3078 2506 3139 argumento
2547 3069 2705 3125 infert
2737 3087 2749 3124 :
2781 3087 2802 3121 ι
2832 3068 2975 3141 Ergo
3006 3067 3268 3140 originale
3314 3081 3441 3139 pec-

1847 3168 2025 3215 catum
2070 3160 2180 3232 jam
2210 3164 2496 3218 remissum
2527 3170 2611 3219 est
2648 3176 2812 3218 causa
2841 3171 2896 3218 et
2933 3160 3069 3217 ratio
3114 3159 3443 3217 condemna-

1214 3276 1412 3333 entiam
1453 3273 1521 3329 de
1560 3286 1745 3342 repro-

1851 3253 2014 3309 tionis
2042 3262 2280 3324 (elerum,
2303 3254 2443 3326 quod
2473 3255 2650 3311 nullus
2676 3254 2910 3310 ﬁdelium
2940 3253 3123 3311 dicere
3148 3250 3384 3310 audebit.
3412 3267 3435 3303 ι

1850 3346 2086 3403 Adamus
2114 3362 2247 3404 vero
2275 3347 2482 3404 abrasis
2525 3348 2632 3404 illis
2657 3346 2871 3415 verbis,
2920 3357 3183 3421 peccatum
3204 3348 3319 3419 jam
3360 3362 3443 3402 re-

1810 3468 1818 3478 -
1848 3441 2083 3511 missum,
2116 3450 2246 3507 etc.,
2276 3441 2471 3512 raptim
2500 3440 2604 3497 alia
2649 3440 2703 3497 in
2755 3456 2913 3498 unam
2955 3443 3281 3500 sententiam
3311 3456 3443 3499 con-

1850 3534 2052 3605 gessit,
2108 3548 2217 3606 quo
2244 3533 2575 3591 acerbiorem
2627 3548 2906 3591 censuram
2959 3533 3182 3592 faceret.
3227 3533 3334 3592 Sed
3376 3548 3445 3592 ex

1848 3642 2079 3700 persona
2109 3626 2545 3684 adversariorum
2576 3626 2665 3684 illa
2698 3643 2757 3684 se
2794 3628 3001 3684 dixisse
3030 3628 3323 3685 Bannesius
3353 3640 3444 3684 os-

1846 3722 2039 3793 tendit,
2064 3724 2192 3780 dum
2224 3723 2382 3795 paulo
2411 3722 2633 3779 inferius
2664 3721 2779 3780 haec
2818 3722 3008 3779 scribit
3030 3722 3097 3778 ε’(
3129 3720 3236 3779 Sed
3260 3735 3442 3793 operte

1848 3816 2081 3885 pretium
2110 3818 2216 3873 erit
2264 3815 2412 3886 prius
2438 3815 2683 3888 quaedam
2717 3815 3001 3873 advertere
3030 3813 3174 3872 circa
3216 3823 3442 3872 senten-

1847 3909 1976 3963 tiam
2004 3907 2312 3978 Augustini,
2346 3922 2468 3979 qua:
2490 3909 2711 3964 omnino
2733 3908 2969 3965 cavenda
2992 3898 3120 3965 Sunt
3143 3906 3210 3963 ab
3239 3906 3317 3963 eis
3347 3906 3444 3978 qui

1848 4003 1995 4059 illam
2040 4003 2226 4060 volunt
2270 4002 2582 4060 defendere.
2612 4021 2633 4056 ι
2662 4001 2731 4059 Et
2769 4003 2948 4059 statim
2980 4020 2992 4055 :
3027 4020 3045 4054 ι
3078 4004 3217 4057 Ante
3263 4001 3443 4056 omnia

1848 4095 2147 4152 cavendum
2198 4103 2281 4153 est
2326 4110 2395 4152 ne
2442 4094 2770 4153 concedatur
2808 4095 2954 4168 quod
2982 4094 3177 4165 aliquis
3222 4100 3444 4164 prapter

1848 4191 2110 4262 originale
2137 4200 2417 4262 peccatum
2466 4189 2578 4261 jam
2609 4190 2897 4245 remissum
2942 4195 3194 4258 tanquam
3222 4194 3445 4258 propter

1847 4297 2064 4340 causam
2092 4282 2493 4339 demeritorian.
2525 4281 2809 4337 damnetur
2838 4294 2994 4351 pinna
3020 4279 3239 4346 damni,
3278 4295 3298 4331 ι
3332 4271 3441 4334 etc.

1857 4375 1939 4430 Ex
1979 4375 2170 4446 quibus
2200 4381 2346 4446 patet
2392 4372 2540 4429 illam
2587 4371 3038 4445 propositionem,
3082 4386 3241 4443 quam
3280 4369 3446 4426 infert

1864 4469 1916 4524 in
1944 4469 2276 4541 argumentis
2306 4484 2321 4522 :
2360 4465 2627 4538 Originale
2650 4473 2913 4536 peccatum
2930 4469 3046 4539 jam
3071 4464 3341 4518 remissum
3370 4468 3444 4517 est

1850 4576 2007 4616 causa
2047 4569 2093 4615 et
2139 4560 2275 4614 ratio
2317 4554 2758 4613 condemnationis
2786 4567 3025 4622 teternaz,
3070 4569 3190 4612 esse
3224 4554 3444 4609 omnino

143 4643 534 4744 grandioribus
563 4643 984 4737 character-ibus,
1017 4684 1123 4740 quo
1155 4643 1598 4725 vlectoris'oculos
1639 4643 1745 4724 sta-a-

1852 4651 2151 4724 negandam
2208 4652 2275 4707 ab
2317 4650 2383 4706 iis
2420 4650 2509 4720 qui
2552 4648 2740 4705 volunt
2788 4646 3077 4709 defendere
3119 4643 3440 4700 sententiam

145 4767 246 4821 tim
278 4773 335 4821 et
355 4772 551 4822 vocent
578 4772 634 4819 et
662 4761 941 4832 impleant,
972 4761 1247 4829 exaravit,
1290 4762 1484 4829 quibus
1513 4759 1746 4818 recensi-

146 4856 216 4912 tis
237 4857 547 4913 exclamat:
580 4856 737 4911 tHaec
762 4856 992 4920 Bannez,
1024 4869 1143 4924 qua:
1166 4852 1404 4924 plerique
1427 4868 1535 4908 non
1562 4852 1747 4908 viden-

145 4956 236 5005 tur
263 4948 402 5005 satis
431 4946 730 5004 advertisse
750 4989 764 5013 ,
793 4945 921 5001 dum
948 4945 1163 5001 Molinae
1208 4944 1489 4999 audaciam
1519 4958 1749 5016 exagge-

144 5052 274 5100 rant
322 5042 611 5098 indicantis
660 5040 861 5110 aliquid
911 5040 1046 5096 lucis
1086 5039 1384 5110 Augustino
1426 5038 1662 5096 defuisse
1691 5040 1745 5095 in

145 5134 497 5191 concilianda
526 5148 650 5189 cum
681 5143 860 5190 creata
892 5132 1144 5189 libertate
1170 5132 1475 5188 divinorum
1506 5131 1752 5189 decreto-

144 5244 272 5286 rum
322 5237 384 5285 et
424 5228 743 5284 auxiliorum
779 5227 1086 5285 efﬁcacia.»
1120 5226 1197 5282 ita
1241 5226 1469 5298 insignis
1514 5225 1753 5299 theologi

144 5321 469 5394 suﬁ‘ragium
487 5330 672 5377 contra
700 5323 1053 5392 Augustinum
1074 5321 1298 5392 jactant.

217 5418 466 5473 Adamus
495 5417 587 5472 illa‘
607 5424 794 5472 contra
838 5416 1194 5486 Augustinum
1240 5427 1271 5468 a
1313 5412 1578 5471 Bannesio
1607 5413 1751 5471 dicta

144 5518 584 5577 commentatur,
618 5525 845 5582 quorum
877 5509 1181 5581 oppositum
1210 5509 1301 5566 ille
1343 5509 1572 5579 scriptor
1599 5522 1750 5563 asse-

142 5604 257 5660 ruit
290 5620 306 5656 :
340 5603 542 5660 etenim
573 5601 681 5670 hic,
712 5603 936 5659 recitata
966 5601 1233 5658 sententia
1264 5602 1436 5657 sancti
1466 5599 1751 5671 Augustini

142 5696 213 5752 de
243 5696 719 5765 praedestinatione
741 5742 755 5765 ,
794 5695 994 5753 fatetur
1024 5711 1128 5751 non
1158 5696 1425 5753 modicam
1468 5695 1543 5750 illi
1570 5695 1750 5751 inesse

142 5788 553 5857 difﬁcultatem,
604 5799 659 5843 et
706 5789 909 5856 statim,
959 5797 1015 5843 ut
1061 5788 1112 5844 id
1152 5789 1435 5854 ostendat,
1468 5801 1561 5841 sex
1592 5802 1759 5857 argu-q

144 5895 340 5945 menta
366 5896 557 5945 contra
599 5889 843 5945 eamdem
893 5888 1160 5960 proponit,
1215 5885 1308 5939 ubi
1349 5884 1400 5937 in
1452 5881 1556 5937 ﬁne
1601 5881 1745 5937 tertii

1853 4746 2026 4802 sancti
2054 4744 2315 4801 doctoris.
2343 4743 2552 4812 Quare,
2583 4739 2631 4796 si
2658 4739 2804 4796 illam
2834 4738 3253 4809 propositionem
3276 4736 3444 4793 veluti

1852 4836 2139 4893 absurdam
2168 4833 2355 4906 procul
2384 4832 2453 4887 ab
2481 4837 2691 4888 asserto
2733 4830 3017 4900 Augustini
3057 4826 3440 4884 removendam

1852 4937 2024 5000 putat,
2056 4928 2148 4998 qui
2176 4926 2292 4983 ﬁeri
2319 4932 2493 4996 potest
2518 4931 2577 4978 ut
2610 4920 2852 4979 eamdem
2882 4921 3110 4991 ipsemet
3138 4919 3443 4990 Augustino

1852 5020 2131 5091 imponat?
2169 5018 2235 5075 Et
2266 5016 2481 5089 quidem
2512 5030 2775 5087 nusquam
2805 5012 3133 5083 Augustinus
3156 5011 3291 5067 dixit
3318 5025 3443 5083 pec-

1852 5122 2031 5171 catum
2052 5112 2311 5185 originale
2347 5112 2637 5168 remiSsum
2662 5123 2786 5166 esse
2819 5106 2988 5163 solam
3029 5120 3245 5162 causam
3271 5113 3326 5161 et
3350 5120 3443 5160 ra-

1856 5208 2054 5264 tionem
2082 5221 2179 5263 cur
2208 5204 2426 5278 plurimi
2466 5203 2841 5274 reprobentur,
2876 5200 2947 5255 ita
2972 5206 3032 5255 ut
3059 5197 3362 5256 formaliter
3383 5196 3438 5254 id

1853 5301 2209 5374 intelligatur,
2231 5300 2299 5357 de
2322 5314 2428 5371 quo
2455 5298 2610 5370 plura
2640 5296 2880 5351 diximus
2907 5307 3028 5366 cap.
3061 5292 3115 5362 4,
3149 5291 3176 5366 §
3209 5291 3297 5350 10.

1927 5414 2058 5471 Haec
2084 5423 2272 5471 contra
2300 5412 2452 5469 testis
2481 5408 2862 5467 conductorem
2908 5407 3051 5464 dicta
3096 5413 3256 5463 sunto
3288 5423 3302 5461 :
3328 5405 3440 5477 jam

1855 5522 1978 5565 cum
2003 5506 2235 5579 ipsemet
2251 5503 2521 5561 Bannesio
2542 5517 2630 5559 res
2660 5501 2762 5571 sit;
2793 5500 2945 5571 cujus
2974 5499 3139 5557 verba
3160 5514 3266 5571 quo
3286 5508 3445 5570 pacto

1855 5603 1924 5658 ab
1946 5604 2160 5657 Annato
2181 5600 2417 5656 citantur
2446 5598 2517 5653 ita
2544 5610 2604 5652 se
2652 5593 2853 5651 habent
2884 5608 2899 5647 :
2933 5611 2953 5645 r
2993 5592 3091 5649 Est
3114 5591 3346 5661 denique
3374 5590 3443 5645 de

1854 5695 1957 5751 hac
1982 5709 2041 5751 re
2067 5702 2309 5750 nostrum
2350 5688 2634 5762 judicium,
2663 5686 2708 5742 si
2737 5683 2865 5757 quid
2896 5684 3058 5741 valet.
3110 5680 3442 5740 Crediderim

1853 5788 2000 5846 enim
2017 5786 2161 5859 quod
2184 5783 2513 5856 Augustinus
2536 5789 2742 5838 tantum
2767 5776 2866 5835 fuit
2888 5774 3146 5834 sollicitus
3162 5775 3441 5830 destruere

1853 5893 2093 5939 errorem
2124 5876 2536 5949 Pelagianorum
2563 5870 2921 5929 asserentium
2973 5869 3162 5927 merita
3191 5862 3438 5936 praescita
