3962 6346
467 260 583 328 .775

1363 258 1930 322 SUPPLEMENTUM
1969 257 2062 320 AD
2100 257 2332 319 OPERA
2369 259 2430 317 S.
2472 257 2865 319 AUGUSTINI.

3650 261 3761 321 ’ΠΒ

475 389 689 433 causam
720 386 843 434 esse
879 372 1082 433 divina)
1133 372 1623 447 prtedcstinationis
1668 386 1722 432 et
1753 376 2054 443 electionis,
2083 381 2138 442 Α
2162 374 2289 430 dum
2321 372 2642 445 disputantis
2674 373 2821 444 loqui
2851 389 2864 427 :
2893 370 3038 444 quod
3091 371 3256 431 etiam
3298 384 3512 433 constat
3559 391 3625 431 es
3693 379 3761 434 iis

476 479 530 522 et
561 468 682 539 quia
730 469 774 524 si
816 467 1193 524 consideretur
1238 467 1379 538 quod
1433 467 1774 537 praescientia
1797 468 2060 523 malorum

475 577 699 631 operum
731 562 868 618 Esau
892 561 990 616 fuit
1018 576 1179 618 causa
1230 561 1631 633 reprobationis
1684 563 1871 633 ipsius,
1907 563 2057 618 vide-

471 655 635 713 batur
690 656 753 712 D.
803 655 1108 726 Augustino
1132 656 1312 710 statim
1345 655 1462 712 fieri
1507 671 1864 726 consequens,
1917 655 2060 725 quod

478 751 639 804 etiam
662 748 836 803 futura
861 748 1001 802 bona
1021 764 1186 818 opera
1210 749 1376 804 Jacob
1397 747 1593 804 fuerint
1608 764 1767 804 causa
1787 748 2065 818 prredesti-

471 844 706 899 nationis
737 843 939 913 ipsius;
971 852 1257 914 propterea
1283 859 1498 915 semper
1527 843 1744 913 negavit
1774 841 2064 912 praescien-

470 936 599 992 tiam
631 936 893 991 malorum
917 949 1138 1006 operum
1171 937 1308 992 Esau
1361 948 1578 991 causam
1610 934 1772 989 fuisse
1803 932 2058 1002 reproba-

473 1027 638 1082 tionis
666 1028 859 1097 ipsius.
897 1046 916 1080 ι
946 1026 1233 1084 Rationem
1268 1044 1397 1084 vero
1446 1028 1599 1098 ponit
1644 1041 1741 1081 cur
1772 1025 1942 1080 illatio
1973 1024 2065 1078 illa

471 1132 581 1174 non
611 1118 681 1174 sit
711 1117 972 1189 legitima,
997 1134 1063 1175 eo
1089 1119 1230 1191 quod
1261 1120 1376 1189 ipsa
1406 1121 1595 1175 merita
1621 1118 1762 1172 bona
1793 1125 1918 1172 sunt
1939 1115 2067 1172 efl‘e—

396 1207 400 1210 ”
473 1217 591 1264 ctus
622 1209 1138 1278 praedestinationis,
1165 1219 1383 1279 peccata
1411 1225 1541 1264 vero
1569 1223 1676 1264 non
1700 1216 1824 1262 sunt
1846 1206 2067 1262 ellectus

471 1298 873 1368 reprobationis
897 1314 913 1365 ;
946 1298 1087 1354 unde
1117 1298 1254 1354 bene
1276 1305 1499 1368 possunt
1524 1311 1645 1352 esse
1670 1296 1805 1351 ratio
1828 1303 1883 1350 et
1906 1308 2068 1350 causa

476 1389 900 1459 reprobationis.
933 1388 1172 1444 Tandem
1203 1388 1353 1444 addit
1381 1403 1686 1454 censuram,
1721 1401 1879 1458 quam
1911 1401 2070 1457 gran-

474 1481 720 1539 dioribus
741 1482 1144 1540 characteribus
1171 1485 1414 1538 Armatus
1442 1484 1739 1554 expressit:
1763 1503 1781 1536 (
1813 1482 2070 1554 Propter-

478 1590 542 1631 ea
584 1576 924 1633 manifestum
973 1586 1054 1633 est
1081 1576 1222 1648 quod
1259 1592 1365 1632 non
1397 1586 1479 1631 est
1530 1576 1719 1632 eadem
1746 1577 1887 1632 ratio
1933 1592 2069 1646 prze-
2105 1640 2113 1648 ,

475 1671 851 1726 destinationis
880 1680 933 1726 et
965 1669 1376 1740 reprobationis,
1406 1679 1466 1725 ut
1492 1671 1536 1725 si
1586 1671 1743 1726 detur
1771 1684 1932 1726 causa
1976 1686 2066 1726 re-

2167 482 2287 539 quae
2320 469 2476 538 paulo
2498 469 2719 525 interius
2749 468 2937 538 ponit:
2975 486 2994 520 t
3022 467 3093 524 Ut
3121 471 3535 542 autem,inquit,
3555 473 3762 528 odisset

2165 558 2328 625 Esau,
2383 559 2486 613 nisi
2537 558 2816 628 injustitiae
2861 558 3058 613 merito
3105 556 3361 626 iniustum
3392 569 3498 616 est.
3529 560 3691 630 Quod
3719 561 3760 616 si

2153 650 2532 716 concedimus,
2582 650 2767 721 incipit
2819 657 2873 704 et
2900 650 3067 706 Jacob
3105 649 3328 720 justitia
3364 653 3560 709 merito
3591 652 3757 724 diligi.

2167 743 2320 812 Quod
2345 743 2390 798 si
2410 759 2594 798 verum
2623 753 2728 811 est,
2745 742 2935 798 falsum
2958 750 3042 798 est
3058 744 3198 811 quod
3227 759 3333 800 non
3349 760 3414 801 ex
3433 745 3713 816 operibus.
3739 765 3756 798 ι

2166 833 2423 889 Videatur
2450 833 2477 905 §
2507 832 2614 889 Cur
2637 835 2772 890 enim
2815 843 2890 890 est
2941 836 3255 908 improbatus
3282 837 3446 892 Esau.
3477 836 3762 907 Bisputans

2166 926 2326 997 igitur
2355 927 2501 982 illam
2532 928 2974 1000 consequentiam
3007 932 3209 996 intulit,
3245 947 3350 987 non
3402 931 3550 1000 quod
3584 947 3760 985 veram

2167 1016 2312 1072 illam
2344 1019 2717 1087 arbitraretur,
2750 1030 2809 1076 ut
2860 1022 3130 1076 dicemus.
3162 1022 3295 1078 Tota
3329 1023 3492 1092 igitur
3519 1023 3602 1076 vis
3627 1023 3763 1077 illius

2166 1113 2423 1169 illationis
2453 1124 2536 1169 est
2565 1116 2619 1169 in
2647 1115 2829 1170 verbis
2863 1115 3132 1184 Apostoli,
3173 1117 3261 1184 qui
3313 1124 3500 1186 aperte
3527 1115 3764 1170 excludit

2172 1207 2314 1264 bona
2341 1223 2502 1275 opera
2533 1224 2628 1264 cur
2654 1208 3068 1265 fueritdilectus
3104 1205 3290 1276 Jacob,
3339 1218 3394 1266 et
3442 1209 3587 1264 mala
3643 1209 3763 1264 item

2169 1313 2334 1368 opera
2365 1300 2436 1354 ob
2462 1315 2581 1370 quae
2610 1300 2735 1355 odio
2766 1298 2978 1354 habitus
3007 1299 3170 1354 fuerit
3191 1299 3332 1354 Esau
3366 1317 3378 1354 :
3415 1299 3592 1369 inquit
3628 1299 3765 1354 enim

2169 1401 2461 1463 antequam
2491 1392 2691 1462 aliquid
2737 1392 2856 1446 boni
2885 1391 3104 1462 egissent
3149 1399 3240 1446 aut
3280 1389 3428 1457 mali,
3453 1390 3598 1461 quod
3632 1391 3765 1446 idem

2170 1490 2255 1538 est
2281 1496 2346 1537 ac
2367 1491 2652 1552 antequam
2679 1482 2856 1553 aliqua
2888 1496 3057 1552 opera
3096 1482 3262 1549 mala,
3299 1490 3394 1537 aut
3437 1481 3583 1537 bona
3633 1484 3766 1552 egis-

2175 1584 2316 1643 sent,
2349 1591 2454 1630 non
2483 1591 2546 1630 ea:
2570 1576 2829 1647 operibus,
2863 1590 3057 1646 nempe
3087 1574 3246 1631 bonis
3274 1574 3361 1631 vel
3398 1575 3582 1641 malis,
3610 1573 3769 1628 Iacob

2170 1667 2351 1737 dilexi,
2380 1667 2526 1722 Esau
2567 1677 2739 1722 autem
2782 1668 2900 1722 odio
2952 1666 3131 1722 habui.
3180 1665 3337 1722 Unde
3391 1675 3543 1736 patet
3581 1665 3770 1722 falsum

476 1761 815 1833 probationis
848 1777 914 1817 ex
939 1773 1090 1832 parte
1117 1770 1326 1832 nostra,
1350 1761 1511 1818 detur
1533 1763 1695 1817 etiam
1720 1763 2068 1833 praedestina-
2095 1765 2147 1830 Β
2173 1775 2294 1817 esse
2346 1762 2489 1832 quod
2533 1763 2610 1816 ait
2668 1763 2882 1818 Bannez
2924 1761 2951 1832 §
3001 1760 3288 1832 Propterea
3317 1762 3649 1832 manifestum
3676 1771 3768 1828 est,

473 1854 658 1909 tionis.
681 1854 738 1909 Si
769 1855 950 1925 itaque
979 1855 1042 1909 Ι).
1101 1856 1428 1925 Augustinus
1472 1855 1734 1910 voluisset
1786 1857 2066 1913 attendere

469 1947 730 2002 malitiam
788 1946 949 2017 hujus
1003 1949 1432 2018 consequentiae,
1490 1963 1758 2018 nunquam
1802 1950 2069 2020 posuisset

460 2039 613 2107 quod
667 2039 1050 2094 universaliter
1098 2040 1360 2110 originale
1412 2050 1688 2110 peccatum
1747 2041 1920 2096 solum
1977 2050 2064 2097 est

468 2143 630 2186 causa
661 2130 1083 2200 reprobationis,
1131 2150 1149 2184 t
1185 2142 1293 2188 etc.
1343 2131 1580 2187 Produxi
1618 2133 1761 2189 illius
1789 2133 2065 2204 scriptoris

471 2231 644 2277 totam
665 2223 775 2278 fere
799 2225 1145 2291 sententiam,
1163 2239 1322 2295 quam
1341 2231 1530 2280 contra
1549 2223 1901 2295 Augustinum
1925 2225 2064 2292 tulit;

475 2331 599 2370 nam
633 2316 720 2372 ubi
743 2316 991 2372 eamdem
1021 2317 1395 2386 confutavero,
1427 2319 1642 2374 nihilex
1674 2319 1918 2376 Bannesii
1939 2335 2067 2376 cen-

469 2422 600 2463 sura
647 2408 944 2478 prmjudicii
995 2411 1295 2480 Augustino
1325 2412 1442 2466 fieri
1483 2412 1770 2468 constabit.
1795 2412 1851 2468 lu
1880 2414 2066 2484 primis

471 2519 580 2560 non
616 2516 766 2562 recte
794 2508 1022 2564 credidit
1054 2510 1106 2564 in
1132 2509 1270 2567 libro
1294 2527 1313 2567 ι
1338 2511 1405 2566 ad
1428 2511 2065 2583 Simplicianum,quzest.

469 2596 525 2665 2,
559 2597 650 2653 ubi
683 2614 746 2655 ea
772 2601 839 2656 de
867 2617 926 2657 re
949 2610 1170 2658 sanctus
1198 2602 1388 2659 doctor
1417 2603 1589 2659 fusius
1615 2605 1743 2674 agit,
1777 2603 2066 2660 sollicitum

475 2690 627 2747 illum
656 2692 823 2751 fuisse
861 2697 1064 2753 erroris
1104 2697 1512 2767 Pelagianorum
1554 2698 1894 2763 conlutandi;
1943 2713 2066 2754 nam

467 2780 604 2839 liber
646 2783 738 2840 ille
787 2795 1040 2841 exaratus
1088 2796 1172 2843 est
1203 2787 1356 2842 initio
1387 2789 1727 2859 episcopatus
1756 2789 2064 2860 Augustini,

465 2887 532 2930 ex
564 2873 657 2929 lib.
695 2891 730 2930 ll
761 2874 1020 2942 Retract.,
1048 2892 1170 2947 cap.
1206 2878 1259 2945 1,
1279 2890 1332 2932 ει
1358 2879 1455 2936 lib.
1481 2879 1549 2935 de
1574 2879 1834 2936 Praedest.
1855 2890 2068 2937 sancto-

465 2977 608 3031 rum,
633 2979 752 3035 cap.
787 2966 842 3020 Δ.
876 2967 1216 3024 lnciditvero
1254 2967 1467 3025 initium
1518 2972 1865 3043 episcopatus
1894 2976 2067 3030 sancti

465 3053 643 3112 Patris
674 3058 728 3112 in
756 3051 952 3114 annum
1005 3058 1134 3127 395,
1183 3075 1303 3116 cum
1350 3062 1623 3132 Pelagiani
1675 3079 1819 3120 anno
1863 3075 2065 3121 tantum

2172 1855 2397 1910 Paulum
2452 1856 2580 1910 dum
2634 1857 2732 1922 ait,
2775 1871 2880 1910 non
2904 1871 2968 1910 ex
3005 1854 3261 1924 operibus,
3295 1855 3441 1924 loqui
3473 1863 3678 1910 tantum
3707 1855 3771 1911 de

2175 1947 2432 2017 operibus
2456 1947 2611 2004 bonis
2633 1947 2835 2014 Jacob;
2870 1963 3018 2013 nam,
3053 1956 3111 2002 ut
3138 1949 3212 2003 ait
3259 1949 3614 2016 Augustinus,
3653 1949 3771 2002 Non

2169 2059 2235 2098 ex
2272 2043 2528 2114 aperibus,
2559 2052 2605 2096 et
2633 2043 2750 2097 inde
2771 2042 2869 2110 hoc
2889 2042 3092 2113 probat,
3115 2042 3238 2112 quia
3259 2043 3321 2096 de
3349 2042 3587 2096 nondum
3615 2044 3770 2106 natis,

2175 2134 2503 2203 nondumque
2555 2132 2754 2203 aliquid
2797 2133 3023 2203 operatis
3077 2135 3173 2186 hoc
3202 2133 3394 2187 dictum
3423 2143 3535 2200 est;
3569 2147 3692 2187 nam
3730 2134 3771 2187 si

2176 2240 2341 2296 opera
2371 2234 2575 2281 tantum
2598 2227 2738 2282 bona
2769 2227 2937 2283 Jacob
2962 2227 3249 2282 excludere
3289 2227 3579 2294 voluisset,
3611 2225 3769 2281 dixis-

2173 2325 2278 2385 set,
2311 2316 2440 2372 Cum
2461 2320 2692 2372 nondum
2715 2327 2864 2373 natus
2892 2318 3094 2388 fuisset,
3117 2327 3205 2372 aut
3251 2319 3453 2390 aliquid
3495 2320 3619 2372 boni
3647 2319 3773 2388 egis-

2171 2418 2270 2476 set,
2301 2418 2432 2477 etc.,
2467 2425 2568 2465 non
2599 2425 2662 2464 ex
2681 2409 2939 2481 aperibus,
2973 2410 3060 2464 sed
3089 2425 3154 2464 ea:
3178 2419 3391 2464 vocante
3436 2410 3642 2463 dictum
3685 2421 3768 2476 est,

2175 2502 2298 2571 quia
2326 2505 2496 2574 major
2518 2503 2698 2557 serviet
2730 2504 2938 2559 minori.
2975 2504 3159 2574 Itaque
3186 2512 3393 2560 certum
3423 2513 3512 2559 est
3544 2504 3619 2559 ibi
3643 2503 3770 2574 Aptr

2168 2595 2366 2652 stolam
2391 2595 2536 2666 loqui
2563 2595 2632 2652 de
2655 2595 2909 2667 Operibus
2930 2597 3231 2666 utriusque.
3255 2596 3413 2664 Quod
3444 2597 3621 2652 etiam
3655 2612 3770 2651 con-

2174 2688 2421 2742 ﬁrmatur
2446 2702 2515 2744 ex
2543 2688 2611 2742 iis
2639 2703 2756 2758 qua:
2790 2688 2988 2744 ibidem
3012 2687 3160 2743 addit
3189 2705 3202 2741 :
3226 2686 3391 2742 Jacob
3423 2687 3618 2754 dilexi,
3646 2688 3771 2742 Esau

2170 2789 2344 2836 autem
2373 2780 2493 2834 odio
2521 2780 2698 2834 habui.
2721 2780 2860 2847 Quid
2881 2798 2999 2854 ergo
3026 2781 3290 2835 dicemus?
3314 2781 3560 2850 nunquid
3587 2782 3771 2851 iniqui-

2172 2882 2250 2928 tas
2283 2873 2428 2944 apud
2452 2872 2658 2927 Deum?
2684 2874 2818 2929 Cum
2870 2883 3062 2930 neuter
3089 2875 3258 2945 egerit
3303 2874 3514 2938 aliquid
3541 2875 3675 2930 boni
3696 2882 3771 2929 aut
3826 2935 3830 2939 ,

2173 2965 2328 3035 mali,
2350 2980 2518 3020 unum
2544 2973 2724 3021 tamen
2753 2965 2895 3021 Deus
2925 2965 3118 3034 diligit,
3149 2964 3381 3021 alterum
3419 2966 3552 3020 odio
3582 2964 3770 3030 habet;

2173 3072 2279 3127 qua
2310 3071 2440 3127 ergo
2466 3055 2671 3125 justitia
2703 3054 2754 3110 id
2786 3055 2913 3113 facit
2950 3056 3129 3112 Deus?
3181 3059 3251 3110 At
3294 3056 3342 3110 si
3395 3056 3545 3112 Deus
3601 3055 3771 3111 futura

466 3145 564 3202 Hi
599 3162 862 3219 apparere
886 3150 940 3205 in
971 3151 1104 3207 orbe
1135 3154 1417 3222 coeperint.
1441 3154 1606 3224 Igitur
1634 3170 1700 3211 eo
1721 3155 1776 3211 in
1807 3172 1974 3228 opere
1992 3159 2058 3214 ad
2092 3149 2140 3215 C
2191 3149 2331 3204 mala
2360 3164 2520 3217 Opera
2549 3148 2689 3203 Esau
2720 3147 3076 3216 βΐωνὶἀὶεδθιν
3109 3148 3283 3203 nullus
3311 3148 3472 3203 dalur
3492 3147 3771 3203 calumnia

466 3237 879 3309 Simplicianum
946 3259 1281 3314 nequaquam
1344 3245 1758 3318 Pelagianorum
1826 3267 2068 3309 errorem

469 3329 809 3399 confutabat,
841 3332 936 3388 sed
962 3346 1182 3403 rogatus
1212 3336 1280 3392 ab
1310 3338 1502 3394 eodem
1529 3342 1771 3399 antistite
1812 3344 2072 3401 Mediola-

470 3423 628 3477 nensi
650 3438 809 3495 caput
839 3427 1124 3496 septimum
1155 3430 1400 3499 epistolae
1443 3432 1593 3489 Pauli
1624 3435 1691 3490 ad
1714 3435 2004 3506 Romanos,
2038 3454 2068 3494 a

470 3527 612 3571 vers.
649 3516 715 3572 10
739 3530 907 3588 usque
936 3519 1003 3574 ad
1026 3521 1116 3588 50,
1164 3523 1236 3578 ita
1263 3525 1406 3579 enim
1435 3525 1525 3582 ille
1552 3529 1798 3597 petierat,
1829 3529 1945 3586 fuse
1975 3545 2070 3587 ex-

474 3606 682 3677 plicuit,
717 3619 774 3664 ut
803 3621 953 3698 patet
977 3628 1041 3668 ex
1071 3614 1224 3672 initio
1254 3620 1571 3688 quaestionis
1599 3621 1872 3677 secundae.
1901 3623 2069 3679 Porro

470 3701 736 3769 prolixius
758 3703 992 3775 disputat
1021 3707 1089 3762 de
1115 3708 1220 3764 illis
1249 3710 1402 3765 Pauli
1424 3712 1649 3769 verbisa
1677 3718 1928 3770 versione
1949 3715 2010 3770 11
2044 3732 2059 3770 :

473 3795 598 3850 Cum
622 3800 754 3853 enint
782 3802 1009 3855 nondum
1037 3804 1147 3857 nati
1175 3804 1411 3874 fuissent,
1447 3816 1535 3860 aut
1558 3808 1756 3878 aliquid
1780 3809 1901 3862 boni
1929 3809 2068 3881 egis-

470 3901 581 3945 sent
604 3902 692 3946 aut
719 3895 842 3948 mali
873 3895 952 3965 (ut
998 3897 1279 3950 secundant
1309 3899 1600 3954 electionem
1630 3902 1948 3970 propositum
1972 3900 2071 3955 Dei

470 3985 743 4054 maneret),
775 4003 878 4040 non
897 4003 959 4040 ex
986 3990 1245 4059 aperibus,
1268 3992 1358 4045 sed
1381 4007 1443 4045 ea:
1463 4002 1673 4047 vocante
1693 3993 1882 4048 dictum
1904 4002 1978 4048 est
2001 3996 2066 4062 ei,

470 4075 593 4143 quia
623 4079 790 4147 major
837 4080 1019 4134 seruiet
1062 4082 1247 4136 minori
1276 4084 1409 4138 sicut
1441 4086 1687 4155 scriptum
1731 4096 1804 4142 est
1848 4103 1866 4142 :
1907 4087 2070 4142 Jacob

469 4163 646 4232 dilexi,
684 4165 824 4222 Esau
845 4179 1014 4224 autem
1044 4172 1163 4226 odio
1203 4173 1382 4230 habui.
1428 4176 1528 4231 Ubi
1555 4192 1676 4233 cum
1699 4179 2069 4237 demonstras-

473 4263 559 4309 set
584 4255 749 4312 Jacob
780 4274 886 4314 non
917 4261 1086 4318 fuisse
1110 4264 1341 4320 electum
1369 4266 1440 4321 ob
1459 4281 1621 4336 opera
1652 4269 1788 4323 bona
1818 4273 2068 4342 praevisa,

471 4345 614 4400 idem
647 4362 675 4401 a
701 4351 813 4418 pari
866 4352 1150 4408 dicendum
1200 4371 1322 4412 esse
1363 4358 1542 4412 intulit
1589 4359 1656 4415 de
1685 4360 1846 4426 Esau,
1879 4377 2070 4432 nempe

472 4453 650 4508 neque
694 4441 872 4510 ipsum
913 4443 1080 4500 fuisse
1121 4447 1245 4503 odio
1271 4449 1509 4505 habitum
1567 4451 1637 4507 ob
1677 4456 1901 4523 praevisa
1931 4457 2069 4510 mala

2177 3243 2351 3299 locus.
2385 3241 2466 3298 Ex
2497 3241 2580 3297 liis
2613 3251 2836 3312 apparet
2887 3241 2971 3297 vis
3012 3239 3158 3296 illius
3204 3241 3454 3311 paritatis
3485 3255 3652 3311 quam
3684 3255 3771 3310 per

2178 3334 2399 3388 modum
2455 3333 2781 3403 disputantis
2833 3331 2993 3388 aliert
3029 3342 3249 3388 sanctus
3275 3332 3469 3389 doctor
3502 3351 3517 3386 :
3551 3348 3676 3387 nam
3704 3332 3769 3386 ita

2173 3426 2420 3484 discurrit
2450 3445 2462 3480 :
2493 3426 2555 3482 Si
2583 3428 2720 3480 enim
2747 3427 2870 3498 quia
2906 3426 3205 3497 prwsciebat
3245 3426 3388 3482 Deus
3442 3429 3625 3497 futura
3665 3428 3769 3496 ejus

2173 3540 2333 3595 Opera
2361 3522 2523 3590 mala,
2554 3529 2824 3595 prbpterea
2867 3524 2988 3578 eum
3026 3524 3410 3593 prcedestinavit
3461 3533 3521 3575 ut
3571 3521 3768 3577 serviret

2173 3615 2381 3682 minori,
2409 3628 2538 3684 ergo
2564 3613 2946 3684 prwdestinauit
2967 3623 3015 3667 et
3045 3612 3227 3682 Jacob,
3264 3621 3320 3666 ut
3348 3613 3396 3665 ei
3420 3614 3596 3684 major
3622 3611 3768 3665 servi-

2171 3716 2272 3777 ret,
2301 3707 2422 3777 quia
2451 3707 2627 3776 futura
2651 3704 2761 3775 ejus
2788 3704 2921 3759 bona
2948 3720 3102 3774 opera
3135 3702 3458 3774 priesciebat.
3493 3701 3624 3756 Haec
3657 3701 3764 3755 illa-

2180 3799 2256 3853 tio
2281 3799 2562 3868 probatur,
2581 3798 2708 3868 quia
2732 3797 3012 3868 aequaliter
3034 3797 3403 3853 excluduntur
3429 3797 3498 3852 ab
3515 3797 3765 3866 Apostolo

2173 3904 2339 3959 opera
2364 3890 2506 3946 bona
2551 3904 2648 3944 cur
2680 3889 2838 3944 fuerit
2868 3890 3037 3945 Jacob
3083 3889 3316 3957 electus,
3349 3902 3412 3944 ac
3441 3903 3609 3958 opera
3637 3889 3761 3942 mala

2177 3982 2248 4038 ob
2275 3998 2392 4054 qua:
2419 3983 2561 4038 Esau
2586 3981 2748 4037 fuerit
2771 3983 3122 4052 reprobatus;
3154 3996 3284 4051 ergo
3315 3981 3483 4036 currit
3515 3995 3614 4050 par
3638 3981 3763 4035 ratio

2175 4074 2243 4128 de
2290 4055 2543 4144 operibus
2589 4074 2868 4144 utriusque
2906 4076 2958 4128 in
3010 4074 3200 4128 ordine
3249 4072 3317 4127 ad
3366 4088 3634 4140 amorem,
3685 4073 3761 4127 vel

2175 4167 2385 4222 odium.
2410 4168 2476 4223 Et
2499 4169 2574 4223 ita
2604 4168 2843 4238 disputat
2869 4168 3224 4239 Augustinus,
3252 4166 3519 4238 judicium
3559 4166 3758 4224 interim

2175 4259 2533 4330 suspendens.

2246 4372 2512 4430 Caeterum
2538 4375 2724 4430 scribit
2752 4374 2967 4433 Bannez
2998 4393 3013 4431 :
3042 4395 3062 4430 ί
3099 4375 3392 4447 Propterea
3423 4376 3756 4433 manifestum

2175 4476 2259 4520 est
2286 4468 2428 4536 quod
2451 4483 2557 4524 non
2586 4478 2669 4524 est
2693 4469 2882 4525 eadem
2914 4472 3052 4526 ratio
3090 4469 3585 4540 praedestinatiouis
3615 4480 3666 4525 et
3688 4484 3762 4525 re-

467 4545 660 4602 ,opera.
695 4535 957 4592 Audiatur
988 4549 1209 4595 sanctus
1231 4541 1424 4598 doctor
1457 4561 1470 4600 :
1509 4562 1530 4596 ‹
1566 4547 1648 4600 An
1693 4547 1850 4613 forte,
1877 4548 2067 4618 inquit,

2181 4535 2538 4626 probationis,
2572 4569 2630 4614 ut
2657 4561 2700 4616 si
2724 4562 2880 4617 detur
2908 4577 3068 4618 causa
3090 4535 3500 4632 reprobationis
3522 4578 3594 4618 ex
3629 4571 3760 4632 parte

474 4627 928 4694 quemadmodum
976 4632 1110 4688 illud
1155 4633 1224 4691 de
1275 4635 1442 4692 Jacob
1491 4639 1650 4696 nullis
1683 4643 1890 4697 meritis
1913 4642 2070 4697 bona}

470 4721 702 4777 actionis
742 4724 944 4782 dictum
984 4735 1087 4795 est,
1134 4729 1209 4784 ita
1249 4729 1391 4787 Esau
1442 4734 1602 4790 nullis
1658 4735 1866 4792 meritis
1913 4739 2070 4794 malae

475 4814 708 4870 actionis
740 4818 1000 4876 odiosus?
1027 4822 1084 4878 Si
1115 4824 1255 4879 enim
1308 4827 1430 4896 quia
1479 4830 1800 4898 praesciebat
1832 4833 1972 4889 Deus
1996 4834 2072 4888 fu-

475 4913 597 4962 tura
629 4908 746 4979 ejus
773 4926 937 4980 opera
968 4913 1130 4980 mala,
1183 4929 1469 4987 propterea
1516 4935 1638 4975 eum
1670 4922 2074 4991 praedestinavit

483 5010 541 5055 ut
572 5004 802 5060 serviret
830 5006 1049 5074 minori,
1075 5019 1362 5080 propterea
1389 5014 1858 5082 praedestinavitet
1875 5018 2061 5090 Jacob,

472 5103 533 5150 ut
576 5098 626 5152 ei
674 5100 849 5170 major
894 5103 1143 5174 serviret,
1196 5107 1318 5178 quia
1369 5107 1550 5166 futura
1590 5111 1708 5183 ejus
1737 5114 1876 5170 bona
1903 5131 2065 5186 opera

471 5189 817 5280 prtesciebat,
840 5205 896 5250 et
929 5197 1120 5253 falsum
1144 5208 1227 5255 est
1242 5200 1354 5270 jam
1401 5204 1544 5274 quod
1574 5205 1648 5261 ait
1672 5223 1688 5262 :
1717 5205 1838 5261 Non
1859 5225 1923 5262 ea:
1949 5225 2068 5280 ape-

470 5277 633 5370 ribus.
665 5280 720 5336 Si
748 5292 925 5340 autem
955 5302 1138 5344 verum
1170 5299 1272 5358 est,
1300 5294 1444 5364 quod
1491 5312 1595 5351 non
1635 5315 1699 5351 ea:
1725 5277 1990 5370 operibus,
2013 5311 2067 5356 et

470 5369 599 5426 inde
636 5373 737 5430 hoc
766 5378 956 5444 probat
1011 5383 1133 5453 quia
1183 5384 1251 5441 de
1292 5387 1530 5443 nondum
1562 5389 1703 5447 natis
1724 5369 2068 5463 nondumque

474 5464 677 5534 aliquid
729 5475 965 5539 operatis
1021 5476 1122 5532 hoc
1173 5478 1377 5536 dictum
1410 5492 1517 5550 est,
1549 5484 1692 5542 unde
1720 5501 1821 5541 nec
1849 5502 1914 5542 ex
1942 5488 2066 5557 ﬁde,

471 5571 594 5625 quae
622 5560 675 5614 in
705 5565 941 5621 nondum
965 5570 1102 5624 natis
1134 5571 1385 5630 similiter
1408 5575 1644 5631 nondum
1670 5588 1804 5642 crat,
1828 5593 1934 5647 quo
1957 5595 2068 5634 me-

476 5647 586 5706 rito
616 5651 758 5709 Esau
781 5657 905 5713 odio
936 5657 1227 5718 haberetur
1255 5673 1544 5736 antequam
1571 5672 1917 5726 nasceretur?
1951 5691 1966 5722 i
1990 5670 2066 5726 Ex

476 5737 568 5796 illa
610 5747 870 5814 particula
904 5751 1034 5820 forte
1081 5754 1276 5827 colligo
1303 5768 1551 5816 sanctum
1580 5759 1792 5819 Patrem
1823 5775 1920 5835 per
1950 5777 2067 5821 mo-

2179 4660 2387 4719 nostra,
2417 4653 2579 4709 detur
2607 4656 2764 4712 etiam
2797 4657 3319 4726 fpraedestinationis.
3373 4659 3430 4715 Si
3482 4656 3664 4729 itaque
3706 4658 3760 4711 D.

2179 4743 2515 4815 Augustinus
2540 4746 2801 4802 voluisset
2830 4748 3110 4805 attendere
3158 4749 3418 4804 malitiam
3455 4749 3620 4821 hujus
3649 4766 3763 4805 con-

2180 4841 2497 4909 sequentiae,
2539 4859 2556 4893 ι
2589 4850 2692 4897 etc.
2727 4840 2889 4898 Plane
2946 4842 3062 4898 haec
3103 4843 3156 4898 in
3195 4843 3481 4914 Augustini
3516 4844 3667 4898 libris
3693 4843 3760 4897 le-

2178 4932 2368 5003 gendis
2411 4933 2511 4988 viri
2561 4933 2891 5004 diligentiam
2939 4935 3236 4992 desiderari
3290 4936 3620 5001 ostendunt;
3649 4951 3759 4991 nam

2175 5024 2433 5079 malitiam
2480 5027 2852 5096 consequentia
2891 5041 2998 5082 non
3030 5029 3204 5083 solum
3237 5029 3469 5084 attendit
3518 5028 3758 5098 Augusti-

2176 5129 2300 5180 nus,
2323 5130 2511 5169 verum
2536 5115 2698 5171 etiam
2729 5116 2900 5172 solide
2925 5116 3248 5185 confutavit,
3281 5127 3354 5184 et,
3403 5120 3554 5189 quod
3580 5121 3756 5174 mirum

2176 5216 2279 5272 est,
2304 5220 2370 5261 eo
2415 5206 2533 5276 ipso
2573 5208 2691 5262 loco
2739 5208 2828 5262 ubi
2871 5207 3048 5264 minus
3098 5209 3412 5279 diligentem
3474 5210 3757 5264 Bannesius

2177 5298 2329 5353 illum
2376 5300 2634 5366 credidit;
2666 5299 2864 5358 etenim
2898 5300 3038 5356 hanc
3088 5302 3372 5370 paritatem
3417 5317 3639 5373 semper
3666 5305 3757 5356 Au-

2179 5391 2422 5462 gustinus
2455 5393 2669 5462 negavit
2700 5411 2711 5445 :
2749 5393 2894 5449 Deus
2922 5395 3180 5464 reprobat
3208 5411 3276 5451 ex
3326 5400 3652 5465 prmvisionc
3676 5395 3754 5449 de-

2178 5484 2356 5538 meriti
2384 5499 2480 5538 seu
2511 5485 2732 5552 peccati,
2766 5500 2895 5556 ergo
2923 5501 2954 5542 e
2983 5496 3170 5541 contra
3208 5488 3367 5543 etiam
3421 5489 3755 5556 praedestnat

2177 5588 2244 5632 ex
2273 5578 2591 5645 prmvisione
2619 5578 2743 5633 boni
2771 5581 2972 5649 operis.
3028 5581 3115 5636 En
3147 5589 3315 5636 totum
3347 5581 3449 5637 hoc
3480 5596 3751 5652 argumen-

2178 5675 2288 5722 tum
2321 5670 2387 5722 ab
2417 5670 2506 5723 illa
2536 5672 2762 5740 paritate
2784 5672 3073 5728 deductum
3114 5688 3141 5727 a
3173 5672 3478 5745 Pelagianis
3508 5675 3563 5729 in
3609 5674 3751 5744 epist.

2095 5836 2138 5851 Ι.
2176 5759 2281 5815 106
2307 5762 2372 5818 ad
2404 5763 2685 5821 Paulinum
2721 5782 2734 5820 :
2766 5784 2784 5820 ι
2822 5765 3128 5840 Quomodo,
3156 5766 3424 5840 inquiunt,
3486 5769 3627 5827 Esau
3651 5780 3746 5825 non
