3962 6346
219 380 320 436 777

1393 388 1714 448 VINBICIIE
1752 389 2305 449 AUGUSTINIANA‘I.

3380 399 3484 453 778

213 506 500 563 damnatur
530 505 804 581 indignus,
838 508 886 566 si
938 522 1048 568 non
1085 523 1153 568 ex
1182 511 1457 584 operibus,
1492 514 1586 571 scd
1617 530 1685 571 ex
1707 530 1801 573 vo-
1829 515 1880 576 Δ
1908 530 1975 572 eo
2017 530 2124 571 non
2177 516 2386 586 culpam
2429 527 2589 587 quam
2632 513 2863 582 delebat,
2912 514 3009 571 sed
3055 515 3280 586 gratiam
3326 532 3484 587 quam

211 606 371 656 caute
388 599 588 657 dictum
618 612 721 671 est,
751 603 878 675 quia
920 603 1097 676 major
1137 607 1339 663 serviet
1389 607 1617 665 minori?
1649 610 1799 665 Sicut

212 692 357 748 enim
387 692 532 751 illius
554 694 699 752 nulla
731 706 1121 767 praecesserant
1140 714 1303 771 opera
1329 699 1492 769 bona,
1511 710 1565 756 ut
1587 701 1650 756 ad
1678 717 1800 773 gra-

212 782 342 841 tiam
374 787 690 857 pertineret,
722 789 802 847 sic
847 806 948 847 nec
998 791 1159 865 hujus
1212 794 1375 864 mala,
1405 803 1463 850 ut
1488 794 1557 850 ad
1584 810 1799 865 pmnam

213 882 482 950 pertinere
500 884 744 941 deberet.
769 904 788 940 ι
808 885 1120 958 Respondet
1147 898 1366 945 sanctus
1390 889 1612 947 doctor:
1635 911 1653 943 ε
1674 889 1801 944 Nul-

211 971 265 1027 la
315 974 473 1045 plane
524 976 577 1033 in
630 985 859 1050 utroque
888 995 1056 1050 opera
1086 980 1173 1036 vel
1212 982 1348 1037 bona
1380 983 1466 1039 vel
1509 983 1673 1053 mala,
1705 983 1802 1041 sed

211 1072 471 1141 prOpria;
498 1082 721 1145 uterque
751 1083 934 1139 autem
962 1074 1039 1130 illi
1061 1076 1149 1131 uni
1178 1077 1441 1133 obnoxius
1464 1084 1599 1147 erat,
1625 1076 1679 1133 in
1699 1093 1803 1148 quo

212 1177 405 1220 omnes
426 1176 807 1235 peccaverunt,
839 1175 943 1223 etc.
970 1165 1076 1223 Sed
1098 1166 1281 1236 ambo,
1305 1166 1396 1239 qui
1422 1168 1659 1224 nondum
1682 1183 1804 1238 pro-

214 1257 332 1326 pria
359 1257 443 1313 vel
473 1258 634 1325 bona,
671 1259 758 1315 vel
794 1261 936 1316 mala
967 1260 1350 1332 operabantur,
1399 1259 1476 1317 rei
1527 1268 1709 1317 tamen
1739 1275 1806 1317 ex

213 1349 424 1419 origine
447 1351 831 1407 nascebantur.
861 1350 1069 1409 Laudet
1098 1353 1525 1409 misericordiam
1553 1354 1641 1425 qui
1673 1354 1805 1412 libe-

216 1453 389 1512 ratur,
423 1458 530 1500 non
557 1446 739 1518 culpet
761 1446 1023 1517 judicium
1060 1448 1148 1519 qui
1179 1449 1417 1520 punitur.
1450 1469 1469 1503 ι
1510 1450 1668 1506 Vides
1709 1467 1805 1507 ue-

215 1536 332 1606 gari
360 1538 644 1606 puritatem
665 1540 734 1595 ab
756 1541 1092 1611 Augustino;
1125 1556 1248 1597 nam
1270 1541 1413 1597 Esau
1442 1551 1525 1599 cst
1552 1542 1807 1614 reproba-

217 1637 306 1685 tus
327 1629 538 1686 ratione
554 1620 779 1687 macula:
806 1647 871 1689 ex
900 1632 1109 1689 Adamo
1138 1640 1454 1702 contracta,
1483 1634 1650 1691 Jacob
1677 1650 1807 1693 vero

215 1735 315 1791 per
342 1723 513 1781 solam
536 1725 965 1783 miscricordiam
990 1727 1268 1785 liberatus.
1304 1728 1444 1785 Hinc
1473 1729 1689 1788 celebre
1716 1745 1809 1787 ve-

212 1815 312 1871 luti
337 1818 550 1874 axioma
581 1819 866 1891 Augustini
900 1831 983 1879 est
1013 1840 1027 1877 :
1066 1842 1087 1876 ι
1130 1823 1308 1879 Bonus
1333 1832 1415 1879 est
1442 1823 1604 1889 Deus,
1632 1824 1809 1893 justus

1904 607 2158 664 donabat.
2198 627 2217 661 ι
2248 608 2388 679 Ergo
2420 622 2516 678 per
2569 606 2929 679 Augustinum
2956 606 3175 679 grandis
3202 616 3285 663 est
3308 607 3487 679 dispa-

1902 702 2034 757 ritas
2061 702 2201 759 inter
2229 702 2661 773 reprobationem
2698 712 2753 759 et
2775 702 3328 773 praedestinationem,
3361 704 3485 774 quia

1904 795 2214 867 reprobatio
2259 796 2513 867 supponit
2572 796 2825 852 meritum
2885 796 3107 863 malum,
3155 797 3295 866 quod
3339 798 3486 863 odit;

1905 888 2309 958 praedestinatio
2338 902 2468 943 vero
2496 888 2696 944 nullum
2714 889 2967 959 supponit
2990 889 3237 945 meritum
3261 892 3483 957 bonum,

1904 982 1999 1037 sed
2026 990 2233 1038 causat.
2264 981 2333 1039 At
2362 982 2575 1039 Bannez
2627 984 2682 1038 in
2723 999 2789 1039 eo
2819 985 3077 1055 deceptus
3105 995 3186 1041 est
3208 986 3348 1057 quod
3381 1004 3486 1042 non

1904 1068 2087 1142 legens
2112 1070 2467 1143 Augustinum
2493 1075 2846 1144 quaestionem
2896 1078 3273 1145 resolventem,
3297 1093 3360 1135 ea
3394 1095 3489 1149 pu-

1907 1165 2039 1221 tavit
2058 1180 2090 1221 a
2116 1176 2305 1223 saneto
2332 1167 2555 1223 doctore
2587 1169 2875 1237 afﬁrmata,
2926 1186 3046 1241 quae
3072 1179 3197 1227 ante
3222 1185 3339 1227 suae
3367 1186 3491 1227 sen-

1907 1258 2090 1313 tentia:
2148 1260 2542 1330 expositionem
2604 1261 2917 1331 proposuit,
2982 1262 3049 1317 ad
3116 1261 3488 1319 difficultatem

1907 1351 2225 1422 quaestionis
2269 1353 2397 1409 totis
2446 1353 2650 1410 viribus
2698 1354 3013 1425 augendam.
3067 1356 3181 1412 Non
3227 1358 3389 1429 igitur
3417 1358 3487 1413 Di

1908 1444 2227 1515 Augustinus
2276 1445 2441 1500 noluit
2489 1446 2749 1501 attendere
2798 1447 3049 1501 malitiam
3098 1450 3492 1520 consequentia},

1908 1537 2006 1593 sed
2058 1538 2271 1594 Bannez
2326 1538 2497 1595 noluit
2543 1540 2825 1597 attendere
2868 1539 2931 1595 D.
2964 1540 3317 1611 Augustinum
3347 1544 3499 1597 mati-

1910 1632 2035 1685 tiam
2057 1633 2431 1703 consequentia:
2452 1641 2505 1689 et
2528 1634 2895 1691 attendentem
2925 1642 2979 1691 et
3017 1634 3349 1693 solidissime
3370 1651 3499 1693 con-

1911 1724 2194 1780 lutantem.

1922 1826 1926 1829 '
1986 1816 2195 1873 Rursus
2262 1818 2495 1875 notanda
2557 1826 2681 1875 sunt
2737 1832 2856 1887 qua:
2931 1818 3128 1878 ibidem
3204 1822 3499 1881 Bannesius

214 1918 299 1964 est
321 1911 464 1967 Deus
496 1930 508 1966 :
539 1921 717 1982 potest
744 1914 951 1985 aliquos
978 1914 1097 1971 sine
1135 1915 1297 1971 bonis
1322 1915 1529 1971 meritis
1559 1914 1808 1982 liberare,
1839 1927 1890 1989 Β
1916 1908 2167 1979 scripsit,
2200 1918 2255 1965 ut
2285 1910 2596 1966 ostenderet
2634 1910 2892 1967 malitiam
2923 1911 3065 1968 illius
3096 1915 3500 1985 Augustiniana:

212 2003 339 2071 quia
370 2003 542 2059 bonus
570 2012 686 2071 est;
717 2021 826 2060 non
878 2014 1056 2077 potest
1085 2022 1408 2079 quemquam
1449 2007 1567 2065 sine
1602 2008 1808 2065 meritis

212 2092 494 2164 damnare,
519 2098 645 2167 quia
663 2096 842 2168 jusms
865 2109 968 2155 est.
1009 2119 1027 2153 ›
1063 2100 1181 2157 Lib.
1210 2116 1267 2155 tu
1295 2110 1481 2157 contra
1511 2100 1645 2169 Jul.,
1686 2115 1801 2172 cap.

216 2186 307 2243 l8.
335 2189 472 2244 Audi
501 2191 764 2247 rationem
797 2192 1147 2263 disparitatis,
1178 2204 1234 2250 et
1263 2195 1431 2252 fatere
1452 2198 1806 2267 Augustinum

212 2283 420 2352 optime
443 2284 644 2342 vidisse
672 2287 812 2358 quod
860 2304 963 2342 non
992 2299 1065 2344 est
1089 2288 1272 2344 eadem
1305 2291 1439 2346 ratio
1470 2291 1807 2362 praedestina-

213 2371 371 2427 tionis
400 2382 448 2428 et
474 2378 867 2447 reprobationis,
901 2388 958 2433 ut
985 2382 1030 2433 si
1074 2381 1223 2436 detur
1260 2381 1417 2436 causa
1442 2382 1809 2454 reprobationis

212 2480 278 2519 ea:
311 2474 459 2535 parte
501 2478 700 2536 nostra,
759 2470 907 2525 detur
953 2473 1107 2527 etiam
1152 2472 1646 2543 prwdestinationis;
1686 2492 1809 2532 nam

213 2565 372 2615 actus
402 2560 802 2628 reprobationis
833 2573 918 2619 est
939 2574 1091 2621 actus
1116 2566 1339 2635 iustitiae
1362 2567 1614 2637 punitivae
1639 2568 1811 2624 homi-

211 2666 343 2708 nem
370 2652 694 2711 damnantis.
735 2655 805 2711 At
846 2656 1044 2713 clamat
1090 2657 1420 2728 Augustinus
1454 2677 1466 2712 :
1496 2658 1621 2715 Non
1648 2669 1812 2732 potest

213 2762 525 2817 quemquam
551 2749 657 2803 sine
684 2751 879 2806 meritis
906 2752 1174 2819 damnare,
1203 2755 1322 2823 quia
1357 2755 1529 2827 justus
1551 2764 1649 2809 est.
1676 2751 1812 2810 Prte-

213 2838 512 2895 destinatio
538 2851 716 2923 autem
747 2853 829 2899 est
851 2855 1003 2900 actus
1025 2859 1174 2915 purae
1213 2845 1599 2901 misericordia:
1625 2852 1681 2901 et
1717 2845 1813 2901 bo-

211 2939 407 2997 uitatis
437 2924 651 3008 divinae,
682 2957 801 3013 qua:
838 2941 982 2998 nulla
1010 2957 1174 3013 opera
1206 2951 1390 2999 nostra
1434 2941 1575 2998 bona
1604 2956 1809 3013 suppo-

211 3033 321 3098 nit,
353 3034 449 3090 sed
474 3033 634 3101 facit;
666 3034 790 3091 hinc
820 3034 894 3091 ait
924 3051 937 3089 :
968 3033 1149 3090 Potest
1173 3036 1374 3107 aliquos
1395 3036 1503 3091 sine
1534 3036 1677 3091 bonis
1702 3053 1809 3092 nte-

207 3124 331 3179 ritis
364 3124 604 3193 liberare,
644 3128 765 3199 quia
798 3126 957 3182 bonus
987 3137 1081 3186 est.
1112 3127 1254 3201 Ergo
1297 3128 1475 3183 laudet
1525 3128 1810 3184 misericor-

209 3217 380 3285 diam,
402 3219 488 3287 qui
514 3218 783 3289 liberatur,
815 3236 918 3275 non
954 3221 1124 3291 culpet
1164 3221 1443 3293 judicium,
1470 3221 1555 3293 qui
1576 3222 1807 3291 punitur.

1912 2004 2314 2073 consequentiae
2348 2022 2360 2057 :
2396 2018 2517 2060 nam
2546 2024 2564 2057 ‹
2600 2004 2778 2071 facile,
2801 2004 2993 2076 inquit,
3020 2011 3203 2079 negari
3232 2020 3442 2080 poterat
3468 2027 3499 2067 a

1911 2096 2244 2152 contrariam
2305 2098 2627 2153 sententiam
2686 2100 3075 2169 sequentibus,
3131 2111 3183 2158 et
3235 2104 3498 2175 assignari

1913 2188 2213 2245 differentia
2241 2190 2294 2245 in
2327 2191 2802 2261 pradestinatione
2829 2200 2883 2248 et
2907 2195 3283 2264 reprobatione
3307 2238 3321 2265 ,
3356 2198 3500 2268 quod

1912 2282 2321 2353 prtedestinatio
2373 2294 2457 2341 est
2510 2299 2672 2342 causa
2721 2303 2828 2344 non
2880 2289 3051 2345 solum
3107 2292 3502 2351 consecutionis

1913 2378 2087 2433 ultimi
2118 2378 2259 2448 linis,
2289 2380 2384 2435 sed
2407 2379 2571 2437 etiam
2603 2381 2918 2440 meritorum
2943 2383 3009 2439 ad
3042 2384 3287 2441 ultimum
3318 2386 3499 2443 ﬁnem.

1915 2471 2248 2543 Reprobatio
2278 2489 2407 2531 vero
2438 2476 2684 2546 quamvis
2715 2477 2787 2533 sit
2812 2492 2973 2533 causa
3003 2478 3121 2549 ejus
3148 2481 3291 2551 quod
3318 2482 3503 2539 reddi-

1913 2573 2000 2622 tur
2027 2566 2083 2622 in
2111 2567 2311 2636 futuro,
2340 2568 2552 2626 scilicet
2581 2584 2754 2640 paenae
2782 2579 3035 2641 aeternae,
3067 2588 3175 2629 non
3218 2586 3394 2631 tamen
3422 2587 3504 2633 est

1914 2673 2076 2714 causa
2120 2659 2241 2729 ejus
2288 2660 2429 2731 quod
2459 2670 2545 2718 est
2582 2661 2635 2717 in
2678 2665 2964 2733 praesenti,
3019 2665 3227 2722 scilicet
3265 2670 3502 2737 peccati,

1914 2760 2135 2822 propter
2207 2754 2349 2822 quod
2400 2762 2541 2810 totus
2598 2755 2994 2825 reprobationis
3053 2756 3277 2814 ell‘ectus
3330 2771 3506 2830 potest

1914 2844 2110 2901 cadere
2157 2859 2318 2915 super
2354 2846 2650 2916 ‘reprobum
2703 2855 2953 2919 tanquam
3008 2860 3226 2920 propter
3277 2851 3506 2908 demeri-

1913 2942 2049 2991 tum.
2090 2953 2111 2988 ι
2148 2935 2219 2991 At
2246 2944 2397 2993 certe
2421 2936 2753 3007 Augustinus
2784 2937 2923 2995 hanc
2949 2938 3307 2996 differentiam
3341 2941 3504 3009 vidit,

1914 3041 1970 3088 et
2019 3046 2087 3087 ne
2134 3032 2458 3088 Bannesium
2506 3032 2713 3088 mittam
2760 3033 2828 3089 ad
2865 3034 3001 3089 alios
3047 3036 3218 3090 sancti
3264 3036 3504 3091 doctoris

1914 3125 2104 3193 libros,
2128 3140 2194 3182 eo
2218 3127 2337 3198 ipso
2361 3127 2414 3182 in
2438 3126 2558 3183 loco
2580 3128 2669 3183 ubi
2693 3130 2761 3184 ab
2789 3126 3095 3199 Augustino,
3116 3130 3336 3186 minime
3358 3131 3505 3187 illam

1914 3221 2253 3277 observatam
2297 3220 2434 3276 dixit
2476 3238 2488 3274 :
2523 3221 2720 3277 etenim
2753 3220 2827 3277 ibi
2854 3221 2973 3278 fuse
3014 3223 3247 3293 probans
3268 3223 3508 3293 praedes-

213 3308 322 3364 Eat
354 3326 495 3365 nunc
526 3312 761 3392 Danuez,
800 3319 855 3369 et
903 3312 1084 3380 addat,
1142 3311 1501 3382 Augustinum
1552 3312 1806 3367 malitiam
1833 3320 1887 3388 ο
1920 3312 2239 3368 tinationem
2281 3325 2403 3367 esse
2433 3326 2651 3367 causam
2685 3313 2999 3369 meritorum
3044 3313 3159 3370 haec
3183 3315 3254 3370 ait
3288 3332 3301 3369 :
3340 3332 3359 3367 t
3400 3316 3507 3371 Vo-

212 3410 596 3476 consequentia:
625 3408 887 3462 attendere
917 3407 1175 3474 noluisse,
1214 3415 1269 3463 et
1298 3407 1413 3463 hare
1460 3408 1576 3479 ipsa
1603 3410 1811 3479 palma-

211 3496 375 3554 ribus
402 3498 809 3556 characteribus
838 3501 1084 3557 Annatus
1115 3500 1411 3557 exscribat.

293 3587 494 3644 Verum
521 3590 572 3644 in
594 3590 783 3646 eadem
812 3592 1111 3662 quaestione
1156 3592 1391 3649 secunda
1417 3592 1485 3648 ad
1516 3591 1816 3664 Simplicia-

211 3695 378 3748 num,
404 3681 495 3737 ubi
523 3682 801 3755 disputans
821 3699 939 3741 eam
968 3683 1275 3755 paritatem,
1301 3686 1522 3757 urgebat
1548 3704 1560 3739 :
1589 3686 1656 3741 Ut
1678 3688 1817 3742 odis-

209 3786 292 3830 set
341 3774 484 3831 Esau
524 3777 624 3832 nisi
658 3779 923 3850 injustitiaz
949 3780 1128 3834 merito
1173 3780 1429 3849 injustam
1453 3787 1527 3833 est
1557 3796 1575 3834 :
1604 3779 1743 3850 quod
1772 3780 1818 3834 si

212 3870 582 3937 concedamus,
608 3870 789 3941 incipit
814 3879 863 3924 et
882 3868 1043 3926 Iacob
1057 3871 1281 3944 justitia:
1306 3871 1490 3925 merito
1509 3871 1679 3941 diligi,
1702 3886 1818 3927 res-

212 3961 491 4031 pondens,
522 3978 585 4019 ac
606 3964 959 4034 quaestionem
994 3963 1238 4034 pluribus
1266 3964 1361 4019 abs
1403 3977 1463 4019 se
1490 3963 1735 4019 adductis
1762 3963 1818 4020 in

216 4063 513 4124 utramque
542 4066 749 4125 partem
782 4056 1111 4127 argumentis
1139 4057 1424 4127 implexam
1460 4056 1673 4111 tandem
1703 4055 1817 4111 dis-

212 4149 469 4218 solvens,
504 4151 787 4219 paritatem
820 4158 1011 4221 negat;
1059 4149 1133 4205 ibi
1176 4149 1320 4205 enim
1354 4147 1599 4205 diliusius
1626 4148 1820 4219 probat

214 4243 372 4299 nulla
401 4259 563 4314 opera
594 4245 757 4313 bona,
794 4260 894 4302 nec
925 4246 1098 4316 ipsam
1129 4244 1289 4302 fidem
1323 4247 1689 4316 praecessisse,
1721 4262 1819 4301 cu-

211 4336 311 4407 jus
340 4337 537 4394 intuitu
569 4337 738 4395 Jacob
767 4339 925 4396 fuerit
951 4342 1177 4408 electus,
1218 4350 1273 4396 et
1300 4340 1575 4396 concludit
1615 4356 1629 4394 :
1675 4339 1819 4411 Ergo

216 4441 343 4487 ante
392 4449 541 4488 omne
579 4436 817 4489 meritum
871 4443 944 4489 est
993 4435 1181 4506 gratia.
1230 4433 1423 4490 Postea
1453 4449 1583 4490 vero
1611 4432 1822 4489 erudite

217 4525 479 4597 pluribus
527 4528 727 4582 evincit
767 4528 940 4582 Deum
999 4541 1107 4581 non
1157 4525 1396 4597 potuisse
1446 4525 1569 4582 odio
1622 4525 1822 4581 habere

216 4618 393 4683 Esau,
456 4629 744 4690 antequam
808 4620 861 4675 in
912 4618 1005 4674 illo
1046 4627 1329 4690 peccatum
1375 4627 1642 4683 cerneret,
1698 4617 1819 4687 quia

1922 3405 2096 3461 cautis
2120 3404 2441 3477 (secundum
2471 3407 2937 3477 propositum).e5t
2965 3423 3092 3479 ergo
3118 3407 3310 3480 gratia,
3338 3412 3508 3481 perci.

1918 3497 2125 3571 pientis
2156 3512 2288 3554 vero
2317 3498 2543 3569 gratiam
2570 3509 2961 3569 consequenter
2990 3508 3116 3555 sunt
3140 3515 3301 3571 opera
3349 3503 3509 3567 bona,

1919 3606 2026 3647 non
2044 3607 2161 3663 qua:
2172 3590 2398 3662 gratiam
2414 3591 2644 3661 pariant,
2659 3592 2753 3647 sed
2767 3606 2883 3662 quae
2896 3591 3064 3662 gratia
3086 3592 3377 3661 pariantur.
3394 3592 3509 3648 Non

1918 3684 2065 3740 enim
2094 3692 2152 3739 ut
2177 3684 2399 3748 ferveat,
2434 3683 2679 3738 calefacit
2709 3683 2867 3752 ignis,
2896 3681 2991 3738 sed
3019 3683 3141 3754 quia
3168 3683 3367 3748 fervet;
3407 3700 3508 3739 nec

1921 3776 2046 3833 ideo
2076 3777 2247 3834 currit
2273 3785 2393 3832 rota
2416 3786 2473 3832 ut
2502 3776 2730 3832 rotunda
2753 3777 2845 3844 sit,
2876 3776 2969 3832 sed
2994 3776 3117 3845 quia
3149 3776 3375 3831 rotunda
3403 3785 3505 3834 est.

1919 3868 2011 3925 Sic
2050 3883 2209 3925 nemo
2256 3875 2547 3938 propterea
2587 3868 2725 3923 bene
2753 3877 3005 3938 operatur
3035 3876 3093 3922 ut
3123 3868 3350 3937 accipiat
3391 3884 3511 3940 gra-

1922 3960 2075 4031 tiam,
2121 3961 2217 4018 sed
2249 3961 2373 4033 quia
2400 3962 2630 4032 accepit.
2669 3979 2689 4013 ι
2722 3960 2866 4031 Lege
2905 3976 3023 4031 cap.
3060 3962 3126 4017 10
3150 3961 3218 4016 de
3246 3962 3507 4018 Praedest.

1922 4065 2252 4112 sanctorum.
2296 4056 2491 4113 Postea
2544 4056 2635 4111 dat
2663 4053 3017 4112 din‘erentiam
3059 4056 3451 4127 reprobationis
3483 4075 3510 4111 a

1921 4149 2392 4219 praedestinatione
2414 4191 2432 4219 ,
2478 4150 2621 4221 quod
2650 4150 2740 4205 illa
2763 4166 2870 4206 non
2898 4162 3085 4206 causat
3130 4160 3406 4221 peccatum
3438 4154 3509 4208 ob

1921 4244 2064 4313 quod
2096 4245 2259 4301 homo
2289 4245 2629 4315 reprobatur,
2682 4246 2807 4302 licet
2843 4256 3028 4302 causet
3070 4260 3286 4318 poenam
3316 4248 3510 4303 sceleri

1920 4336 2180 4406 debitam,
2205 4338 2277 4394 ita
2300 4339 2445 4394 enim
2468 4338 2534 4395 de
2557 4337 2881 4409 reprobante
2904 4339 3014 4394 Deo
3035 4339 3273 4409 loquitur
3296 4358 3309 4393 :
3340 4359 3358 4392 ι
3390 4340 3514 4397 Odit

1921 4433 2065 4488 enim
2098 4432 2153 4488 in
2183 4433 2262 4488 eis
2305 4433 2636 4503 impietatem
2666 4448 2825 4503 quam
2876 4433 2992 4502 ipse
3021 4447 3125 4489 non
3166 4433 3312 4490 fecit.
3364 4436 3515 4490 Sicut

1883 4592 1890 4598 _
1923 4526 2065 4583 enim
2088 4525 2251 4596 judex
2274 4526 2329 4581 in
2352 4528 2570 4583 homine
2594 4526 2707 4582 odit
2730 4528 2952 4594 furtum,
2980 4526 3075 4582 sed
3100 4541 3207 4582 non
3230 4528 3343 4581 odit
3371 4532 3513 4597 quod

1863 4599 1869 4605 ’
1923 4617 2083 4672 datur
2110 4617 2178 4673 ad
2222 4618 2519 4685 metallum,
2549 4617 2679 4673 illud
2710 4618 2855 4674 enim
2883 4616 2989 4683 fur,
3023 4618 3124 4672 hoc
3153 4617 3323 4687 judex
3352 4618 3510 4683 facit;

224 4728 244 4761 ι
282 4709 475 4764 Omnis
506 4721 751 4765 creatura
781 4709 877 4765 Dei
926 4708 1067 4765 bona
1109 4716 1210 4775 est,
1263 4717 1317 4764 et
1343 4710 1518 4764 omnis
1547 4710 1730 4775 homo,
1761 4706 1815 4762 in
1842 4727 1898 4789 ι)
1925 4713 1996 4769 ita
2024 4712 2193 4780 Deus,
2218 4714 2359 4784 quod
2389 4728 2457 4769 ex
2488 4714 2873 4783 conspersione
2901 4711 3186 4780 impiorum
3215 4708 3343 4765 facit
3382 4725 3509 4766 vasa

217 4808 486 4871 quantum
521 4800 683 4856 homo
713 4808 815 4866 est,
846 4807 1093 4855 creatura
1145 4808 1253 4866 est,
1304 4814 1411 4854 non
1457 4800 1513 4854 in
1552 4809 1812 4869 quantum

217 4904 499 4969 peccator.
539 4896 635 4951 Est
662 4909 793 4966 ergo
820 4902 1038 4951 creator
1059 4893 1201 4950 Deus
1231 4903 1287 4950 et
1311 4894 1554 4964 corporis
1580 4901 1633 4949 et
1655 4894 1817 4949 animi

222 4991 481 5047 humani.
515 4989 774 5046 Neutrum
820 4990 1014 5045 horum
1061 4989 1263 5044 malum
1308 4996 1362 5043 et
1411 4997 1661 5044 neutrum
1704 4988 1818 5044 odit

214 5086 393 5149 Deus,
424 5095 557 5154 etc.,
596 5097 695 5141 nec
727 5083 841 5140 odit
866 5085 919 5140 in
949 5083 1170 5140 homine
1218 5084 1321 5139 nisi
1351 5092 1650 5154 peccatum.
1684 5102 1702 5136 ι
1739 5083 1819 5139 Ex

216 5178 307 5235 bis
338 5176 617 5234 concludit
652 5194 667 5233 :
704 5196 723 5230 ι
757 5178 873 5235 Νοη
906 5178 1069 5249 igitur
1120 5178 1236 5234 odit
1284 5176 1426 5234 Deus
1468 5178 1610 5235 Esau
1638 5178 1817 5235 homi-

218 5283 375 5337 nem,
400 5269 496 5326 sed
521 5269 636 5325 odit
664 5269 805 5327 Deus
846 5270 987 5325 Esau
1038 5277 1399 5340 peccatorem.
1433 5289 1452 5321 ι
1482 5269 1659 5337 Unde,
1687 5283 1820 5325 con-

215 5366 436 5420 ﬁrmata
458 5362 548 5417 illa
577 5360 947 5432 propositione
980 5376 993 5412 :
1031 5379 1049 5412 ι
1090 5360 1160 5416 Ut
1188 5368 1368 5417 autem
1420 5360 1626 5417 odisset
1654 5358 1819 5425 Esau,

217 5457 327 5513 nisi
355 5456 642 5526 injustitize
670 5456 865 5512 merito
894 5455 1151 5525 injustum
1180 5464 1287 5521 est,
1327 5474 1346 5508 ι
1379 5455 1818 5535 consequentiam

217 5541 429 5599 illatam
460 5554 624 5613 negat
654 5558 669 5597 :
700 5556 832 5615 ergo
860 5561 879 5595 ι
910 5542 1167 5612 incipitet
1191 5540 1360 5598 Jacob
1380 5541 1601 5613 iustitia:
1622 5543 1819 5599 merito

220 5636 408 5706 diligi;
447 5653 467 5689 ι
504 5650 627 5690 nam
668 5636 835 5704 priori
879 5634 974 5690 illo
1024 5634 1169 5691 dicto
1198 5649 1457 5692 concesso
1497 5635 1689 5705 probat
1718 5635 1814 5691 fal-

218 5744 343 5785 sum
399 5744 521 5787 esse
569 5730 711 5802 quod
759 5730 1027 5800 posterius
1068 5731 1359 5799 deducunt,
1419 5748 1612 5803 nempe
1649 5734 1814 5791 Jacob

222 5825 392 5878 etiam
422 5823 678 5880 dilectum
710 5824 781 5881 ob
820 5825 962 5881 bona
987 5827 1175 5881 merita
1206 5841 1220 5879 :
1257 5844 1275 5877 ‹
1327 5826 1436 5882 Cur
1462 5843 1613 5898 ergo,
1644 5829 1811 5895 addit,

219 5914 400 5973 Jacob
427 5916 635 5981 dilexit,
671 5918 911 5988 nunquid
942 5927 1190 5988 peccator
1217 5920 1369 5975 erat?
1417 5918 1525 5979 Sed
1554 5921 1737 5979 dilexit
1760 5925 1815 5979 in

432 6038 708 6100 PATROL.
742 6034 991 6096 XLVII.

1925 4808 2269 4878 perditionis,
2306 4823 2411 4861 non
2434 4806 2546 4862 odit
2577 4805 2716 4875 quod
2746 4804 2892 4872 facit,
2926 4804 2979 4858 id
3006 4813 3108 4869 est,
3139 4818 3274 4873 opus
3296 4802 3514 4859 ordina-

1926 4900 2088 4957 tionis
2142 4916 2255 4957 sua:
2301 4900 2355 4955 in
2414 4914 2568 4969 paena
2611 4896 2791 4954 debita
2839 4897 3199 4966 pereuntium.
3255 4916 3274 4949 ι
3332 4896 3516 4968 Itaque

1927 4992 2258 5065 Augusﬁnus
2306 4990 2793 5062 praedestinationis
2822 4998 2877 5046 et
2905 4988 3300 5058 reprobationis
3346 4989 3510 5044 latum

1927 5087 2216 5143 discrimen
2259 5084 2431 5150 novit,
2479 5097 2671 5153 nempe
2692 5082 2836 5154 quod
2865 5080 3263 5150 pradestinatio
3294 5080 3387 5136 Dei
3420 5096 3515 5137 vc-

1927 5179 2101 5238 cantis
2130 5186 2213 5235 est
2238 5192 2403 5234 causa
2434 5179 2695 5234 bonorum
2732 5190 2989 5246 operum,
3021 5189 3129 5231 non
3153 5189 3282 5230 vero
3329 5190 3517 5245 repro-

1927 5274 2072 5330 batio
2099 5281 2183 5329 est
2221 5286 2381 5328 causa
2430 5272 2712 5327 malorum.
2754 5268 2865 5324 lmo
2904 5275 3125 5324 sanctus
3174 5266 3336 5325 Pater
3377 5268 3516 5327 adeo

1925 5373 2237 5422 constanter
2264 5364 2410 5420 illam
2442 5362 2810 5433 disparitatem
2842 5358 3093 5427 asseruit,
3116 5368 3174 5414 ut
3200 5374 3265 5417 ex
3294 5359 3383 5417 illa
3408 5378 3511 5417 una

1925 5458 2184 5530 originale
2202 5456 2796 5528 pcecatumdeduxcrit,
2822 5462 2878 5510 et
2898 5462 3025 5538 ante
3046 5452 3147 5509 tria
3164 5452 3330 5511 lustra
3354 5472 3510 5527 quam

1924 5563 2290 5623 erumperent,
2317 5551 2632 5622 Pelagianos
2653 5547 3040 5620 proﬂigaverit.
3065 5545 3199 5604 Cum
3224 5549 3364 5605 enim
3384 5566 3484 5622 pro
3500 5581 3517 5593 -

1923 5647 2105 5702 basset
2146 5643 2386 5699 divinam
2418 5642 2741 5699 electionem
2789 5641 2935 5697 nulla
2974 5641 3163 5696 merita
3206 5641 3258 5696 in
3291 5641 3515 5700 homine

1921 5749 2247 5807 supponere,
2282 5743 2338 5790 et
2360 5749 2422 5790 ex
2452 5734 2556 5790 alia
2582 5742 2736 5805 parte
2766 5734 2831 5789 ad
2852 5732 3282 5804 reprobationem
3310 5733 3511 5802 justam

1922 5828 2187 5884 demerita
2234 5826 2437 5897 requiri
2479 5827 2824 5898 intelligeret,
2855 5839 3106 5897 quierens
3148 5824 3216 5879 de
3254 5825 3512 5894 reproba-

1924 5924 2069 5979 tione
2100 5920 2264 5992 Esau,
2294 5923 2379 5992 qui
2423 5923 2465 5976 si
2516 5922 2659 5977 nullo
2689 5922 2868 5978 merito
2898 5919 3213 5991 improbatus
3240 5927 3315 5974 est
3335 5958 3348 5983 ,
3378 5919 3511 5989 petit

3134 6030 3213 6093 25
