3962 6346
1418 223 1498 248 ,οη
1605 229 1614 245 ι
1642 219 1675 243 ’τ
1738 226 1751 251 3

480 444 583 497 779

1371 433 1931 492 SUPPLEMENTUM
1972 431 2065 487 AD
2104 411 2333 486 obeas
2376 430 2431 487 s.
2474 430 2863 489 annosum.

3658 433 3761 487 780'

481 563 746 620 rationem
786 556 1038 631 quomodo
1067 555 1179 627 ejus
1214 551 1521 625 improbatio
1541 554 1689 624 justo
1727 548 1829 605 dici
1867 548 2070 619 potest?
2102 536 2152 609 Α
2175 546 2397 616 quentia:
2430 556 2611 614 notat,
2646 561 2749 601 non
2802 545 2888 600 hic
2934 530 3127 631 repetit
3158 541 3557 615 disparitatem,
3602 561 3765 619 quam

481 658 615 713 Cum
643 670 771 711 vero
799 670 863 708 ex
887 651 1146 721 Apostolo
1176 656 1352 719 pateat
1374 647 1545 718 ipsum
1575 661 1642 702 ex
1672 645 1784 700 suis
1806 642 2063 715 operibus

482 766 590 806 non
615 762 735 806 esse
765 745 1133 818 reprobatum,
1181 753 1238 799 et
1264 758 1331 799 ex
1362 740 1463 796 alia
1512 748 1671 810 parte
1704 736 2070 794 certissimum

483 852 624 900 esset
646 839 787 911 quod
819 847 878 894 ut
906 838 1047 893 Deus
1078 836 1266 892 odisset
1290 832 1452 899 Esau,
1478 832 1578 887 nisi
1597 830 1870 903 injustitiaa
1892 828 2072 883 merito

482 937 731 1008 injustam
759 940 854 1001 est,
883 930 1153 988 concludit
1179 928 1321 1001 quod
1359 929 1495 999 facta
1523 934 1597 981 est
1627 941 1729 979 una
1759 940 1927 977 massa
1962 939 2074 977 om-

482 1031 624 1085 nium
651 1028 856 1084 veniens
878 1026 943 1081 de
964 1026 1176 1081 traduce
1198 1023 1409 1094 peccati,
1443 1035 1634 1090 nempe
1663 1019 1785 1091 quia
1823 1036 1843 1071 ι
1874 1032 2074 1074 concu-

482 1120 745 1195 piscentia
774 1119 1005 1175 carnalis
1034 1116 1103 1174 de
1132 1114 1341 1190 peccati
1368 1127 1524 1186 poena
1542 1114 1651 1184 jam
1684 1126 1915 1183 regnans
1955 1108 2073 1165 uni-

483 1230 702 1273 versum
747 1228 919 1287 genus
961 1214 1251 1266 humanum
1302 1217 1554 1278 tanquam
1599 1215 1764 1261 totam
1816 1213 1871 1260 et
1912 1218 2073 1259 unam

486 1300 927 1379 conspersionem
955 1303 1201 1375 originali
1225 1311 1381 1358 reatu
1410 1302 1463 1355 in
1497 1300 1678 1356 omnia
1725 1305 2074 1368 permanente

484 1390 824 1461 confuderat.
866 1420 886 1455 ι
920 1399 990 1455 Et
1016 1406 1172 1453 antea
1217 1414 1229 1451 :
1269 1414 1288 1448 ι
1325 1394 1441 1451 Una
1474 1401 1558 1449 est
1603 1393 1745 1448 enim
1791 1407 1859 1448 ex
1902 1391 2073 1447 Adam

485 1512 665 1553 massa
695 1503 1063 1568 peccatorum,
1097 1493 1149 1546 in
1170 1505 1276 1562 qua
1302 1497 1358 1546 et
1381 1487 1551 1545 Judaei
1580 1496 1635 1543 et
1656 1494 1842 1557 gentes
1869 1492 2075 1540 remota

485 1589 657 1661 gratia
709 1589 807 1645 Dei
860 1584 927 1643 ad
988 1599 1150 1641 unam
1201 1582 1474 1653 pertinent
1522 1578 1985 1650 conspersionem.
2048 1595 2067 1629 ι

485 1682 767 1752 Quomodo
794 1694 926 1737 vero
976 1694 1040 1735 ex
1074 1677 1176 1733 bac
1215 1689 1392 1731 massa
1415 1674 1679 1743 eligantur
1707 1686 1837 1726 vasa
1876 1670 1979 1725 alia
2020 1668 2074 1724 in

483 1777 745 1833 honorem
777 1788 874 1846 per
902 1772 1248 1836 electionem,
1279 1769 1380 1824 alia
1414 1782 1509 1837 per
1538 1763 1972 1836 reprobationem
2022 1762 2075 1817 in

482 1868 884 1932 contumeliam,
931 1865 1103 1921 fusius
1131 1862 1330 1919 ibidem
1375 1858 1556 1915 tradit.
1588 1859 1767 1939 Quare
1818 1862 1966 1912 recte
2008 1854 2074 1910 ab

482 1965 674 2023 eodem
714 1962 918 2020 dictum
942 1968 1029 2017 est
1079 1977 1092 2012 :
1128 1958 1261 2012 Ecce
1289 1956 1424 2011 enim
1455 1954 1566 2009 odit
1596 1951 1739 2006 Esau
1759 1992 1774 2017 ,
1807 1948 1943 2019 quod
1985 1963 2075 2002 vas

480 2060 592 2130 ipse
645 2056 764 2130 fecit
812 2056 868 2110 in
922 2051 1305 2108 contumeliam.
1353 2048 1484 2117 Quis
1527 2060 1656 2127 vero
1703 2058 1809 2099 non
1852 2043 2075 2097 miretur

481 2157 695 2205 vastum
741 2145 1021 2217 Augustini
1052 2142 1327 2212 ingenium
1374 2138 1441 2194 de
1472 2134 1710 2193 efﬁcacia
1741 2132 1958 2205 gratias,
2008 2130 2076 2187 de

482 2240 959 2313 praedestinatione
1014 2245 1364 2301 sanctorum,
1416 2231 1483 2287 de
1529 2227 1948 2300 reprobatione,
2006 2222 2075 2282 de

482 2345 709 2407 peccato
737 2331 988 2404 originali
1016 2330 1153 2386 adeo
1178 2327 1373 2383 ditiuse
1399 2340 1465 2382 eo
1493 2324 1548 2380 in
1581 2338 1747 2394 opere
1770 2321 2075 2392 disputasse

484 2441 548 2485 ac
569 2429 615 2486 si
640 2428 752 2499 jam
780 2441 905 2483 cum
930 2421 1232 2494 Pelagianis
1261 2419 1456 2475 collato
1479 2416 1640 2474 veluti
1664 2414 1799 2487 pede
1819 2420 2073 2477 certaret,

492 2523 583 2592 qui
635 2529 814 2578 tamen
859 2524 980 2589 post
1028 2518 1130 2573 tria
1178 2515 1341 2571 lustra
1397 2510 1659 2583 erupere?
1706 2509 1841 2565 Hinc
1887 2507 2075 2563 videas

486 2612 807 2686 Pelagianos
836 2626 1001 2667 unum
1054 2607 1404 2679 Augustinum
1436 2605 1646 2660 hostem
1678 2601 1928 2658 habuisse
1975 2604 2076 2655 im-

482 2704 801 2776 placabilem
824 2744 839 2769 ,
892 2717 922 2756 a
959 2716 1067 2773 quo
1107 2700 1395 2771 pessimam
1438 2696 1725 2763 haeresim,
1784 2704 2073 2767 antequam

485 2807 833 2865 nasceretur,
878 2795 1190 2852 sull'ocatam
1215 2792 1485 2849 videbant.
1526 2790 1726 2847 Omnes
1753 2791 1968 2863 quidem
2019 2794 2073 2851 in

482 2891 872 2950 controversiis
909 2898 1098 2946 contra
1132 2887 1406 2959 Pelagium
1452 2876 1519 2941 de
1549 2885 1731 2941 divina
1761 2887 1933 2957 gratia
1966 2888 2073 2957 pri-

482 2997 598 3040 mas
622 2983 698 3038 illi
730 2981 962 3047 debent,
994 2995 1118 3036 cum
1149 2966 1450 3049 Augustino
1477 2977 1654 3032 nullus
1685 2978 1958 3047 scripserit
1988 2977 2073 3033 vel

482 3074 678 3131 melius
702 3073 791 3129 vel
811 3070 1078 3129 dill‘usius.
1102 3069 1245 3127 Sane
1272 3079 1498 3126 caateros
1530 3068 1716 3124 Patres
1746 3070 1883 3124 eoin
1907 3085 2071 3140 argu-

483 3176 665 3227 mento
691 3176 840 3223 tanto
881 3173 1004 3236 post
1034 3179 1095 3220 se
1142 3162 1424 3219 intervallo
1446 3161 1685 3231 reliquit,
1731 3170 1791 3217 ut
1822 3164 1865 3217 si
1890 3161 2071 3217 omnia

482 3266 552 3322 de
576 3262 747 3335 gratia
781 3276 843 3317 ac
891 3268 1115 3332 peccato
1143 3257 1391 3328 originali
1430 3270 1460 3311 a
1508 3255 1775 3325 prioribus
1824 3256 2072 3312 Patribus

484 3365 691 3415 asserta
719 3355 1058 3426 colligantur,
1091 3351 1216 3407 huic
1268 3349 1361 3406 uni
1408 3348 1657 3406 secundae
1681 3347 1959 3419 quaestioni
2002 3346 2069 3401 ad

485 3449 893 3522 Simplicianum
925 3490 940 3515 ,
992 3446 1106 3502 sive
1151 3453 1589 3515 argumentorum
1651 3440 1898 3510 pondus,
1961 3439 2074 3496 sive

489 3545 751 3603 doctrinae
778 3556 1004 3600 acumen
1022 3584 1039 3609 ,
1088 3539 1202 3596 sive
1230 3553 1411 3594 rerum
1439 3536 1872 3593 difﬁcillimarum
1904 3534 2075 3606 expli-

485 3639 749 3697 cationem
780 3643 1012 3707 spectes,
1047 3634 1166 3690 sine
1186 3633 1352 3689 dubio
1372 3632 1570 3689 cedere
1598 3630 1921 3688 videantur:
1954 3646 2074 3701 quze

486 3739 669 3789 tamen
717 3728 977 3801 quaestio,
1011 3733 1301 3797 antequam
1321 3724 1638 3780 audirentur
1668 3722 1961 3792 Pelagiani,
1995 3721 2074 3778 uti

486 3822 743 3889 diximus,
788 3819 988 3890 scripta
1011 3827 1124 3885 est;
1162 3824 1220 3872 ut
1246 3816 1329 3873 vel
1368 3814 1491 3870 hinc
1538 3813 1858 3884 importunae
1882 3828 2072 3870 recen-

486 3916 684 3973 tiorum
712 3927 874 3970 voces
900 3911 1037 3967 alios
1067 3910 1252 3965 Patres
1283 3908 1688 3964 inclamantium
1716 3909 1849 3964 satis
1897 3907 2075 3963 solide

485 4010 913 4081 comprimantur
941 4022 955 4059 :
998 4004 1198 4061 etenim
1228 4018 1295 4059 ex
1323 4003 1389 4058 iis
1413 4018 1532 4072 quas
1556 4008 1773 4058 sanctus
1805 4002 1965 4057 Pater
2006 4001 2075 4057 ad

485 4100 891 4172 Simplicianum
922 4098 1134 4163 scribit,
1166 4095 1444 4152 evidenter
1466 4095 1768 4152 ostenditur
1801 4095 1853 4150 in
1900 4109 2075 4165 quaes-

487 4196 723 4253 tionibus
747 4196 815 4250 de
838 4186 1019 4249 divina
1056 4192 1229 4264 gratia
1260 4192 1500 4263 reliquos
1536 4191 1721 4249 Patres
1752 4206 1871 4248 esse
1896 4192 2071 4253 utiles.

488 4286 844 4357 Augustinum
895 4298 1021 4339 vero
1064 4284 1476 4340 necessarium:
1523 4284 1665 4353 quod
1717 4294 1822 4339 tam
1864 4293 2073 4340 certum

489 4389 574 4435 est
612 4386 673 4434 ut
698 4378 1057 4434 recentiorum
1080 4417 1096 4444 ,
1146 4391 1374 4447 quorum
1405 4376 1630 4447 obieetis
1673 4376 2035 4431 satisfacimus
2056 4416 2071 4441 ,

490 4469 836 4525 acutissimus
868 4466 1113 4537 Vasquez
1144 4467 1283 4523 hanc
1313 4466 1718 4538 Augustiniana:
1768 4467 2074 4523 auctoritati

489 4562 702 4618 laudem
730 4559 942 4617 dederit
973 4577 986 4613 :
1034 4578 1053 4611 ι
1092 4560 1421 4629 Augustinus
1452 4559 1503 4614 in
1531 4560 1756 4615 materia
1794 4557 1862 4615 de
1903 4559 2075 4629 gratia

490 4662 545 4710 et
587 4652 1064 4723 praedestinatione
1118 4650 1259 4705 inter
1305 4662 1532 4707 caeteros
1576 4651 1834 4708 Ecclesiae
1886 4652 2077 4706 Patres

2179 640 2476 711 Augustino
2502 634 2664 697 veluti
2693 632 2953 713 suggerit,
2979 624 3507 711 praedestinatiouem
3539 656 3769 701 caesare

2180 733 2371 788 merita
2391 772 2408 801 ,
2442 722 2872 804 rcprobationem
2901 747 3033 789 vero
3058 746 3167 789 non
3216 747 3436 789 causare
3477 732 3766 802 demerita,

2186 823 2281 881 sed
2312 836 2612 895 supponere
2641 843 2653 891 ;
2687 825 2780 883 sed
2812 834 2981 882 totum
3006 824 3285 893 concedit;
3320 826 3519 883 etenim
3562 828 3618 883 in
3654 843 3768 884 res-

2185 918 2445 988 ponsione
2473 919 2538 975 ad
2564 935 2766 991 argum.
2800 918 2836 972 2
2864 918 2939 974 ait
2969 938 2981 973 :
3018 938 3036 972 ι
3072 920 3212 977 Ante
3238 919 3548 991 praescitum
3572 936 3769 992 pecca-

2176 1021 2287 1070 tum
2312 1021 2489 1085 potest
2512 1012 2737 1086 intelligi
2765 1014 2912 1071 Deus
2934 1012 3060 1071 odio
3080 996 3282 1072 habere
3302 1015 3589 1087 quosdam,
3616 1015 3672 1071 id
3692 1026 3773 1072 est

2176 1122 2281 1163 non
2308 1102 2535 1179 diligere
2561 1104 2614 1164 in
2644 1109 2809 1164 vitam
2838 1117 3120 1165 asternam.
3162 1128 3179 1161 ι
3215 1107 3293 1166 lbi
3320 1107 3466 1165 enim
3497 1123 3624 1164 cum
3656 1109 3771 1164 aliis

2174 1202 2376 1273 passim
2399 1203 2654 1260 concedit
2686 1202 3148 1274 reprobationem,
3197 1212 3257 1258 ut
3300 1212 3532 1270 vocant,
3568 1203 3773 1275 negati-

2175 1312 2318 1365 vam,
2348 1312 2452 1369 qua
2480 1296 2623 1354 Deus
2654 1305 2813 1369 negat
2838 1294 3065 1368 gloriam
3088 1310 3197 1353 non
3219 1295 3277 1353 in
3298 1310 3517 1369 pmnam
3537 1292 3770 1368 peccati,

2176 1390 2271 1447 sed
2299 1398 2357 1445 ut
2383 1404 2518 1457 pure
2546 1389 2746 1447 donum
2795 1389 3121 1462 indebitum,
3155 1406 3261 1447 non
3295 1405 3608 1463 supponere
3639 1406 3773 1462 prae-

2176 1480 2441 1537 visionem
2467 1481 2876 1539 demeritorum.
2909 1484 2979 1538 At
3020 1492 3241 1541 sanctus
3266 1484 3601 1554 Augustinus
3644 1484 3773 1541 adeo

2177 1573 2449 1631 mordicus
2482 1576 2717 1631 sustinet
2742 1571 3109 1647 disparitatem
3132 1576 3311 1631 datam
3341 1574 3484 1633 inter
3516 1577 3774 1647 reproba-

2177 1668 2381 1725 tionem
2413 1676 2467 1724 et
2497 1662 3028 1739 praedestinationem
3050 1708 3068 1738 ,
3099 1679 3160 1726 ut
3191 1667 3392 1742 ubique
3438 1669 3776 1741 reprobatio-

2179 1774 2304 1817 nem
2328 1759 2478 1818 illam
2527 1760 2644 1820 sine
2669 1761 2989 1834 praevisione
3014 1760 3397 1821 demeritorum
3416 1805 3430 1830 ,
3460 1764 3589 1820 licet
3617 1778 3773 1836 nega.

2180 1852 2371 1923 tivam,
2426 1852 2718 1910 excluserit
2762 1864 2924 1925 atque
2952 1854 3004 1909 in
3039 1853 3341 1928 Pelagianis
3375 1869 3599 1925 semper
3628 1854 3775 1909 dam-

2105 1916 2152 1995 Β
2186 1916 2414 2004 naverit.
2467 1946 2739 2020 Pelagiani
2769 1916 2913 2005 enim
2960 1916 3354 2007 contendebant
3390 1916 3593 2022 pueros
3633 1949 3774 2005 nasci

2179 2042 2295 2097 sine
2326 2040 2439 2096 ullo
2488 2052 2713 2111 peccato
2742 2034 3043 2114 .originali,
3098 2045 3371 2118 negabant
3413 2054 3595 2104 tamen
3652 2048 3773 2104 illos

2178 2132 2388 2189 admitti
2417 2134 2485 2190 ad
2515 2135 2680 2191 vitam
2727 2144 2988 2194 aternam
3016 2140 3168 2210 regni
3193 2139 3458 2198 caelorum
3484 2182 3502 2211 ,
3535 2140 3647 2198 nisi
3686 2155 3775 2213 per

2183 2223 2433 2295 baptismi
2483 2226 2709 2296 gratiam
2740 2226 3148 2299 adoptarentur;
3203 2230 3404 2289 etenim
3450 2247 3577 2288 cum
3604 2233 3776 2304 gloria

2177 2318 2349 2376 libere
2371 2336 2402 2375 a
2430 2312 2546 2376 Deo
2575 2320 2829 2389 donetur,
2863 2321 3117 2379 dicebant
3139 2323 3309 2381 Deum
3349 2325 3610 2382 statuisse
3632 2339 3775 2395 eam-

2177 2410 2299 2468 dem
2323 2411 2602 2482 baptizatis
2632 2422 2842 2469 tantum
2868 2414 3139 2472 conferre.
3174 2415 3395 2473 Illorum
3424 2416 3595 2473 verba
3635 2418 3775 2489 apud

2179 2505 2538 2575 Augustinum
2568 2496 2662 2560 lib.
2693 2504 2759 2560 de
2790 2498 3004 2562 Peccat.
3050 2507 3331 2579 originali,
3362 2523 3488 2580 cap.
3549 2508 3606 2577 5,
3660 2507 3771 2565 haec

2176 2596 2292 2670 ipsa
2322 2604 2449 2651 sunt
2477 2614 2489 2649 :
2529 2614 2549 2649 ι
2582 2594 2715 2665 Quia
2747 2590 3010 2654 Dominus
3036 2599 3223 2655 statuit
3243 2614 3472 2671 regnum
3505 2603 3771 2658 caelorum

2178 2702 2286 2743 non
2332 2686 2436 2744 nisi
2467 2688 2749 2759 baptizatis
2786 2702 2950 2759 posse
2978 2687 3250 2759 conferri,
3278 2691 3422 2762 quod
3452 2692 3587 2764 quia
3634 2693 3770 2747 vires

2178 2790 2388 2836 naturae
2419 2794 2527 2836 non
2560 2776 2783 2848 habent,
2807 2780 3060 2837 conferre
3082 2796 3303 2838 necesse
3333 2791 3419 2839 est
3444 2798 3547 2854 per
3591 2785 3776 2856 gratias

2179 2875 2506 2933 libertatem.
2560 2896 2580 2929 ι
2617 2874 2773 2933 Unde
2811 2885 2931 2933 erat
2977 2875 3192 2933 illorum
3235 2877 3451 2934 celebre
3502 2880 3720 2935 axioma
3758 2896 3777 2934 :

2178 2967 2352 3023 Habet
2411 2970 2601 3041 gratia,
2647 2970 2785 3040 quod
2838 2970 3080 3043 adaptet,
3129 2989 3233 3025 non
3283 2972 3435 3027 habet
3455 2973 3602 3027 unda
3642 2973 3779 3045 quod
3838 3033 3844 3037 ⁴

2178 3060 2371 3128 diluat,
2403 3062 2546 3135 apud
2573 3062 2893 3133 scriptorem
2925 3063 3046 3121 libri
3078 3081 3116 3121 ιι
3146 3066 3214 3122 de
3245 3065 3547 3123 Vocatione
3598 3077 3775 3140 gent.,

2178 3168 2299 3225 cap.
2330 3150 2420 3209 ει.
2471 3155 2545 3211 lta
2587 3157 2742 3226 pueri
2772 3152 2891 3214 sine
2938 3155 3210 3229 baptismo
3250 3157 3553 3215 morientes
3594 3159 3776 3215 exclu-

2177 3247 2442 3305 debantur
2491 3263 2521 3304 a
2570 3264 2740 3323 regno
2765 3248 3025 3307 caelorum
3070 3266 3177 3307 non
3221 3251 3275 3306 in
3315 3266 3536 3322 ptenam
3565 3252 3775 3323 peccati

2092 3301 2145 3393 'c
2184 3301 3774 3418 regnas,*‘agisagis“.estsi,gigas}:

2180 3435 2353 3491 sessio
2380 3435 2531 3505 regni
2575 3436 2839 3493 caelorum
2866 3452 2974 3494 non
3020 3448 3133 3494 erat
3172 3437 3391 3506 debita;
3443 3454 3571 3495 nam
3624 3439 3768 3506 vires,

2178 3530 2346 3598 aiunt,
2378 3538 2575 3585 naturae
2603 3546 2709 3585 non
2733 3530 2921 3586 habent
2946 3573 2961 3598 ,
2994 3538 3053 3587 ut
3084 3531 3295 3602 possint
3315 3530 3451 3588 illud
3472 3530 3771 3603 acquirere.

2178 3622 2355 3692 Quare
2404 3637 2600 3694 pueros
2651 3624 2730 3680 Sic
2756 3622 2971 3679 excludi
2999 3638 3031 3679 a
3076 3638 3244 3695 regno
3271 3623 3539 3681 caelorum
3584 3623 3773 3679 nullam

2177 3732 2377 3788 poenam
2403 3730 2521 3772 esse
2550 3714 2864 3773 asserebant
2893 3716 3033 3787 apud
3056 3715 3411 3788 Augustinum
3434 3717 3532 3773 lib.
3566 3732 3626 3773 ιιι
3655 3730 3773 3771 con-

2182 3818 2258 3864 tra
2283 3808 2415 3876 Jul.,
2441 3822 2560 3878 cap.
2588 3808 2643 3876 5,
2665 3817 2721 3864 et
2756 3802 2849 3864 lib.
2878 3824 2929 3864 tv
2955 3806 3147 3880 Operis
3186 3808 3428 3881 imperf.,
3460 3824 3589 3881 cap.
3612 3807 3699 3876 99;
3722 3816 3773 3866 et

2179 3902 2277 3958 lib.
2305 3919 2356 3971 v,
2391 3918 2511 3973 cap.
2546 3904 2632 3970 ll,
2663 3904 2859 3959 asserit
2887 3918 3085 3975 pueros
3112 3904 3233 3960 sine
3262 3904 3540 3975 baptismo
3561 3903 3771 3960 defunc-

2180 4003 2263 4052 tos
2287 4012 2353 4051 ex
2380 3995 2789 4067 Pelagianorum
2821 3998 3089 4054 sententia
3132 3997 3317 4053 liberos
3350 3998 3417 4052 ab
3462 3999 3610 4052 omni
3640 3998 3773 4051 dam-

2179 4088 2384 4142 natione
2404 4104 2532 4143 esse.
2567 4087 2729 4145 Erant
2780 4089 2941 4160 igitur
2970 4090 3172 4146 exclusi
3216 4088 3613 4161 reprobatione
3654 4104 3773 4161 pure

2180 4182 2462 4251 negativa,
2492 4181 2594 4237 hoc
2631 4191 2713 4239 est
2735 4197 2844 4239 non
2870 4183 3093 4239 admissi
3132 4184 3183 4237 in
3223 4200 3452 4255 regnum
3477 4186 3769 4251 caelorum,

2184 4280 2329 4337 nulla
2362 4280 2576 4337 interim
2612 4297 2772 4351 poena
2806 4282 2912 4338 illis
2938 4278 3170 4352 inflicta,
3198 4285 3271 4337 ita
3304 4292 3359 4336 ut
3387 4283 3507 4353 ipsa
3540 4282 3769 4340 exclusio

2181 4390 2277 4433 seu
2294 4390 2403 4432 non
2423 4375 2683 4432 admissio
2709 4376 2761 4431 in
2789 4390 3014 4448 regnum
3032 4376 3294 4433 caelorum
3319 4376 3469 4431 nulla
3506 4392 3659 4447 paena
3676 4373 3775 4432 illis

2183 4478 2349 4524 esset.
2370 4469 2441 4525 At
2465 4478 2683 4526 sanctus
2696 4470 3026 4540 Augustinus
3050 4469 3245 4541 ubique
3261 4479 3448 4526 contra
3464 4469 3774 4541 Pelagianos

2184 4561 2466 4617 contendit
2494 4576 2695 4632 pueros
2735 4561 2855 4617 sine
2878 4561 3145 4633 baptismo
3174 4563 3508 4630 morientes,
3561 4564 3609 4619 si
3641 4562 3773 4619 nulla

2187 4654 2341 4724 culpa
2363 4654 2590 4726 originis
2614 4653 2799 4711 infecti
2826 4654 2958 4723 sint,
2984 4653 3186 4725 injuste
3214 4656 3607 4725 reprobatione
3628 4668 3773 4725 nega-

491 4761 597 4800 non
626 4736 786 4799 aliter
806 4758 966 4813 quam
992 4742 1074 4798 sol
1095 4741 1237 4800 inter
1260 4741 1469 4799 minora
1499 4743 1676 4800 sidera
1706 4745 2005 4817 praefulget,
2048 4765 2067 4799 ι
2099 4716 2156 4790 Ῐ)
2188 4750 2294 4805 tiva
2322 4716 2541 4805 excludi
2571 4764 2601 4804 a
2628 4764 2799 4820 regno
2821 4748 2937 4805 Dei.
2969 4716 3249 4807 Sescentis
3271 4716 3324 4805 in
3348 4750 3486 4806 locis
3511 4750 3569 4805 id
3598 4716 3773 4805 contra

488 4847 629 4909 part.
653 4854 693 4905 ι,
725 4836 925 4908 disput.
959 4824 1048 4903 89,
1074 4850 1194 4905 cap.
1230 4837 1283 4904 l,
1313 4852 1459 4893 num.
1496 4837 1550 4892 8.

564 4932 699 4988 Volo
730 4932 818 4989 hic
848 4947 1013 4986 unum
1045 4930 1348 4997 advertere,
1372 4946 1479 5001 quo
1508 4930 1753 4987 Bannesii
1781 4931 1848 4987 de
1870 4930 2078 5003 Augus-

489 5029 605 5083 tino
634 5042 865 5084 censura
893 5026 965 5082 ita
995 5026 1293 5097 rejiciatur,
1322 5035 1380 5079 ut
1412 5024 1602 5081 eadem
1635 5026 1748 5096 ipse
1777 5026 2074 5082 Bannesius

490 5118 866 5190 percellendus
905 5116 994 5174 sit.
1029 5118 1160 5173 Dico
1186 5116 1346 5188 igitur
1373 5116 1734 5173 differentiam
1757 5116 1903 5173 illam
1933 5132 2073 5188 prte-

490 5211 864 5269 destinationis
914 5228 945 5268 a
988 5212 1404 5283 reprobatione,
1455 5212 1598 5282 quod
1653 5213 1769 5269 haec
1821 5214 2075 5283 supponit

490 5303 629 5359 mala
658 5307 851 5362 merita
873 5320 995 5376 qua:
1021 5306 1239 5375 puniat,
1270 5305 1356 5360 illa
1386 5320 1518 5361 vero
1542 5320 1650 5361 non
1674 5313 1940 5375 supponat
1964 5321 2079 5362 me-

492 5400 590 5456 rita
622 5400 760 5457 bona
791 5417 914 5473 quae
945 5402 1168 5471 praemio
1188 5410 1528 5471 compenset,
1562 5401 1719 5472 longe
1745 5401 2078 5457 constantius

492 5505 557 5547 ac
587 5492 808 5562 rigidius
829 5493 997 5549 luisse
1018 5493 1085 5548 ab
1108 5495 1406 5564 Augustino
1427 5501 1689 5549 assertam
1717 5507 1780 5549 ac
1801 5493 2076 5550 defensam

489 5596 650 5652 quam
680 5581 749 5638 ab
778 5585 1007 5653 ipsomet
1036 5583 1249 5640 Bannez
1274 5604 1287 5639 :
1318 5600 1442 5640 nam
1472 5584 1517 5640 si
1541 5585 1667 5640 huic
1700 5584 1948 5657 scriptori
1973 5584 2075 5641 ob-

485 5672 707 5745 iiciatur
747 5675 849 5731 hoc
881 5688 1255 5747 argumentum
1290 5696 1303 5733 :
1338 5676 1530 5733 Divina
1578 5679 1911 5749 providentia
1954 5680 2073 5735 sine

495 5768 807 5825 meritorum
838 5769 1158 5840 praevisione
1186 5771 1415 5826 assumit
1436 5770 1502 5827 ad
1533 5770 1759 5841 gloriam
1789 5781 2069 5838 aeternam,

490 5871 621 5928 ergo
638 5860 825 5917 eadem
854 5861 1187 5931 providentia
1208 5864 1325 5919 sine
1345 5862 1729 5920 demeritorum
1754 5863 2075 5932 praevisione

492 5959 671 6021 potest
693 5955 976 6012 excludere
997 5971 1025 6011 a
1050 5956 1217 6026 gloria
1242 5999 1255 6023 ,
1274 5956 1474 6011 nullam
1507 5956 1595 6011 hic
1625 5959 1872 6012 malitiam
1896 5976 2075 6015 conse-

2186 4843 2472 4899 hatreticos
2498 4851 2671 4913 urget.
2702 4841 2820 4899 Lib.
2858 4841 2970 4897 ide
3017 4850 3361 4913 peccatorum
3383 4841 3622 4909 Meritis,
3663 4854 3771 4909 cap.

2184 4936 2253 4992 50
2288 4955 2299 4989 :
2356 4956 2374 4989 ι
2414 4935 2695 5005 Nunquam
2739 4935 3010 5005 explicant
3050 4935 3141 4990 isti
3187 4934 3311 5006 quia
3362 4948 3461 5005 per
3514 4932 3772 5004 justitiam

2185 5031 2391 5087 nullum
2452 5039 2731 5102 peccatum
2787 5030 2993 5087 habens
3036 5031 3213 5101 imago
3271 5030 3364 5087 Dei
3415 5038 3704 5099 separatur
3744 5040 3773 5081 a

2183 5138 2349 5195 regno
2380 5122 2506 5190 Dei;
2545 5142 2565 5176 ι
2593 5132 2645 5180 et
2671 5124 2768 5179 lib.
2799 5140 2832 5178 v
2853 5134 3040 5180 contra
3069 5123 3200 5192 Jul.,
3222 5138 3342 5193 cap.
3374 5124 3432 5179 ll
3474 5142 3488 5178 :
3528 5142 3548 5175 ι
3585 5122 3771 5179 Verum

2181 5232 2281 5273 vos
2301 5231 2517 5288 quoque
2537 5218 2630 5288 qui
2655 5231 2750 5273 eos
2766 5217 2912 5275 velut
2937 5216 3138 5273 liberos
3168 5216 3236 5273 ab
3264 5216 3412 5273 omni
3437 5215 3773 5272 damnatione

2185 5327 2307 5370 esse
2333 5313 2682 5381 contenditis,
2715 5315 2954 5386 cogitare
2983 5329 3088 5370 non
3120 5315 3281 5372 vultis
3328 5327 3436 5385 qua
3462 5313 3591 5369 illos
3629 5312 3770 5368 dam-

2182 5407 2400 5464 natione
2427 5406 2683 5477 puniatis,
2711 5406 2998 5463 alienando
3021 5422 3052 5463 a
3084 5408 3199 5463 vita
3228 5406 3323 5462 Dei
3344 5414 3399 5463 et
3422 5422 3453 5460 a
3474 5418 3645 5477 regno
3672 5400 3760 5458 Dei

2179 5510 2260 5557 tot
2282 5501 2545 5572 imagines
2578 5499 2703 5566 Dei,
2737 5507 2841 5555 etc.
2878 5498 3005 5554 H336
3028 5506 3209 5555 autem
3232 5497 3433 5569 injuste
3468 5497 3760 5569 patiuntur,

2181 5594 2226 5648 si
2258 5593 2461 5649 nullum
2511 5592 2712 5648 habent
2758 5593 2986 5649 omnino
3016 5600 3336 5664 peccatum;
3373 5599 3469 5646 aut
3500 5591 3549 5647 si
3594 5591 3765 5661 jnste,

2181 5700 2311 5756 ergo
2342 5686 2830 5757 habent‘originale
2874 5695 3173 5757 peccatum.
3207 5704 3227 5739 ι
3266 5685 3334 5743 Et
3381 5684 3476 5741 lib.
3513 5700 3556 5741 ιι
3585 5681 3763 5754 Operis

2183 5779 2421 5850 impert.,
2454 5795 2571 5852 cap.
2621 5777 2726 5836 325
2769 5798 2780 5833 :
2832 5800 2850 5833 ι
2888 5780 3175 5853 Nunquam
3222 5779 3471 5836 dicturus
3518 5792 3580 5835 es
3617 5784 3673 5833 ut
3697 5774 3758 5828 sit

2180 5872 2383 5943 justum
2416 5882 2475 5928 ut
2516 5874 2725 5943 parvuli
2756 5874 2901 5940 nulla
2933 5890 3061 5943 sua,
3092 5873 3236 5930 nulla
3276 5872 3581 5945 pleraeque
3606 5868 3753 5927 etiam

2185 5979 2405 6019 suorum
2446 5965 2599 6033 culpa
2630 5966 2745 6021 sine
2790 5967 3114 6037 baptismate
3143 5966 3343 6022 mortui
3376 5980 3407 6019 a
3454 5958 3749 6036 parentibus
