3962 6346
212 406 305 464 [Si

1394 406 1715 469 ἯΝΒΙΟΙᾸΞ
1756 406 2310 466 ΑυϐυΞἨΝΙᾹΝᾸΕ.
3390 414 3492 470 782

201 530 256 576 ει
301 521 556 587 proximis
605 522 856 581 ﬁdelibus
886 504 1233 597 separ‘éntur,
1269 535 1323 583 et
1346 527 1409 581 ad
1443 543 1668 598 regnum
1700 528 1793 582 Dei
1828 526 1879 587 Α
1906 525 1958 579 ἱη
2004 524 2372 582 confutatione
2409 528 2693 585 sententiae
2740 528 2929 585 Javelli
2988 530 3060 585 ait
3112 547 3125 585 :
3175 531 3491 604 Augustinus

200 629 311 668 non
338 612 710 671 admittuntur.
757 634 776 669 ι
812 617 927 674 l.ib.
959 634 993 673 ν
1024 628 1213 677 contra
1246 619 1380 688 Jul.,
1425 634 1542 686 cap.
1571 620 1627 687 9,
1660 619 1794 674 scri-

196 702 278 760 bit
311 723 325 761 :
363 724 382 757 ι
416 705 763 779 Quapropter
785 717 939 765 natos
963 724 1033 765 ex
1069 710 1238 766 Adam
1272 711 1550 766 transferri
1578 718 1796 765 renatos

196 806 411 864 Oportet
453 798 517 851 ad
547 798 845 867 Christum,
881 816 949 857 ne
976 817 1006 856 a
1032 816 1201 872 regno
1244 802 1336 857 Dei
1387 815 1612 872 peream
1656 803 1793 857 ima-

194 889 355 960 gines
385 891 504 960 Dei,
535 894 677 965 quod
707 895 825 952 sine
850 897 992 952 malo
1024 896 1140 952 ﬁeri
1174 898 1265 969 qui
1294 897 1459 964 dicit,
1498 913 1598 954 nec
1646 911 1798 952 amo-

194 1001 312 1043 rem
348 987 510 1047 habet
539 1005 639 1048 nec
666 992 914 1051 timorem
948 992 1067 1049 Dei.
1109 1013 1124 1046 ι
1158 994 1223 1050 Et
1251 996 1413 1065 epist.
1450 994 1573 1063 106,
1614 1014 1632 1047 ‹
1684 995 1796 1050 Hoc

191 1091 225 1133 a
254 1077 462 1147 iustitia
492 1080 584 1137 Dei
609 1083 817 1154 penitus
840 1083 1071 1141 alienum
1112 1104 1130 1137 ι
1190 1087 1397 1143 scribit.
1424 1087 1541 1141 Lib.
1565 1102 1640 1153 Vl,
1672 1102 1789 1157 cap.

192 1166 275 1223 4:
311 1187 331 1221 ι
367 1170 423 1226 Si
450 1171 583 1230 nihil
610 1176 937 1233 meruissent
963 1177 1113 1248 mali,
1148 1195 1417 1252 nunquam
1452 1180 1794 1250 privarentur

191 1261 253 1318 in
283 1267 729 1327 communicausa
749 1270 1054 1340 privatione
1078 1274 1207 1329 tanti
1227 1274 1372 1329 boni.
1404 1292 1421 1325 ι
1455 1274 1595 1345 Lege
1619 1290 1789 1330 serm.

192 1354 268 1411 M
299 1357 368 1415 de
398 1359 591 1419 Verbis
623 1366 888 1437 Apostoli,
920 1367 1008 1424 ubi
1050 1368 1239 1424 clamat
1302 1388 1313 1422 :
1360 1389 1378 1422 ‹
1432 1370 1607 1439 Quare
1649 1375 1791 1427 enim

192 1453 581 1520 patrimonium
614 1459 765 1530 regni
814 1460 1076 1519 caelorum
1129 1462 1331 1532 abripis
1378 1463 1690 1519 innocenti?
1747 1466 1790 1519 A

189 1558 306 1611 quo
331 1560 552 1617 regnum
578 1549 841 1609 caelorum
866 1567 974 1614 non
998 1556 1315 1628 acquiritur,
1335 1555 1578 1629 proiecto
1599 1570 1793 1627 magno

188 1630 343 1690 bono
391 1634 689 1701 fraudator.
725 1642 857 1712 Quae
887 1654 969 1705 est
1010 1646 1111 1701 ista
1153 1646 1399 1719 iustitia?
1438 1667 1457 1701 ι
1483 1657 1590 1705 etc.
1639 1648 1787 1704 Idem

190 1722 384 1787 docuit
404 1742 622 1791 sanctus
655 1733 903 1794 Gelasius
954 1754 1086 1811 papa
1117 1742 1167 1796 in
1206 1742 1366 1813 epist.
1408 1742 1473 1799 ad
1504 1741 1786 1816 episcopos

188 1831 296 1890 per
344 1820 636 1892 Picenum,
685 1841 873 1888 contra
926 1832 1241 1909 Pelagianos
1298 1856 1310 1891 :
1363 1859 1380 1893 ι
1434 1837 1544 1895 Cur
1593 1840 1783 1912 igitur,

1901 619 2083 691 gratia:
2120 616 2217 673 Dei
2261 621 2399 676 testis
2424 621 2643 693 insignis
2675 631 2724 676 et
2764 623 3094 693 pradicator;
3115 626 3218 697 εις
3245 625 3343 681 His
3370 643 3493 699 ergo

1901 710 2258 780 Opinionibus,
2293 713 2441 770 addit
2464 732 2478 769 :
2506 715 2791 772 Statuenda
2820 726 2892 773 est
2920 734 3038 773 vera
3063 722 3312 775 sententia
3327 723 3488 793 juxta

1898 812 2117 858 mentem
2145 797 2419 878 Augustini
2462 818 2510 862 et
2543 808 2610 864 ι).
2645 808 2875 869 Thalnae.
2913 811 3092 878 Quare
3111 854 3126 879 ,
3157 813 3204 869 si
3233 814 3365 885 quid
3393 818 3488 875 dem

1899 906 2090 965 ceptus
2137 899 2275 953 dixit
2326 899 2393 955 de
2445 900 2773 972 Augustino,
2832 905 2908 959 uti
2952 908 3301 966 excusatione
3343 910 3492 966 illum

1897 990 2116 1059 quidem
2146 991 2367 1063 dignum
2396 994 2673 1062 ducimus,
2720 998 2793 1052 ita
2834 1013 2942 1054 non
2973 1007 3135 1056 tanta:
3155 1001 3495 1061 auctoritatis

1899 1083 2177 1141 habendus
2202 1096 2319 1157 est,
2370 1097 2430 1143 ut
2459 1088 2575 1158 ejus
2601 1090 2969 1148 testimonium
3009 1103 3201 1150 contra
3245 1105 3487 1153 sanctum

1901 1177 2182 1237 doctorem
2227 1181 2554 1250 palmaribus
2600 1183 3003 1244 characteribus
3053 1204 3369 1261 expressum
3424 1193 3494 1251 ab

1896 1273 2224 1329 adversariis
2264 1276 2696 1347 exaggerandum
2728 1277 2996 1337 videatur.

1896 1384 1924 1456 §
1962 1384 2050 1443 XI.
2082 1385 2308 1445 Sanctus
2337 1387 2635 1473 Bernartius
2656 1410 2925 1473 perperam
2952 1407 3128 1453 contra
3152 1399 3493 1473 Augustinum

2397 1464 2459 1517 ab
2490 1464 2694 1520 Annat‘o
2719 1464 2995 1526 adductus.

1965 1560 2337 1632 Recentiores,
2357 1574 2415 1621 ut
2457 1567 2643 1640 ingens
2672 1574 2886 1629 testium
2914 1590 3104 1646 agmen
3122 1592 3228 1649 quo
3250 1593 3493 1638 sanetum

1899 1656 2251 1727 Augustinum
2284 1676 2388 1716 non
2421 1663 2540 1720 loco
2568 1673 2772 1722 tantum
2801 1682 3042 1740 movere,
3075 1672 3170 1729 sed
3199 1673 3360 1732 etiam
3402 1692 3496 1748 pe-

1898 1748 2038 1806 nitus
2060 1752 2291 1809 obruere
2331 1764 2623 1826 tentarunt,
2661 1760 2975 1819 nobilissimi
2997 1763 3167 1822 Patris
3189 1768 3493 1837 testimonio

1896 1846 2166 1915 claudant,
2192 1858 2432 1905 sanctum
2457 1850 2785 1910 Bernardum
2804 1866 2987 1913 contra
3007 1862 3357 1931 Augustinum
3374 1865 3486 1921 suf-

1615 1905 1644 1912 η
1768 1905 1779 1911 -
2154 1905 2165 1915 ,
2667 1905 2785 1910 .-η-η
2808 1905 2987 1913 ---η--
3007 1905 3357 1931 .--οηωηηηη
3374 1905 3485 1921 σι..-

187 1905 413 1984 inquit,
460 1918 641 1979 infans
682 1922 782 1981 hac
825 1937 970 1983 sorte
1023 1905 1363 1988 concluditur
1412 1933 1630 2006 (nempe
1681 1953 1786 1995 non
1820 1921 1868 1982 Β
1896 1937 2120 2009 fragium
2144 1941 2275 1998 dare
2315 1941 2605 2015 afﬁrmant,
2636 1946 2929 2009 clamantes
2955 1967 3074 2007 cum
3103 1955 3335 2024 Annato,
3367 1972 3487 2031 pag.

187 2008 473 2031 ,λμεηε
836 2021 848 2031 .
1019 2023 1028 2031 .
1116 2027 1127 2031 -
1229 2027 1260 2031 __
1375 2027 1389 2031 -
1452 2030 1461 2031 ,

184 2008 406 2066 admitti
428 2011 482 2069 in
508 2030 730 2089 regnum
749 2021 1057 2095 oculorum),
1084 2027 1127 2080 si
1151 2027 1355 2083 nullum
1375 2027 1539 2087 habet
1566 2031 1787 2089 omnino

184 2110 520 2175 peccatum?
562 2117 841 2189 magisque
884 2120 1128 2190 videtur,
1169 2125 1309 2196 quod
1340 2126 1510 2193 absit,
1556 2129 1786 2203 injustus

190 2196 373 2268 Deus,
410 2203 456 2263 si
492 2202 602 2261 illic
630 2207 902 2282 inﬂigatur
940 2228 1121 2285 poena,
1157 2216 1245 2273 ubi
1276 2220 1417 2279 nulla
1448 2221 1516 2276 sit
1544 2196 1721 2292 culpa.
1761 2242 1779 2275 ι

180 2296 439 2357 Concinit
468 2302 706 2374 synodus
754 2306 1153 2378 Byzacenorum
1193 2310 1435 2383 Patrum,
1476 2316 1526 2371 in
1572 2316 1669 2372 lib.
1719 2317 1786 2374 de

178 2388 567 2453 lncaruatione
589 2406 644 2453 et
664 2399 857 2469 gratia,
885 2417 1004 2473 cap.
1039 2404 1127 2473 l4,
1159 2405 1253 2462 ubi
1273 2407 1424 2463 aiunt
1458 2427 1471 2462 :
1503 2428 1521 2462 ‹
1562 2408 1631 2465 Et
1659 2425 1782 2467 cum

177 2497 295 2540 non
319 2486 392 2543 sit
426 2487 684 2560 iniquitas
709 2493 847 2563 apud
879 2494 1077 2564 Deum,
1112 2498 1205 2569 qui
1238 2500 1364 2556 fecit
1396 2502 1669 2560 hominem
1714 2506 1780 2561 ad

176 2571 477 2647 imaginem
503 2595 656 2639 suam
680 2624 695 2649 ,
724 2599 844 2655 quae
867 2585 1075 2656 justitia
1100 2599 1181 2646 est
1204 2602 1261 2649 ut
1292 2593 1466 2663 imago
1500 2596 1591 2652 Dei
1616 2639 1629 2662 ,
1662 2614 1780 2666 quae

175 2666 322 2723 nihil
346 2677 517 2740 potuit
540 2689 638 2744 per
653 2690 714 2734 se
733 2675 905 2748 ipsam
926 2680 1261 2755 delinquere,
1287 2687 1331 2743 si
1359 2703 1463 2745 non
1488 2690 1782 2750 redimatur

173 2764 450 2835 sanguine
496 2767 620 2826 Filii
648 2770 769 2841 Dei,
805 2774 858 2830 in
900 2791 1124 2847 regnum
1156 2781 1247 2839 Dei
1289 2798 1394 2841 non
1437 2787 1781 2858 permittatur

171 2853 429 2916 intrare?
493 2880 513 2915 ι
571 2863 701 2930 Quae
747 2866 856 2925 duo
896 2872 1206 2930 testimonia
1252 2853 1502 2935 consulto
1556 2882 1774 2951 addidi,

172 2951 309 3022 quia
342 2956 589 3013 nonnulli
611 2970 964 3023 memoratam
992 2968 1161 3025 sancti
1183 2969 1423 3028 doctoris
1452 2977 1774 3034 sententiam

171 3044 379 3105 {uisam
444 3051 780 3110 existimant.
845 3056 1028 3130 Itaque
1074 3060 1240 3119 ﬁxum
1309 3065 1409 3121 fuit
1460 3058 1777 3142 certumque

173 3140 413 3200 omnino
440 3146 582 3215 apud
612 3150 995 3224 Augustinum,
1046 3171 1113 3214 ac
1150 3166 1371 3217 sanctos
1400 3161 1589 3220 Patres
1627 3140 1771 3235 ejus-

170 3233 309 3291 dem
337 3235 652 3311 discipulos,
684 3247 956 3306 neminem
981 3264 1141 3322 posse
1169 3253 1287 3312 sine
1309 3256 1464 3328 culpa
1489 3233 1773 3329 reprobari

174 3337 324 3395 pure
350 3333 607 3403 negative
645 3352 676 3392 θ
718 3354 887 3413 regno
914 3343 1175 3403 cmlorum
1222 3356 1474 3419 tanquam
1516 3351 1778 3409 beneﬁcio
1808 3330 1852 3394 (ἶ

177 3418 466 3492 indebita,
521 3428 597 3485 uti
629 3431 987 3490 certissimum
1031 3437 1132 3495 fuit
1181 3418 1357 3497 eidem
1401 3444 1671 3502 neminem
1720 3447 1775 3506 in

166 3518 327 3567 statu
374 3524 581 3574 natura:
627 3521 791 3593 lapsae
821 3528 1191 3595 pmdestinari
1226 3547 1293 3588 ex
1323 3537 1647 3605 praerisione
1672 3540 1774 3595 ali-

165 3603 340 3675 cujus
370 3608 498 3667 boni
526 3615 727 3684 operis.
754 3618 931 3687 Quare
952 3603 1339 3697 disparitatemﬁ
1362 3630 1502 3688 inter
1534 3634 1772 3704 praedes-

167 3701 511 3762 tinationem
558 3718 615 3765 et
658 3714 1096 3784 reprobationem
1142 3736 1259 3778 eam
1302 3729 1614 3785 necessario
1654 3744 1774 3787 esse

165 3792 361 3867 dixit,
420 3808 479 3857 ut
525 3802 667 3859 Deus
720 3808 855 3867 citra
896 3810 1216 3882 iniustitiam
1274 3834 1383 3875 non
1440 3832 1625 3894 posset
1676 3840 1773 3881 ex-

158 3890 403 3950 cludere
466 3910 497 3951 a
541 3914 711 3973 regno
776 3904 1038 3964 caelorum
1089 3913 1339 3981 parvulos
1397 3914 1514 3973 sine
1566 3918 1722 3989 culpa
1751 3961 1770 3990 ,

158 3982 309 4041 licet
351 3985 406 4042 id
464 4003 568 4046 non
629 3992 833 4051 faceret
882 3999 934 4054 in
985 4015 1223 4071 poenam.
1286 4005 1405 4063 Non
1464 4017 1547 4065 est
1612 3982 1774 4083 igitur

164 4077 519 4151 Augustinus
558 4086 835 4147 docendus
864 4093 1009 4151 illam
1044 4098 1451 4169 disparitatcm,
1485 4104 1567 4160 vel
1614 4077 1770 4161 mali-

158 4178 310 4233 tiam
336 4187 738 4253 consequentiae
779 4204 807 4243 a
853 4191 1148 4261 Bannesio,
1185 4212 1305 4253 cum
1339 4208 1392 4253 et
1432 4200 1551 4271 ipso
1577 4201 1771 4259 melius

160 4273 427 4331 eamdem
458 4277 635 4347 norit,
685 4292 737 4337 et
770 4284 929 4353 longe
956 4285 1183 4357 rigidius
1207 4289 1531 4350 defenderit.
1556 4294 1765 4353 Recen-

167 4367 353 4424 tiores
381 4368 634 4442 Alarcoa,
663 4373 853 4433 Herice
879 4376 1078 4450 aliique
1107 4383 1473 4450 reprobationi
1498 4386 1573 4444 illi
1608 4405 1769 4461 nega-

160 4463 303 4517 tivae
332 4469 460 4517 ante
480 4466 708 4534 praevisa
741 4467 1003 4527 demerita
1026 4472 1339 4533 Calvinismi
1363 4479 1635 4552 [uliginem
1667 4484 1766 4540 ob-

157 4553 408 4627 jectant,
444 4560 585 4617 unde
614 4578 819 4633 magna:
840 4574 1033 4623 contra
1060 4569 1207 4639 ipsos
1237 4574 1471 4642 querelae
1522 4576 1766 4636 Thomis-

162 4652 355 4703 tarum
382 4649 751 4723 inaudiuntur,
795 4655 1036 4715 Joannes
1063 4675 1093 4715 a
1122 4662 1322 4720 Sancto
1354 4664 1586 4737 Thema,
1624 4681 1760 4739 part.

170 4756 211 4805 ι,
237 4739 389 4810 disp.
418 4742 504 4808 10,
537 4742 603 4800 de
630 4745 887 4817 Reprob.,
918 4766 1065 4807 num.
1097 4753 1183 4819 l9;
1214 4754 1449 4824 Gonetti,
1478 4761 1677 4831 disput.
1713 4766 1765 4830 ὃ,

164 4842 312 4888 ιοω.
345 4849 420 4903 lv,
452 4846 557 4891 art.
590 4838 644 4906 2,
701 4840 814 4918 §.5.
858 4842 923 4897 Et
962 4855 1108 4902 certe
1137 4846 1391 4907 Calvinus
1432 4855 1770 4924 reprobatio-

159 4931 297 4983 ne‘m
350 4930 638 4997 positivam
685 4944 811 4991 ante
858 4925 1237 5007 pravisioném
1295 4956 1633 5013 peccatorum
1683 4967 1769 5008 as-

160 5029 261 5077 tru
274 5020 373 5087 xit,
405 5023 514 5078 imo
542 5026 612 5080 ab
634 5026 819 5085 eadem
849 5028 984 5087 dixit
1004 5044 1222 5102 peccata
1247 5041 1481 5105 causari,
1511 5050 1669 5113 atque
1700 5045 1767 5100 ad

160 5116 293 5172 haec
326 5120 689 5189 perpetranda
718 5121 1220 5199 hominesimpelli,
1252 5148 1371 5203 qua:
1417 5151 1446 5190 a
1478 5136 1770 5198 Thomistis
1816 5146 1825 5161 '

160 5226 279 5266 una
315 5224 443 5267 curn
497 5214 717 5285 reliquis
762 5218 1044 5276 catholicis
1068 5234 1350 5294 negantur.
1391 5229 1463 5285 At
1498 5246 1599 5288 nos
1630 5234 1769 5291 absit

158 5321 225 5367 ut
260 5312 718 5385 Pelagianismum
748 5321 1161 5391 sapientissimis
1194 5328 1356 5398 viris,
1386 5339 1443 5387 et
1472 5333 1523 5388 in
1553 5336 1764 5405 Augus-

161 5411 287 5466 tino
330 5412 679 5473 deieudendo
704 5432 771 5473 es
811 5420 1116 5489 iuramento
1159 5423 1571 5487 Salmanticeosi
1618 5448 1766 5491 com-

158 5515 515 5597 militonibus
557 5534 621 5575 ac
666 5523 870 5578 nostris
926 5524 1202 5584 foederatis
1250 5530 1629 5601 imponamus;
1676 5536 1767 5593 illa

159 5616 316 5673 enim
367 5625 578 5676 tantum
630 5621 914 5690 diximus,
969 5630 1122 5698 queis
1172 5630 1423 5690 Bannesii
1476 5652 1765 5697 censuram

161 5721 389 5789 plenius
420 5723 844 5784 coniutaremus.
880 5728 996 5786 Non
1021 5744 1101 5787 est
1141 5744 1317 5791 tamen
1348 5751 1442 5792 cur
1471 5740 1765 5799 adversarii

160 5818 336 5889 hujus
380 5819 615 5896 theologi
641 5827 1007 5886 testimonium
1038 5845 1228 5889 contra
1251 5838 1609 5907 Augustinum
1637 5859 1765 5913 pro-

160 5927 397 5995 ducant,
420 5930 511 6003 qui
534 5930 587 5989 in
609 5932 800 5991 eodem
818 5935 957 6006 loco,
978 5953 1173 6011 nempe
1194 5941 1420 5999 articulo
1441 5942 1533 6001 illo
1552 5946 1759 6017 quinto,

1896 2031 2001 2089 884
2032 2049 2046 2087 :
2082 2052 2101 2086 t
2123 2034 2317 2093 Veniat
2343 2054 2471 2111 ergo
2494 2049 2613 2112 post
2635 2042 2883 2099 ultimum
2913 2056 3129 2105 sanctus
3157 2050 3486 2125 Bernartius,

1894 2125 1981 2195 qui
2013 2129 2280 2185 nominari
2326 2130 2508 2186 debuit
2548 2143 2672 2189 ante
2701 2135 2955 2207 primum.
2999 2158 3017 2192 ι
3055 2141 3144 2199 Ille
3184 2158 3312 2201 vero
3353 2162 3490 2205 nun-

1890 2230 2055 2286 quam
2084 2229 2273 2275 contra
2298 2222 2653 2294 Augustinum
2678 2225 2992 2300 descendet,
3016 2248 3112 2290 nec
3143 2235 3187 2291 si
3216 2237 3489 2297 machinas

1890 2325 2075 2368 omnes
2102 2315 2456 2375 admoveatis.
2483 2318 2549 2375 At
2569 2321 2853 2393 inquiunt:
2883 2344 2902 2378 ‹
2930 2325 3093 2399 Igitur
3113 2341 3328 2389 sanctus
3356 2336 3484 2394 Ber-

1889 2406 2109 2473 nardos,
2143 2416 2249 2463 tam
2300 2411 2583 2484 religiosus
2612 2418 2782 2473 sancti
2816 2420 3099 2493 Augustini
3144 2431 3337 2500 cultor,
3381 2438 3487 2486 tam

1888 2499 2166 2558 Sttldiosus
2196 2503 2387 2573 lector,
2414 2516 2519 2561 tam
2548 2506 2771 2565 idoneus
2793 2512 2996 2569 arbiter
3023 2517 3398 2578 ecclesiasticae
3423 2538 3486 2581 ac

1888 2596 2208 2649 necessariae
2247 2596 2524 2667 doctrinae,
2558 2602 2883 2671 peculiarem
2917 2616 3093 2665 tamen
3121 2610 3236 2681 ejus
3267 2624 3485 2673 senten-

1887 2686 2038 2753 tiam,
2057 2702 2161 2756 qua
2192 2697 2349 2758 negat
2363 2700 2606 2749 sanctum
2623 2692 2883 2751 Joannem
2902 2697 3192 2769 Baptistam
3215 2706 3487 2776 accepisse

1885 2778 2096 2848 plenam
2126 2780 2178 2835 in
2195 2791 2345 2837 utero
2362 2794 2606 2841 matcrno
2621 2786 3059 2848 sanctiﬁcationis
3085 2796 3332 2867 gratiam,
3357 2799 3483 2870 reji-

1883 2872 1953 2927 cit
1975 2874 2027 2928 in
2048 2875 2274 2946 epistola
2300 2877 2364 2933 ad
2386 2881 2678 2938 canonicos
2701 2881 3107 2955 Lugdunenses,
3133 2898 3187 2945 et
3216 2890 3481 2963 principio

1882 2978 1988 3034 quo
2018 2967 2285 3024 nitebatur
2310 2972 2657 3043 AuguSlinus,
2680 2976 2822 3047 quod
2846 2979 3052 3038 scilicet
3080 2998 3238 3039 nemo
3263 2997 3482 3047 renatus

1881 3056 1985 3112 dici
2000 3060 2486 3134 possitpriusquam
2503 3070 3019 3134 natus,‘contrarium
3036 3074 3279 3145 opponit,
3297 3078 3479 3150 aitque

1880 3162 2041 3220 posse
2087 3152 2316 3224 aliquem
2352 3156 2498 3227 prius
2546 3169 2789 3217 sanctum
2842 3178 2961 3220 esse
3005 3180 3165 3237 quam
3199 3178 3403 3228 natum.
3451 3189 3472 3225 ι

1884 3241 2019 3297 Cum
2052 3260 2180 3301 vero
2211 3248 2385 3303 sciant
2414 3249 2769 3322 Augustinum
2795 3256 3117 3330 quandoque
3146 3276 3176 3316 a
3208 3262 3481 3322 Bernardo

1884 3338 2210 3407 appellatum
2227 3340 2619 3400 validissimum
2640 3348 2891 3405 malleum
2916 3351 3482 3428 haereticorum,atque

1880 3430 2164 3488 catholicae
2194 3432 2469 3506 religionis
2499 3439 2826 3510 columnam,
2852 3444 3006 3515 quasi
3050 3461 3148 3517 per
3188 3448 3352 3505 risum
3405 3450 3480 3508 ita

1880 3522 2212 3581 concludunt
2238 3546 2251 3580 :
2282 3546 2301 3581 ι
2339 3527 2563 3587 ConSIat
2584 3548 2712 3605 ergo
2739 3538 2987 3608 exemplo
3016 3541 3187 3598 sancti
3222 3544 3481 3602 Bernardi

1878 3617 2015 3673 tales
2046 3633 2165 3676 esse
2196 3636 2330 3692 quas
2356 3624 2565 3682 dixerat
2612 3627 2746 3685 duas
2792 3631 2911 3687 illas
2941 3634 3241 3705 columnas,
3269 3649 3324 3696 ut
3371 3658 3479 3700 non

1876 3709 1949 3765 sit
1970 3714 2280 3769 necessario
2314 3717 2629 3788 timendum,
2660 3722 2701 3776 si
2728 3723 2846 3792 quis
2877 3726 2949 3781 ita
2978 3727 3262 3786 divellatur
3285 3733 3349 3789 ab
3369 3734 3479 3790 Au-

1875 3801 2113 3871 gustino,
2143 3814 2200 3859 ut
2230 3814 2408 3863 tamen
2454 3810 2713 3868 innitatur
2744 3816 3052 3888 Ambrosio,
3096 3822 3257 3877 etiam
3306 3824 3359 3880 in
3410 3826 3476 3884 iis

1875 3912 1994 3967 quae
2025 3910 2213 3955 contra
2247 3902 2560 3975 Pelagianos
2590 3908 2922 3981 Augustinus
2950 3914 3261 3987 diSputavit,
3296 3937 3472 3994 neque

1874 3987 2080 4043 nullum
2109 3991 2279 4048 videri
2312 4011 2468 4065 posse
2505 3999 2792 4072 aliquando
2823 4006 3143 4067 validissimi
3191 3987 3474 4073 haeretico-

1872 4096 1990 4137 rum
2022 4086 2197 4142 mailei
2225 4087 2491 4148 incertum
2525 4093 2711 4153 ictum.
2753 4117 2771 4151 ι
2808 4099 2932 4154 Haec
2961 4102 3055 4158 illi.

1947 4177 2201 4237 Fatemur
2233 4185 2610 4254 particularem
2646 4191 2809 4249 fuisse
2854 4198 3025 4252 sancti
3065 4198 3298 4259 doctoris
3351 4221 3475 4263 sen-

1873 4273 2099 4329 tentiam
2132 4276 2389 4334 adversus
2420 4279 2734 4354 Pelagianos
2764 4286 2831 4343 de
2862 4299 3079 4359 peccato
3101 4293 3342 4365 originali
3373 4298 3475 4355 dis-

1873 4367 2133 4435 putantis,
2167 4370 2456 4429 Jeremiam
2484 4390 2546 4431 ac
2569 4377 2832 4436 Joannem
2862 4381 3157 4453 Baptistam
3189 4404 3291 4444 non
3308 4390 3474 4449 fuisse

1872 4457 2034 4527 plene
2062 4476 2089 4514 a
2122 4474 2347 4531 peccato
2379 4467 2624 4539 originali
2668 4470 2721 4527 in
2753 4475 2916 4531 uteris
2946 4486 3177 4534 matrum
3224 4497 3317 4550 per
3346 4500 3473 4556 gra-

1872 4550 1994 4605 tiam
2021 4557 2445 4615 sanctilicantem
2476 4561 2749 4620 liberatos.
2786 4566 2896 4623 Hoc
2914 4568 3097 4627 docuit
3119 4573 3273 4642 epist.
3311 4550 3379 4628 Si
3403 4577 3468 4632 ad

1873 4640 2197 4713 Dardanum,
2221 4658 2271 4705 et
2318 4650 2404 4706 lib.
2435 4668 2488 4707 iv
2516 4664 2701 4710 contra
2732 4657 2864 4727 Jul.,
2907 4659 3098 4731 Operis
3120 4640 3329 4736 imperi.
3347 4684 3465 4739 cap.

1878 4735 2000 4805 155,
2036 4741 2125 4795 ubi
2156 4742 2227 4796 ait
2262 4762 2274 4796 :
2313 4762 2331 4795 ‹
2369 4745 2502 4813 Quia
2534 4756 2587 4803 et
2618 4749 2883 4809 Jeremias
2911 4767 2963 4811 et
3008 4758 3260 4828 Joannes,
3288 4779 3468 4833 quam-

1873 4829 1956 4884 vis
1978 4833 2293 4890 sanctiticati
2320 4838 2371 4891 in
2393 4840 2557 4897 uteris
2583 4853 2834 4912 matrum,
2862 4855 3135 4907 traxerunt
3164 4860 3339 4911 tamen
3362 4857 3467 4913 ori-

1873 4921 2052 4990 ginale
2080 4936 2354 4995 peccatum
2384 4948 2395 4982 :
2430 4947 2551 4987 nam
2582 4950 2688 5006 quo
2718 4937 2826 4994 alio
2853 4943 3043 4997 merito
3074 4943 3355 5004 interirent
3379 4967 3467 5005 co-

1874 5031 1993 5071 rum
2023 5020 2216 5076 animai
2247 5023 2315 5080 de
2348 5028 2541 5099 populo
2564 5044 2679 5100 suo,
2713 5034 2817 5091 nisi
2847 5035 2938 5093 die
2968 5049 3157 5098 octavo
3187 5045 3466 5103 circumci-

1874 5112 2153 5186 derenlur,
2185 5118 2287 5175 nisi
2341 5114 2405 5176 ad
2452 5124 2651 5182 Christi
2695 5131 2919 5200 gratiam
2966 5139 3326 5207 pervenirent,
3357 5151 3461 5200 etc.

1876 5206 2039 5263 Erant
2069 5226 2196 5283 ergo
2228 5213 2301 5270 illi
2333 5225 2386 5271 et
2428 5228 2617 5276 natura
2650 5221 2743 5278 lilii
2785 5225 2878 5281 ira:
2908 5227 2975 5283 ab
3007 5233 3172 5287 uteris
3213 5245 3459 5306 matrum,

1873 5308 1926 5353 et
1988 5304 2155 5372 gratia
2213 5306 2306 5361 lilii
2379 5309 2762 5370 misericordiae
2833 5317 2902 5373 ab
2975 5324 3138 5379 uteris
3209 5304 3460 5397 malrum,

1861 5394 1993 5464 .quia
2028 5410 2124 5452 nec
2147 5399 2321 5455 adhuc
2346 5402 2425 5458 eis
2456 5405 2627 5461 inerat
2648 5410 2902 5466 sanctitas
2925 5430 3042 5483 qua:
3061 5415 3329 5474 vinculum
3357 5423 3465 5477 sol-

1873 5499 2023 5543 veret
2056 5495 2414 5551 successionis
2444 5499 2709 5567 obnoxiae,
2758 5505 2897 5575 quod
2927 5523 3025 5563 suo
3057 5518 3298 5584 tempore
3327 5516 3465 5572 solvi

1874 5584 2258 5653 oportebatpet
2289 5588 2461 5645 inerat
2510 5601 2687 5650 tamen
2715 5610 2835 5667 quae
2866 5614 3165 5671 praeconem
3198 5604 3397 5661 Christi
3434 5623 3465 5663 a

1875 5675 2127 5730 maternis
2161 5680 2451 5738 visceribus
2489 5684 2823 5757 designabat.
2864 5710 2883 5744 s
2921 5691 3033 5748 Duo
3080 5696 3166 5752 llic
3213 5699 3463 5755 conside—

1872 5764 2034 5820 randa
2068 5777 2212 5847 sunt,
2240 5770 2499 5829 Joannem
2532 5775 2820 5870 B.aptistam
2868 5784 3131 5854 repletum
3167 5803 3263 5861 per
3291 5788 3461 5859 Spiri-

1872 5865 1956 5912 tus
2000 5860 2169 5915 sancti
2200 5866 2421 5933 gratiam
2455 5860 2749 5940 prop‘hetiae
2775 5873 2939 5945 dono,
2971 5860 3319 5947 postcalloxa
3350 5884 3460 5939 ori-

1870 5950 2030 6020 ginali
2072 5952 2356 6014 liberatum
2405 5959 2573 6020 fuisse
2620 5964 2671 6019 in
2727 5976 2902 6025 utero.
2938 5970 3173 6028 Primum
3216 5975 3458 6033 concedit
