  <div class='ocr_page' id='page_1' title='image "/cluster/home/n/w/nwhite01/storage/ocr_20150623/47/hvd.32044015471527/397.png"; bbox 0 0 3962 6346; ppageno 0'>
   <div class='ocr_carea' id='block_1_1' title="bbox 500 384 646 463">
    <p class='ocr_par' dir='ltr' id='par_1_1' title="bbox 500 384 646 463">
     <span class='ocr_line' id='line_1_1' title="bbox 500 384 646 463; baseline -0.007 0"><span class='ocrx_word' id='word_1_1' title='bbox 500 384 508 394; x_wconf 81' lang='grc'><em>’</em></span> <span class='ocrx_word' id='word_1_2' title='bbox 538 407 646 463; x_wconf 73' lang='lat'><strong>783</strong></span> 
     </span>
    </p>
   </div>
   <div class='ocr_carea' id='block_1_2' title="bbox 1427 380 2926 495">
    <p class='ocr_par' dir='ltr' id='par_1_2' title="bbox 1427 380 2926 495">
     <span class='ocr_line' id='line_1_2' title="bbox 1427 380 2926 495; baseline -0.001 -27"><span class='ocrx_word' id='word_1_3' title='bbox 1427 380 2128 470; x_wconf 70' lang='lat' dir='ltr'><strong>surrtsnsnruuso</strong></span> <span class='ocrx_word' id='word_1_4' title='bbox 2166 409 2397 495; x_wconf 79' lang='lat' dir='ltr'><strong>OPERA</strong></span> <span class='ocrx_word' id='word_1_5' title='bbox 2438 413 2495 469; x_wconf 92' lang='lat' dir='ltr'><strong>s.</strong></span> <span class='ocrx_word' id='word_1_6' title='bbox 2536 412 2926 471; x_wconf 82' lang='lat' dir='ltr'><strong>AUGUSTINI.</strong></span> 
     </span>
    </p>
   </div>
   <div class='ocr_carea' id='block_1_3' title="bbox 3678 413 3764 468">
    <p class='ocr_par' dir='ltr' id='par_1_3' title="bbox 3678 413 3764 468">
     <span class='ocr_line' id='line_1_3' title="bbox 3678 413 3764 468; baseline 0.023 -2"><span class='ocrx_word' id='word_1_7' title='bbox 3678 413 3764 468; x_wconf 62' lang='lat'><strong>784</strong></span> 
     </span>
    </p>
   </div>
   <div class='ocr_carea' id='block_1_4' title="bbox 535 511 3764 603">
    <p class='ocr_par' dir='ltr' id='par_1_4' title="bbox 535 511 3764 603">
     <span class='ocr_line' id='line_1_4' title="bbox 535 511 3764 603; baseline -0.002 -16"><span class='ocrx_word' id='word_1_8' title='bbox 535 538 754 589; x_wconf 85' lang='lat' dir='ltr'><strong>sanctus</strong></span> <span class='ocrx_word' id='word_1_9' title='bbox 766 529 1111 601; x_wconf 73' lang='lat' dir='ltr'><strong>Augustinus,</strong></span> <span class='ocrx_word' id='word_1_10' title='bbox 1128 529 1355 586; x_wconf 91' lang='lat' dir='ltr'><strong>alterum</strong></span> <span class='ocrx_word' id='word_1_11' title='bbox 1378 540 1557 602; x_wconf 89' lang='lat' dir='ltr'><strong>negat,</strong></span> <span class='ocrx_word' id='word_1_12' title='bbox 1584 538 1644 587; x_wconf 88' lang='lat' dir='ltr'><strong>ut</strong></span> <span class='ocrx_word' id='word_1_13' title='bbox 1669 532 1787 603; x_wconf 84' lang='lat' dir='ltr'><strong>ejus</strong></span> <span class='ocrx_word' id='word_1_14' title='bbox 1803 533 1964 589; x_wconf 87' lang='lat' dir='ltr'><strong>verba</strong></span> <span class='ocrx_word' id='word_1_15' title='bbox 1985 532 2127 589; x_wconf 88' lang='lat' dir='ltr'><strong>clare</strong></span> <span class='ocrx_word' id='word_1_16' title='bbox 2237 532 2479 603; x_wconf 75' lang='lat' dir='ltr'><strong>sequitur</strong></span> <span class='ocrx_word' id='word_1_17' title='bbox 2505 539 2720 589; x_wconf 89' lang='lat' dir='ltr'><strong>sanctus</strong></span> <span class='ocrx_word' id='word_1_18' title='bbox 2744 529 3071 597; x_wconf 75' lang='lat' dir='ltr'><strong>Bernartius,</strong></span> <span class='ocrx_word' id='word_1_19' title='bbox 3102 526 3194 584; x_wconf 89' lang='lat' dir='ltr'><strong>illa</strong></span> <span class='ocrx_word' id='word_1_20' title='bbox 3224 527 3277 584; x_wconf 92' lang='lat' dir='ltr'><strong>in</strong></span> <span class='ocrx_word' id='word_1_21' title='bbox 3308 527 3530 600; x_wconf 92' lang='lat' dir='ltr'><strong>epistola</strong></span> <span class='ocrx_word' id='word_1_22' title='bbox 3558 526 3632 595; x_wconf 83' lang='lat'><strong>77,</strong></span> <span class='ocrx_word' id='word_1_23' title='bbox 3655 544 3764 600; x_wconf 79' lang='lat' dir='ltr'><strong>quo-</strong></span> 
     </span>
    </p>
   </div>
   <div class='ocr_carea' id='block_1_5' title="bbox 533 626 2131 700">
    <p class='ocr_par' dir='ltr' id='par_1_5' title="bbox 533 626 2131 700">
     <span class='ocr_line' id='line_1_5' title="bbox 533 626 2131 700; baseline 0.004 -20"><span class='ocrx_word' id='word_1_24' title='bbox 533 627 841 682; x_wconf 79' lang='lat' dir='ltr'><strong>OStendunt.</strong></span> <span class='ocrx_word' id='word_1_25' title='bbox 874 626 1103 682; x_wconf 89' lang='lat' dir='ltr'><strong>Sanctus</strong></span> <span class='ocrx_word' id='word_1_26' title='bbox 1153 626 1453 682; x_wconf 89' lang='lat' dir='ltr'><strong>Bernardus</strong></span> <span class='ocrx_word' id='word_1_27' title='bbox 1503 629 1732 699; x_wconf 87' lang='lat' dir='ltr'><strong>primum</strong></span> <span class='ocrx_word' id='word_1_28' title='bbox 1774 638 1829 686; x_wconf 90' lang='lat' dir='ltr'><strong>et</strong></span> <span class='ocrx_word' id='word_1_29' title='bbox 1860 630 1973 700; x_wconf 91' lang='lat' dir='ltr'><strong>ipse</strong></span> <span class='ocrx_word' id='word_1_30' title='bbox 2013 630 2131 686; x_wconf 84' lang='lat' dir='ltr'><strong>sine</strong></span> 
     </span>
    </p>
   </div>
   <div class='ocr_carea' id='block_1_6' title="bbox 532 719 2128 791">
    <p class='ocr_par' dir='ltr' id='par_1_6' title="bbox 532 719 2128 791">
     <span class='ocr_line' id='line_1_6' title="bbox 532 719 2128 791; baseline 0.003 -17"><span class='ocrx_word' id='word_1_31' title='bbox 532 719 873 776; x_wconf 66' lang='lat' dir='ltr'><strong>haesitatione</strong></span> <span class='ocrx_word' id='word_1_32' title='bbox 903 721 1171 791; x_wconf 86' lang='lat' dir='ltr'><strong>concedit,</strong></span> <span class='ocrx_word' id='word_1_33' title='bbox 1200 721 1267 778; x_wconf 90' lang='lat' dir='ltr'><strong>de</strong></span> <span class='ocrx_word' id='word_1_34' title='bbox 1290 722 1460 778; x_wconf 86' lang='lat' dir='ltr'><strong>altero</strong></span> <span class='ocrx_word' id='word_1_35' title='bbox 1491 738 1619 779; x_wconf 91' lang='lat' dir='ltr'><strong>vero</strong></span> <span class='ocrx_word' id='word_1_36' title='bbox 1647 724 1775 779; x_wconf 90' lang='lat' dir='ltr'><strong>dicit</strong></span> <span class='ocrx_word' id='word_1_37' title='bbox 1811 738 1871 779; x_wconf 91' lang='lat' dir='ltr'><strong>se</strong></span> <span class='ocrx_word' id='word_1_38' title='bbox 1902 738 2006 779; x_wconf 92' lang='lat' dir='ltr'><strong>non</strong></span> <span class='ocrx_word' id='word_1_39' title='bbox 2035 738 2128 779; x_wconf 60' lang='lat' dir='ltr'><strong>au»</strong></span> 
     </span>
    </p>
   </div>
   <div class='ocr_carea' id='block_1_7' title="bbox 529 814 2127 885">
    <p class='ocr_par' dir='ltr' id='par_1_7' title="bbox 529 814 2127 885">
     <span class='ocr_line' id='line_1_7' title="bbox 529 814 2127 885; baseline 0.001 -17"><span class='ocrx_word' id='word_1_40' title='bbox 529 814 661 868; x_wconf 91' lang='lat' dir='ltr'><strong>dere</strong></span> <span class='ocrx_word' id='word_1_41' title='bbox 712 815 979 885; x_wconf 87' lang='lat' dir='ltr'><strong>quippiam</strong></span> <span class='ocrx_word' id='word_1_42' title='bbox 1028 814 1272 871; x_wconf 88' lang='lat' dir='ltr'><strong>deﬁnire.</strong></span> <span class='ocrx_word' id='word_1_43' title='bbox 1326 816 1625 872; x_wconf 90' lang='lat' dir='ltr'><strong>Audiantur</strong></span> <span class='ocrx_word' id='word_1_44' title='bbox 1665 817 1839 872; x_wconf 86' lang='lat' dir='ltr'><strong>dulcia</strong></span> <span class='ocrx_word' id='word_1_45' title='bbox 1886 815 2127 872; x_wconf 84' lang='lat' dir='ltr'><strong>Mellillui</strong></span> 
     </span>
    </p>
   </div>
   <div class='ocr_carea' id='block_1_8' title="bbox 529 908 2127 983">
    <p class='ocr_par' dir='ltr' id='par_1_8' title="bbox 529 908 2127 983">
     <span class='ocr_line' id='line_1_8' title="bbox 529 908 2127 983; baseline 0.004 -20"><span class='ocrx_word' id='word_1_46' title='bbox 529 908 764 965; x_wconf 89' lang='lat' dir='ltr'><strong>doctoris</strong></span> <span class='ocrx_word' id='word_1_47' title='bbox 816 912 1004 978; x_wconf 89' lang='lat' dir='ltr'><strong>verba,</strong></span> <span class='ocrx_word' id='word_1_48' title='bbox 1038 927 1105 966; x_wconf 88' lang='lat' dir='ltr'><strong>ne</strong></span> <span class='ocrx_word' id='word_1_49' title='bbox 1152 911 1351 968; x_wconf 87' lang='lat' dir='ltr'><strong>Annati</strong></span> <span class='ocrx_word' id='word_1_50' title='bbox 1400 912 1453 967; x_wconf 92' lang='lat' dir='ltr'><strong>in</strong></span> <span class='ocrx_word' id='word_1_51' title='bbox 1502 912 1855 983; x_wconf 80' lang='lat' dir='ltr'><strong>Augustinum</strong></span> <span class='ocrx_word' id='word_1_52' title='bbox 1911 927 2127 969; x_wconf 90' lang='lat' dir='ltr'><strong>amarus</strong></span> 
     </span>
    </p>
   </div>
   <div class='ocr_carea' id='block_1_9' title="bbox 524 1004 2122 1076">
    <p class='ocr_par' dir='ltr' id='par_1_9' title="bbox 524 1004 2122 1076">
     <span class='ocr_line' id='line_1_9' title="bbox 524 1004 2122 1076; baseline 0.003 -19"><span class='ocrx_word' id='word_1_53' title='bbox 524 1017 708 1059; x_wconf 85' lang='lat' dir='ltr'><strong>sermo</strong></span> <span class='ocrx_word' id='word_1_54' title='bbox 734 1004 891 1060; x_wconf 91' lang='lat' dir='ltr'><strong>nobis</strong></span> <span class='ocrx_word' id='word_1_55' title='bbox 920 1004 1195 1062; x_wconf 89' lang='lat' dir='ltr'><strong>fastidium</strong></span> <span class='ocrx_word' id='word_1_56' title='bbox 1235 1008 1444 1076; x_wconf 80' lang='lat' dir='ltr'><strong>ingerat</strong></span> <span class='ocrx_word' id='word_1_57' title='bbox 1473 1025 1488 1062; x_wconf 90' lang='lat'><strong><em>:</em></strong></span> <span class='ocrx_word' id='word_1_58' title='bbox 1528 1024 1547 1058; x_wconf 83' lang='grc'><strong>‹</strong></span> <span class='ocrx_word' id='word_1_59' title='bbox 1582 1006 1891 1063; x_wconf 88' lang='lat' dir='ltr'><strong>Certissime</strong></span> <span class='ocrx_word' id='word_1_60' title='bbox 1919 1015 2122 1074; x_wconf 90' lang='lat' dir='ltr'><strong>autem,</strong></span> 
     </span>
    </p>
   </div>
   <div class='ocr_carea' id='block_1_10' title="bbox 525 1095 2121 1171">
    <p class='ocr_par' dir='ltr' id='par_1_10' title="bbox 525 1095 2121 1171">
     <span class='ocr_line' id='line_1_10' title="bbox 525 1095 2121 1171; baseline 0.002 -21"><span class='ocrx_word' id='word_1_61' title='bbox 525 1095 728 1167; x_wconf 86' lang='lat' dir='ltr'><strong>inquit,</strong></span> <span class='ocrx_word' id='word_1_62' title='bbox 752 1107 970 1154; x_wconf 87' lang='lat' dir='ltr'><strong>sanctus</strong></span> <span class='ocrx_word' id='word_1_63' title='bbox 992 1100 1245 1171; x_wconf 86' lang='lat' dir='ltr'><strong>Spiritus,</strong></span> <span class='ocrx_word' id='word_1_64' title='bbox 1278 1115 1436 1170; x_wconf 89' lang='lat' dir='ltr'><strong>quem</strong></span> <span class='ocrx_word' id='word_1_65' title='bbox 1468 1100 1714 1170; x_wconf 82' lang='lat' dir='ltr'><strong>replevit,</strong></span> <span class='ocrx_word' id='word_1_66' title='bbox 1750 1100 2121 1156; x_wconf 88' lang='lat' dir='ltr'><strong>sanctiﬁcavit.</strong></span> 
     </span>
    </p>
   </div>
   <div class='ocr_carea' id='block_1_11' title="bbox 524 1187 2123 1263">
    <p class='ocr_par' dir='ltr' id='par_1_11' title="bbox 524 1187 2123 1263">
     <span class='ocr_line' id='line_1_11' title="bbox 524 1187 2123 1263; baseline 0.005 -22"><span class='ocrx_word' id='word_1_67' title='bbox 524 1187 792 1245; x_wconf 67' lang='lat' dir='ltr'><strong>Caeterum</strong></span> <span class='ocrx_word' id='word_1_68' title='bbox 822 1202 1082 1261; x_wconf 88' lang='lat' dir='ltr'><strong>quatenus</strong></span> <span class='ocrx_word' id='word_1_69' title='bbox 1112 1192 1379 1248; x_wconf 89' lang='lat' dir='ltr'><strong>adversus</strong></span> <span class='ocrx_word' id='word_1_70' title='bbox 1407 1192 1663 1263; x_wconf 80' lang='lat' dir='ltr'><strong>originale</strong></span> <span class='ocrx_word' id='word_1_71' title='bbox 1694 1203 1970 1263; x_wconf 90' lang='lat' dir='ltr'><strong>peccatum</strong></span> <span class='ocrx_word' id='word_1_72' title='bbox 2008 1193 2123 1249; x_wconf 80' lang='lat' dir='ltr'><strong>hzec</strong></span> 
     </span>
    </p>
   </div>
   <div class='ocr_carea' id='block_1_12' title="bbox 520 1278 2122 1355">
    <p class='ocr_par' dir='ltr' id='par_1_12' title="bbox 520 1278 2122 1355">
     <span class='ocr_line' id='line_1_12' title="bbox 520 1278 2122 1355; baseline 0.004 -22"><span class='ocrx_word' id='word_1_73' title='bbox 520 1278 636 1348; x_wconf 88' lang='lat' dir='ltr'><strong>ipsa</strong></span> <span class='ocrx_word' id='word_1_74' title='bbox 672 1281 1027 1337; x_wconf 89' lang='lat' dir='ltr'><strong>sanctiﬁcatio</strong></span> <span class='ocrx_word' id='word_1_75' title='bbox 1056 1283 1300 1347; x_wconf 87' lang='lat' dir='ltr'><strong>valuerit,</strong></span> <span class='ocrx_word' id='word_1_76' title='bbox 1333 1284 1447 1339; x_wconf 87' lang='lat' dir='ltr'><strong>sive</strong></span> <span class='ocrx_word' id='word_1_77' title='bbox 1476 1298 1572 1354; x_wconf 92' lang='lat' dir='ltr'><strong>pro</strong></span> <span class='ocrx_word' id='word_1_78' title='bbox 1600 1285 1723 1351; x_wconf 89' lang='lat' dir='ltr'><strong>isto,</strong></span> <span class='ocrx_word' id='word_1_79' title='bbox 1758 1285 1872 1340; x_wconf 85' lang='lat' dir='ltr'><strong>sive</strong></span> <span class='ocrx_word' id='word_1_80' title='bbox 1906 1299 2003 1355; x_wconf 88' lang='lat' dir='ltr'><strong>pro</strong></span> <span class='ocrx_word' id='word_1_81' title='bbox 2032 1284 2122 1340; x_wconf 91' lang='lat' dir='ltr'><strong>illo</strong></span> 
     </span>
    </p>
   </div>
   <div class='ocr_carea' id='block_1_13' title="bbox 517 1371 2121 1447">
    <p class='ocr_par' dir='ltr' id='par_1_13' title="bbox 517 1371 2121 1447">
     <span class='ocr_line' id='line_1_13' title="bbox 517 1371 2121 1447; baseline 0.004 -22"><span class='ocrx_word' id='word_1_82' title='bbox 517 1371 806 1442; x_wconf 86' lang='lat' dir='ltr'><strong>propheta,</strong></span> <span class='ocrx_word' id='word_1_83' title='bbox 834 1376 920 1429; x_wconf 89' lang='lat' dir='ltr'><strong>vel</strong></span> <span class='ocrx_word' id='word_1_84' title='bbox 945 1375 988 1428; x_wconf 93' lang='lat' dir='ltr'><strong>si</strong></span> <span class='ocrx_word' id='word_1_85' title='bbox 1011 1375 1130 1445; x_wconf 91' lang='lat' dir='ltr'><strong>quis</strong></span> <span class='ocrx_word' id='word_1_86' title='bbox 1152 1376 1288 1430; x_wconf 91' lang='lat' dir='ltr'><strong>alius</strong></span> <span class='ocrx_word' id='word_1_87' title='bbox 1311 1375 1470 1431; x_wconf 90' lang='lat' dir='ltr'><strong>simili</strong></span> <span class='ocrx_word' id='word_1_88' title='bbox 1499 1385 1799 1446; x_wconf 81' lang='lat' dir='ltr'><strong>praeventus</strong></span> <span class='ocrx_word' id='word_1_89' title='bbox 1821 1377 1987 1447; x_wconf 88' lang='lat' dir='ltr'><strong>gratia</strong></span> <span class='ocrx_word' id='word_1_90' title='bbox 2007 1376 2121 1431; x_wconf 86' lang='lat' dir='ltr'><strong>fue-</strong></span> 
     </span>
    </p>
   </div>
   <div class='ocr_carea' id='block_1_14' title="bbox 518 1462 2119 1529">
    <p class='ocr_par' dir='ltr' id='par_1_14' title="bbox 518 1462 2119 1529">
     <span class='ocr_line' id='line_1_14' title="bbox 518 1462 2119 1529; baseline 0.005 -13"><span class='ocrx_word' id='word_1_91' title='bbox 518 1462 614 1529; x_wconf 84' lang='lat' dir='ltr'><strong>rit,</strong></span> <span class='ocrx_word' id='word_1_92' title='bbox 640 1479 742 1519; x_wconf 68' lang='lat' dir='ltr'><strong>son</strong></span> <span class='ocrx_word' id='word_1_93' title='bbox 778 1481 995 1520; x_wconf 70' lang='lat' dir='ltr'><strong>remane</strong></span> <span class='ocrx_word' id='word_1_94' title='bbox 1028 1483 1263 1521; x_wconf 79' lang='lat' dir='ltr'><strong>nixunm.</strong></span> <span class='ocrx_word' id='word_1_95' title='bbox 1309 1488 1327 1519; x_wconf 73' lang='grc' dir='ltr'><strong>ι</strong></span> <span class='ocrx_word' id='word_1_96' title='bbox 1366 1467 1567 1523; x_wconf 90' lang='lat' dir='ltr'><strong>Deinde</strong></span> <span class='ocrx_word' id='word_1_97' title='bbox 1597 1468 1916 1523; x_wconf 90' lang='lat' dir='ltr'><strong>sententiam</strong></span> <span class='ocrx_word' id='word_1_98' title='bbox 1946 1468 2119 1524; x_wconf 85' lang='lat' dir='ltr'><strong>sancti</strong></span> 
     </span>
    </p>
   </div>
   <div class='ocr_carea' id='block_1_15' title="bbox 515 1554 2120 1631">
    <p class='ocr_par' dir='ltr' id='par_1_15' title="bbox 515 1554 2120 1631">
     <span class='ocr_line' id='line_1_15' title="bbox 515 1554 2120 1631; baseline 0.002 -21"><span class='ocrx_word' id='word_1_99' title='bbox 515 1554 799 1625; x_wconf 81' lang='lat' dir='ltr'><strong>Augustini</strong></span> <span class='ocrx_word' id='word_1_100' title='bbox 831 1559 1177 1614; x_wconf 87' lang='lat' dir='ltr'><strong>considerans</strong></span> <span class='ocrx_word' id='word_1_101' title='bbox 1227 1559 1371 1614; x_wconf 84' lang='lat' dir='ltr'><strong>addit</strong></span> <span class='ocrx_word' id='word_1_102' title='bbox 1406 1576 1419 1613; x_wconf 91' lang='lat'><strong>:</strong></span> <span class='ocrx_word' id='word_1_103' title='bbox 1456 1580 1473 1611; x_wconf 86' lang='grc'><strong>‹</strong></span> <span class='ocrx_word' id='word_1_104' title='bbox 1514 1562 1763 1616; x_wconf 86' lang='lat' dir='ltr'><strong>Attamen</strong></span> <span class='ocrx_word' id='word_1_105' title='bbox 1810 1562 1929 1631; x_wconf 88' lang='lat' dir='ltr'><strong>quis</strong></span> <span class='ocrx_word' id='word_1_106' title='bbox 1978 1561 2120 1615; x_wconf 87' lang='lat' dir='ltr'><strong>dicat</strong></span> 
     </span>
    </p>
   </div>
   <div class='ocr_carea' id='block_1_16' title="bbox 515 1646 2117 1719">
    <p class='ocr_par' dir='ltr' id='par_1_16' title="bbox 515 1646 2117 1719">
     <span class='ocr_line' id='line_1_16' title="bbox 515 1646 2117 1719; baseline 0.004 -19"><span class='ocrx_word' id='word_1_107' title='bbox 515 1646 720 1719; x_wconf 72' lang='lat' dir='ltr'><strong>§piritu</strong></span> <span class='ocrx_word' id='word_1_108' title='bbox 747 1658 931 1703; x_wconf 91' lang='lat' dir='ltr'><strong>sancto</strong></span> <span class='ocrx_word' id='word_1_109' title='bbox 960 1650 1226 1719; x_wconf 86' lang='lat' dir='ltr'><strong>repletum</strong></span> <span class='ocrx_word' id='word_1_110' title='bbox 1254 1666 1475 1706; x_wconf 91' lang='lat' dir='ltr'><strong>manere</strong></span> <span class='ocrx_word' id='word_1_111' title='bbox 1516 1652 1692 1707; x_wconf 87' lang='lat' dir='ltr'><strong>adhuc</strong></span> <span class='ocrx_word' id='word_1_112' title='bbox 1719 1652 1884 1707; x_wconf 87' lang='lat' dir='ltr'><strong>ﬁlium</strong></span> <span class='ocrx_word' id='word_1_113' title='bbox 1916 1652 2117 1707; x_wconf 88' lang='lat' dir='ltr'><strong>nihilo-</strong></span> 
     </span>
    </p>
   </div>
   <div class='ocr_carea' id='block_1_17' title="bbox 514 1711 2116 1817">
    <p class='ocr_par' dir='ltr' id='par_1_17' title="bbox 514 1711 2116 1817">
     <span class='ocr_line' id='line_1_17' title="bbox 514 1711 2116 1817; baseline 0.006 -25"><span class='ocrx_word' id='word_1_114' title='bbox 514 1711 693 1795; x_wconf 57' lang='lat' dir='ltr'><strong>ﬁiinus</strong></span> <span class='ocrx_word' id='word_1_115' title='bbox 724 1742 838 1810; x_wconf 62' lang='lat' dir='ltr'><strong>iraa,</strong></span> <span class='ocrx_word' id='word_1_116' title='bbox 870 1753 945 1811; x_wconf 87' lang='lat' dir='ltr'><strong>et,</strong></span> <span class='ocrx_word' id='word_1_117' title='bbox 978 1745 1021 1798; x_wconf 90' lang='lat' dir='ltr'><strong>si</strong></span> <span class='ocrx_word' id='word_1_118' title='bbox 1052 1744 1189 1799; x_wconf 91' lang='lat' dir='ltr'><strong>mori</strong></span> <span class='ocrx_word' id='word_1_119' title='bbox 1219 1745 1271 1800; x_wconf 92' lang='lat' dir='ltr'><strong>in</strong></span> <span class='ocrx_word' id='word_1_120' title='bbox 1303 1756 1455 1801; x_wconf 88' lang='lat' dir='ltr'><strong>utero</strong></span> <span class='ocrx_word' id='word_1_121' title='bbox 1485 1746 1822 1817; x_wconf 75' lang='lat' dir='ltr'><strong>contigisset,</strong></span> <span class='ocrx_word' id='word_1_122' title='bbox 1852 1761 1972 1802; x_wconf 90' lang='lat' dir='ltr'><strong>cum</strong></span> <span class='ocrx_word' id='word_1_123' title='bbox 2016 1747 2116 1803; x_wconf 86' lang='lat' dir='ltr'><strong>hac</strong></span> 
     </span>
    </p>
   </div>
   <div class='ocr_carea' id='block_1_18' title="bbox 509 1836 2115 1909">
    <p class='ocr_par' dir='ltr' id='par_1_18' title="bbox 509 1836 2115 1909">
     <span class='ocr_line' id='line_1_18' title="bbox 509 1836 2115 1909; baseline 0.005 -22"><span class='ocrx_word' id='word_1_124' title='bbox 509 1836 846 1907; x_wconf 77' lang='lat' dir='ltr'><strong>plenitudine</strong></span> <span class='ocrx_word' id='word_1_125' title='bbox 902 1839 1124 1908; x_wconf 85' lang='lat' dir='ltr'><strong>spiritus</strong></span> <span class='ocrx_word' id='word_1_126' title='bbox 1176 1855 1362 1909; x_wconf 72' lang='lat' dir='ltr'><strong>prunas</strong></span> <span class='ocrx_word' id='word_1_127' title='bbox 1408 1842 1661 1897; x_wconf 84' lang='lat' dir='ltr'><strong>luiturum</strong></span> <span class='ocrx_word' id='word_1_128' title='bbox 1711 1843 2115 1898; x_wconf 84' lang='lat' dir='ltr'><strong>damnationis?</strong></span> 
     </span>
    </p>
   </div>
   <div class='ocr_carea' id='block_1_19' title="bbox 2236 616 3759 691">
    <p class='ocr_par' dir='ltr' id='par_1_19' title="bbox 2236 616 3759 691">
     <span class='ocr_line' id='line_1_19' title="bbox 2236 616 3759 691; baseline -0.004 -10"><span class='ocrx_word' id='word_1_129' title='bbox 2236 616 2353 682; x_wconf 77' lang='lat' dir='ltr'><strong>rum</strong></span> <span class='ocrx_word' id='word_1_130' title='bbox 2404 626 2708 684; x_wconf 85' lang='lat' dir='ltr'><strong>testimonia</strong></span> <span class='ocrx_word' id='word_1_131' title='bbox 2766 626 2964 690; x_wconf 87' lang='lat' dir='ltr'><strong>laudat,</strong></span> <span class='ocrx_word' id='word_1_132' title='bbox 3004 623 3295 680; x_wconf 81' lang='lat' dir='ltr'><strong>scribens:</strong></span> <span class='ocrx_word' id='word_1_133' title='bbox 3334 641 3353 674; x_wconf 74' lang='lat' dir='ltr'><strong>t</strong></span> <span class='ocrx_word' id='word_1_134' title='bbox 3408 622 3489 679; x_wconf 91' lang='lat' dir='ltr'><strong>Ab</strong></span> <span class='ocrx_word' id='word_1_135' title='bbox 3543 622 3615 677; x_wconf 87' lang='lat' dir='ltr'><strong>his</strong></span> <span class='ocrx_word' id='word_1_136' title='bbox 3655 637 3759 691; x_wconf 83' lang='lat' dir='ltr'><strong>ergo</strong></span> 
     </span>
    </p>
   </div>
   <div class='ocr_carea' id='block_1_20' title="bbox 2232 716 3768 793">
    <p class='ocr_par' dir='ltr' id='par_1_20' title="bbox 2232 716 3768 793">
     <span class='ocr_line' id='line_1_20' title="bbox 2232 716 3768 793; baseline -0.005 -15"><span class='ocrx_word' id='word_1_137' title='bbox 2232 722 2444 780; x_wconf 88' lang='lat' dir='ltr'><strong>duabus</strong></span> <span class='ocrx_word' id='word_1_138' title='bbox 2496 722 2763 779; x_wconf 88' lang='lat' dir='ltr'><strong>columnis</strong></span> <span class='ocrx_word' id='word_1_139' title='bbox 2808 720 3187 793; x_wconf 82' lang='lat' dir='ltr'><strong>(Augustinum</strong></span> <span class='ocrx_word' id='word_1_140' title='bbox 3253 719 3445 787; x_wconf 87' lang='lat' dir='ltr'><strong>loquor</strong></span> <span class='ocrx_word' id='word_1_141' title='bbox 3491 726 3542 773; x_wconf 89' lang='lat' dir='ltr'><strong>et</strong></span> <span class='ocrx_word' id='word_1_142' title='bbox 3583 716 3768 771; x_wconf 79' lang='lat' dir='ltr'><strong>Ambro-</strong></span> 
     </span>
    </p>
   </div>
   <div class='ocr_carea' id='block_1_21' title="bbox 2232 809 3766 886">
    <p class='ocr_par' dir='ltr' id='par_1_21' title="bbox 2232 809 3766 886">
     <span class='ocr_line' id='line_1_21' title="bbox 2232 809 3766 886; baseline -0.007 -14"><span class='ocrx_word' id='word_1_143' title='bbox 2232 816 2417 886; x_wconf 88' lang='lat' dir='ltr'><strong>sium),</strong></span> <span class='ocrx_word' id='word_1_144' title='bbox 2434 817 2597 872; x_wconf 88' lang='lat' dir='ltr'><strong>crede</strong></span> <span class='ocrx_word' id='word_1_145' title='bbox 2620 813 3006 881; x_wconf 81' lang='lat' dir='ltr'><strong>milii,difﬁci|e</strong></span> <span class='ocrx_word' id='word_1_146' title='bbox 3032 812 3255 867; x_wconf 89' lang='lat' dir='ltr'><strong>avellor.</strong></span> <span class='ocrx_word' id='word_1_147' title='bbox 3286 811 3421 866; x_wconf 86' lang='lat' dir='ltr'><strong>Cum</strong></span> <span class='ocrx_word' id='word_1_148' title='bbox 3446 809 3551 875; x_wconf 88' lang='lat' dir='ltr'><strong>his,</strong></span> <span class='ocrx_word' id='word_1_149' title='bbox 3572 809 3766 878; x_wconf 83' lang='lat' dir='ltr'><strong>inquam,</strong></span> 
     </span>
    </p>
   </div>
   <div class='ocr_carea' id='block_1_22' title="bbox 2230 904 3769 983">
    <p class='ocr_par' dir='ltr' id='par_1_22' title="bbox 2230 904 3769 983">
     <span class='ocr_line' id='line_1_22' title="bbox 2230 904 3769 983; baseline -0.006 -16"><span class='ocrx_word' id='word_1_150' title='bbox 2230 926 2317 967; x_wconf 91' lang='lat' dir='ltr'><strong>me</strong></span> <span class='ocrx_word' id='word_1_151' title='bbox 2348 919 2437 965; x_wconf 92' lang='lat' dir='ltr'><strong>aut</strong></span> <span class='ocrx_word' id='word_1_152' title='bbox 2493 925 2678 967; x_wconf 89' lang='lat' dir='ltr'><strong>errare</strong></span> <span class='ocrx_word' id='word_1_153' title='bbox 2724 920 2813 965; x_wconf 93' lang='lat' dir='ltr'><strong>aut</strong></span> <span class='ocrx_word' id='word_1_154' title='bbox 2854 924 3046 979; x_wconf 87' lang='lat' dir='ltr'><strong>sapere</strong></span> <span class='ocrx_word' id='word_1_155' title='bbox 3100 908 3302 983; x_wconf 81' lang='lat' dir='ltr'><strong>fateor;</strong></span> <span class='ocrx_word' id='word_1_156' title='bbox 3334 905 3559 961; x_wconf 80' lang='lat' dir='ltr'><strong>credens</strong></span> <span class='ocrx_word' id='word_1_157' title='bbox 3609 914 3653 959; x_wconf 90' lang='lat' dir='ltr'><strong>et</strong></span> <span class='ocrx_word' id='word_1_158' title='bbox 3677 904 3769 972; x_wconf 82' lang='lat' dir='ltr'><strong>ipse</strong></span> 
     </span>
    </p>
   </div>
   <div class='ocr_carea' id='block_1_23' title="bbox 2221 996 3773 1072">
    <p class='ocr_par' dir='ltr' id='par_1_23' title="bbox 2221 996 3773 1072">
     <span class='ocr_line' id='line_1_23' title="bbox 2221 996 3773 1072; baseline -0.005 -15"><span class='ocrx_word' id='word_1_159' title='bbox 2221 1002 2339 1057; x_wconf 87' lang='lat' dir='ltr'><strong>sola</strong></span> <span class='ocrx_word' id='word_1_160' title='bbox 2375 1001 2477 1057; x_wconf 91' lang='lat' dir='ltr'><strong>tide</strong></span> <span class='ocrx_word' id='word_1_161' title='bbox 2508 1001 2779 1057; x_wconf 88' lang='lat' dir='ltr'><strong>hominem</strong></span> <span class='ocrx_word' id='word_1_162' title='bbox 2812 1015 2973 1072; x_wconf 87' lang='lat' dir='ltr'><strong>posse</strong></span> <span class='ocrx_word' id='word_1_163' title='bbox 3001 999 3195 1055; x_wconf 89' lang='lat' dir='ltr'><strong>salvari</strong></span> <span class='ocrx_word' id='word_1_164' title='bbox 3225 1014 3345 1054; x_wconf 92' lang='lat' dir='ltr'><strong>cum</strong></span> <span class='ocrx_word' id='word_1_165' title='bbox 3402 996 3652 1053; x_wconf 87' lang='lat' dir='ltr'><strong>desiderio</strong></span> <span class='ocrx_word' id='word_1_166' title='bbox 3675 1012 3773 1066; x_wconf 84' lang='lat' dir='ltr'><strong>per—</strong></span> 
     </span>
    </p>
   </div>
   <div class='ocr_carea' id='block_1_24' title="bbox 2226 1088 3773 1164">
    <p class='ocr_par' dir='ltr' id='par_1_24' title="bbox 2226 1088 3773 1164">
     <span class='ocr_line' id='line_1_24' title="bbox 2226 1088 3773 1164; baseline -0.005 -15"><span class='ocrx_word' id='word_1_167' title='bbox 2226 1093 2461 1164; x_wconf 74' lang='lat' dir='ltr'><strong>cipiendi</strong></span> <span class='ocrx_word' id='word_1_168' title='bbox 2488 1103 2916 1160; x_wconf 86' lang='lat' dir='ltr'><strong>sacramentum,</strong></span> <span class='ocrx_word' id='word_1_169' title='bbox 2944 1093 2990 1149; x_wconf 90' lang='lat' dir='ltr'><strong>si</strong></span> <span class='ocrx_word' id='word_1_170' title='bbox 3017 1101 3194 1148; x_wconf 88' lang='lat' dir='ltr'><strong>tamen</strong></span> <span class='ocrx_word' id='word_1_171' title='bbox 3229 1092 3318 1162; x_wconf 91' lang='lat' dir='ltr'><strong>pio</strong></span> <span class='ocrx_word' id='word_1_172' title='bbox 3366 1088 3673 1159; x_wconf 89' lang='lat' dir='ltr'><strong>adimplendi</strong></span> <span class='ocrx_word' id='word_1_173' title='bbox 3697 1088 3773 1142; x_wconf 84' lang='lat' dir='ltr'><strong>de-</strong></span> 
     </span>
    </p>
   </div>
   <div class='ocr_carea' id='block_1_25' title="bbox 2226 1168 3773 1257">
    <p class='ocr_par' dir='ltr' id='par_1_25' title="bbox 2226 1168 3773 1257">
     <span class='ocr_line' id='line_1_25' title="bbox 2226 1168 3773 1257; baseline -0.005 -16"><span class='ocrx_word' id='word_1_174' title='bbox 2226 1168 2428 1243; x_wconf 87' lang='lat' dir='ltr'><strong>siderio</strong></span> <span class='ocrx_word' id='word_1_175' title='bbox 2456 1204 2601 1244; x_wconf 86' lang='lat' dir='ltr'><strong>mors</strong></span> <span class='ocrx_word' id='word_1_176' title='bbox 2633 1188 2954 1257; x_wconf 89' lang='lat' dir='ltr'><strong>anticipans,</strong></span> <span class='ocrx_word' id='word_1_177' title='bbox 2985 1201 3082 1241; x_wconf 90' lang='lat' dir='ltr'><strong>seu</strong></span> <span class='ocrx_word' id='word_1_178' title='bbox 3125 1184 3229 1240; x_wconf 84' lang='lat' dir='ltr'><strong>alia</strong></span> <span class='ocrx_word' id='word_1_179' title='bbox 3265 1197 3596 1255; x_wconf 68' lang='lat' dir='ltr'><strong>quaecunque</strong></span> <span class='ocrx_word' id='word_1_180' title='bbox 3620 1180 3687 1235; x_wconf 87' lang='lat' dir='ltr'><strong>vis</strong></span> <span class='ocrx_word' id='word_1_181' title='bbox 3707 1181 3773 1234; x_wconf 88' lang='lat' dir='ltr'><strong>in-</strong></span> 
     </span>
    </p>
   </div>
   <div class='ocr_carea' id='block_1_26' title="bbox 2229 1274 3774 1343">
    <p class='ocr_par' dir='ltr' id='par_1_26' title="bbox 2229 1274 3774 1343">
     <span class='ocr_line' id='line_1_26' title="bbox 2229 1274 3774 1343; baseline -0.005 -10"><span class='ocrx_word' id='word_1_182' title='bbox 2229 1279 2493 1335; x_wconf 89' lang='lat' dir='ltr'><strong>vincibilis</strong></span> <span class='ocrx_word' id='word_1_183' title='bbox 2527 1279 2841 1335; x_wconf 88' lang='lat' dir='ltr'><strong>obviaverit.</strong></span> <span class='ocrx_word' id='word_1_184' title='bbox 2878 1297 2897 1331; x_wconf 74' lang='grc' dir='ltr'><strong>ι</strong></span> <span class='ocrx_word' id='word_1_185' title='bbox 2932 1277 3123 1343; x_wconf 83' lang='lat' dir='ltr'><strong>Audis,</strong></span> <span class='ocrx_word' id='word_1_186' title='bbox 3151 1275 3479 1333; x_wconf 87' lang='lat' dir='ltr'><strong>Bernardum</strong></span> <span class='ocrx_word' id='word_1_187' title='bbox 3510 1274 3666 1329; x_wconf 87' lang='lat' dir='ltr'><strong>virum</strong></span> <span class='ocrx_word' id='word_1_188' title='bbox 3688 1274 3774 1327; x_wconf 81' lang='lat' dir='ltr'><strong>mi-</strong></span> 
     </span>
    </p>
   </div>
   <div class='ocr_carea' id='block_1_27' title="bbox 2224 1368 3772 1443">
    <p class='ocr_par' dir='ltr' id='par_1_27' title="bbox 2224 1368 3772 1443">
     <span class='ocr_line' id='line_1_27' title="bbox 2224 1368 3772 1443; baseline -0.004 -16"><span class='ocrx_word' id='word_1_189' title='bbox 2224 1374 2367 1429; x_wconf 88' lang='lat' dir='ltr'><strong>nimc</strong></span> <span class='ocrx_word' id='word_1_190' title='bbox 2390 1374 2774 1443; x_wconf 89' lang='lat' dir='ltr'><strong>jactabundum</strong></span> <span class='ocrx_word' id='word_1_191' title='bbox 2804 1388 2924 1429; x_wconf 90' lang='lat' dir='ltr'><strong>cum</strong></span> <span class='ocrx_word' id='word_1_192' title='bbox 2958 1372 3259 1442; x_wconf 77' lang='lat' dir='ltr'><strong>Augustino</strong></span> <span class='ocrx_word' id='word_1_193' title='bbox 3275 1384 3464 1441; x_wconf 86' lang='lat' dir='ltr'><strong>sapere</strong></span> <span class='ocrx_word' id='word_1_194' title='bbox 3492 1376 3546 1423; x_wconf 94' lang='lat' dir='ltr'><strong>et</strong></span> <span class='ocrx_word' id='word_1_195' title='bbox 3565 1368 3772 1431; x_wconf 84' lang='lat' dir='ltr'><strong>credere,</strong></span> 
     </span>
    </p>
   </div>
   <div class='ocr_carea' id='block_1_28' title="bbox 2220 1461 3773 1537">
    <p class='ocr_par' dir='ltr' id='par_1_28' title="bbox 2220 1461 3773 1537">
     <span class='ocr_line' id='line_1_28' title="bbox 2220 1461 3773 1537; baseline -0.006 -16"><span class='ocrx_word' id='word_1_196' title='bbox 2220 1467 2331 1521; x_wconf 85' lang='lat' dir='ltr'><strong>sola</strong></span> <span class='ocrx_word' id='word_1_197' title='bbox 2360 1466 2464 1535; x_wconf 77' lang='lat' dir='ltr'><strong>ﬁde</strong></span> <span class='ocrx_word' id='word_1_198' title='bbox 2520 1469 2772 1521; x_wconf 83' lang='lat' dir='ltr'><strong>hominem</strong></span> <span class='ocrx_word' id='word_1_199' title='bbox 2804 1483 2949 1537; x_wconf 88' lang='lat' dir='ltr'><strong>posse</strong></span> <span class='ocrx_word' id='word_1_200' title='bbox 2990 1466 3178 1521; x_wconf 86' lang='lat' dir='ltr'><strong>salvari</strong></span> <span class='ocrx_word' id='word_1_201' title='bbox 3204 1480 3319 1519; x_wconf 89' lang='lat' dir='ltr'><strong>cum</strong></span> <span class='ocrx_word' id='word_1_202' title='bbox 3357 1462 3607 1518; x_wconf 83' lang='lat' dir='ltr'><strong>desiderio</strong></span> <span class='ocrx_word' id='word_1_203' title='bbox 3633 1461 3773 1531; x_wconf 50' lang='lat' dir='ltr'><strong>perri.</strong></span> 
     </span>
    </p>
   </div>
   <div class='ocr_carea' id='block_1_29' title="bbox 2220 1554 3776 1627">
    <p class='ocr_par' dir='ltr' id='par_1_29' title="bbox 2220 1554 3776 1627">
     <span class='ocr_line' id='line_1_29' title="bbox 2220 1554 3776 1627; baseline -0.002 -18"><span class='ocrx_word' id='word_1_204' title='bbox 2220 1558 2393 1627; x_wconf 85' lang='lat' dir='ltr'><strong>piendi</strong></span> <span class='ocrx_word' id='word_1_205' title='bbox 2420 1559 2832 1613; x_wconf 77' lang='lat' dir='ltr'><strong>sacramentum?</strong></span> <span class='ocrx_word' id='word_1_206' title='bbox 2861 1556 2969 1613; x_wconf 88' lang='lat' dir='ltr'><strong>Cur</strong></span> <span class='ocrx_word' id='word_1_207' title='bbox 2995 1572 3124 1613; x_wconf 87' lang='lat' dir='ltr'><strong>vero</strong></span> <span class='ocrx_word' id='word_1_208' title='bbox 3179 1571 3298 1612; x_wconf 89' lang='lat' dir='ltr'><strong>eam</strong></span> <span class='ocrx_word' id='word_1_209' title='bbox 3345 1554 3655 1611; x_wconf 87' lang='lat' dir='ltr'><strong>sententiam</strong></span> <span class='ocrx_word' id='word_1_210' title='bbox 3685 1556 3776 1607; x_wconf 85' lang='lat' dir='ltr'><strong>Au-</strong></span> 
     </span>
    </p>
   </div>
   <div class='ocr_carea' id='block_1_30' title="bbox 2219 1644 3773 1719">
    <p class='ocr_par' dir='ltr' id='par_1_30' title="bbox 2219 1644 3773 1719">
     <span class='ocr_line' id='line_1_30' title="bbox 2219 1644 3773 1719; baseline -0.004 -17"><span class='ocrx_word' id='word_1_211' title='bbox 2219 1646 2414 1717; x_wconf 87' lang='lat' dir='ltr'><strong>gustini</strong></span> <span class='ocrx_word' id='word_1_212' title='bbox 2445 1648 2651 1705; x_wconf 77' lang='lat' dir='ltr'><strong>diceret</strong></span> <span class='ocrx_word' id='word_1_213' title='bbox 2705 1650 2869 1705; x_wconf 90' lang='lat' dir='ltr'><strong>fuisse</strong></span> <span class='ocrx_word' id='word_1_214' title='bbox 2896 1650 3104 1719; x_wconf 90' lang='lat' dir='ltr'><strong>uspiam</strong></span> <span class='ocrx_word' id='word_1_215' title='bbox 3132 1648 3201 1704; x_wconf 89' lang='lat' dir='ltr'><strong>ab</strong></span> <span class='ocrx_word' id='word_1_216' title='bbox 3251 1662 3316 1704; x_wconf 91' lang='lat' dir='ltr'><strong>eo</strong></span> <span class='ocrx_word' id='word_1_217' title='bbox 3344 1654 3703 1711; x_wconf 86' lang='lat' dir='ltr'><strong>retractatam,</strong></span> <span class='ocrx_word' id='word_1_218' title='bbox 3730 1644 3773 1697; x_wconf 92' lang='lat' dir='ltr'><strong>in</strong></span> 
     </span>
    </p>
   </div>
   <div class='ocr_carea' id='block_1_31' title="bbox 2218 1739 3772 1814">
    <p class='ocr_par' dir='ltr' id='par_1_31' title="bbox 2218 1739 3772 1814">
     <span class='ocr_line' id='line_1_31' title="bbox 2218 1739 3772 1814; baseline -0.003 -18"><span class='ocrx_word' id='word_1_219' title='bbox 2218 1757 2376 1811; x_wconf 85' lang='lat' dir='ltr'><strong>quam</strong></span> <span class='ocrx_word' id='word_1_220' title='bbox 2411 1743 2635 1811; x_wconf 88' lang='lat' dir='ltr'><strong>pedibus</strong></span> <span class='ocrx_word' id='word_1_221' title='bbox 2664 1743 2794 1798; x_wconf 88' lang='lat' dir='ltr'><strong>ivit?</strong></span> <span class='ocrx_word' id='word_1_222' title='bbox 2825 1744 2931 1801; x_wconf 78' lang='lat' dir='ltr'><strong>Sed</strong></span> <span class='ocrx_word' id='word_1_223' title='bbox 2955 1753 3009 1799; x_wconf 88' lang='lat' dir='ltr'><strong>et</strong></span> <span class='ocrx_word' id='word_1_224' title='bbox 3038 1743 3338 1814; x_wconf 88' lang='lat' dir='ltr'><strong>apostolica</strong></span> <span class='ocrx_word' id='word_1_225' title='bbox 3366 1741 3528 1798; x_wconf 83' lang='lat' dir='ltr'><strong>sedes</strong></span> <span class='ocrx_word' id='word_1_226' title='bbox 3557 1739 3772 1796; x_wconf 86' lang='lat' dir='ltr'><strong>eamdem</strong></span> 
     </span>
    </p>
   </div>
   <div class='ocr_carea' id='block_1_32' title="bbox 2188 1833 3773 1907">
    <p class='ocr_par' dir='ltr' id='par_1_32' title="bbox 2188 1833 3773 1907">
     <span class='ocr_line' id='line_1_32' title="bbox 2188 1833 3773 1907; baseline -0.001 -19"><span class='ocrx_word' id='word_1_227' title='bbox 2188 1836 2542 1891; x_wconf 59' lang='lat' dir='ltr'><strong>sententiam</strong></span> <span class='ocrx_word' id='word_1_228' title='bbox 2575 1837 2644 1891; x_wconf 91' lang='lat' dir='ltr'><strong>ob</strong></span> <span class='ocrx_word' id='word_1_229' title='bbox 2694 1837 2979 1907; x_wconf 83' lang='lat' dir='ltr'><strong>Augustini</strong></span> <span class='ocrx_word' id='word_1_230' title='bbox 3034 1836 3409 1893; x_wconf 85' lang='lat' dir='ltr'><strong>auctoritatem</strong></span> <span class='ocrx_word' id='word_1_231' title='bbox 3463 1833 3773 1905; x_wconf 77' lang='lat' dir='ltr'><strong>approbavit.</strong></span> 
     </span>
    </p>
   </div>
   <div class='ocr_carea' id='block_1_33' title="bbox 508 1926 3778 2024">
    <p class='ocr_par' dir='ltr' id='par_1_33' title="bbox 508 1926 3778 2024">
     <span class='ocr_line' id='line_1_33' title="bbox 508 1926 3778 2024; baseline 0.003 -38"><span class='ocrx_word' id='word_1_232' title='bbox 508 1927 713 1986; x_wconf 79' lang='lat' dir='ltr'><strong>Durum</strong></span> <span class='ocrx_word' id='word_1_233' title='bbox 745 1941 864 1997; x_wconf 88' lang='lat' dir='ltr'><strong>est;</strong></span> <span class='ocrx_word' id='word_1_234' title='bbox 896 1949 1082 1988; x_wconf 70' lang='lat' dir='ltr'><strong>summa</strong></span> <span class='ocrx_word' id='word_1_235' title='bbox 1122 1945 1298 1991; x_wconf 86' lang='lat' dir='ltr'><strong>tamen</strong></span> <span class='ocrx_word' id='word_1_236' title='bbox 1331 1952 1491 1993; x_wconf 65' lang='lat' dir='ltr'><strong>ausus</strong></span> <span class='ocrx_word' id='word_1_237' title='bbox 1543 1937 1957 2007; x_wconf 66' lang='lat' dir='ltr'><strong>ltincourrrtsu</strong></span> <span class='ocrx_word' id='word_1_238' title='bbox 2005 1955 2113 1993; x_wconf 63' lang='lat' dir='ltr'><strong>una</strong></span> <span class='ocrx_word' id='word_1_239' title='bbox 2145 1961 2193 2024; x_wconf 77' lang='grc' dir='ltr'><strong>Β</strong></span> <span class='ocrx_word' id='word_1_240' title='bbox 2222 1926 2559 1984; x_wconf 64' lang='lat' dir='ltr'><strong>Innocentius</strong></span> <span class='ocrx_word' id='word_1_241' title='bbox 2592 1928 2697 2024; x_wconf 44' lang='grc' dir='ltr'><strong>ηιξ</strong></span> <span class='ocrx_word' id='word_1_242' title='bbox 2722 1929 2993 2024; x_wconf 43' lang='grc' dir='ltr'><strong>ίη-Ῑίιιθτίε</strong></span> <span class='ocrx_word' id='word_1_243' title='bbox 3017 1929 3084 1985; x_wconf 75' lang='lat' dir='ltr'><strong>ad</strong></span> <span class='ocrx_word' id='word_1_244' title='bbox 3115 1929 3549 2024; x_wconf 55' lang='grc' dir='ltr'><strong>ρι’θῐηοηθηεεξῐξ)</strong></span> <span class='ocrx_word' id='word_1_245' title='bbox 3596 1928 3778 2024; x_wconf 64' lang='grc' dir='ltr'><strong>ερίεφ·</strong></span> 
     </span>
    </p>
   </div>
   <div class='ocr_carea' id='block_1_34' title="bbox 510 2021 2102 2101">
    <p class='ocr_par' dir='ltr' id='par_1_34' title="bbox 510 2029 2102 2101">
     <span class='ocr_line' id='line_1_34' title="bbox 510 2029 2102 2101; baseline 0.002 -19"><span class='ocrx_word' id='word_1_246' title='bbox 510 2041 809 2082; x_wconf 68' lang='lat' dir='ltr'><strong>SENTENTIA</strong></span> <span class='ocrx_word' id='word_1_247' title='bbox 841 2044 1110 2083; x_wconf 74' lang='lat' dir='ltr'><strong>DEFINIRE.</strong></span> <span class='ocrx_word' id='word_1_248' title='bbox 1145 2029 1253 2085; x_wconf 87' lang='lat' dir='ltr'><strong>Sed</strong></span> <span class='ocrx_word' id='word_1_249' title='bbox 1281 2030 1538 2101; x_wconf 89' lang='lat' dir='ltr'><strong>quidquid</strong></span> <span class='ocrx_word' id='word_1_250' title='bbox 1582 2032 1649 2087; x_wconf 90' lang='lat' dir='ltr'><strong>de</strong></span> <span class='ocrx_word' id='word_1_251' title='bbox 1696 2032 1794 2087; x_wconf 91' lang='lat' dir='ltr'><strong>hoc</strong></span> <span class='ocrx_word' id='word_1_252' title='bbox 1822 2033 1911 2098; x_wconf 89' lang='lat' dir='ltr'><strong>sit,</strong></span> <span class='ocrx_word' id='word_1_253' title='bbox 1940 2041 2045 2088; x_wconf 90' lang='lat' dir='ltr'><strong>etc.</strong></span> <span class='ocrx_word' id='word_1_254' title='bbox 2086 2052 2102 2085; x_wconf 84' lang='grc' dir='ltr'><strong>ι</strong></span> 
     </span>
    </p>
   </div>
   <div class='ocr_carea' id='block_1_35' title="bbox 2193 2021 3772 2101">
    <p class='ocr_par' dir='ltr' id='par_1_35' title="bbox 2218 2021 3772 2094">
     <span class='ocr_line' id='line_1_35' title="bbox 2218 2021 3772 2094; baseline 0 -19"><span class='ocrx_word' id='word_1_255' title='bbox 2218 2036 2362 2091; x_wconf 84' lang='lat' dir='ltr'><strong>pum,</strong></span> <span class='ocrx_word' id='word_1_256' title='bbox 2388 2037 2507 2089; x_wconf 62' lang='lat' dir='ltr'><strong>quae</strong></span> <span class='ocrx_word' id='word_1_257' title='bbox 2560 2022 2702 2092; x_wconf 91' lang='lat' dir='ltr'><strong>apud</strong></span> <span class='ocrx_word' id='word_1_258' title='bbox 2754 2021 3069 2094; x_wconf 88' lang='lat' dir='ltr'><strong>Gregorium</strong></span> <span class='ocrx_word' id='word_1_259' title='bbox 3114 2022 3185 2078; x_wconf 76' lang='lat' dir='ltr'><strong>lx</strong></span> <span class='ocrx_word' id='word_1_260' title='bbox 3241 2032 3454 2079; x_wconf 79' lang='lat' dir='ltr'><strong>exstant</strong></span> <span class='ocrx_word' id='word_1_261' title='bbox 3484 2022 3577 2077; x_wconf 88' lang='lat' dir='ltr'><strong>lib.</strong></span> <span class='ocrx_word' id='word_1_262' title='bbox 3602 2037 3674 2086; x_wconf 88' lang='lat' dir='ltr'><strong>Ill,</strong></span> <span class='ocrx_word' id='word_1_263' title='bbox 3704 2021 3772 2075; x_wconf 91' lang='lat' dir='ltr'><strong>tit.</strong></span> 
     </span>
    </p>
   </div>
   <div class='ocr_carea' id='block_1_36' title="bbox 510 2115 2109 2197">
    <p class='ocr_par' dir='ltr' id='par_1_36' title="bbox 510 2115 2109 2197">
     <span class='ocr_line' id='line_1_36' title="bbox 510 2115 2109 2197; baseline 0.007 -24"><span class='ocrx_word' id='word_1_264' title='bbox 510 2115 696 2185; x_wconf 68' lang='lat' dir='ltr'><strong>Vides,</strong></span> <span class='ocrx_word' id='word_1_265' title='bbox 732 2122 963 2185; x_wconf 88' lang='lat' dir='ltr'><strong>Annate,</strong></span> <span class='ocrx_word' id='word_1_266' title='bbox 992 2122 1123 2177; x_wconf 88' lang='lat' dir='ltr'><strong>nihil</strong></span> <span class='ocrx_word' id='word_1_267' title='bbox 1168 2137 1233 2179; x_wconf 90' lang='lat' dir='ltr'><strong>ea</strong></span> <span class='ocrx_word' id='word_1_268' title='bbox 1280 2124 1333 2178; x_wconf 92' lang='lat' dir='ltr'><strong>in</strong></span> <span class='ocrx_word' id='word_1_269' title='bbox 1386 2141 1446 2180; x_wconf 91' lang='lat' dir='ltr'><strong>re</strong></span> <span class='ocrx_word' id='word_1_270' title='bbox 1485 2125 1811 2181; x_wconf 89' lang='lat' dir='ltr'><strong>Bernardum</strong></span> <span class='ocrx_word' id='word_1_271' title='bbox 1863 2126 2109 2197; x_wconf 88' lang='lat' dir='ltr'><strong>delinire,</strong></span> 
     </span>
    </p>
   </div>
   <div class='ocr_carea' id='block_1_37' title="bbox 509 2207 2110 2287">
    <p class='ocr_par' dir='ltr' id='par_1_37' title="bbox 509 2207 2110 2287">
     <span class='ocr_line' id='line_1_37' title="bbox 509 2207 2110 2287; baseline 0.006 -25"><span class='ocrx_word' id='word_1_272' title='bbox 509 2207 760 2275; x_wconf 90' lang='lat' dir='ltr'><strong>unius,ut</strong></span> <span class='ocrx_word' id='word_1_273' title='bbox 785 2210 905 2279; x_wconf 89' lang='lat' dir='ltr'><strong>jure</strong></span> <span class='ocrx_word' id='word_1_274' title='bbox 930 2212 1147 2281; x_wconf 88' lang='lat' dir='ltr'><strong>quidem</strong></span> <span class='ocrx_word' id='word_1_275' title='bbox 1190 2213 1441 2279; x_wconf 86' lang='lat' dir='ltr'><strong>arbitror,</strong></span> <span class='ocrx_word' id='word_1_276' title='bbox 1476 2216 1781 2286; x_wconf 88' lang='lat' dir='ltr'><strong>Augustini,</strong></span> <span class='ocrx_word' id='word_1_277' title='bbox 1809 2232 1970 2287; x_wconf 92' lang='lat' dir='ltr'><strong>quem</strong></span> <span class='ocrx_word' id='word_1_278' title='bbox 2016 2218 2110 2273; x_wconf 88' lang='lat' dir='ltr'><strong>ha-</strong></span> 
     </span>
    </p>
   </div>
   <div class='ocr_carea' id='block_1_38' title="bbox 505 2299 2107 2381">
    <p class='ocr_par' dir='ltr' id='par_1_38' title="bbox 505 2299 2107 2381">
     <span class='ocr_line' id='line_1_38' title="bbox 505 2299 2107 2381; baseline 0.007 -27"><span class='ocrx_word' id='word_1_279' title='bbox 505 2299 687 2367; x_wconf 84' lang='lat' dir='ltr'><strong>bebat,</strong></span> <span class='ocrx_word' id='word_1_280' title='bbox 718 2312 772 2357; x_wconf 90' lang='lat' dir='ltr'><strong>ut</strong></span> <span class='ocrx_word' id='word_1_281' title='bbox 802 2304 956 2371; x_wconf 88' lang='lat' dir='ltr'><strong>dicis,</strong></span> <span class='ocrx_word' id='word_1_282' title='bbox 995 2306 1117 2359; x_wconf 88' lang='lat' dir='ltr'><strong>dum</strong></span> <span class='ocrx_word' id='word_1_283' title='bbox 1148 2307 1255 2361; x_wconf 75' lang='lat' dir='ltr'><strong>limo</strong></span> <span class='ocrx_word' id='word_1_284' title='bbox 1284 2308 1543 2377; x_wconf 79' lang='lat' dir='ltr'><strong>scriberet,</strong></span> <span class='ocrx_word' id='word_1_285' title='bbox 1572 2319 1891 2381; x_wconf 71' lang='lat' dir='ltr'><strong>prasentem,</strong></span> <span class='ocrx_word' id='word_1_286' title='bbox 1918 2320 2107 2366; x_wconf 84' lang='lat' dir='ltr'><strong>aucto—</strong></span> 
     </span>
    </p>
   </div>
   <div class='ocr_carea' id='block_1_39' title="bbox 501 2391 2105 2470">
    <p class='ocr_par' dir='ltr' id='par_1_39' title="bbox 501 2391 2105 2470">
     <span class='ocr_line' id='line_1_39' title="bbox 501 2391 2105 2470; baseline 0.006 -23"><span class='ocrx_word' id='word_1_287' title='bbox 501 2391 663 2447; x_wconf 91' lang='lat' dir='ltr'><strong>ritate</strong></span> <span class='ocrx_word' id='word_1_288' title='bbox 678 2405 1001 2450; x_wconf 87' lang='lat' dir='ltr'><strong>remoratum</strong></span> <span class='ocrx_word' id='word_1_289' title='bbox 1018 2397 1040 2449; x_wconf 90' lang='lat'><strong>?</strong></span> <span class='ocrx_word' id='word_1_290' title='bbox 1057 2397 1198 2453; x_wconf 90' lang='lat' dir='ltr'><strong>Dura</strong></span> <span class='ocrx_word' id='word_1_291' title='bbox 1211 2398 1285 2453; x_wconf 92' lang='lat' dir='ltr'><strong>illi</strong></span> <span class='ocrx_word' id='word_1_292' title='bbox 1303 2400 1584 2470; x_wconf 85' lang='lat' dir='ltr'><strong>Augustini</strong></span> <span class='ocrx_word' id='word_1_293' title='bbox 1598 2403 1862 2458; x_wconf 89' lang='lat' dir='ltr'><strong>sententia</strong></span> <span class='ocrx_word' id='word_1_294' title='bbox 1876 2404 1987 2457; x_wconf 89' lang='lat' dir='ltr'><strong>visa</strong></span> <span class='ocrx_word' id='word_1_295' title='bbox 2001 2412 2105 2470; x_wconf 92' lang='lat' dir='ltr'><strong>est,</strong></span> 
     </span>
    </p>
   </div>
   <div class='ocr_carea' id='block_1_40' title="bbox 500 2484 2108 2561">
    <p class='ocr_par' dir='ltr' id='par_1_40' title="bbox 500 2484 2108 2561">
     <span class='ocr_line' id='line_1_40' title="bbox 500 2484 2108 2561; baseline 0.009 -25"><span class='ocrx_word' id='word_1_296' title='bbox 500 2492 558 2536; x_wconf 92' lang='lat' dir='ltr'><strong>at</strong></span> <span class='ocrx_word' id='word_1_297' title='bbox 583 2484 766 2539; x_wconf 91' lang='lat' dir='ltr'><strong>durius</strong></span> <span class='ocrx_word' id='word_1_298' title='bbox 793 2485 966 2542; x_wconf 85' lang='lat' dir='ltr'><strong>fassus</strong></span> <span class='ocrx_word' id='word_1_299' title='bbox 1014 2498 1097 2545; x_wconf 91' lang='lat' dir='ltr'><strong>est</strong></span> <span class='ocrx_word' id='word_1_300' title='bbox 1136 2489 1204 2544; x_wconf 90' lang='lat' dir='ltr'><strong>ab</strong></span> <span class='ocrx_word' id='word_1_301' title='bbox 1227 2492 1523 2561; x_wconf 91' lang='lat' dir='ltr'><strong>Augustino</strong></span> <span class='ocrx_word' id='word_1_302' title='bbox 1542 2492 1829 2550; x_wconf 91' lang='lat' dir='ltr'><strong>discedere</strong></span> <span class='ocrx_word' id='word_1_303' title='bbox 1854 2511 1868 2548; x_wconf 90' lang='lat'><strong>:</strong></span> <span class='ocrx_word' id='word_1_304' title='bbox 1894 2495 2108 2551; x_wconf 82' lang='lat' dir='ltr'><strong>Minime</strong></span> 
     </span>
    </p>
   </div>
   <div class='ocr_carea' id='block_1_41' title="bbox 500 2578 2104 2658">
    <p class='ocr_par' dir='ltr' id='par_1_41' title="bbox 500 2578 2104 2658">
     <span class='ocr_line' id='line_1_41' title="bbox 500 2578 2104 2658; baseline 0.01 -30"><span class='ocrx_word' id='word_1_305' title='bbox 500 2584 691 2643; x_wconf 85' lang='lat' dir='ltr'><strong>tamen,</strong></span> <span class='ocrx_word' id='word_1_306' title='bbox 718 2578 911 2652; x_wconf 90' lang='lat' dir='ltr'><strong>inquit,</strong></span> <span class='ocrx_word' id='word_1_307' title='bbox 942 2583 1107 2637; x_wconf 82' lang='lat' dir='ltr'><strong>ausim</strong></span> <span class='ocrx_word' id='word_1_308' title='bbox 1133 2584 1252 2638; x_wconf 85' lang='lat' dir='ltr'><strong>hinc</strong></span> <span class='ocrx_word' id='word_1_309' title='bbox 1276 2585 1544 2657; x_wconf 78' lang='lat' dir='ltr'><strong>quippiam</strong></span> <span class='ocrx_word' id='word_1_310' title='bbox 1566 2603 1679 2642; x_wconf 87' lang='lat' dir='ltr'><strong>mea</strong></span> <span class='ocrx_word' id='word_1_311' title='bbox 1699 2589 1945 2643; x_wconf 79' lang='lat' dir='ltr'><strong>sententia</strong></span> <span class='ocrx_word' id='word_1_312' title='bbox 1972 2590 2104 2658; x_wconf 80' lang='lat' dir='ltr'><strong>deﬁ-</strong></span> 
     </span>
    </p>
   </div>
   <div class='ocr_carea' id='block_1_42' title="bbox 499 2670 2103 2754">
    <p class='ocr_par' dir='ltr' id='par_1_42' title="bbox 499 2670 2103 2754">
     <span class='ocr_line' id='line_1_42' title="bbox 499 2670 2103 2754; baseline 0.01 -33"><span class='ocrx_word' id='word_1_313' title='bbox 499 2670 630 2723; x_wconf 89' lang='lat' dir='ltr'><strong>nire.</strong></span> <span class='ocrx_word' id='word_1_314' title='bbox 659 2671 890 2730; x_wconf 88' lang='lat' dir='ltr'><strong>Hoccine</strong></span> <span class='ocrx_word' id='word_1_315' title='bbox 911 2683 1015 2743; x_wconf 90' lang='lat' dir='ltr'><strong>est,</strong></span> <span class='ocrx_word' id='word_1_316' title='bbox 1031 2677 1262 2743; x_wconf 77' lang='lat' dir='ltr'><strong>Atinate,</strong></span> <span class='ocrx_word' id='word_1_317' title='bbox 1286 2688 1346 2733; x_wconf 93' lang='lat' dir='ltr'><strong>ut</strong></span> <span class='ocrx_word' id='word_1_318' title='bbox 1361 2678 1584 2749; x_wconf 87' lang='lat' dir='ltr'><strong>jocaris,</strong></span> <span class='ocrx_word' id='word_1_319' title='bbox 1607 2681 1782 2736; x_wconf 81' lang='lat' dir='ltr'><strong>divelli</strong></span> <span class='ocrx_word' id='word_1_320' title='bbox 1810 2681 1873 2736; x_wconf 87' lang='lat' dir='ltr'><strong>ab</strong></span> <span class='ocrx_word' id='word_1_321' title='bbox 1896 2682 2103 2754; x_wconf 79' lang='lat' dir='ltr'><strong>Augus-</strong></span> 
     </span>
    </p>
   </div>
   <div class='ocr_carea' id='block_1_43' title="bbox 504 2761 2102 2839">
    <p class='ocr_par' dir='ltr' id='par_1_43' title="bbox 504 2761 2102 2839">
     <span class='ocr_line' id='line_1_43' title="bbox 504 2761 2102 2839; baseline 0.009 -27"><span class='ocrx_word' id='word_1_322' title='bbox 504 2761 649 2816; x_wconf 85' lang='lat' dir='ltr'><strong>tino?</strong></span> <span class='ocrx_word' id='word_1_323' title='bbox 679 2764 780 2819; x_wconf 81' lang='lat' dir='ltr'><strong>ltoc</strong></span> <span class='ocrx_word' id='word_1_324' title='bbox 802 2777 991 2835; x_wconf 90' lang='lat' dir='ltr'><strong>putare</strong></span> <span class='ocrx_word' id='word_1_325' title='bbox 1020 2770 1220 2823; x_wconf 87' lang='lat' dir='ltr'><strong>nullnnt</strong></span> <span class='ocrx_word' id='word_1_326' title='bbox 1270 2770 1550 2839; x_wconf 83' lang='lat' dir='ltr'><strong>aliquando</strong></span> <span class='ocrx_word' id='word_1_327' title='bbox 1571 2772 1871 2827; x_wconf 72' lang='lat' dir='ltr'><strong>validissimi</strong></span> <span class='ocrx_word' id='word_1_328' title='bbox 1895 2774 2102 2829; x_wconf 80' lang='lat' dir='ltr'><strong>htereti-</strong></span> 
     </span>
    </p>
   </div>
   <div class='ocr_carea' id='block_1_44' title="bbox 498 2858 2105 2924">
    <p class='ocr_par' dir='ltr' id='par_1_44' title="bbox 498 2858 2105 2924">
     <span class='ocr_line' id='line_1_44' title="bbox 498 2858 2105 2924; baseline 0.011 -18"><span class='ocrx_word' id='word_1_329' title='bbox 498 2869 677 2909; x_wconf 80' lang='lat' dir='ltr'><strong>corum</strong></span> <span class='ocrx_word' id='word_1_330' title='bbox 699 2858 871 2913; x_wconf 82' lang='lat' dir='ltr'><strong>mallei</strong></span> <span class='ocrx_word' id='word_1_331' title='bbox 890 2861 1135 2916; x_wconf 82' lang='lat' dir='ltr'><strong>incertum</strong></span> <span class='ocrx_word' id='word_1_332' title='bbox 1159 2863 1355 2918; x_wconf 83' lang='lat' dir='ltr'><strong>ictum?</strong></span> <span class='ocrx_word' id='word_1_333' title='bbox 1379 2866 1487 2921; x_wconf 93' lang='lat' dir='ltr'><strong>lmo</strong></span> <span class='ocrx_word' id='word_1_334' title='bbox 1514 2866 2001 2924; x_wconf 85' lang='lat' dir='ltr'><strong>hocestlectoribus</strong></span> <span class='ocrx_word' id='word_1_335' title='bbox 2023 2867 2105 2924; x_wconf 77' lang='lat' dir='ltr'><strong>fu-</strong></span> 
     </span>
    </p>
   </div>
   <div class='ocr_carea' id='block_1_45' title="bbox 494 2949 2101 3033">
    <p class='ocr_par' dir='ltr' id='par_1_45' title="bbox 494 2949 2101 3033">
     <span class='ocr_line' id='line_1_45' title="bbox 494 2949 2101 3033; baseline 0.009 -30"><span class='ocrx_word' id='word_1_336' title='bbox 494 2960 619 3003; x_wconf 83' lang='lat' dir='ltr'><strong>eum</strong></span> <span class='ocrx_word' id='word_1_337' title='bbox 651 2949 849 3019; x_wconf 85' lang='lat' dir='ltr'><strong>facere,</strong></span> <span class='ocrx_word' id='word_1_338' title='bbox 890 2969 951 3009; x_wconf 95' lang='lat' dir='ltr'><strong>ac</strong></span> <span class='ocrx_word' id='word_1_339' title='bbox 1005 2955 1281 3013; x_wconf 89' lang='lat' dir='ltr'><strong>Bernardo</strong></span> <span class='ocrx_word' id='word_1_340' title='bbox 1331 2959 1551 3015; x_wconf 92' lang='lat' dir='ltr'><strong>nimium</strong></span> <span class='ocrx_word' id='word_1_341' title='bbox 1595 2962 1913 3033; x_wconf 89' lang='lat' dir='ltr'><strong>injuriosum</strong></span> <span class='ocrx_word' id='word_1_342' title='bbox 1956 2976 2101 3030; x_wconf 89' lang='lat' dir='ltr'><strong>esse,</strong></span> 
     </span>
    </p>
   </div>
   <div class='ocr_carea' id='block_1_46' title="bbox 496 3042 2100 3124">
    <p class='ocr_par' dir='ltr' id='par_1_46' title="bbox 496 3042 2100 3124">
     <span class='ocr_line' id='line_1_46' title="bbox 496 3042 2100 3124; baseline 0.009 -27"><span class='ocrx_word' id='word_1_343' title='bbox 496 3042 621 3098; x_wconf 90' lang='lat' dir='ltr'><strong>dum</strong></span> <span class='ocrx_word' id='word_1_344' title='bbox 640 3044 791 3101; x_wconf 89' lang='lat' dir='ltr'><strong>illum</strong></span> <span class='ocrx_word' id='word_1_345' title='bbox 808 3062 869 3101; x_wconf 88' lang='lat' dir='ltr'><strong>ea</strong></span> <span class='ocrx_word' id='word_1_346' title='bbox 901 3050 1216 3106; x_wconf 87' lang='lat' dir='ltr'><strong>recitantem</strong></span> <span class='ocrx_word' id='word_1_347' title='bbox 1247 3051 1455 3108; x_wconf 90' lang='lat' dir='ltr'><strong>inducis</strong></span> <span class='ocrx_word' id='word_1_348' title='bbox 1482 3054 1549 3109; x_wconf 91' lang='lat' dir='ltr'><strong>de</strong></span> <span class='ocrx_word' id='word_1_349' title='bbox 1562 3055 1858 3124; x_wconf 89' lang='lat' dir='ltr'><strong>Augustino</strong></span> <span class='ocrx_word' id='word_1_350' title='bbox 1885 3069 2005 3124; x_wconf 58' lang='lat' dir='ltr'><strong>quae</strong></span> <span class='ocrx_word' id='word_1_351' title='bbox 2030 3069 2100 3110; x_wconf 88' lang='lat' dir='ltr'><strong>ne</strong></span> 
     </span>
    </p>
   </div>
   <div class='ocr_carea' id='block_1_47' title="bbox 505 3135 2097 3214">
    <p class='ocr_par' dir='ltr' id='par_1_47' title="bbox 505 3135 2097 3214">
     <span class='ocr_line' id='line_1_47' title="bbox 505 3135 2097 3214; baseline 0.008 -26"><span class='ocrx_word' id='word_1_352' title='bbox 505 3135 761 3203; x_wconf 81' lang='lat' dir='ltr'><strong>cogitavit</strong></span> <span class='ocrx_word' id='word_1_353' title='bbox 800 3139 1039 3208; x_wconf 85' lang='lat' dir='ltr'><strong>quidem.</strong></span> <span class='ocrx_word' id='word_1_354' title='bbox 1076 3141 1164 3196; x_wconf 90' lang='lat' dir='ltr'><strong>llla</strong></span> <span class='ocrx_word' id='word_1_355' title='bbox 1208 3142 1387 3214; x_wconf 88' lang='lat' dir='ltr'><strong>itaque</strong></span> <span class='ocrx_word' id='word_1_356' title='bbox 1432 3154 1513 3200; x_wconf 89' lang='lat' dir='ltr'><strong>est</strong></span> <span class='ocrx_word' id='word_1_357' title='bbox 1551 3144 1786 3202; x_wconf 86' lang='lat' dir='ltr'><strong>Melliﬁui</strong></span> <span class='ocrx_word' id='word_1_358' title='bbox 1834 3147 2097 3203; x_wconf 88' lang='lat' dir='ltr'><strong>sententia</strong></span> 
     </span>
    </p>
   </div>
   <div class='ocr_carea' id='block_1_48' title="bbox 502 3227 1642 3306">
    <p class='ocr_par' dir='ltr' id='par_1_48' title="bbox 502 3227 1642 3306">
     <span class='ocr_line' id='line_1_48' title="bbox 502 3227 1642 3306; baseline 0.011 -28"><span class='ocrx_word' id='word_1_359' title='bbox 502 3227 662 3294; x_wconf 91' lang='lat' dir='ltr'><strong>epist.</strong></span> <span class='ocrx_word' id='word_1_360' title='bbox 701 3227 802 3281; x_wconf 76' lang='grc'><strong>174</strong></span> <span class='ocrx_word' id='word_1_361' title='bbox 830 3229 901 3283; x_wconf 87' lang='lat' dir='ltr'><strong>ad</strong></span> <span class='ocrx_word' id='word_1_362' title='bbox 921 3231 1208 3289; x_wconf 84' lang='lat' dir='ltr'><strong>canonicos</strong></span> <span class='ocrx_word' id='word_1_363' title='bbox 1236 3232 1642 3306; x_wconf 89' lang='lat' dir='ltr'><strong>Lugdunenses.</strong></span> 
     </span>
    </p>
   </div>
   <div class='ocr_carea' id='block_1_49' title="bbox 2213 2112 3775 2185">
    <p class='ocr_par' dir='ltr' id='par_1_49' title="bbox 2213 2112 3775 2185">
     <span class='ocr_line' id='line_1_49' title="bbox 2213 2112 3775 2185; baseline -0.003 -15"><span class='ocrx_word' id='word_1_364' title='bbox 2213 2112 2513 2183; x_wconf 69' lang='lat' dir='ltr'><strong>45,cap.2,</strong></span> <span class='ocrx_word' id='word_1_365' title='bbox 2540 2114 2611 2169; x_wconf 89' lang='lat' dir='ltr'><strong>ita</strong></span> <span class='ocrx_word' id='word_1_366' title='bbox 2643 2115 2829 2170; x_wconf 88' lang='lat' dir='ltr'><strong>scribit</strong></span> <span class='ocrx_word' id='word_1_367' title='bbox 2858 2131 2874 2169; x_wconf 91' lang='lat'><strong>:</strong></span> <span class='ocrx_word' id='word_1_368' title='bbox 2915 2134 2932 2166; x_wconf 85' lang='grc'><strong>‹</strong></span> <span class='ocrx_word' id='word_1_369' title='bbox 2953 2115 3123 2183; x_wconf 86' lang='lat' dir='ltr'><strong>Quem</strong></span> <span class='ocrx_word' id='word_1_370' title='bbox 3158 2117 3273 2171; x_wconf 89' lang='lat' dir='ltr'><strong>sine</strong></span> <span class='ocrx_word' id='word_1_371' title='bbox 3305 2115 3443 2171; x_wconf 86' lang='lat' dir='ltr'><strong>unda</strong></span> <span class='ocrx_word' id='word_1_372' title='bbox 3471 2113 3775 2185; x_wconf 66' lang='lat' dir='ltr'><strong>baptismatis</strong></span> 
     </span>
    </p>
   </div>
   <div class='ocr_carea' id='block_1_50' title="bbox 2212 2206 3771 2281">
    <p class='ocr_par' dir='ltr' id='par_1_50' title="bbox 2212 2206 3771 2281">
     <span class='ocr_line' id='line_1_50' title="bbox 2212 2206 3771 2281; baseline -0.001 -18"><span class='ocrx_word' id='word_1_373' title='bbox 2212 2219 2512 2264; x_wconf 79' lang='lat' dir='ltr'><strong>extremum</strong></span> <span class='ocrx_word' id='word_1_374' title='bbox 2545 2208 2689 2265; x_wconf 89' lang='lat' dir='ltr'><strong>diem</strong></span> <span class='ocrx_word' id='word_1_375' title='bbox 2721 2210 2980 2266; x_wconf 85' lang='lat' dir='ltr'><strong>clausisse</strong></span> <span class='ocrx_word' id='word_1_376' title='bbox 3028 2206 3364 2281; x_wconf 81' lang='lat' dir='ltr'><strong>signiﬁcasti,</strong></span> <span class='ocrx_word' id='word_1_377' title='bbox 3394 2209 3519 2281; x_wconf 90' lang='lat' dir='ltr'><strong>quia</strong></span> <span class='ocrx_word' id='word_1_378' title='bbox 3550 2209 3604 2263; x_wconf 91' lang='lat' dir='ltr'><strong>in</strong></span> <span class='ocrx_word' id='word_1_379' title='bbox 3632 2223 3771 2262; x_wconf 83' lang='lat' dir='ltr'><strong>sanc-</strong></span> 
     </span>
    </p>
   </div>
   <div class='ocr_carea' id='block_1_51' title="bbox 2217 2300 3778 2371">
    <p class='ocr_par' dir='ltr' id='par_1_51' title="bbox 2217 2300 3778 2371">
     <span class='ocr_line' id='line_1_51' title="bbox 2217 2300 3778 2371; baseline 0.002 -18"><span class='ocrx_word' id='word_1_380' title='bbox 2217 2308 2285 2355; x_wconf 65' lang='lat' dir='ltr'><strong>tae</strong></span> <span class='ocrx_word' id='word_1_381' title='bbox 2318 2301 2505 2355; x_wconf 84' lang='lat' dir='ltr'><strong>matris</strong></span> <span class='ocrx_word' id='word_1_382' title='bbox 2529 2300 2787 2357; x_wconf 70' lang='lat' dir='ltr'><strong>Ecclesim</strong></span> <span class='ocrx_word' id='word_1_383' title='bbox 2818 2302 2925 2357; x_wconf 89' lang='lat' dir='ltr'><strong>ﬁde</strong></span> <span class='ocrx_word' id='word_1_384' title='bbox 2954 2311 3011 2358; x_wconf 90' lang='lat' dir='ltr'><strong>et</strong></span> <span class='ocrx_word' id='word_1_385' title='bbox 3034 2302 3233 2357; x_wconf 88' lang='lat' dir='ltr'><strong>Christi</strong></span> <span class='ocrx_word' id='word_1_386' title='bbox 3278 2304 3496 2359; x_wconf 90' lang='lat' dir='ltr'><strong>nomine</strong></span> <span class='ocrx_word' id='word_1_387' title='bbox 3547 2315 3778 2371; x_wconf 82' lang='lat' dir='ltr'><strong>perseve-</strong></span> 
     </span>
    </p>
   </div>
   <div class='ocr_carea' id='block_1_52' title="bbox 2210 2392 3779 2464">
    <p class='ocr_par' dir='ltr' id='par_1_52' title="bbox 2210 2392 3779 2464">
     <span class='ocr_line' id='line_1_52' title="bbox 2210 2392 3779 2464; baseline 0.002 -18"><span class='ocrx_word' id='word_1_388' title='bbox 2210 2392 2371 2459; x_wconf 88' lang='lat' dir='ltr'><strong>ravit,</strong></span> <span class='ocrx_word' id='word_1_389' title='bbox 2397 2393 2467 2448; x_wconf 91' lang='lat' dir='ltr'><strong>ab</strong></span> <span class='ocrx_word' id='word_1_390' title='bbox 2488 2392 2736 2464; x_wconf 88' lang='lat' dir='ltr'><strong>originali</strong></span> <span class='ocrx_word' id='word_1_391' title='bbox 2781 2403 3005 2464; x_wconf 86' lang='lat' dir='ltr'><strong>peccato</strong></span> <span class='ocrx_word' id='word_1_392' title='bbox 3055 2396 3288 2451; x_wconf 89' lang='lat' dir='ltr'><strong>solutum</strong></span> <span class='ocrx_word' id='word_1_393' title='bbox 3340 2404 3397 2452; x_wconf 88' lang='lat' dir='ltr'><strong>et</strong></span> <span class='ocrx_word' id='word_1_394' title='bbox 3440 2396 3677 2451; x_wconf 70' lang='lat' dir='ltr'><strong>caelestis</strong></span> <span class='ocrx_word' id='word_1_395' title='bbox 3706 2408 3779 2463; x_wconf 85' lang='lat' dir='ltr'><strong>pa-</strong></span> 
     </span>
    </p>
   </div>
   <div class='ocr_carea' id='block_1_53' title="bbox 2211 2484 3780 2558">
    <p class='ocr_par' dir='ltr' id='par_1_53' title="bbox 2211 2484 3780 2558">
     <span class='ocr_line' id='line_1_53' title="bbox 2211 2484 3780 2558; baseline 0.001 -19"><span class='ocrx_word' id='word_1_396' title='bbox 2211 2485 2326 2540; x_wconf 64' lang='lat' dir='ltr'><strong>tria:</strong></span> <span class='ocrx_word' id='word_1_397' title='bbox 2358 2484 2549 2557; x_wconf 87' lang='lat' dir='ltr'><strong>gaudia</strong></span> <span class='ocrx_word' id='word_1_398' title='bbox 2599 2501 2721 2542; x_wconf 88' lang='lat' dir='ltr'><strong>esse</strong></span> <span class='ocrx_word' id='word_1_399' title='bbox 2747 2487 3003 2558; x_wconf 90' lang='lat' dir='ltr'><strong>adeptum</strong></span> <span class='ocrx_word' id='word_1_400' title='bbox 3061 2490 3355 2546; x_wconf 87' lang='lat' dir='ltr'><strong>asserimus</strong></span> <span class='ocrx_word' id='word_1_401' title='bbox 3403 2490 3780 2545; x_wconf 83' lang='lat' dir='ltr'><strong>incunctanter.</strong></span> 
     </span>
    </p>
   </div>
   <div class='ocr_carea' id='block_1_54' title="bbox 2209 2575 3781 2654">
    <p class='ocr_par' dir='ltr' id='par_1_54' title="bbox 2209 2575 3781 2654">
     <span class='ocr_line' id='line_1_54' title="bbox 2209 2575 3781 2654; baseline 0.003 -23"><span class='ocrx_word' id='word_1_402' title='bbox 2209 2575 2347 2648; x_wconf 84' lang='lat' dir='ltr'><strong>Lege</strong></span> <span class='ocrx_word' id='word_1_403' title='bbox 2371 2593 2533 2648; x_wconf 84' lang='lat' dir='ltr'><strong>super</strong></span> <span class='ocrx_word' id='word_1_404' title='bbox 2582 2588 2773 2635; x_wconf 90' lang='lat' dir='ltr'><strong>octavo</strong></span> <span class='ocrx_word' id='word_1_405' title='bbox 2811 2580 2948 2637; x_wconf 92' lang='lat' dir='ltr'><strong>libro</strong></span> <span class='ocrx_word' id='word_1_406' title='bbox 2989 2583 3266 2654; x_wconf 89' lang='lat' dir='ltr'><strong>Augustini</strong></span> <span class='ocrx_word' id='word_1_407' title='bbox 3297 2584 3365 2638; x_wconf 90' lang='lat' dir='ltr'><strong>de</strong></span> <span class='ocrx_word' id='word_1_408' title='bbox 3391 2581 3627 2638; x_wconf 87' lang='lat' dir='ltr'><strong>Civitate</strong></span> <span class='ocrx_word' id='word_1_409' title='bbox 3680 2583 3781 2650; x_wconf 86' lang='lat' dir='ltr'><strong>Dei,</strong></span> 
     </span>
    </p>
   </div>
   <div class='ocr_carea' id='block_1_55' title="bbox 2206 2670 3783 2747">
    <p class='ocr_par' dir='ltr' id='par_1_55' title="bbox 2206 2670 3783 2747">
     <span class='ocr_line' id='line_1_55' title="bbox 2206 2670 3783 2747; baseline 0.002 -22"><span class='ocrx_word' id='word_1_410' title='bbox 2206 2670 2295 2725; x_wconf 89' lang='lat' dir='ltr'><strong>ubi</strong></span> <span class='ocrx_word' id='word_1_411' title='bbox 2331 2671 2470 2725; x_wconf 89' lang='lat' dir='ltr'><strong>inter</strong></span> <span class='ocrx_word' id='word_1_412' title='bbox 2497 2681 2689 2727; x_wconf 64' lang='lat' dir='ltr'><strong>caetera</strong></span> <span class='ocrx_word' id='word_1_413' title='bbox 2750 2673 2946 2745; x_wconf 87' lang='lat' dir='ltr'><strong>legitur</strong></span> <span class='ocrx_word' id='word_1_414' title='bbox 2982 2692 2993 2728; x_wconf 87' lang='lat'><strong>:</strong></span> <span class='ocrx_word' id='word_1_415' title='bbox 3026 2673 3325 2747; x_wconf 86' lang='lat' dir='ltr'><strong>Baptismus</strong></span> <span class='ocrx_word' id='word_1_416' title='bbox 3345 2676 3676 2730; x_wconf 79' lang='lat' dir='ltr'><strong>invisibiliter</strong></span> <span class='ocrx_word' id='word_1_417' title='bbox 3698 2676 3783 2728; x_wconf 81' lang='lat' dir='ltr'><strong>mi-</strong></span> 
     </span>
    </p>
   </div>
   <div class='ocr_carea' id='block_1_56' title="bbox 2206 2763 3786 2840">
    <p class='ocr_par' dir='ltr' id='par_1_56' title="bbox 2206 2763 3786 2840">
     <span class='ocr_line' id='line_1_56' title="bbox 2206 2763 3786 2840; baseline 0.004 -24"><span class='ocrx_word' id='word_1_418' title='bbox 2206 2763 2476 2831; x_wconf 84' lang='lat' dir='ltr'><strong>nislratur,</strong></span> <span class='ocrx_word' id='word_1_419' title='bbox 2507 2781 2655 2836; x_wconf 85' lang='lat' dir='ltr'><strong>quem</strong></span> <span class='ocrx_word' id='word_1_420' title='bbox 2682 2781 2786 2821; x_wconf 86' lang='lat' dir='ltr'><strong>non</strong></span> <span class='ocrx_word' id='word_1_421' title='bbox 2814 2778 3130 2839; x_wconf 82' lang='lat' dir='ltr'><strong>contemptus</strong></span> <span class='ocrx_word' id='word_1_422' title='bbox 3150 2769 3415 2840; x_wconf 82' lang='lat' dir='ltr'><strong>religionis</strong></span> <span class='ocrx_word' id='word_1_423' title='bbox 3434 2814 3449 2839; x_wconf 93' lang='lat'><strong>,</strong></span> <span class='ocrx_word' id='word_1_424' title='bbox 3479 2770 3572 2823; x_wconf 86' lang='lat' dir='ltr'><strong>sed</strong></span> <span class='ocrx_word' id='word_1_425' title='bbox 3620 2770 3786 2823; x_wconf 86' lang='lat' dir='ltr'><strong>termi-</strong></span> 
     </span>
    </p>
   </div>
   <div class='ocr_carea' id='block_1_57' title="bbox 2204 2857 3789 2933">
    <p class='ocr_par' dir='ltr' id='par_1_57' title="bbox 2204 2857 3789 2933">
     <span class='ocr_line' id='line_1_57' title="bbox 2204 2857 3789 2933; baseline 0.005 -24"><span class='ocrx_word' id='word_1_426' title='bbox 2204 2872 2303 2911; x_wconf 87' lang='lat' dir='ltr'><strong>nus</strong></span> <span class='ocrx_word' id='word_1_427' title='bbox 2335 2857 2647 2913; x_wconf 85' lang='lat' dir='ltr'><strong>necessitatis</strong></span> <span class='ocrx_word' id='word_1_428' title='bbox 2672 2860 2919 2915; x_wconf 72' lang='lat' dir='ltr'><strong>emcludit.</strong></span> <span class='ocrx_word' id='word_1_429' title='bbox 2950 2879 2971 2914; x_wconf 73' lang='grc' dir='ltr'><strong>ι</strong></span> <span class='ocrx_word' id='word_1_430' title='bbox 3001 2861 3169 2917; x_wconf 86' lang='lat' dir='ltr'><strong>Error</strong></span> <span class='ocrx_word' id='word_1_431' title='bbox 3197 2869 3376 2919; x_wconf 80' lang='lat' dir='ltr'><strong>tatnen</strong></span> <span class='ocrx_word' id='word_1_432' title='bbox 3411 2863 3657 2933; x_wconf 88' lang='lat' dir='ltr'><strong>irrepsit,</strong></span> <span class='ocrx_word' id='word_1_433' title='bbox 3680 2877 3789 2917; x_wconf 82' lang='lat' dir='ltr'><strong>nam</strong></span> 
     </span>
    </p>
   </div>
   <div class='ocr_carea' id='block_1_58' title="bbox 2212 2948 3833 3035">
    <p class='ocr_par' dir='ltr' id='par_1_58' title="bbox 2212 2948 3833 3035">
     <span class='ocr_line' id='line_1_58' title="bbox 2212 2948 3833 3035; baseline 0.002 -32"><span class='ocrx_word' id='word_1_434' title='bbox 2212 2948 2375 3017; x_wconf 79' lang='lat' dir='ltr'><strong>verba</strong></span> <span class='ocrx_word' id='word_1_435' title='bbox 2407 2948 2496 3004; x_wconf 90' lang='lat' dir='ltr'><strong>illa</strong></span> <span class='ocrx_word' id='word_1_436' title='bbox 2526 2949 2775 3023; x_wconf 86' lang='lat' dir='ltr'><strong>leguntur</strong></span> <span class='ocrx_word' id='word_1_437' title='bbox 2802 2966 2910 3008; x_wconf 91' lang='lat' dir='ltr'><strong>non</strong></span> <span class='ocrx_word' id='word_1_438' title='bbox 2934 2952 2988 3009; x_wconf 93' lang='lat' dir='ltr'><strong>in</strong></span> <span class='ocrx_word' id='word_1_439' title='bbox 3019 2952 3160 3009; x_wconf 90' lang='lat' dir='ltr'><strong>libro</strong></span> <span class='ocrx_word' id='word_1_440' title='bbox 3181 2953 3299 3009; x_wconf 78' lang='lat' dir='ltr'><strong>Vlll</strong></span> <span class='ocrx_word' id='word_1_441' title='bbox 3330 2953 3403 3009; x_wconf 92' lang='lat' dir='ltr'><strong>de</strong></span> <span class='ocrx_word' id='word_1_442' title='bbox 3420 2952 3657 3009; x_wconf 87' lang='lat' dir='ltr'><strong>Civitate</strong></span> <span class='ocrx_word' id='word_1_443' title='bbox 3683 2953 3789 3018; x_wconf 86' lang='lat' dir='ltr'><strong>Dei,</strong></span> <span class='ocrx_word' id='word_1_444' title='bbox 3827 3031 3833 3035; x_wconf 23' lang='lat'><strong><em>.</em></strong></span> 
     </span>
    </p>
   </div>
   <div class='ocr_carea' id='block_1_59' title="bbox 2207 3042 3790 3122">
    <p class='ocr_par' dir='ltr' id='par_1_59' title="bbox 2207 3042 3790 3122">
     <span class='ocr_line' id='line_1_59' title="bbox 2207 3042 3790 3122; baseline 0.004 -24"><span class='ocrx_word' id='word_1_445' title='bbox 2207 3044 2302 3098; x_wconf 89' lang='lat' dir='ltr'><strong>sed</strong></span> <span class='ocrx_word' id='word_1_446' title='bbox 2341 3042 2433 3100; x_wconf 88' lang='lat' dir='ltr'><strong>lib.</strong></span> <span class='ocrx_word' id='word_1_447' title='bbox 2470 3060 2522 3099; x_wconf 83' lang='lat' dir='ltr'><strong>1v</strong></span> <span class='ocrx_word' id='word_1_448' title='bbox 2547 3045 2614 3101; x_wconf 92' lang='lat' dir='ltr'><strong>de</strong></span> <span class='ocrx_word' id='word_1_449' title='bbox 2643 3045 2939 3118; x_wconf 81' lang='lat' dir='ltr'><strong>Baptismo,</strong></span> <span class='ocrx_word' id='word_1_450' title='bbox 2965 3058 3022 3105; x_wconf 91' lang='lat' dir='ltr'><strong>ut</strong></span> <span class='ocrx_word' id='word_1_451' title='bbox 3048 3050 3429 3118; x_wconf 88' lang='lat' dir='ltr'><strong>recitavimus,</strong></span> <span class='ocrx_word' id='word_1_452' title='bbox 3460 3065 3589 3122; x_wconf 77' lang='lat' dir='ltr'><strong>quae</strong></span> <span class='ocrx_word' id='word_1_453' title='bbox 3638 3051 3790 3107; x_wconf 83' lang='lat' dir='ltr'><strong>etiam</strong></span> 
     </span>
    </p>
   </div>
   <div class='ocr_carea' id='block_1_60' title="bbox 2201 3136 3790 3199">
    <p class='ocr_par' dir='ltr' id='par_1_60' title="bbox 2201 3136 3790 3199">
     <span class='ocr_line' id='line_1_60' title="bbox 2201 3136 3790 3199; baseline 0.004 -8"><span class='ocrx_word' id='word_1_454' title='bbox 2201 3136 2448 3193; x_wconf 88' lang='lat' dir='ltr'><strong>laudatus</strong></span> <span class='ocrx_word' id='word_1_455' title='bbox 2477 3137 2781 3196; x_wconf 88' lang='lat' dir='ltr'><strong>Bernardus</strong></span> <span class='ocrx_word' id='word_1_456' title='bbox 2808 3156 2873 3198; x_wconf 82' lang='lat' dir='ltr'><strong>ex</strong></span> <span class='ocrx_word' id='word_1_457' title='bbox 2902 3142 3095 3199; x_wconf 90' lang='lat' dir='ltr'><strong>eodem</strong></span> <span class='ocrx_word' id='word_1_458' title='bbox 3124 3142 3264 3199; x_wconf 90' lang='lat' dir='ltr'><strong>libro</strong></span> <span class='ocrx_word' id='word_1_459' title='bbox 3299 3158 3351 3197; x_wconf 81' lang='lat' dir='ltr'><strong>tv</strong></span> <span class='ocrx_word' id='word_1_460' title='bbox 3384 3143 3635 3198; x_wconf 81' lang='lat' dir='ltr'><strong>adduxit.</strong></span> <span class='ocrx_word' id='word_1_461' title='bbox 3668 3144 3790 3197; x_wconf 82' lang='lat' dir='ltr'><strong>Hinc</strong></span> 
     </span>
    </p>
   </div>
   <div class='ocr_carea' id='block_1_61' title="bbox 2202 3231 3789 3307">
    <p class='ocr_par' dir='ltr' id='par_1_61' title="bbox 2202 3231 3789 3307">
     <span class='ocr_line' id='line_1_61' title="bbox 2202 3231 3789 3307; baseline 0.004 -21"><span class='ocrx_word' id='word_1_462' title='bbox 2202 3231 2436 3303; x_wconf 85' lang='lat' dir='ltr'><strong>theologi</strong></span> <span class='ocrx_word' id='word_1_463' title='bbox 2467 3232 2790 3302; x_wconf 85' lang='lat' dir='ltr'><strong>baptismum</strong></span> <span class='ocrx_word' id='word_1_464' title='bbox 2816 3236 3142 3303; x_wconf 87' lang='lat' dir='ltr'><strong>ﬁaminis,et</strong></span> <span class='ocrx_word' id='word_1_465' title='bbox 3169 3236 3486 3293; x_wconf 83' lang='lat' dir='ltr'><strong>Tridentina</strong></span> <span class='ocrx_word' id='word_1_466' title='bbox 3530 3237 3789 3307; x_wconf 81' lang='lat' dir='ltr'><strong>synodus,</strong></span> 
     </span>
    </p>
   </div>
   <div class='ocr_carea' id='block_1_62' title="bbox 579 3318 3789 3415">
    <p class='ocr_par' dir='ltr' id='par_1_62' title="bbox 579 3318 3789 3415">
     <span class='ocr_line' id='line_1_62' title="bbox 579 3318 3789 3415; baseline 0.003 -41"><span class='ocrx_word' id='word_1_467' title='bbox 579 3318 684 3375; x_wconf 89' lang='lat' dir='ltr'><strong>Sed</strong></span> <span class='ocrx_word' id='word_1_468' title='bbox 713 3321 855 3377; x_wconf 87' lang='lat' dir='ltr'><strong>aliud</strong></span> <span class='ocrx_word' id='word_1_469' title='bbox 884 3325 1007 3394; x_wconf 89' lang='lat' dir='ltr'><strong>quid</strong></span> <span class='ocrx_word' id='word_1_470' title='bbox 1037 3327 1277 3383; x_wconf 87' lang='lat' dir='ltr'><strong>Annatus</strong></span> <span class='ocrx_word' id='word_1_471' title='bbox 1321 3330 1511 3399; x_wconf 89' lang='lat' dir='ltr'><strong>garrit,</strong></span> <span class='ocrx_word' id='word_1_472' title='bbox 1542 3331 1926 3403; x_wconf 89' lang='lat' dir='ltr'><strong>contenditque</strong></span> <span class='ocrx_word' id='word_1_473' title='bbox 1953 3332 2086 3389; x_wconf 90' lang='lat' dir='ltr'><strong>Ber-</strong></span> <span class='ocrx_word' id='word_1_474' title='bbox 2113 3352 2160 3415; x_wconf 74' lang='grc' dir='ltr'>ο</span> <span class='ocrx_word' id='word_1_475' title='bbox 2197 3339 2335 3383; x_wconf 87' lang='lat' dir='ltr'><strong>sess.</strong></span> <span class='ocrx_word' id='word_1_476' title='bbox 2356 3327 2410 3394; x_wconf 89' lang='lat'><strong>6,</strong></span> <span class='ocrx_word' id='word_1_477' title='bbox 2428 3330 2607 3400; x_wconf 68' lang='lat' dir='ltr'><strong>cap.4,</strong></span> <span class='ocrx_word' id='word_1_478' title='bbox 2627 3330 2951 3401; x_wconf 90' lang='lat' dir='ltr'><strong>baptismum</strong></span> <span class='ocrx_word' id='word_1_479' title='bbox 2965 3331 3020 3385; x_wconf 86' lang='lat' dir='ltr'><strong>in</strong></span> <span class='ocrx_word' id='word_1_480' title='bbox 3034 3330 3451 3401; x_wconf 81' lang='lat' dir='ltr'><strong>votojustiﬁcare</strong></span> <span class='ocrx_word' id='word_1_481' title='bbox 3466 3330 3789 3387; x_wconf 84' lang='lat' dir='ltr'><strong>decernunt.</strong></span> 
     </span>
    </p>
   </div>
   <div class='ocr_carea' id='block_1_63' title="bbox 493 3411 2081 3496">
    <p class='ocr_par' dir='ltr' id='par_1_63' title="bbox 493 3411 2081 3496">
     <span class='ocr_line' id='line_1_63' title="bbox 493 3411 2081 3496; baseline 0.011 -30"><span class='ocrx_word' id='word_1_482' title='bbox 493 3411 721 3468; x_wconf 91' lang='lat' dir='ltr'><strong>nardum</strong></span> <span class='ocrx_word' id='word_1_483' title='bbox 750 3413 987 3483; x_wconf 88' lang='lat' dir='ltr'><strong>diversa,</strong></span> <span class='ocrx_word' id='word_1_484' title='bbox 1020 3419 1126 3475; x_wconf 92' lang='lat' dir='ltr'><strong>imo</strong></span> <span class='ocrx_word' id='word_1_485' title='bbox 1178 3419 1403 3476; x_wconf 86' lang='lat' dir='ltr'><strong>adversa</strong></span> <span class='ocrx_word' id='word_1_486' title='bbox 1455 3438 1644 3494; x_wconf 89' lang='lat' dir='ltr'><strong>sapere</strong></span> <span class='ocrx_word' id='word_1_487' title='bbox 1666 3425 1753 3480; x_wconf 89' lang='lat' dir='ltr'><strong>vel</strong></span> <span class='ocrx_word' id='word_1_488' title='bbox 1793 3440 1859 3481; x_wconf 91' lang='lat' dir='ltr'><strong>eo</strong></span> <span class='ocrx_word' id='word_1_489' title='bbox 1881 3426 1999 3496; x_wconf 93' lang='lat' dir='ltr'><strong>ipso</strong></span> <span class='ocrx_word' id='word_1_490' title='bbox 2026 3427 2081 3483; x_wconf 93' lang='lat' dir='ltr'><strong>in</strong></span> 
     </span>
    </p>
   </div>
   <div class='ocr_carea' id='block_1_64' title="bbox 491 3500 2084 3589">
    <p class='ocr_par' dir='ltr' id='par_1_64' title="bbox 491 3500 2084 3589">
     <span class='ocr_line' id='line_1_64' title="bbox 491 3500 2084 3589; baseline 0.011 -30"><span class='ocrx_word' id='word_1_491' title='bbox 491 3500 613 3561; x_wconf 80' lang='lat' dir='ltr'><strong>loco</strong></span> <span class='ocrx_word' id='word_1_492' title='bbox 635 3504 703 3561; x_wconf 92' lang='lat' dir='ltr'><strong>ab</strong></span> <span class='ocrx_word' id='word_1_493' title='bbox 730 3509 1030 3577; x_wconf 84' lang='lat' dir='ltr'><strong>Augustino</strong></span> <span class='ocrx_word' id='word_1_494' title='bbox 1056 3512 1382 3579; x_wconf 90' lang='lat' dir='ltr'><strong>recedendo,</strong></span> <span class='ocrx_word' id='word_1_495' title='bbox 1419 3514 1509 3571; x_wconf 92' lang='lat' dir='ltr'><strong>ubi</strong></span> <span class='ocrx_word' id='word_1_496' title='bbox 1539 3530 1598 3570; x_wconf 92' lang='lat' dir='ltr'><strong>se</strong></span> <span class='ocrx_word' id='word_1_497' title='bbox 1631 3530 1752 3571; x_wconf 90' lang='lat' dir='ltr'><strong>cum</strong></span> <span class='ocrx_word' id='word_1_498' title='bbox 1787 3518 2084 3589; x_wconf 87' lang='lat' dir='ltr'><strong>Augustino</strong></span> 
     </span>
    </p>
   </div>
   <div class='ocr_carea' id='block_1_65' title="bbox 491 3606 2080 3679">
    <p class='ocr_par' dir='ltr' id='par_1_65' title="bbox 491 3606 2080 3679">
     <span class='ocr_line' id='line_1_65' title="bbox 491 3606 2080 3679; baseline 0.009 -26"><span class='ocrx_word' id='word_1_499' title='bbox 491 3608 586 3653; x_wconf 86' lang='lat' dir='ltr'><strong>aut</strong></span> <span class='ocrx_word' id='word_1_500' title='bbox 611 3614 798 3656; x_wconf 89' lang='lat' dir='ltr'><strong>errare</strong></span> <span class='ocrx_word' id='word_1_501' title='bbox 822 3610 915 3657; x_wconf 90' lang='lat' dir='ltr'><strong>aut</strong></span> <span class='ocrx_word' id='word_1_502' title='bbox 942 3617 1134 3673; x_wconf 88' lang='lat' dir='ltr'><strong>sapere</strong></span> <span class='ocrx_word' id='word_1_503' title='bbox 1164 3606 1470 3674; x_wconf 91' lang='lat' dir='ltr'><strong>proﬁtetur,</strong></span> <span class='ocrx_word' id='word_1_504' title='bbox 1502 3623 1695 3678; x_wconf 91' lang='lat' dir='ltr'><strong>nempe</strong></span> <span class='ocrx_word' id='word_1_505' title='bbox 1725 3610 1887 3679; x_wconf 90' lang='lat' dir='ltr'><strong>epist.</strong></span> <span class='ocrx_word' id='word_1_506' title='bbox 1919 3612 1982 3665; x_wconf 89' lang='lat'><strong>77</strong></span> <span class='ocrx_word' id='word_1_507' title='bbox 2014 3613 2080 3668; x_wconf 90' lang='lat' dir='ltr'><strong>ad</strong></span> 
     </span>
    </p>
   </div>
   <div class='ocr_carea' id='block_1_66' title="bbox 488 3692 2083 3777">
    <p class='ocr_par' dir='ltr' id='par_1_66' title="bbox 488 3692 2083 3777">
     <span class='ocr_line' id='line_1_66' title="bbox 488 3692 2083 3777; baseline 0.009 -28"><span class='ocrx_word' id='word_1_508' title='bbox 488 3692 795 3765; x_wconf 83' lang='lat' dir='ltr'><strong>ﬂugonem.</strong></span> <span class='ocrx_word' id='word_1_509' title='bbox 830 3695 909 3751; x_wconf 88' lang='lat' dir='ltr'><strong>Do</strong></span> <span class='ocrx_word' id='word_1_510' title='bbox 936 3698 1130 3753; x_wconf 81' lang='lat' dir='ltr'><strong>Annali</strong></span> <span class='ocrx_word' id='word_1_511' title='bbox 1153 3699 1353 3755; x_wconf 88' lang='lat' dir='ltr'><strong>verba:</strong></span> <span class='ocrx_word' id='word_1_512' title='bbox 1387 3719 1403 3751; x_wconf 83' lang='lat'><strong>(</strong></span> <span class='ocrx_word' id='word_1_513' title='bbox 1436 3701 1507 3757; x_wconf 90' lang='lat' dir='ltr'><strong>Ut</strong></span> <span class='ocrx_word' id='word_1_514' title='bbox 1532 3706 1774 3760; x_wconf 88' lang='lat' dir='ltr'><strong>omittam</strong></span> <span class='ocrx_word' id='word_1_515' title='bbox 1807 3706 1949 3777; x_wconf 91' lang='lat' dir='ltr'><strong>quod</strong></span> <span class='ocrx_word' id='word_1_516' title='bbox 1996 3723 2083 3765; x_wconf 88' lang='lat' dir='ltr'><strong>re-</strong></span> 
     </span>
    </p>
   </div>
   <div class='ocr_carea' id='block_1_67' title="bbox 486 3784 2079 3865">
    <p class='ocr_par' dir='ltr' id='par_1_67' title="bbox 486 3784 2079 3865">
     <span class='ocr_line' id='line_1_67' title="bbox 486 3784 2079 3865; baseline 0.009 -22"><span class='ocrx_word' id='word_1_517' title='bbox 486 3784 594 3843; x_wconf 91' lang='lat' dir='ltr'><strong>lata</strong></span> <span class='ocrx_word' id='word_1_518' title='bbox 622 3788 715 3844; x_wconf 91' lang='lat' dir='ltr'><strong>illa</strong></span> <span class='ocrx_word' id='word_1_519' title='bbox 763 3788 1030 3844; x_wconf 78' lang='lat' dir='ltr'><strong>sententia</strong></span> <span class='ocrx_word' id='word_1_520' title='bbox 1061 3806 1166 3860; x_wconf 89' lang='lat' dir='ltr'><strong>qua</strong></span> <span class='ocrx_word' id='word_1_521' title='bbox 1208 3792 1380 3848; x_wconf 91' lang='lat' dir='ltr'><strong>sensit</strong></span> <span class='ocrx_word' id='word_1_522' title='bbox 1423 3794 1752 3865; x_wconf 84' lang='lat' dir='ltr'><strong>Augustinus</strong></span> <span class='ocrx_word' id='word_1_523' title='bbox 1810 3799 2079 3857; x_wconf 89' lang='lat' dir='ltr'><strong>internam</strong></span> 
     </span>
    </p>
   </div>
   <div class='ocr_carea' id='block_1_68' title="bbox 488 3882 2079 3964">
    <p class='ocr_par' dir='ltr' id='par_1_68' title="bbox 488 3882 2079 3964">
     <span class='ocr_line' id='line_1_68' title="bbox 488 3882 2079 3964; baseline 0.009 -27"><span class='ocrx_word' id='word_1_524' title='bbox 488 3882 670 3938; x_wconf 88' lang='lat' dir='ltr'><strong>cordis</strong></span> <span class='ocrx_word' id='word_1_525' title='bbox 729 3883 1142 3940; x_wconf 89' lang='lat' dir='ltr'><strong>conversionem</strong></span> <span class='ocrx_word' id='word_1_526' title='bbox 1194 3886 1261 3942; x_wconf 89' lang='lat' dir='ltr'><strong>ad</strong></span> <span class='ocrx_word' id='word_1_527' title='bbox 1314 3886 1483 3943; x_wconf 90' lang='lat' dir='ltr'><strong>Deum</strong></span> <span class='ocrx_word' id='word_1_528' title='bbox 1516 3900 1794 3947; x_wconf 86' lang='lat' dir='ltr'><strong>externam</strong></span> <span class='ocrx_word' id='word_1_529' title='bbox 1826 3893 2079 3964; x_wconf 89' lang='lat' dir='ltr'><strong>baptismi</strong></span> 
     </span>
    </p>
   </div>
   <div class='ocr_carea' id='block_1_69' title="bbox 486 3976 2077 4053">
    <p class='ocr_par' dir='ltr' id='par_1_69' title="bbox 486 3976 2077 4053">
     <span class='ocr_line' id='line_1_69' title="bbox 486 3976 2077 4053; baseline 0.009 -23"><span class='ocrx_word' id='word_1_530' title='bbox 486 3976 886 4045; x_wconf 88' lang='lat' dir='ltr'><strong>susceptionem</strong></span> <span class='ocrx_word' id='word_1_531' title='bbox 914 3992 1073 4045; x_wconf 89' lang='lat' dir='ltr'><strong>posse</strong></span> <span class='ocrx_word' id='word_1_532' title='bbox 1097 3979 1458 4049; x_wconf 88' lang='lat' dir='ltr'><strong>supplere,vir</strong></span> <span class='ocrx_word' id='word_1_533' title='bbox 1476 3981 1700 4039; x_wconf 85' lang='lat' dir='ltr'><strong>minime</strong></span> <span class='ocrx_word' id='word_1_534' title='bbox 1716 3984 2077 4053; x_wconf 89' lang='lat' dir='ltr'><strong>jactabundus</strong></span> 
     </span>
    </p>
   </div>
   <div class='ocr_carea' id='block_1_70' title="bbox 483 4066 2079 4149">
    <p class='ocr_par' dir='ltr' id='par_1_70' title="bbox 483 4066 2079 4149">
     <span class='ocr_line' id='line_1_70' title="bbox 483 4066 2079 4149; baseline 0.009 -29"><span class='ocrx_word' id='word_1_535' title='bbox 483 4082 683 4135; x_wconf 88' lang='lat' dir='ltr'><strong>negare</strong></span> <span class='ocrx_word' id='word_1_536' title='bbox 707 4066 868 4123; x_wconf 89' lang='lat' dir='ltr'><strong>audet</strong></span> <span class='ocrx_word' id='word_1_537' title='bbox 892 4066 1058 4125; x_wconf 86' lang='lat' dir='ltr'><strong>fuisse</strong></span> <span class='ocrx_word' id='word_1_538' title='bbox 1090 4072 1295 4139; x_wconf 89' lang='lat' dir='ltr'><strong>uspiam</strong></span> <span class='ocrx_word' id='word_1_539' title='bbox 1325 4072 1394 4127; x_wconf 91' lang='lat' dir='ltr'><strong>ab</strong></span> <span class='ocrx_word' id='word_1_540' title='bbox 1422 4088 1488 4129; x_wconf 95' lang='lat' dir='ltr'><strong>eo</strong></span> <span class='ocrx_word' id='word_1_541' title='bbox 1514 4083 2079 4149; x_wconf 83' lang='lat' dir='ltr'><strong>retractatam,quam-</strong></span> 
     </span>
    </p>
   </div>
   <div class='ocr_carea' id='block_1_71' title="bbox 480 4159 2077 4241">
    <p class='ocr_par' dir='ltr' id='par_1_71' title="bbox 480 4159 2077 4241">
     <span class='ocr_line' id='line_1_71' title="bbox 480 4159 2077 4241; baseline 0.012 -30"><span class='ocrx_word' id='word_1_542' title='bbox 480 4159 564 4213; x_wconf 88' lang='lat' dir='ltr'><strong>vis</strong></span> <span class='ocrx_word' id='word_1_543' title='bbox 586 4169 934 4218; x_wconf 83' lang='lat' dir='ltr'><strong>retractasset</strong></span> <span class='ocrx_word' id='word_1_544' title='bbox 960 4164 1265 4235; x_wconf 80' lang='lat' dir='ltr'><strong>exemplum</strong></span> <span class='ocrx_word' id='word_1_545' title='bbox 1292 4167 1433 4233; x_wconf 90' lang='lat' dir='ltr'><strong>quod</strong></span> <span class='ocrx_word' id='word_1_546' title='bbox 1462 4170 1764 4241; x_wconf 88' lang='lat' dir='ltr'><strong>subjecerat</strong></span> <span class='ocrx_word' id='word_1_547' title='bbox 1799 4174 1968 4229; x_wconf 88' lang='lat' dir='ltr'><strong>sancti</strong></span> <span class='ocrx_word' id='word_1_548' title='bbox 2001 4176 2077 4230; x_wconf 89' lang='lat' dir='ltr'><strong>la-</strong></span> 
     </span>
    </p>
   </div>
   <div class='ocr_carea' id='block_1_72' title="bbox 483 4253 2075 4341">
    <p class='ocr_par' dir='ltr' id='par_1_72' title="bbox 483 4253 2075 4341">
     <span class='ocr_line' id='line_1_72' title="bbox 483 4253 2075 4341; baseline 0.014 -37"><span class='ocrx_word' id='word_1_549' title='bbox 483 4253 677 4318; x_wconf 88' lang='lat' dir='ltr'><strong>tronis,</strong></span> <span class='ocrx_word' id='word_1_550' title='bbox 704 4268 767 4309; x_wconf 92' lang='lat' dir='ltr'><strong>ea</strong></span> <span class='ocrx_word' id='word_1_551' title='bbox 789 4254 999 4312; x_wconf 88' lang='lat' dir='ltr'><strong>ratione</strong></span> <span class='ocrx_word' id='word_1_552' title='bbox 1016 4258 1156 4328; x_wconf 90' lang='lat' dir='ltr'><strong>quod</strong></span> <span class='ocrx_word' id='word_1_553' title='bbox 1184 4260 1446 4317; x_wconf 90' lang='lat' dir='ltr'><strong>incertum</strong></span> <span class='ocrx_word' id='word_1_554' title='bbox 1472 4274 1618 4320; x_wconf 87' lang='lat' dir='ltr'><strong>esset</strong></span> <span class='ocrx_word' id='word_1_555' title='bbox 1638 4281 1705 4319; x_wconf 86' lang='lat' dir='ltr'><strong>an</strong></span> <span class='ocrx_word' id='word_1_556' title='bbox 1728 4265 1915 4323; x_wconf 88' lang='lat' dir='ltr'><strong>fuisset</strong></span> <span class='ocrx_word' id='word_1_557' title='bbox 1943 4268 2075 4341; x_wconf 89' lang='lat' dir='ltr'><strong>bap-</strong></span> 
     </span>
    </p>
   </div>
   <div class='ocr_carea' id='block_1_73' title="bbox 481 4345 2072 4434">
    <p class='ocr_par' dir='ltr' id='par_1_73' title="bbox 481 4345 2072 4434">
     <span class='ocr_line' id='line_1_73' title="bbox 481 4345 2072 4434; baseline 0.014 -37"><span class='ocrx_word' id='word_1_558' title='bbox 481 4345 694 4401; x_wconf 87' lang='lat' dir='ltr'><strong>tizatus.</strong></span> <span class='ocrx_word' id='word_1_559' title='bbox 732 4366 752 4400; x_wconf 74' lang='grc' dir='ltr'><strong>ι</strong></span> <span class='ocrx_word' id='word_1_560' title='bbox 792 4347 987 4406; x_wconf 89' lang='lat' dir='ltr'><strong>Nescio</strong></span> <span class='ocrx_word' id='word_1_561' title='bbox 1018 4368 1124 4422; x_wconf 92' lang='lat' dir='ltr'><strong>quo</strong></span> <span class='ocrx_word' id='word_1_562' title='bbox 1153 4355 1379 4411; x_wconf 89' lang='lat' dir='ltr'><strong>consilio</strong></span> <span class='ocrx_word' id='word_1_563' title='bbox 1403 4358 1651 4415; x_wconf 92' lang='lat' dir='ltr'><strong>Annatus</strong></span> <span class='ocrx_word' id='word_1_564' title='bbox 1680 4359 1765 4416; x_wconf 91' lang='lat' dir='ltr'><strong>hic</strong></span> <span class='ocrx_word' id='word_1_565' title='bbox 1811 4364 2072 4434; x_wconf 90' lang='lat' dir='ltr'><strong>paralepsi</strong></span> 
     </span>
    </p>
   </div>
   <div class='ocr_carea' id='block_1_74' title="bbox 478 4440 2073 4526">
    <p class='ocr_par' dir='ltr' id='par_1_74' title="bbox 478 4440 2073 4526">
     <span class='ocr_line' id='line_1_74' title="bbox 478 4440 2073 4526; baseline 0.011 -33"><span class='ocrx_word' id='word_1_566' title='bbox 478 4448 677 4494; x_wconf 84' lang='lat' dir='ltr'><strong>utatur.</strong></span> <span class='ocrx_word' id='word_1_567' title='bbox 704 4440 803 4495; x_wconf 88' lang='lat' dir='ltr'><strong>Eia</strong></span> <span class='ocrx_word' id='word_1_568' title='bbox 856 4458 973 4514; x_wconf 88' lang='lat' dir='ltr'><strong>age,</strong></span> <span class='ocrx_word' id='word_1_569' title='bbox 1000 4444 1242 4502; x_wconf 90' lang='lat' dir='ltr'><strong>edissere</strong></span> <span class='ocrx_word' id='word_1_570' title='bbox 1269 4462 1367 4503; x_wconf 91' lang='lat' dir='ltr'><strong>cur</strong></span> <span class='ocrx_word' id='word_1_571' title='bbox 1400 4464 1466 4505; x_wconf 83' lang='lat' dir='ltr'><strong>ex</strong></span> <span class='ocrx_word' id='word_1_572' title='bbox 1516 4449 1793 4508; x_wconf 85' lang='lat' dir='ltr'><strong>Bernardo</strong></span> <span class='ocrx_word' id='word_1_573' title='bbox 1823 4456 2073 4526; x_wconf 86' lang='lat' dir='ltr'><strong>Augusti-</strong></span> 
     </span>
    </p>
   </div>
   <div class='ocr_carea' id='block_1_75' title="bbox 474 4538 2067 4614">
    <p class='ocr_par' dir='ltr' id='par_1_75' title="bbox 474 4538 2067 4614">
     <span class='ocr_line' id='line_1_75' title="bbox 474 4538 2067 4614; baseline 0.013 -28"><span class='ocrx_word' id='word_1_574' title='bbox 474 4547 604 4587; x_wconf 91' lang='lat' dir='ltr'><strong>num</strong></span> <span class='ocrx_word' id='word_1_575' title='bbox 630 4548 885 4591; x_wconf 87' lang='lat' dir='ltr'><strong>accusare</strong></span> <span class='ocrx_word' id='word_1_576' title='bbox 927 4538 1021 4593; x_wconf 92' lang='lat' dir='ltr'><strong>tibi</strong></span> <span class='ocrx_word' id='word_1_577' title='bbox 1053 4538 1109 4592; x_wconf 90' lang='lat' dir='ltr'><strong>in</strong></span> <span class='ocrx_word' id='word_1_578' title='bbox 1131 4540 1445 4612; x_wconf 87' lang='lat' dir='ltr'><strong>religionem</strong></span> <span class='ocrx_word' id='word_1_579' title='bbox 1477 4545 1664 4599; x_wconf 89' lang='lat' dir='ltr'><strong>venit?</strong></span> <span class='ocrx_word' id='word_1_580' title='bbox 1686 4546 1761 4601; x_wconf 88' lang='lat' dir='ltr'><strong>Ita</strong></span> <span class='ocrx_word' id='word_1_581' title='bbox 1793 4558 1905 4614; x_wconf 89' lang='lat' dir='ltr'><strong>est,</strong></span> <span class='ocrx_word' id='word_1_582' title='bbox 1934 4549 2067 4605; x_wconf 90' lang='lat' dir='ltr'><strong>Ber-</strong></span> 
     </span>
    </p>
   </div>
   <div class='ocr_carea' id='block_1_76' title="bbox 472 4622 2064 4711">
    <p class='ocr_par' dir='ltr' id='par_1_76' title="bbox 472 4622 2064 4711">
     <span class='ocr_line' id='line_1_76' title="bbox 472 4622 2064 4711; baseline 0.013 -34"><span class='ocrx_word' id='word_1_583' title='bbox 472 4622 673 4680; x_wconf 90' lang='lat' dir='ltr'><strong>nardus</strong></span> <span class='ocrx_word' id='word_1_584' title='bbox 696 4627 777 4682; x_wconf 89' lang='lat' dir='ltr'><strong>vir</strong></span> <span class='ocrx_word' id='word_1_585' title='bbox 810 4627 1029 4685; x_wconf 91' lang='lat' dir='ltr'><strong>minime</strong></span> <span class='ocrx_word' id='word_1_586' title='bbox 1041 4630 1401 4700; x_wconf 88' lang='lat' dir='ltr'><strong>jactabundus</strong></span> <span class='ocrx_word' id='word_1_587' title='bbox 1416 4635 1696 4708; x_wconf 89' lang='lat' dir='ltr'><strong>Augustini</strong></span> <span class='ocrx_word' id='word_1_588' title='bbox 1719 4642 2064 4711; x_wconf 82' lang='lat' dir='ltr'><strong>sententiam,</strong></span> 
     </span>
    </p>
   </div>
   <div class='ocr_carea' id='block_1_77' title="bbox 2191 3418 3788 3493">
    <p class='ocr_par' dir='ltr' id='par_1_77' title="bbox 2191 3418 3788 3493">
     <span class='ocr_line' id='line_1_77' title="bbox 2191 3418 3788 3493; baseline 0.003 -18"><span class='ocrx_word' id='word_1_589' title='bbox 2191 3418 2327 3486; x_wconf 85' lang='lat' dir='ltr'><strong>Quid</strong></span> <span class='ocrx_word' id='word_1_590' title='bbox 2358 3421 2520 3491; x_wconf 90' lang='lat' dir='ltr'><strong>igitur</strong></span> <span class='ocrx_word' id='word_1_591' title='bbox 2548 3424 2645 3479; x_wconf 90' lang='lat' dir='ltr'><strong>tibi</strong></span> <span class='ocrx_word' id='word_1_592' title='bbox 2674 3422 2727 3479; x_wconf 92' lang='lat' dir='ltr'><strong>in</strong></span> <span class='ocrx_word' id='word_1_593' title='bbox 2775 3432 3011 3480; x_wconf 89' lang='lat' dir='ltr'><strong>mentem</strong></span> <span class='ocrx_word' id='word_1_594' title='bbox 3040 3425 3209 3493; x_wconf 82' lang='lat' dir='ltr'><strong>venit,</strong></span> <span class='ocrx_word' id='word_1_595' title='bbox 3242 3426 3483 3493; x_wconf 88' lang='lat' dir='ltr'><strong>Annate,</strong></span> <span class='ocrx_word' id='word_1_596' title='bbox 3507 3424 3641 3480; x_wconf 90' lang='lat' dir='ltr'><strong>dum</strong></span> <span class='ocrx_word' id='word_1_597' title='bbox 3674 3440 3788 3481; x_wconf 89' lang='lat' dir='ltr'><strong>seu-</strong></span> 
     </span>
    </p>
   </div>
   <div class='ocr_carea' id='block_1_78' title="bbox 2189 3512 3789 3590">
    <p class='ocr_par' dir='ltr' id='par_1_78' title="bbox 2189 3512 3789 3590">
     <span class='ocr_line' id='line_1_78' title="bbox 2189 3512 3789 3590; baseline 0.002 -22"><span class='ocrx_word' id='word_1_598' title='bbox 2189 3512 2414 3579; x_wconf 88' lang='lat' dir='ltr'><strong>tentiam</strong></span> <span class='ocrx_word' id='word_1_599' title='bbox 2447 3514 2595 3572; x_wconf 90' lang='lat' dir='ltr'><strong>illam</strong></span> <span class='ocrx_word' id='word_1_600' title='bbox 2643 3517 2813 3574; x_wconf 87' lang='lat' dir='ltr'><strong>sancti</strong></span> <span class='ocrx_word' id='word_1_601' title='bbox 2844 3516 3087 3574; x_wconf 86' lang='lat' dir='ltr'><strong>doctoris</strong></span> <span class='ocrx_word' id='word_1_602' title='bbox 3124 3517 3193 3573; x_wconf 92' lang='lat' dir='ltr'><strong>ab</strong></span> <span class='ocrx_word' id='word_1_603' title='bbox 3234 3517 3475 3574; x_wconf 85' lang='lat' dir='ltr'><strong>Ecclesia</strong></span> <span class='ocrx_word' id='word_1_604' title='bbox 3521 3517 3789 3590; x_wconf 86' lang='lat' dir='ltr'><strong>approba-</strong></span> 
     </span>
    </p>
   </div>
   <div class='ocr_carea' id='block_1_79' title="bbox 2189 3608 3784 3682">
    <p class='ocr_par' dir='ltr' id='par_1_79' title="bbox 2189 3608 3784 3682">
     <span class='ocr_line' id='line_1_79' title="bbox 2189 3608 3784 3682; baseline 0.003 -23"><span class='ocrx_word' id='word_1_605' title='bbox 2189 3614 2293 3660; x_wconf 92' lang='lat' dir='ltr'><strong>tam</strong></span> <span class='ocrx_word' id='word_1_606' title='bbox 2320 3608 2474 3677; x_wconf 88' lang='lat' dir='ltr'><strong>quasi</strong></span> <span class='ocrx_word' id='word_1_607' title='bbox 2521 3611 2907 3666; x_wconf 90' lang='lat' dir='ltr'><strong>retractatione</strong></span> <span class='ocrx_word' id='word_1_608' title='bbox 2950 3611 3167 3682; x_wconf 88' lang='lat' dir='ltr'><strong>dignam</strong></span> <span class='ocrx_word' id='word_1_609' title='bbox 3226 3610 3575 3679; x_wconf 89' lang='lat' dir='ltr'><strong>recensuisti,</strong></span> <span class='ocrx_word' id='word_1_610' title='bbox 3629 3624 3784 3681; x_wconf 85' lang='lat' dir='ltr'><strong>quam</strong></span> 
     </span>
    </p>
   </div>
   <div class='ocr_carea' id='block_1_80' title="bbox 2184 3698 3782 3775">
    <p class='ocr_par' dir='ltr' id='par_1_80' title="bbox 2184 3698 3782 3775">
     <span class='ocr_line' id='line_1_80' title="bbox 2184 3698 3782 3775; baseline 0.003 -23"><span class='ocrx_word' id='word_1_611' title='bbox 2184 3698 2345 3754; x_wconf 90' lang='lat' dir='ltr'><strong>etiam</strong></span> <span class='ocrx_word' id='word_1_612' title='bbox 2376 3710 2687 3758; x_wconf 90' lang='lat' dir='ltr'><strong>constanter</strong></span> <span class='ocrx_word' id='word_1_613' title='bbox 2715 3702 2856 3758; x_wconf 89' lang='lat' dir='ltr'><strong>idem</strong></span> <span class='ocrx_word' id='word_1_614' title='bbox 2883 3704 3053 3759; x_wconf 89' lang='lat' dir='ltr'><strong>tenuit</strong></span> <span class='ocrx_word' id='word_1_615' title='bbox 3072 3713 3195 3773; x_wconf 89' lang='lat' dir='ltr'><strong>post</strong></span> <span class='ocrx_word' id='word_1_616' title='bbox 3216 3712 3434 3760; x_wconf 79' lang='lat' dir='ltr'><strong>exortos</strong></span> <span class='ocrx_word' id='word_1_617' title='bbox 3462 3702 3782 3775; x_wconf 86' lang='lat' dir='ltr'><strong>Pelagianos</strong></span> 
     </span>
    </p>
   </div>
   <div class='ocr_carea' id='block_1_81' title="bbox 2183 3798 3784 3872">
    <p class='ocr_par' dir='ltr' id='par_1_81' title="bbox 2183 3798 3784 3872">
     <span class='ocr_line' id='line_1_81' title="bbox 2183 3798 3784 3872; baseline 0.003 -20"><span class='ocrx_word' id='word_1_618' title='bbox 2183 3798 2443 3868; x_wconf 83' lang='lat' dir='ltr'><strong>adﬁnem</strong></span> <span class='ocrx_word' id='word_1_619' title='bbox 2468 3816 2635 3871; x_wconf 91' lang='lat' dir='ltr'><strong>usque</strong></span> <span class='ocrx_word' id='word_1_620' title='bbox 2656 3802 2812 3857; x_wconf 67' lang='lat' dir='ltr'><strong>vitm?</strong></span> <span class='ocrx_word' id='word_1_621' title='bbox 2835 3800 3066 3872; x_wconf 90' lang='lat' dir='ltr'><strong>Legatur</strong></span> <span class='ocrx_word' id='word_1_622' title='bbox 3088 3801 3183 3858; x_wconf 85' lang='lat' dir='ltr'><strong>lib.</strong></span> <span class='ocrx_word' id='word_1_623' title='bbox 3200 3816 3217 3855; x_wconf 91' lang='grc' dir='ltr'><strong>ι</strong></span> <span class='ocrx_word' id='word_1_624' title='bbox 3233 3801 3303 3857; x_wconf 91' lang='lat' dir='ltr'><strong>de</strong></span> <span class='ocrx_word' id='word_1_625' title='bbox 3321 3801 3546 3872; x_wconf 85' lang='lat' dir='ltr'><strong>Origine</strong></span> <span class='ocrx_word' id='word_1_626' title='bbox 3567 3800 3784 3867; x_wconf 67' lang='lat' dir='ltr'><strong>anima,</strong></span> 
     </span>
    </p>
   </div>
   <div class='ocr_carea' id='block_1_82' title="bbox 2180 3894 3783 3967">
    <p class='ocr_par' dir='ltr' id='par_1_82' title="bbox 2180 3894 3783 3967">
     <span class='ocr_line' id='line_1_82' title="bbox 2180 3894 3783 3967; baseline -0.001 -16"><span class='ocrx_word' id='word_1_627' title='bbox 2180 3909 2299 3965; x_wconf 89' lang='lat' dir='ltr'><strong>cap.</strong></span> <span class='ocrx_word' id='word_1_628' title='bbox 2332 3895 2365 3950; x_wconf 91' lang='lat'><strong>9</strong></span> <span class='ocrx_word' id='word_1_629' title='bbox 2394 3905 2448 3951; x_wconf 86' lang='lat' dir='ltr'><strong>et</strong></span> <span class='ocrx_word' id='word_1_630' title='bbox 2474 3896 2567 3953; x_wconf 91' lang='lat' dir='ltr'><strong>lib.</strong></span> <span class='ocrx_word' id='word_1_631' title='bbox 2601 3912 2637 3951; x_wconf 89' lang='grc' dir='ltr'><strong>ιι</strong></span> <span class='ocrx_word' id='word_1_632' title='bbox 2670 3894 2931 3964; x_wconf 78' lang='lat' dir='ltr'><strong>Retract.,</strong></span> <span class='ocrx_word' id='word_1_633' title='bbox 2962 3911 3082 3967; x_wconf 90' lang='lat' dir='ltr'><strong>cap.</strong></span> <span class='ocrx_word' id='word_1_634' title='bbox 3113 3895 3201 3951; x_wconf 76' lang='lat' dir='ltr'><strong>i8.</strong></span> <span class='ocrx_word' id='word_1_635' title='bbox 3230 3896 3331 3963; x_wconf 85' lang='lat' dir='ltr'><strong>Qui</strong></span> <span class='ocrx_word' id='word_1_636' title='bbox 3363 3897 3519 3965; x_wconf 88' lang='lat' dir='ltr'><strong>plura</strong></span> <span class='ocrx_word' id='word_1_637' title='bbox 3550 3910 3620 3952; x_wconf 87' lang='lat' dir='ltr'><strong>ea</strong></span> <span class='ocrx_word' id='word_1_638' title='bbox 3644 3895 3783 3951; x_wconf 88' lang='lat' dir='ltr'><strong>dere</strong></span> 
     </span>
    </p>
   </div>
   <div class='ocr_carea' id='block_1_83' title="bbox 2180 3988 3782 4062">
    <p class='ocr_par' dir='ltr' id='par_1_83' title="bbox 2180 3988 3782 4062">
     <span class='ocr_line' id='line_1_83' title="bbox 2180 3988 3782 4062; baseline 0 -19"><span class='ocrx_word' id='word_1_639' title='bbox 2180 3988 2320 4045; x_wconf 92' lang='lat' dir='ltr'><strong>scire</strong></span> <span class='ocrx_word' id='word_1_640' title='bbox 2349 3992 2780 4061; x_wconf 89' lang='lat' dir='ltr'><strong>cupit,consulat</strong></span> <span class='ocrx_word' id='word_1_641' title='bbox 2825 3990 3191 4048; x_wconf 86' lang='lat' dir='ltr'><strong>Christianum</strong></span> <span class='ocrx_word' id='word_1_642' title='bbox 3232 3991 3469 4062; x_wconf 87' lang='lat' dir='ltr'><strong>Lupum,</strong></span> <span class='ocrx_word' id='word_1_643' title='bbox 3500 3998 3782 4047; x_wconf 84' lang='lat' dir='ltr'><strong>auctorem</strong></span> 
     </span>
    </p>
   </div>
   <div class='ocr_carea' id='block_1_84' title="bbox 2179 4080 3782 4152">
    <p class='ocr_par' dir='ltr' id='par_1_84' title="bbox 2179 4080 3782 4152">
     <span class='ocr_line' id='line_1_84' title="bbox 2179 4080 3782 4152; baseline -0.001 -15"><span class='ocrx_word' id='word_1_644' title='bbox 2179 4083 2309 4139; x_wconf 91' lang='lat' dir='ltr'><strong>satis</strong></span> <span class='ocrx_word' id='word_1_645' title='bbox 2330 4092 2537 4151; x_wconf 92' lang='lat' dir='ltr'><strong>notum,</strong></span> <span class='ocrx_word' id='word_1_646' title='bbox 2560 4084 2615 4139; x_wconf 93' lang='lat' dir='ltr'><strong>in</strong></span> <span class='ocrx_word' id='word_1_647' title='bbox 2642 4084 2735 4140; x_wconf 91' lang='lat' dir='ltr'><strong>lib.</strong></span> <span class='ocrx_word' id='word_1_648' title='bbox 2750 4085 2816 4141; x_wconf 92' lang='lat' dir='ltr'><strong>de</strong></span> <span class='ocrx_word' id='word_1_649' title='bbox 2832 4084 3121 4141; x_wconf 86' lang='lat' dir='ltr'><strong>Attritione</strong></span> <span class='ocrx_word' id='word_1_650' title='bbox 3142 4092 3196 4141; x_wconf 93' lang='lat' dir='ltr'><strong>et</strong></span> <span class='ocrx_word' id='word_1_651' title='bbox 3214 4083 3564 4150; x_wconf 84' lang='lat' dir='ltr'><strong>contritione,</strong></span> <span class='ocrx_word' id='word_1_652' title='bbox 3584 4097 3710 4152; x_wconf 86' lang='lat' dir='ltr'><strong>cap.</strong></span> <span class='ocrx_word' id='word_1_653' title='bbox 3729 4080 3782 4136; x_wconf 91' lang='lat'><strong>8.</strong></span> 
     </span>
    </p>
   </div>
   <div class='ocr_carea' id='block_1_85' title="bbox 2250 4176 3783 4251">
    <p class='ocr_par' dir='ltr' id='par_1_85' title="bbox 2250 4176 3783 4251">
     <span class='ocr_line' id='line_1_85' title="bbox 2250 4176 3783 4251; baseline -0.003 -16"><span class='ocrx_word' id='word_1_654' title='bbox 2250 4180 2334 4235; x_wconf 91' lang='lat' dir='ltr'><strong>An</strong></span> <span class='ocrx_word' id='word_1_655' title='bbox 2358 4179 2497 4235; x_wconf 88' lang='lat' dir='ltr'><strong>forte</strong></span> <span class='ocrx_word' id='word_1_656' title='bbox 2530 4179 2722 4236; x_wconf 89' lang='lat' dir='ltr'><strong>irrides</strong></span> <span class='ocrx_word' id='word_1_657' title='bbox 2748 4180 2893 4250; x_wconf 91' lang='lat' dir='ltr'><strong>quod</strong></span> <span class='ocrx_word' id='word_1_658' title='bbox 2941 4179 3010 4236; x_wconf 92' lang='lat' dir='ltr'><strong>de</strong></span> <span class='ocrx_word' id='word_1_659' title='bbox 3037 4178 3304 4251; x_wconf 89' lang='lat' dir='ltr'><strong>baptismo</strong></span> <span class='ocrx_word' id='word_1_660' title='bbox 3349 4178 3530 4234; x_wconf 90' lang='lat' dir='ltr'><strong>sancti</strong></span> <span class='ocrx_word' id='word_1_661' title='bbox 3556 4176 3783 4232; x_wconf 87' lang='lat' dir='ltr'><strong>latronis</strong></span> 
     </span>
    </p>
   </div>
   <div class='ocr_carea' id='block_1_86' title="bbox 2178 4269 3784 4344">
    <p class='ocr_par' dir='ltr' id='par_1_86' title="bbox 2178 4269 3784 4344">
     <span class='ocr_line' id='line_1_86' title="bbox 2178 4269 3784 4344; baseline -0.003 -14"><span class='ocrx_word' id='word_1_662' title='bbox 2178 4274 2509 4344; x_wconf 86' lang='lat' dir='ltr'><strong>Augustinus</strong></span> <span class='ocrx_word' id='word_1_663' title='bbox 2523 4273 2850 4329; x_wconf 82' lang='lat' dir='ltr'><strong>insinuavit?</strong></span> <span class='ocrx_word' id='word_1_664' title='bbox 2878 4271 3109 4329; x_wconf 90' lang='lat' dir='ltr'><strong>Sanctus</strong></span> <span class='ocrx_word' id='word_1_665' title='bbox 3137 4272 3329 4328; x_wconf 89' lang='lat' dir='ltr'><strong>doctor</strong></span> <span class='ocrx_word' id='word_1_666' title='bbox 3380 4286 3500 4327; x_wconf 89' lang='lat' dir='ltr'><strong>rem</strong></span> <span class='ocrx_word' id='word_1_667' title='bbox 3527 4269 3641 4326; x_wconf 85' lang='lat' dir='ltr'><strong>sibi</strong></span> <span class='ocrx_word' id='word_1_668' title='bbox 3667 4283 3784 4325; x_wconf 84' lang='lat' dir='ltr'><strong>cer-</strong></span> 
     </span>
    </p>
   </div>
   <div class='ocr_carea' id='block_1_87' title="bbox 2176 4354 3781 4438">
    <p class='ocr_par' dir='ltr' id='par_1_87' title="bbox 2176 4354 3781 4438">
     <span class='ocr_line' id='line_1_87' title="bbox 2176 4354 3781 4438; baseline -0.005 -15"><span class='ocrx_word' id='word_1_669' title='bbox 2176 4374 2318 4435; x_wconf 90' lang='lat' dir='ltr'><strong>tam,</strong></span> <span class='ocrx_word' id='word_1_670' title='bbox 2344 4382 2541 4438; x_wconf 88' lang='lat' dir='ltr'><strong>nempe</strong></span> <span class='ocrx_word' id='word_1_671' title='bbox 2586 4367 3000 4422; x_wconf 77' lang='lat' dir='ltr'><strong>conversionem</strong></span> <span class='ocrx_word' id='word_1_672' title='bbox 3054 4364 3238 4421; x_wconf 88' lang='lat' dir='ltr'><strong>cordis</strong></span> <span class='ocrx_word' id='word_1_673' title='bbox 3284 4354 3545 4434; x_wconf 77' lang='lat' dir='ltr'><strong>supplere</strong></span> <span class='ocrx_word' id='word_1_674' title='bbox 3602 4362 3781 4417; x_wconf 84' lang='lat' dir='ltr'><strong>vicem</strong></span> 
     </span>
    </p>
   </div>
   <div class='ocr_carea' id='block_1_88' title="bbox 2179 4452 3783 4530">
    <p class='ocr_par' dir='ltr' id='par_1_88' title="bbox 2179 4452 3783 4530">
     <span class='ocr_line' id='line_1_88' title="bbox 2179 4452 3783 4530; baseline -0.004 -16"><span class='ocrx_word' id='word_1_675' title='bbox 2179 4458 2455 4530; x_wconf 89' lang='lat' dir='ltr'><strong>baptismi,</strong></span> <span class='ocrx_word' id='word_1_676' title='bbox 2482 4472 2591 4514; x_wconf 93' lang='lat' dir='ltr'><strong>non</strong></span> <span class='ocrx_word' id='word_1_677' title='bbox 2634 4472 2797 4530; x_wconf 89' lang='lat' dir='ltr'><strong>posse</strong></span> <span class='ocrx_word' id='word_1_678' title='bbox 2853 4458 2985 4513; x_wconf 90' lang='lat' dir='ltr'><strong>satis</strong></span> <span class='ocrx_word' id='word_1_679' title='bbox 3030 4456 3324 4513; x_wconf 88' lang='lat' dir='ltr'><strong>efﬁcaciter</strong></span> <span class='ocrx_word' id='word_1_680' title='bbox 3377 4456 3475 4512; x_wconf 86' lang='lat' dir='ltr'><strong>illo</strong></span> <span class='ocrx_word' id='word_1_681' title='bbox 3523 4452 3783 4524; x_wconf 78' lang='lat' dir='ltr'><strong>exemplo</strong></span> 
     </span>
    </p>
   </div>
   <div class='ocr_carea' id='block_1_89' title="bbox 2178 4545 3779 4621">
    <p class='ocr_par' dir='ltr' id='par_1_89' title="bbox 2178 4545 3779 4621">
     <span class='ocr_line' id='line_1_89' title="bbox 2178 4545 3779 4621; baseline -0.004 -15"><span class='ocrx_word' id='word_1_682' title='bbox 2178 4551 2540 4606; x_wconf 88' lang='lat' dir='ltr'><strong>demonstrari</strong></span> <span class='ocrx_word' id='word_1_683' title='bbox 2574 4550 2753 4606; x_wconf 89' lang='lat' dir='ltr'><strong>fassus</strong></span> <span class='ocrx_word' id='word_1_684' title='bbox 2781 4551 2940 4608; x_wconf 91' lang='lat' dir='ltr'><strong>estin</strong></span> <span class='ocrx_word' id='word_1_685' title='bbox 2970 4550 3109 4606; x_wconf 91' lang='lat' dir='ltr'><strong>libro</strong></span> <span class='ocrx_word' id='word_1_686' title='bbox 3135 4566 3177 4606; x_wconf 88' lang='grc' dir='ltr'><strong>ιι</strong></span> <span class='ocrx_word' id='word_1_687' title='bbox 3216 4550 3488 4615; x_wconf 80' lang='lat' dir='ltr'><strong>Retract.,</strong></span> <span class='ocrx_word' id='word_1_688' title='bbox 3520 4564 3655 4621; x_wconf 88' lang='lat' dir='ltr'><strong>cap.</strong></span> <span class='ocrx_word' id='word_1_689' title='bbox 3694 4545 3779 4612; x_wconf 78' lang='grc'><strong>18,</strong></span> 
     </span>
    </p>
   </div>
   <div class='ocr_carea' id='block_1_90' title="bbox 2174 4643 3783 4716">
    <p class='ocr_par' dir='ltr' id='par_1_90' title="bbox 2174 4643 3783 4716">
     <span class='ocr_line' id='line_1_90' title="bbox 2174 4643 3783 4716; baseline -0.001 -18"><span class='ocrx_word' id='word_1_690' title='bbox 2174 4643 2453 4700; x_wconf 89' lang='lat' dir='ltr'><strong>afﬁrmans</strong></span> <span class='ocrx_word' id='word_1_691' title='bbox 2480 4660 2511 4699; x_wconf 88' lang='lat' dir='ltr'><strong>a</strong></span> <span class='ocrx_word' id='word_1_692' title='bbox 2545 4645 2868 4716; x_wconf 90' lang='lat' dir='ltr'><strong>quibusdam</strong></span> <span class='ocrx_word' id='word_1_693' title='bbox 2918 4662 3022 4699; x_wconf 88' lang='lat' dir='ltr'><strong>non</strong></span> <span class='ocrx_word' id='word_1_694' title='bbox 3059 4644 3430 4700; x_wconf 84' lang='lat' dir='ltr'><strong>incredibiliter</strong></span> <span class='ocrx_word' id='word_1_695' title='bbox 3454 4644 3567 4699; x_wconf 90' lang='lat' dir='ltr'><strong>dici</strong></span> <span class='ocrx_word' id='word_1_696' title='bbox 3608 4644 3783 4699; x_wconf 85' lang='lat' dir='ltr'><strong>latro-</strong></span> 
     </span>
    </p>
   </div>
   <div class='ocr_carea' id='block_1_91' title="bbox 470 4719 3776 4817">
    <p class='ocr_par' dir='ltr' id='par_1_91' title="bbox 470 4719 3776 4817">
     <span class='ocr_line' id='line_1_91' title="bbox 470 4719 3776 4817; baseline 0.006 -46"><span class='ocrx_word' id='word_1_697' title='bbox 470 4719 1054 4788; x_wconf 85' lang='lat' dir='ltr'><strong>quaasseritintcrnam</strong></span> <span class='ocrx_word' id='word_1_698' title='bbox 1068 4724 1244 4780; x_wconf 88' lang='lat' dir='ltr'><strong>cordis</strong></span> <span class='ocrx_word' id='word_1_699' title='bbox 1263 4729 1664 4786; x_wconf 86' lang='lat' dir='ltr'><strong>conversionem</strong></span> <span class='ocrx_word' id='word_1_700' title='bbox 1679 4732 1745 4787; x_wconf 85' lang='lat' dir='ltr'><strong>ad</strong></span> <span class='ocrx_word' id='word_1_701' title='bbox 1763 4733 1927 4789; x_wconf 91' lang='lat' dir='ltr'><strong>Deum</strong></span> <span class='ocrx_word' id='word_1_702' title='bbox 1942 4733 2065 4804; x_wconf 90' lang='lat' dir='ltr'><strong>bap-</strong></span> <span class='ocrx_word' id='word_1_703' title='bbox 2084 4755 2142 4817; x_wconf 75' lang='grc' dir='ltr'>ο</span> <span class='ocrx_word' id='word_1_704' title='bbox 2169 4753 2291 4794; x_wconf 90' lang='lat' dir='ltr'><strong>nem</strong></span> <span class='ocrx_word' id='word_1_705' title='bbox 2333 4756 2467 4809; x_wconf 89' lang='lat' dir='ltr'><strong>aqua</strong></span> <span class='ocrx_word' id='word_1_706' title='bbox 2490 4738 2601 4805; x_wconf 84' lang='lat' dir='ltr'><strong>illa,</strong></span> <span class='ocrx_word' id='word_1_707' title='bbox 2630 4755 2745 4811; x_wconf 77' lang='lat' dir='ltr'><strong>qute</strong></span> <span class='ocrx_word' id='word_1_708' title='bbox 2796 4741 2860 4794; x_wconf 87' lang='lat' dir='ltr'><strong>de</strong></span> <span class='ocrx_word' id='word_1_709' title='bbox 2908 4738 3117 4796; x_wconf 83' lang='lat' dir='ltr'><strong>uulnere</strong></span> <span class='ocrx_word' id='word_1_710' title='bbox 3172 4740 3350 4795; x_wconf 87' lang='lat' dir='ltr'><strong>lateris</strong></span> <span class='ocrx_word' id='word_1_711' title='bbox 3392 4742 3513 4812; x_wconf 87' lang='lat' dir='ltr'><strong>ejus</strong></span> <span class='ocrx_word' id='word_1_712' title='bbox 3540 4738 3776 4803; x_wconf 73' lang='lat' dir='ltr'><strong>emicuit,</strong></span> 
     </span>
    </p>
   </div>
   <div class='ocr_carea' id='block_1_92' title="bbox 470 4812 2054 4899">
    <p class='ocr_par' dir='ltr' id='par_1_92' title="bbox 470 4812 2054 4899">
     <span class='ocr_line' id='line_1_92' title="bbox 470 4812 2054 4899; baseline 0.011 -34"><span class='ocrx_word' id='word_1_713' title='bbox 470 4812 687 4868; x_wconf 89' lang='lat' dir='ltr'><strong>tismum</strong></span> <span class='ocrx_word' id='word_1_714' title='bbox 721 4829 877 4882; x_wconf 91' lang='lat' dir='ltr'><strong>posse</strong></span> <span class='ocrx_word' id='word_1_715' title='bbox 907 4816 1159 4886; x_wconf 87' lang='lat' dir='ltr'><strong>supplere</strong></span> <span class='ocrx_word' id='word_1_716' title='bbox 1178 4863 1195 4887; x_wconf 96' lang='lat'><strong>,</strong></span> <span class='ocrx_word' id='word_1_717' title='bbox 1225 4836 1413 4892; x_wconf 85' lang='lat' dir='ltr'><strong>negare</strong></span> <span class='ocrx_word' id='word_1_718' title='bbox 1469 4825 1620 4880; x_wconf 86' lang='lat' dir='ltr'><strong>audet</strong></span> <span class='ocrx_word' id='word_1_719' title='bbox 1664 4828 1823 4896; x_wconf 80' lang='lat' dir='ltr'><strong>fuisse</strong></span> <span class='ocrx_word' id='word_1_720' title='bbox 1853 4829 2054 4899; x_wconf 80' lang='lat' dir='ltr'><strong>uspiam</strong></span> 
     </span>
    </p>
   </div>
   <div class='ocr_carea' id='block_1_93' title="bbox 467 4904 2056 4976">
    <p class='ocr_par' dir='ltr' id='par_1_93' title="bbox 467 4904 2056 4976">
     <span class='ocr_line' id='line_1_93' title="bbox 467 4904 2056 4976; baseline 0.011 -18"><span class='ocrx_word' id='word_1_721' title='bbox 467 4904 531 4959; x_wconf 84' lang='lat' dir='ltr'><strong>ab</strong></span> <span class='ocrx_word' id='word_1_722' title='bbox 558 4922 615 4960; x_wconf 91' lang='lat' dir='ltr'><strong>eo</strong></span> <span class='ocrx_word' id='word_1_723' title='bbox 646 4914 993 4962; x_wconf 78' lang='lat' dir='ltr'><strong>retractatum.</strong></span> <span class='ocrx_word' id='word_1_724' title='bbox 1025 4908 1184 4965; x_wconf 89' lang='lat' dir='ltr'><strong>Forte</strong></span> <span class='ocrx_word' id='word_1_725' title='bbox 1215 4912 1351 4968; x_wconf 90' lang='lat' dir='ltr'><strong>hanc</strong></span> <span class='ocrx_word' id='word_1_726' title='bbox 1398 4920 1717 4972; x_wconf 91' lang='lat' dir='ltr'><strong>sententiam</strong></span> <span class='ocrx_word' id='word_1_727' title='bbox 1757 4929 2056 4976; x_wconf 88' lang='lat' dir='ltr'><strong>retractan-</strong></span> 
     </span>
    </p>
   </div>
   <div class='ocr_carea' id='block_1_94' title="bbox 428 4993 2055 5073">
    <p class='ocr_par' dir='ltr' id='par_1_94' title="bbox 428 4993 2055 5073">
     <span class='ocr_line' id='line_1_94' title="bbox 428 4993 2055 5073; baseline 0.011 -22"><span class='ocrx_word' id='word_1_728' title='bbox 428 4993 435 5003; x_wconf 83' lang='grc'><strong><em>“</em></strong></span> <span class='ocrx_word' id='word_1_729' title='bbox 464 4997 585 5052; x_wconf 93' lang='lat' dir='ltr'><strong>dam</strong></span> <span class='ocrx_word' id='word_1_730' title='bbox 615 4997 912 5069; x_wconf 89' lang='lat' dir='ltr'><strong>Augustino</strong></span> <span class='ocrx_word' id='word_1_731' title='bbox 959 5002 1123 5058; x_wconf 86' lang='lat' dir='ltr'><strong>fuisse</strong></span> <span class='ocrx_word' id='word_1_732' title='bbox 1152 5005 1341 5073; x_wconf 82' lang='lat' dir='ltr'><strong>putas?</strong></span> <span class='ocrx_word' id='word_1_733' title='bbox 1386 5007 1534 5063; x_wconf 82' lang='lat' dir='ltr'><strong>Illam</strong></span> <span class='ocrx_word' id='word_1_734' title='bbox 1564 5012 1884 5067; x_wconf 88' lang='lat' dir='ltr'><strong>sententiam</strong></span> <span class='ocrx_word' id='word_1_735' title='bbox 1929 5022 2055 5069; x_wconf 89' lang='lat' dir='ltr'><strong>ante</strong></span> 
     </span>
    </p>
   </div>
   <div class='ocr_carea' id='block_1_95' title="bbox 462 5078 2049 5175">
    <p class='ocr_par' dir='ltr' id='par_1_95' title="bbox 462 5078 2049 5175">
     <span class='ocr_line' id='line_1_95' title="bbox 462 5078 2049 5175; baseline 0.009 -30"><span class='ocrx_word' id='word_1_736' title='bbox 462 5078 706 5145; x_wconf 85' lang='lat' dir='ltr'><strong>sanctum</strong></span> <span class='ocrx_word' id='word_1_737' title='bbox 755 5094 1111 5162; x_wconf 86' lang='lat' dir='ltr'><strong>Augustinum</strong></span> <span class='ocrx_word' id='word_1_738' title='bbox 1160 5095 1420 5152; x_wconf 89' lang='lat' dir='ltr'><strong>docuerat</strong></span> <span class='ocrx_word' id='word_1_739' title='bbox 1474 5111 1693 5157; x_wconf 88' lang='lat' dir='ltr'><strong>sanctus</strong></span> <span class='ocrx_word' id='word_1_740' title='bbox 1719 5103 2049 5175; x_wconf 79' lang='lat' dir='ltr'><strong>Cyprianus,</strong></span> 
     </span>
    </p>
   </div>
   <div class='ocr_carea' id='block_1_96' title="bbox 461 5183 2047 5269">
    <p class='ocr_par' dir='ltr' id='par_1_96' title="bbox 461 5183 2047 5269">
     <span class='ocr_line' id='line_1_96' title="bbox 461 5183 2047 5269; baseline 0.013 -35"><span class='ocrx_word' id='word_1_741' title='bbox 461 5196 619 5249; x_wconf 85' lang='lat' dir='ltr'><strong>quem</strong></span> <span class='ocrx_word' id='word_1_742' title='bbox 644 5183 824 5239; x_wconf 85' lang='lat' dir='ltr'><strong>laudat</strong></span> <span class='ocrx_word' id='word_1_743' title='bbox 852 5196 1067 5243; x_wconf 91' lang='lat' dir='ltr'><strong>sanctus</strong></span> <span class='ocrx_word' id='word_1_744' title='bbox 1093 5188 1282 5245; x_wconf 91' lang='lat' dir='ltr'><strong>doctor</strong></span> <span class='ocrx_word' id='word_1_745' title='bbox 1311 5190 1407 5247; x_wconf 92' lang='lat' dir='ltr'><strong>lib.</strong></span> <span class='ocrx_word' id='word_1_746' title='bbox 1434 5208 1483 5246; x_wconf 82' lang='lat' dir='ltr'><strong>iv</strong></span> <span class='ocrx_word' id='word_1_747' title='bbox 1506 5192 1573 5250; x_wconf 90' lang='lat' dir='ltr'><strong>de</strong></span> <span class='ocrx_word' id='word_1_748' title='bbox 1605 5195 1903 5265; x_wconf 88' lang='lat' dir='ltr'><strong>Baptismo,</strong></span> <span class='ocrx_word' id='word_1_749' title='bbox 1928 5214 2047 5269; x_wconf 92' lang='lat' dir='ltr'><strong>cap.</strong></span> 
     </span>
    </p>
   </div>
   <div class='ocr_carea' id='block_1_97' title="bbox 427 5269 2040 5361">
    <p class='ocr_par' dir='ltr' id='par_1_97' title="bbox 427 5269 2040 5361">
     <span class='ocr_line' id='line_1_97' title="bbox 427 5269 2040 5361; baseline 0.012 -37"><span class='ocrx_word' id='word_1_750' title='bbox 427 5269 551 5355; x_wconf 49' lang='lat'><strong>:22,</strong></span> <span class='ocrx_word' id='word_1_751' title='bbox 586 5275 672 5328; x_wconf 90' lang='lat' dir='ltr'><strong>ubi</strong></span> <span class='ocrx_word' id='word_1_752' title='bbox 720 5275 788 5331; x_wconf 89' lang='lat' dir='ltr'><strong>de</strong></span> <span class='ocrx_word' id='word_1_753' title='bbox 817 5277 1085 5346; x_wconf 86' lang='lat' dir='ltr'><strong>baptismo</strong></span> <span class='ocrx_word' id='word_1_754' title='bbox 1141 5283 1236 5351; x_wconf 90' lang='lat' dir='ltr'><strong>ait,</strong></span> <span class='ocrx_word' id='word_1_755' title='bbox 1265 5283 1308 5338; x_wconf 92' lang='lat' dir='ltr'><strong>si</strong></span> <span class='ocrx_word' id='word_1_756' title='bbox 1376 5299 1441 5340; x_wconf 80' lang='lat' dir='ltr'><strong>ex</strong></span> <span class='ocrx_word' id='word_1_757' title='bbox 1501 5288 1823 5344; x_wconf 89' lang='lat' dir='ltr'><strong>necessitate</strong></span> <span class='ocrx_word' id='word_1_758' title='bbox 1878 5289 2040 5361; x_wconf 89' lang='lat' dir='ltr'><strong>desit,</strong></span> 
     </span>
    </p>
   </div>
   <div class='ocr_carea' id='block_1_98' title="bbox 458 5373 2044 5459">
    <p class='ocr_par' dir='ltr' id='par_1_98' title="bbox 458 5373 2044 5459">
     <span class='ocr_line' id='line_1_98' title="bbox 458 5373 2044 5459; baseline 0.016 -39"><span class='ocrx_word' id='word_1_759' title='bbox 458 5382 618 5437; x_wconf 86' lang='lat' dir='ltr'><strong>posse</strong></span> <span class='ocrx_word' id='word_1_760' title='bbox 664 5373 915 5441; x_wconf 89' lang='lat' dir='ltr'><strong>supplere</strong></span> <span class='ocrx_word' id='word_1_761' title='bbox 965 5376 1141 5447; x_wconf 82' lang='lat' dir='ltr'><strong>fidem,</strong></span> <span class='ocrx_word' id='word_1_762' title='bbox 1176 5383 1655 5455; x_wconf 87' lang='lat' dir='ltr'><strong>conversionemque</strong></span> <span class='ocrx_word' id='word_1_763' title='bbox 1707 5388 1897 5455; x_wconf 86' lang='lat' dir='ltr'><strong>cordis,</strong></span> <span class='ocrx_word' id='word_1_764' title='bbox 1924 5390 2044 5459; x_wconf 89' lang='lat' dir='ltr'><strong>quia</strong></span> 
     </span>
    </p>
   </div>
   <div class='ocr_carea' id='block_1_99' title="bbox 458 5460 2044 5549">
    <p class='ocr_par' dir='ltr' id='par_1_99' title="bbox 458 5460 2044 5549">
     <span class='ocr_line' id='line_1_99' title="bbox 458 5460 2044 5549; baseline 0.015 -38"><span class='ocrx_word' id='word_1_765' title='bbox 458 5464 581 5511; x_wconf 86' lang='lat' dir='ltr'><strong>tunc</strong></span> <span class='ocrx_word' id='word_1_766' title='bbox 606 5460 848 5530; x_wconf 88' lang='lat' dir='ltr'><strong>impletur</strong></span> <span class='ocrx_word' id='word_1_767' title='bbox 868 5464 1211 5536; x_wconf 84' lang='lat' dir='ltr'><strong>invisibiliter,</strong></span> <span class='ocrx_word' id='word_1_768' title='bbox 1229 5488 1344 5524; x_wconf 85' lang='lat' dir='ltr'><strong>cum</strong></span> <span class='ocrx_word' id='word_1_769' title='bbox 1374 5475 1671 5545; x_wconf 84' lang='lat' dir='ltr'><strong>mysterium</strong></span> <span class='ocrx_word' id='word_1_770' title='bbox 1689 5477 1923 5549; x_wconf 87' lang='lat' dir='ltr'><strong>baptismi</strong></span> <span class='ocrx_word' id='word_1_771' title='bbox 1943 5497 2044 5536; x_wconf 87' lang='lat' dir='ltr'><strong>non</strong></span> 
     </span>
    </p>
   </div>
   <div class='ocr_carea' id='block_1_100' title="bbox 454 5555 2043 5625">
    <p class='ocr_par' dir='ltr' id='par_1_100' title="bbox 454 5555 2043 5625">
     <span class='ocr_line' id='line_1_100' title="bbox 454 5555 2043 5625; baseline 0.015 -23"><span class='ocrx_word' id='word_1_772' title='bbox 454 5560 769 5622; x_wconf 85' lang='lat' dir='ltr'><strong>contemptus</strong></span> <span class='ocrx_word' id='word_1_773' title='bbox 796 5555 1079 5624; x_wconf 84' lang='lat' dir='ltr'><strong>religionis,</strong></span> <span class='ocrx_word' id='word_1_774' title='bbox 1113 5562 1201 5614; x_wconf 86' lang='lat' dir='ltr'><strong>sed</strong></span> <span class='ocrx_word' id='word_1_775' title='bbox 1227 5563 1477 5618; x_wconf 84' lang='lat' dir='ltr'><strong>articulus</strong></span> <span class='ocrx_word' id='word_1_776' title='bbox 1506 5568 1821 5622; x_wconf 87' lang='lat' dir='ltr'><strong>necessitatis</strong></span> <span class='ocrx_word' id='word_1_777' title='bbox 1866 5572 2043 5625; x_wconf 74' lang='lat' dir='ltr'><strong>exclu-</strong></span> 
     </span>
    </p>
   </div>
   <div class='ocr_carea' id='block_1_101' title="bbox 452 5642 2039 5731">
    <p class='ocr_par' dir='ltr' id='par_1_101' title="bbox 452 5642 2039 5731">
     <span class='ocr_line' id='line_1_101' title="bbox 452 5642 2039 5731; baseline 0.016 -34"><span class='ocrx_word' id='word_1_778' title='bbox 452 5642 553 5699; x_wconf 87' lang='lat' dir='ltr'><strong>dit.</strong></span> <span class='ocrx_word' id='word_1_779' title='bbox 579 5644 685 5699; x_wconf 87' lang='lat' dir='ltr'><strong>Sed</strong></span> <span class='ocrx_word' id='word_1_780' title='bbox 706 5654 761 5701; x_wconf 90' lang='lat' dir='ltr'><strong>et</strong></span> <span class='ocrx_word' id='word_1_781' title='bbox 781 5657 996 5704; x_wconf 89' lang='lat' dir='ltr'><strong>sanctus</strong></span> <span class='ocrx_word' id='word_1_782' title='bbox 1026 5652 1341 5713; x_wconf 88' lang='lat' dir='ltr'><strong>Ambrosius</strong></span> <span class='ocrx_word' id='word_1_783' title='bbox 1389 5656 1495 5714; x_wconf 87' lang='lat' dir='ltr'><strong>hoc</strong></span> <span class='ocrx_word' id='word_1_784' title='bbox 1556 5661 1729 5731; x_wconf 88' lang='lat' dir='ltr'><strong>ipsum</strong></span> <span class='ocrx_word' id='word_1_785' title='bbox 1784 5663 2039 5722; x_wconf 88' lang='lat' dir='ltr'><strong>docuerat</strong></span> 
     </span>
    </p>
   </div>
   <div class='ocr_carea' id='block_1_102' title="bbox 450 5735 2037 5826">
    <p class='ocr_par' dir='ltr' id='par_1_102' title="bbox 450 5735 2037 5826">
     <span class='ocr_line' id='line_1_102' title="bbox 450 5735 2037 5826; baseline 0.016 -37"><span class='ocrx_word' id='word_1_786' title='bbox 450 5735 519 5791; x_wconf 87' lang='lat' dir='ltr'><strong>de</strong></span> <span class='ocrx_word' id='word_1_787' title='bbox 572 5736 945 5797; x_wconf 85' lang='lat' dir='ltr'><strong>Valentiniano</strong></span> <span class='ocrx_word' id='word_1_788' title='bbox 997 5743 1364 5817; x_wconf 87' lang='lat' dir='ltr'><strong>imperatore,</strong></span> <span class='ocrx_word' id='word_1_789' title='bbox 1397 5762 1457 5806; x_wconf 91' lang='lat' dir='ltr'><strong>ut</strong></span> <span class='ocrx_word' id='word_1_790' title='bbox 1484 5762 1631 5821; x_wconf 90' lang='lat' dir='ltr'><strong>patet</strong></span> <span class='ocrx_word' id='word_1_791' title='bbox 1687 5770 1755 5809; x_wconf 80' lang='lat' dir='ltr'><strong>ex</strong></span> <span class='ocrx_word' id='word_1_792' title='bbox 1794 5757 2037 5826; x_wconf 83' lang='lat' dir='ltr'><strong>ejusdem</strong></span> 
     </span>
    </p>
   </div>
   <div class='ocr_carea' id='block_1_103' title="bbox 452 5830 2032 5908">
    <p class='ocr_par' dir='ltr' id='par_1_103' title="bbox 452 5830 2032 5908">
     <span class='ocr_line' id='line_1_103' title="bbox 452 5830 2032 5908; baseline 0.015 -26"><span class='ocrx_word' id='word_1_793' title='bbox 452 5830 696 5889; x_wconf 89' lang='lat' dir='ltr'><strong>oratione</strong></span> <span class='ocrx_word' id='word_1_794' title='bbox 724 5834 777 5890; x_wconf 92' lang='lat' dir='ltr'><strong>in</strong></span> <span class='ocrx_word' id='word_1_795' title='bbox 809 5853 908 5906; x_wconf 89' lang='lat' dir='ltr'><strong>qua</strong></span> <span class='ocrx_word' id='word_1_796' title='bbox 939 5836 1173 5898; x_wconf 85' lang='lat' dir='ltr'><strong>defuncti</strong></span> <span class='ocrx_word' id='word_1_797' title='bbox 1201 5843 1561 5902; x_wconf 70' lang='lat' dir='ltr'><strong>Valentiniani</strong></span> <span class='ocrx_word' id='word_1_798' title='bbox 1603 5849 1791 5905; x_wconf 88' lang='lat' dir='ltr'><strong>laudes</strong></span> <span class='ocrx_word' id='word_1_799' title='bbox 1823 5854 2032 5908; x_wconf 85' lang='lat' dir='ltr'><strong>recitat.</strong></span> 
     </span>
    </p>
   </div>
   <div class='ocr_carea' id='block_1_104' title="bbox 453 5916 2028 6013">
    <p class='ocr_par' dir='ltr' id='par_1_104' title="bbox 453 5916 2028 6013">
     <span class='ocr_line' id='line_1_104' title="bbox 453 5916 2028 6013; baseline 0.015 -36"><span class='ocrx_word' id='word_1_800' title='bbox 453 5916 745 6007; x_wconf 77' lang='lat' dir='ltr'><strong>Utrumque</strong></span> <span class='ocrx_word' id='word_1_801' title='bbox 772 5945 921 6000; x_wconf 85' lang='lat' dir='ltr'><strong>vero,</strong></span> <span class='ocrx_word' id='word_1_802' title='bbox 953 5933 1293 5992; x_wconf 85' lang='lat' dir='ltr'><strong>Ambrosium</strong></span> <span class='ocrx_word' id='word_1_803' title='bbox 1327 5954 1518 6008; x_wconf 89' lang='lat' dir='ltr'><strong>nempe</strong></span> <span class='ocrx_word' id='word_1_804' title='bbox 1573 5950 1627 5995; x_wconf 90' lang='lat' dir='ltr'><strong>et</strong></span> <span class='ocrx_word' id='word_1_805' title='bbox 1656 5946 2028 6013; x_wconf 86' lang='lat' dir='ltr'><strong>Augustinum,</strong></span> 
     </span>
    </p>
   </div>
   <div class='ocr_carea' id='block_1_105' title="bbox 2166 4829 3777 4904">
    <p class='ocr_par' dir='ltr' id='par_1_105' title="bbox 2166 4829 3777 4904">
     <span class='ocr_line' id='line_1_105' title="bbox 2166 4829 3777 4904; baseline -0.001 -20"><span class='ocrx_word' id='word_1_806' title='bbox 2166 4841 2407 4903; x_wconf 86' lang='lat' dir='ltr'><strong>tanquam</strong></span> <span class='ocrx_word' id='word_1_807' title='bbox 2463 4834 2809 4888; x_wconf 86' lang='lat' dir='ltr'><strong>sacratissimo</strong></span> <span class='ocrx_word' id='word_1_808' title='bbox 2860 4833 3114 4903; x_wconf 88' lang='lat' dir='ltr'><strong>baptismo</strong></span> <span class='ocrx_word' id='word_1_809' title='bbox 3152 4833 3312 4903; x_wconf 76' lang='lat' dir='ltr'><strong>fuisse</strong></span> <span class='ocrx_word' id='word_1_810' title='bbox 3340 4833 3644 4904; x_wconf 78' lang='lat' dir='ltr'><strong>perfusum,</strong></span> <span class='ocrx_word' id='word_1_811' title='bbox 3683 4829 3777 4884; x_wconf 89' lang='lat' dir='ltr'><strong>lib.</strong></span> 
     </span>
    </p>
   </div>
   <div class='ocr_carea' id='block_1_106' title="bbox 2162 4924 3775 4995">
    <p class='ocr_par' dir='ltr' id='par_1_106' title="bbox 2162 4924 3775 4995">
     <span class='ocr_line' id='line_1_106' title="bbox 2162 4924 3775 4995; baseline -0.003 -17"><span class='ocrx_word' id='word_1_812' title='bbox 2162 4925 2737 4981; x_wconf 65' lang='lat' dir='ltr'><strong>rlaudato.Ca2terum</strong></span> <span class='ocrx_word' id='word_1_813' title='bbox 2795 4925 2936 4982; x_wconf 91' lang='lat' dir='ltr'><strong>idem</strong></span> <span class='ocrx_word' id='word_1_814' title='bbox 2992 4926 3150 4982; x_wconf 90' lang='lat' dir='ltr'><strong>Pater</strong></span> <span class='ocrx_word' id='word_1_815' title='bbox 3196 4942 3303 4981; x_wconf 92' lang='lat' dir='ltr'><strong>non</strong></span> <span class='ocrx_word' id='word_1_816' title='bbox 3346 4927 3562 4995; x_wconf 87' lang='lat' dir='ltr'><strong>putavit</strong></span> <span class='ocrx_word' id='word_1_817' title='bbox 3620 4924 3775 4977; x_wconf 85' lang='lat' dir='ltr'><strong>illum</strong></span> 
     </span>
    </p>
   </div>
   <div class='ocr_carea' id='block_1_107' title="bbox 2162 5013 3779 5090">
    <p class='ocr_par' dir='ltr' id='par_1_107' title="bbox 2162 5013 3779 5090">
     <span class='ocr_line' id='line_1_107' title="bbox 2162 5013 3779 5090; baseline -0.002 -18"><span class='ocrx_word' id='word_1_818' title='bbox 2162 5018 2327 5074; x_wconf 90' lang='lat' dir='ltr'><strong>fuisse</strong></span> <span class='ocrx_word' id='word_1_819' title='bbox 2357 5026 2480 5074; x_wconf 90' lang='lat' dir='ltr'><strong>ante</strong></span> <span class='ocrx_word' id='word_1_820' title='bbox 2500 5018 2913 5075; x_wconf 82' lang='lat' dir='ltr'><strong>cruxiﬁxionem</strong></span> <span class='ocrx_word' id='word_1_821' title='bbox 2942 5018 3295 5090; x_wconf 82' lang='lat' dir='ltr'><strong>baptizatum.</strong></span> <span class='ocrx_word' id='word_1_822' title='bbox 3330 5018 3540 5088; x_wconf 83' lang='lat' dir='ltr'><strong>Aperte</strong></span> <span class='ocrx_word' id='word_1_823' title='bbox 3560 5016 3647 5071; x_wconf 86' lang='lat' dir='ltr'><strong>ait</strong></span> <span class='ocrx_word' id='word_1_824' title='bbox 3676 5013 3779 5068; x_wconf 84' lang='lat' dir='ltr'><strong>ibi-</strong></span> 
     </span>
    </p>
   </div>
   <div class='ocr_carea' id='block_1_108' title="bbox 2164 5102 3776 5175">
    <p class='ocr_par' dir='ltr' id='par_1_108' title="bbox 2164 5102 3776 5175">
     <span class='ocr_line' id='line_1_108' title="bbox 2164 5102 3776 5175; baseline -0.003 -9"><span class='ocrx_word' id='word_1_825' title='bbox 2164 5112 2286 5168; x_wconf 91' lang='lat' dir='ltr'><strong>dem</strong></span> <span class='ocrx_word' id='word_1_826' title='bbox 2320 5130 2333 5167; x_wconf 88' lang='lat'><strong>:</strong></span> <span class='ocrx_word' id='word_1_827' title='bbox 2373 5130 2393 5165; x_wconf 84' lang='grc'><strong>‹</strong></span> <span class='ocrx_word' id='word_1_828' title='bbox 2428 5112 2591 5168; x_wconf 89' lang='lat' dir='ltr'><strong>Latro</strong></span> <span class='ocrx_word' id='word_1_829' title='bbox 2619 5113 2708 5168; x_wconf 93' lang='lat' dir='ltr'><strong>ille</strong></span> <span class='ocrx_word' id='word_1_830' title='bbox 2736 5128 2840 5169; x_wconf 92' lang='lat' dir='ltr'><strong>non</strong></span> <span class='ocrx_word' id='word_1_831' title='bbox 2863 5120 2989 5170; x_wconf 88' lang='lat' dir='ltr'><strong>ante</strong></span> <span class='ocrx_word' id='word_1_832' title='bbox 3015 5102 3234 5168; x_wconf 83' lang='lat' dir='ltr'><strong>crucem</strong></span> <span class='ocrx_word' id='word_1_833' title='bbox 3262 5111 3480 5168; x_wconf 89' lang='lat' dir='ltr'><strong>Domini</strong></span> <span class='ocrx_word' id='word_1_834' title='bbox 3501 5120 3776 5175; x_wconf 83' lang='lat' dir='ltr'><strong>sectator,</strong></span> 
     </span>
    </p>
   </div>
   <div class='ocr_carea' id='block_1_109' title="bbox 2160 5204 3780 5273">
    <p class='ocr_par' dir='ltr' id='par_1_109' title="bbox 2160 5204 3780 5273">
     <span class='ocr_line' id='line_1_109' title="bbox 2160 5204 3780 5273; baseline -0.003 -12"><span class='ocrx_word' id='word_1_835' title='bbox 2160 5205 2253 5261; x_wconf 87' lang='lat' dir='ltr'><strong>sed</strong></span> <span class='ocrx_word' id='word_1_836' title='bbox 2284 5206 2334 5259; x_wconf 93' lang='lat' dir='ltr'><strong>in</strong></span> <span class='ocrx_word' id='word_1_837' title='bbox 2365 5220 2524 5262; x_wconf 91' lang='lat' dir='ltr'><strong>cruce</strong></span> <span class='ocrx_word' id='word_1_838' title='bbox 2545 5206 2857 5273; x_wconf 81' lang='lat' dir='ltr'><strong>confessor,</strong></span> <span class='ocrx_word' id='word_1_839' title='bbox 2882 5214 2988 5263; x_wconf 89' lang='lat' dir='ltr'><strong>etc.</strong></span> <span class='ocrx_word' id='word_1_840' title='bbox 3031 5205 3184 5261; x_wconf 86' lang='lat' dir='ltr'><strong>Tunc</strong></span> <span class='ocrx_word' id='word_1_841' title='bbox 3228 5204 3393 5261; x_wconf 88' lang='lat' dir='ltr'><strong>etiam</strong></span> <span class='ocrx_word' id='word_1_842' title='bbox 3451 5204 3601 5260; x_wconf 79' lang='lat' dir='ltr'><strong>fides</strong></span> <span class='ocrx_word' id='word_1_843' title='bbox 3656 5205 3780 5271; x_wconf 80' lang='lat' dir='ltr'><strong>ejus</strong></span> 
     </span>
    </p>
   </div>
   <div class='ocr_carea' id='block_1_110' title="bbox 2157 5297 3776 5370">
    <p class='ocr_par' dir='ltr' id='par_1_110' title="bbox 2157 5297 3776 5370">
     <span class='ocr_line' id='line_1_110' title="bbox 2157 5297 3776 5370; baseline -0.004 -18"><span class='ocrx_word' id='word_1_844' title='bbox 2157 5298 2226 5353; x_wconf 92' lang='lat' dir='ltr'><strong>de</strong></span> <span class='ocrx_word' id='word_1_845' title='bbox 2287 5298 2433 5370; x_wconf 90' lang='lat' dir='ltr'><strong>ligno</strong></span> <span class='ocrx_word' id='word_1_846' title='bbox 2490 5299 2941 5370; x_wconf 83' lang='lat' dir='ltr'><strong>ﬁoruit,quando</strong></span> <span class='ocrx_word' id='word_1_847' title='bbox 2994 5298 3391 5369; x_wconf 91' lang='lat' dir='ltr'><strong>discipulorum</strong></span> <span class='ocrx_word' id='word_1_848' title='bbox 3440 5297 3717 5354; x_wconf 84' lang='lat' dir='ltr'><strong>marcnit.</strong></span> <span class='ocrx_word' id='word_1_849' title='bbox 3754 5312 3776 5345; x_wconf 73' lang='grc' dir='ltr'><strong>ι</strong></span> 
     </span>
    </p>
   </div>
   <div class='ocr_carea' id='block_1_111' title="bbox 2154 5388 3781 5462">
    <p class='ocr_par' dir='ltr' id='par_1_111' title="bbox 2154 5388 3781 5462">
     <span class='ocr_line' id='line_1_111' title="bbox 2154 5388 3781 5462; baseline -0.001 -18"><span class='ocrx_word' id='word_1_850' title='bbox 2154 5388 2248 5444; x_wconf 87' lang='lat' dir='ltr'><strong>illa</strong></span> <span class='ocrx_word' id='word_1_851' title='bbox 2273 5404 2404 5446; x_wconf 90' lang='lat' dir='ltr'><strong>vero</strong></span> <span class='ocrx_word' id='word_1_852' title='bbox 2424 5390 2491 5446; x_wconf 91' lang='lat' dir='ltr'><strong>de</strong></span> <span class='ocrx_word' id='word_1_853' title='bbox 2514 5390 2783 5461; x_wconf 89' lang='lat' dir='ltr'><strong>baptismo</strong></span> <span class='ocrx_word' id='word_1_854' title='bbox 2813 5392 3037 5448; x_wconf 87' lang='lat' dir='ltr'><strong>latronis</strong></span> <span class='ocrx_word' id='word_1_855' title='bbox 3060 5390 3299 5457; x_wconf 84' lang='lat' dir='ltr'><strong>adducit,</strong></span> <span class='ocrx_word' id='word_1_856' title='bbox 3322 5391 3529 5462; x_wconf 89' lang='lat' dir='ltr'><strong>quibus</strong></span> <span class='ocrx_word' id='word_1_857' title='bbox 3568 5390 3781 5446; x_wconf 80' lang='lat' dir='ltr'><strong>confu-</strong></span> 
     </span>
    </p>
   </div>
   <div class='ocr_carea' id='block_1_112' title="bbox 2153 5481 3776 5553">
    <p class='ocr_par' dir='ltr' id='par_1_112' title="bbox 2153 5481 3776 5553">
     <span class='ocr_line' id='line_1_112' title="bbox 2153 5481 3776 5553; baseline -0.001 -18"><span class='ocrx_word' id='word_1_858' title='bbox 2153 5490 2289 5536; x_wconf 90' lang='lat' dir='ltr'><strong>taret</strong></span> <span class='ocrx_word' id='word_1_859' title='bbox 2310 5496 2549 5544; x_wconf 89' lang='lat' dir='ltr'><strong>errorem</strong></span> <span class='ocrx_word' id='word_1_860' title='bbox 2578 5481 2848 5538; x_wconf 83' lang='lat' dir='ltr'><strong>Vincentii</strong></span> <span class='ocrx_word' id='word_1_861' title='bbox 2882 5482 3137 5549; x_wconf 80' lang='lat' dir='ltr'><strong>Victoris,</strong></span> <span class='ocrx_word' id='word_1_862' title='bbox 3160 5484 3252 5553; x_wconf 91' lang='lat' dir='ltr'><strong>qui</strong></span> <span class='ocrx_word' id='word_1_863' title='bbox 3301 5483 3563 5553; x_wconf 82' lang='lat' dir='ltr'><strong>exemplo</strong></span> <span class='ocrx_word' id='word_1_864' title='bbox 3597 5481 3776 5536; x_wconf 85' lang='lat' dir='ltr'><strong>latro-</strong></span> 
     </span>
    </p>
   </div>
   <div class='ocr_carea' id='block_1_113' title="bbox 2151 5572 3779 5645">
    <p class='ocr_par' dir='ltr' id='par_1_113' title="bbox 2151 5572 3779 5645">
     <span class='ocr_line' id='line_1_113' title="bbox 2151 5572 3779 5645; baseline -0.002 -17"><span class='ocrx_word' id='word_1_865' title='bbox 2151 5573 2235 5628; x_wconf 91' lang='lat' dir='ltr'><strong>nis</strong></span> <span class='ocrx_word' id='word_1_866' title='bbox 2257 5572 2621 5629; x_wconf 87' lang='lat' dir='ltr'><strong>contendebat</strong></span> <span class='ocrx_word' id='word_1_867' title='bbox 2639 5588 2837 5645; x_wconf 88' lang='lat' dir='ltr'><strong>pueros</strong></span> <span class='ocrx_word' id='word_1_868' title='bbox 2862 5575 2979 5631; x_wconf 88' lang='lat' dir='ltr'><strong>sine</strong></span> <span class='ocrx_word' id='word_1_869' title='bbox 2990 5574 3259 5645; x_wconf 91' lang='lat' dir='ltr'><strong>baptismo</strong></span> <span class='ocrx_word' id='word_1_870' title='bbox 3286 5582 3540 5631; x_wconf 87' lang='lat' dir='ltr'><strong>mortuos</strong></span> <span class='ocrx_word' id='word_1_871' title='bbox 3562 5584 3779 5645; x_wconf 35' lang='lat' dir='ltr'><strong>pet-ves</strong></span> 
     </span>
    </p>
   </div>
   <div class='ocr_carea' id='block_1_114' title="bbox 2149 5666 3776 5739">
    <p class='ocr_par' dir='ltr' id='par_1_114' title="bbox 2149 5666 3776 5739">
     <span class='ocr_line' id='line_1_114' title="bbox 2149 5666 3776 5739; baseline -0.002 -18"><span class='ocrx_word' id='word_1_872' title='bbox 2149 5666 2267 5723; x_wconf 90' lang='lat' dir='ltr'><strong>nire</strong></span> <span class='ocrx_word' id='word_1_873' title='bbox 2294 5682 2451 5738; x_wconf 90' lang='lat' dir='ltr'><strong>posse</strong></span> <span class='ocrx_word' id='word_1_874' title='bbox 2478 5668 2545 5722; x_wconf 90' lang='lat' dir='ltr'><strong>ad</strong></span> <span class='ocrx_word' id='word_1_875' title='bbox 2579 5667 2923 5739; x_wconf 90' lang='lat' dir='ltr'><strong>originalium</strong></span> <span class='ocrx_word' id='word_1_876' title='bbox 2951 5667 3340 5739; x_wconf 87' lang='lat' dir='ltr'><strong>indulgentiam</strong></span> <span class='ocrx_word' id='word_1_877' title='bbox 3374 5676 3776 5739; x_wconf 82' lang='lat' dir='ltr'><strong>peccatorum,</strong></span> 
     </span>
    </p>
   </div>
   <div class='ocr_carea' id='block_1_115' title="bbox 2147 5759 3775 5831">
    <p class='ocr_par' dir='ltr' id='par_1_115' title="bbox 2147 5759 3775 5831">
     <span class='ocr_line' id='line_1_115' title="bbox 2147 5759 3775 5831; baseline -0.001 -18"><span class='ocrx_word' id='word_1_878' title='bbox 2147 5768 2203 5813; x_wconf 89' lang='lat' dir='ltr'><strong>ut</strong></span> <span class='ocrx_word' id='word_1_879' title='bbox 2235 5768 2377 5829; x_wconf 87' lang='lat' dir='ltr'><strong>patet</strong></span> <span class='ocrx_word' id='word_1_880' title='bbox 2402 5776 2467 5815; x_wconf 80' lang='lat' dir='ltr'><strong>ex</strong></span> <span class='ocrx_word' id='word_1_881' title='bbox 2495 5760 2590 5816; x_wconf 85' lang='lat' dir='ltr'><strong>lib.</strong></span> <span class='ocrx_word' id='word_1_882' title='bbox 2617 5776 2676 5816; x_wconf 92' lang='grc' dir='ltr'><strong>ιιι</strong></span> <span class='ocrx_word' id='word_1_883' title='bbox 2707 5761 2777 5816; x_wconf 92' lang='lat' dir='ltr'><strong>de</strong></span> <span class='ocrx_word' id='word_1_884' title='bbox 2817 5760 3036 5831; x_wconf 90' lang='lat' dir='ltr'><strong>Origine</strong></span> <span class='ocrx_word' id='word_1_885' title='bbox 3059 5761 3254 5816; x_wconf 81' lang='lat' dir='ltr'><strong>animae</strong></span> <span class='ocrx_word' id='word_1_886' title='bbox 3280 5759 3349 5815; x_wconf 87' lang='lat' dir='ltr'><strong>ad</strong></span> <span class='ocrx_word' id='word_1_887' title='bbox 3376 5760 3775 5821; x_wconf 76' lang='lat' dir='ltr'><strong>Vincentium,</strong></span> 
     </span>
    </p>
   </div>
   <div class='ocr_carea' id='block_1_116' title="bbox 2143 5842 3775 5926">
    <p class='ocr_par' dir='ltr' id='par_1_116' title="bbox 2143 5842 3775 5926">
     <span class='ocr_line' id='line_1_116' title="bbox 2143 5842 3775 5926; baseline 0.001 -20"><span class='ocrx_word' id='word_1_888' title='bbox 2143 5852 2233 5908; x_wconf 90' lang='lat' dir='ltr'><strong>ubi</strong></span> <span class='ocrx_word' id='word_1_889' title='bbox 2267 5864 2375 5910; x_wconf 93' lang='lat' dir='ltr'><strong>toto</strong></span> <span class='ocrx_word' id='word_1_890' title='bbox 2403 5869 2522 5926; x_wconf 89' lang='lat' dir='ltr'><strong>cap.</strong></span> <span class='ocrx_word' id='word_1_891' title='bbox 2552 5855 2586 5911; x_wconf 90' lang='lat'><strong>9</strong></span> <span class='ocrx_word' id='word_1_892' title='bbox 2619 5855 2689 5911; x_wconf 93' lang='lat' dir='ltr'><strong>de</strong></span> <span class='ocrx_word' id='word_1_893' title='bbox 2736 5855 3005 5926; x_wconf 88' lang='lat' dir='ltr'><strong>baptismo</strong></span> <span class='ocrx_word' id='word_1_894' title='bbox 3033 5842 3258 5911; x_wconf 84' lang='lat' dir='ltr'><strong>latronis</strong></span> <span class='ocrx_word' id='word_1_895' title='bbox 3305 5854 3593 5911; x_wconf 87' lang='lat' dir='ltr'><strong>discurrit.</strong></span> <span class='ocrx_word' id='word_1_896' title='bbox 3623 5853 3775 5919; x_wconf 66' lang='lat' dir='ltr'><strong>Qua:</strong></span> 
     </span>
    </p>
   </div>
   <div class='ocr_carea' id='block_1_117' title="bbox 2143 5945 3769 6007">
    <p class='ocr_par' dir='ltr' id='par_1_117' title="bbox 2143 5945 3769 6007">
     <span class='ocr_line' id='line_1_117' title="bbox 2143 5945 3769 6007; baseline 0.002 -10"><span class='ocrx_word' id='word_1_897' title='bbox 2143 5952 2319 6001; x_wconf 89' lang='lat' dir='ltr'><strong>tamen</strong></span> <span class='ocrx_word' id='word_1_898' title='bbox 2343 5946 2412 6001; x_wconf 91' lang='lat' dir='ltr'><strong>ita</strong></span> <span class='ocrx_word' id='word_1_899' title='bbox 2434 5945 2656 6003; x_wconf 83' lang='lat' dir='ltr'><strong>adduxit</strong></span> <span class='ocrx_word' id='word_1_900' title='bbox 2682 5956 2738 6004; x_wconf 92' lang='lat' dir='ltr'><strong>ut</strong></span> <span class='ocrx_word' id='word_1_901' title='bbox 2766 5963 2982 6004; x_wconf 90' lang='lat' dir='ltr'><strong>omnem</strong></span> <span class='ocrx_word' id='word_1_902' title='bbox 3022 5947 3238 6005; x_wconf 88' lang='lat' dir='ltr'><strong>errandi</strong></span> <span class='ocrx_word' id='word_1_903' title='bbox 3291 5947 3659 6007; x_wconf 83' lang='lat' dir='ltr'><strong>occasionem</strong></span> <span class='ocrx_word' id='word_1_904' title='bbox 3693 5956 3769 6000; x_wconf 77' lang='lat' dir='ltr'><strong>ex</strong></span> 
     </span>
    </p>
   </div>
  </div>
