3962 6346
242 377 348 436 785

1416 371 1741 431 VlNDlCIxE
1782 372 2343 433 AUGUSTINIANIE.

3413 375 3516 431 786

239 500 388 554 illius
431 495 655 552 latronis
709 494 957 566 exemplo
1004 472 1325 552 resecarctf
1354 492 1488 550 llinc
1516 493 1609 549 lib.
1639 509 1677 559 1,
1702 508 1821 564 cap.
1852 496 1904 555 Α
1939 512 1956 545 ι
1986 493 2135 549 Licet
2173 508 2303 564 ergo
2333 508 2397 550 ex
2424 495 2721 567 Augustino
2751 494 3029 567 Augustini
3057 494 3352 551 doctrinam
3382 496 3518 550 alio-

237 584 295 661 9,
311 609 434 649 cum
456 593 631 649 varios
652 592 842 648 modos
872 589 1441 661 recensuissetquibus
1457 589 1595 643 latro
1625 588 1716 642 ille
1740 589 1825 644 vel

238 684 519 741 dicebatur
571 684 657 740 vel
706 682 812 740 dici
866 692 1077 753 poterat
1125 682 1458 753 baptizatus,
1514 680 1776 736 conclusit
1808 674 1835 732 ε’

241 796 262 832 r
303 779 501 835 Verum
526 778 642 833 haec
668 785 726 832 ut
757 776 902 832 volet
929 777 1155 846 quisque
1201 774 1464 844 accipiat,
1499 773 1623 827 dum
1648 779 1826 827 tamen

234 873 304 928 de
330 873 595 942 baptismo
614 884 717 926 non
732 868 1109 940 praescribatur
1130 866 1425 924 Salvatoris
1443 873 1708 935 praecepto
1726 864 1827 920 hu-

230 964 321 1035 jus
345 962 568 1018 latronis
598 961 871 1031 exemplo.
914 979 933 1011 ι
961 960 1027 1014 Et
1057 960 1172 1029 ipse
1215 956 1515 1014 Bernardus
1558 956 1828 1011 consentit

233 1058 502 1111 incertum
552 1068 672 1108 esse
721 1068 788 1107 an
838 1053 975 1107 latro
1017 1051 1175 1107 fuerit
1218 1050 1553 1119 baptizatus,
1584 1046 1823 1103 dicens:

240 1170 259 1204 ι
296 1151 376 1206 Eo
403 1148 545 1221 quod
568 1162 697 1202 sane
727 1147 991 1201 incertum
1016 1146 1087 1200 sit
1111 1151 1419 1199 utrumnam
1458 1141 1618 1197 fuerit
1648 1140 1828 1211 bapti-

229 1255 441 1301 zatus.»
468 1243 604 1299 Hinc
632 1242 793 1298 Pater
822 1241 1024 1310 Lupus,
1058 1239 1112 1294 in
1136 1246 1442 1293 sanctorum
1471 1235 1687 1290 Patrum
1715 1233 1827 1291 lec-

231 1339 384 1393 tione
411 1350 620 1393 summa
647 1349 769 1390 cum
825 1334 984 1388 laude
1040 1339 1309 1395 versatus,
1342 1330 1393 1383 in
1426 1328 1683 1398 opusculo
1714 1327 1828 1383 lau-

226 1431 367 1491 dato
396 1434 464 1490 de
490 1432 829 1489 Contritione
855 1438 910 1486 et
937 1428 1133 1493 attrit.,
1164 1441 1283 1495 cap.
1316 1423 1372 1485 9,
1404 1424 1478 1479 ait
1508 1442 1529 1475 ‹
1581 1420 1827 1478 Latronis

228 1527 496 1598 baptisma
512 1539 633 1583 esse
656 1520 1131 1579 incertum.Variat
1151 1534 1257 1574 non
1280 1517 1455 1574 solum
1471 1514 1824 1585 Augustinus,

228 1622 328 1678 sed
386 1621 569 1676 Patres
622 1618 820 1690 passim
864 1631 1073 1672 omnes.
1108 1635 1127 1667 )
1174 1613 1299 1668 Htec
1355 1610 1575 1682 quidem
1622 1608 1821 1675 addidi,

230 1714 358 1784 quia
380 1728 444 1768 ex
468 1712 555 1767 illa
583 1712 753 1766 sancti
786 1707 1047 1764 Bernardi
1075 1706 1299 1777 epistola
1327 1704 1391 1757 77
1420 1704 1486 1758 ad
1520 1703 1822 1772 Hugonem,

226 1809 395 1879 quale
425 1805 702 1877 Augustini
734 1804 936 1860 dictum
964 1803 1033 1859 ab
1079 1800 1386 1857 adversario
1447 1813 1542 1867 per
1589 1797 1822 1852 reticen-

1932 603 2046 642 rum
2086 587 2405 658 scriptorum
2448 589 2652 660 judicio
2699 589 3025 646 censendum
3060 604 3346 659 exponere,
3392 590 3517 648 licet

1931 688 1986 735 et
2007 681 2241 751 proprio,
2276 681 2433 753 idque
2480 684 2625 739 salva
2682 684 3110 740 honoriﬁcentia.
3159 684 3340 757 Neque
3379 685 3517 742 adeo

1931 787 2242 843 perversum
2270 775 2475 831 esthoc
2501 777 2806 846 consilium,
2838 787 2894 833 ut
2941 778 3140 835 habere
3189 796 3293 835 non
3344 783 3519 850 possit

1930 866 2231 936 adjutorem
2280 868 2464 924 Deum.
2506 887 2525 921 ι
2562 869 2820 941 Loquitur
2848 874 3088 928 Annatus
3119 888 3240 943 pag.
3274 872 3401 929 897.
3434 874 3524 929 Nil

1933 970 2110 1018 tamen
2143 962 2267 1018 novi
2312 962 2459 1019 hisce
2488 979 2743 1021 censores
2770 965 3018 1033 afferunt,
3063 967 3158 1022 sed
3203 967 3511 1041 Pelagianm

1932 1074 2051 1115 rum
2083 1075 2147 1116 ac
2190 1060 2613 1117 Lutheranorum
2646 1079 2805 1120 voces
2834 1076 3021 1123 contra
3053 1068 3409 1137 Augustinum
3443 1070 3519 1123 in-

1930 1160 2106 1224 tegras
2137 1163 2402 1225 repetunt.
2456 1154 2742 1226 Pelagiani,
2795 1174 2915 1213 cum
2965 1160 3031 1214 ab
3078 1159 3373 1231 Augustino
3423 1160 3520 1214 Pa-

1930 1254 2071 1302 trum
2112 1249 2432 1304 testimoniis
2460 1262 2911 1321 oppugnarentur,
2944 1268 3008 1308 ex
3039 1254 3322 1325 Augustini
3368 1253 3519 1309 libris

1929 1340 2130 1395 nullam
2171 1341 2271 1397 sibi
2324 1342 2568 1399 Patribus
2612 1344 2921 1400 adhaerendi
2978 1348 3350 1403 necessitatem
3400 1362 3521 1403 esse

1932 1432 2225 1490 insolenter
2275 1435 2696 1505 respondebant.
2738 1436 2999 1493 Audiatur
3037 1438 3279 1494 Julianus
3330 1440 3422 1495 lib.
3468 1455 3521 1495 tv

1930 1522 2122 1593 Operis
2142 1524 2382 1595 impcrf.,
2413 1539 2534 1597 cap.
2564 1528 2659 1582 111
2688 1546 2700 1582 :
2734 1547 2752 1579 ‹
2782 1528 2889 1584 Sed
2915 1529 3053 1584 bene
3074 1529 3213 1600 quod
3236 1544 3332 1584 nos
3357 1545 3521 1586 onere

1932 1619 2117 1674 talium
2166 1634 2518 1689 personarum
2568 1622 2759 1677 levasti
2790 1641 2802 1676 :
2834 1638 2957 1677 nam
3000 1623 3051 1677 in
3083 1621 3221 1677 libro
3266 1637 3421 1693 quem
3453 1623 3519 1678 ad

1931 1711 2225 1768 Timasium
2276 1722 2462 1769 contra
2514 1714 2742 1771 liberum
2822 1716 3103 1771 arbitrium
3151 1715 3519 1781 contexuisti,

1928 1819 2050 1860 cum
2076 1816 2295 1862 sanctus
2315 1807 2557 1879 Pelagius
2578 1811 2964 1867 venerabilium
2989 1812 3222 1867 virorum
3258 1821 3365 1866 tam
3394 1817 3521 1866 Am-

226 1900 364 1956 tiam
419 1898 827 1968 reprehensioni
884 1896 1185 1966 expositum
1225 1893 1345 1963 jure
1398 1891 1575 1946 notari
1631 1890 1821 1960 possit,

1932 1901 2096 1959 brosii
2126 1918 2284 1975 quam
2312 1902 2568 1978 Cypriani
2598 1908 2906 1964 recordatus
2934 1908 3143 1979 fuisset,
3172 1909 3266 1981 qui
3291 1908 3521 1966 liberum

226 2009 457 2067 prorsus
517 2008 622 2048 non
655 1991 835 2059 video,
877 1990 974 2048 sed
1021 2004 1122 2046 nec
1173 1986 1422 2046 eumdem
1448 1986 1721 2041 Annatum
1748 1984 1829 2040 vi—

226 2090 381 2146 disse
407 2087 679 2145 existimo.

224 2204 396 2277 5X11.
432 2204 683 2261 Sanctum
702 2202 1047 2277 Augustinum
1089 2211 1268 2259 contra
1314 2201 1659 2275 Augustinum
1706 2217 1829 2272 pro-

918 2274 1131 2329 ducunt.

302 2391 439 2448 Rem
465 2388 760 2447 confecisse
779 2405 841 2445 ac
868 2396 979 2444 tota
1000 2403 1160 2445 causa
1182 2388 1539 2460 Augustinum
1562 2390 1827 2460 deiecisse

226 2487 336 2543 sibi
369 2485 706 2556 persuadent,
744 2483 1043 2540 faventibus
1073 2484 1362 2555 suffragiis,
1402 2492 1462 2538 ut
1510 2483 1823 2553 gloriantur,

226 2599 253 2635 ι
284 2580 447 2634 trium
477 2592 806 2633 summorum
856 2576 1165 2647 pontiﬁcum
1220 2590 1315 2632 sex
1362 2576 1714 2632 cardinalium
1760 2592 1824 2632 ex

222 2670 379 2727 omni
422 2685 647 2727 numero
672 2669 1154 2725 eruditissimorum
1210 2676 1266 2724 et
1314 2667 1425 2724 fere
1458 2669 1827 2724 sanctissimo-

220 2780 374 2831 rum,
417 2772 495 2819 tot
522 2764 716 2821 deinde
757 2763 1075 2829 antistitum,
1131 2769 1211 2817 tot
1254 2761 1536 2818 doctorum
1582 2762 1825 2818 omnium

220 2857 558 2924 scholarum,
589 2856 834 2913 ordinum
873 2866 928 2913 et
955 2857 1250 2913 nationum.
1291 2875 1310 2909 ι
1344 2857 1538 2911 Annati
1573 2856 1675 2911 sibi
1715 2857 1827 2912 vic-

224 2949 424 3004 toriam
466 2964 527 3005 ac
568 2950 895 3019 triumphum
941 2948 1183 3004 canentis
1216 2961 1379 3003 voces
1425 2957 1549 3003 sunt
1600 2962 1717 3017 cap.
1767 2947 1824 3019 4,

219 3059 355 3116 pag.
386 3043 509 3101 887.
542 3044 646 3102 Sed
671 3052 732 3099 ut
752 3044 1048 3116 Augustino
1070 3056 1283 3099 omnem
1314 3056 1537 3111 prorsus
1565 3040 1828 3097 evadendi

224 3136 439 3191 aditum
472 3136 818 3206 praecludant,
846 3140 913 3192 ad
944 3136 1226 3207 ipsiusmet
1254 3136 1650 3192 confessionem
1702 3150 1826 3203 pro-

225 3238 447 3297 vocant,
474 3230 669 3301 quippe
690 3230 784 3302 qui
806 3240 1076 3285 tantorum
1100 3233 1315 3285 testium
1338 3229 1485 3286 omni
1509 3229 1825 3299 exceptione

220 3326 492 3393 majorum
521 3325 739 3381 vocibus
774 3326 1048 3383 convictus
1073 3326 1334 3397 integram
1384 3326 1512 3396 ipsis
1559 3326 1707 3381 litem
1758 3326 1827 3381 sit

222 3432 603 3473 concessurus.
638 3418 895 3474 Audiatur
924 3420 1169 3474 Annatus
1192 3434 1312 3489 cap.
1342 3418 1396 3485 5,
1433 3434 1552 3489 pag.
1581 3417 1708 3487 888,
1733 3420 1824 3490 qui

220 3510 370 3566 adeo
410 3511 644 3567 victoria:
672 3526 895 3567 securus
924 3512 977 3565 in
1010 3525 1228 3566 arenam
1260 3510 1558 3577 descendit,
1591 3518 1651 3565 ut
1672 3511 1822 3568 nullo

221 3616 392 3675 pacto
420 3605 629 3661 dubitet
654 3605 735 3660 vel
767 3607 994 3675 ipsomet
1023 3606 1323 3677 Augustino
1346 3605 1527 3675 judice
1554 3616 1824 3676 postrema

224 3698 399 3754 veluti
418 3699 531 3753 acie
552 3699 807 3754 dimicare
832 3716 845 3751 :
884 3718 904 3751 ι
934 3699 1178 3767 Quando,
1211 3698 1401 3768 inquit,
1428 3713 1490 3755 ea
1517 3698 1825 3756 conditione

223 3788 568 3858 disputamus
588 3802 644 3844 ut
667 3799 868 3845 stemus
891 3791 1169 3861 Augustini
1190 3789 1414 3861 judicio,
1444 3791 1823 3862 inquirendum

221 3891 316 3936 est
349 3882 451 3937 hoc
471 3896 705 3954 quoque,
736 3884 1075 3940 ccusueritne
1114 3886 1437 3955 Augtstinus
1468 3888 1661 3956 placita
1701 3904 1823 3943 om-

219 3974 317 4029 nia
342 3988 462 4043 sua,
495 3974 654 4029 etiam
695 3977 780 4030 illa
812 3992 951 4047 quae,
993 3977 1119 4032 dum
1171 3977 1483 4049 Pelagianos
1510 3980 1821 4047 insectatur,

217 4068 505 4137 exposuit,
536 4068 902 4139 amplectenda
952 4085 1072 4127 esse
1120 4072 1443 4127 necessario.
1481 4092 1499 4125 ι
1538 4074 1592 4127 In
1638 4076 1823 4143 primis

217 4158 561 4214 contendunt
582 4160 830 4217 statuisse
848 4162 1202 4233 Augustinum
1222 4164 1321 4218 tria
1348 4174 1551 4221 tantum
1573 4167 1821 4237 dogmata

220 4251 492 4307 adversus
517 4252 832 4324 Pelagianos
868 4255 1021 4325 juxta
1051 4256 1371 4312 catholicam
1400 4258 1558 4315 ﬁdem
1589 4275 1710 4315 esse
1739 4270 1819 4315 te-

218 4344 427 4411 nenda,
460 4345 601 4414 quod
621 4345 903 4402 Sadoletus
933 4348 1260 4403 recentiores
1281 4347 1480 4404 docens
1512 4350 1639 4405 olim
1673 4351 1823 4405 dixe-

216 4449 313 4495 rat
343 4440 400 4495 in
430 4440 651 4510 epistola
690 4442 757 4496 ad
786 4442 1171 4510 Contarenum,
1212 4443 1286 4497 uti
1320 4443 1346 4515 §
1382 4444 1406 4497 1
1465 4446 1819 4502 narravimus.

218 4532 438 4588 Rursus
492 4534 641 4603 plura
695 4536 865 4590 sancti
915 4536 1090 4590 Patris
1141 4528 1443 4592 testimOnia
1500 4539 1818 4608 producunt,

217 4625 425 4695 quibus
471 4627 663 4682 asserit
702 4627 845 4683 nolle
888 4643 947 4684 se
987 4644 1105 4685 eam
1131 4629 1421 4686 lectoribus
1446 4632 1613 4702 legem
1647 4634 1853 4704 impo-.

215 4734 380 4782 nere,
416 4727 472 4772 ut
499 4719 746 4775 omnibus
766 4719 862 4776 abs
890 4736 950 4777 se
969 4722 1155 4792 positis
1171 4723 1555 4780 assertionibus
1578 4727 1820 4796 acquies-

218 4819 374 4876 cant,
413 4810 587 4864 ablata
635 4814 780 4866 omni
833 4826 1052 4881 prorsus
1100 4814 1503 4870 contradicendi
1546 4816 1816 4873 libertate.

217 4904 405 4961 Unum
435 4906 592 4974 dabo,
628 4922 748 4961 nam
774 4907 914 4963 idem
951 4910 1279 4980 reliquorum
1312 4925 1503 4966 sensus
1533 4920 1615 4967 est
1637 4912 1817 4968 diver-

216 5000 299 5055 sis
322 5006 529 5054 tantum
561 5000 739 5055 verbis
767 5016 1078 5071 expressus.
1111 5004 1169 5059 In
1200 5004 1424 5075 epistola
1456 5006 1520 5059 ad
1554 5006 1821 5061 Fortuna-

216 5091 433 5147 tianum
456 5091 686 5148 scribit:
721 5113 740 5146 ί
776 5093 960 5166 Neque
1010 5096 1153 5151 enim
1194 5099 1551 5169 quorumlibet
1578 5100 1818 5169 disputa-

214 5184 423 5251 tiones,
465 5184 709 5256 quamvis
745 5186 1130 5244 catholicorum
1167 5200 1222 5244 et
1262 5190 1597 5247 laudatorum
1648 5192 1822 5249 homi-

215 5294 352 5333 num
376 5278 527 5334 velut
553 5278 1170 5351 Scripturas‘cauonicas
1200 5284 1397 5341 habere
1433 5287 1715 5352 debemus,
1761 5296 1819 5342 ut

218 5373 389 5429 nobis
424 5387 531 5428 nou
561 5372 736 5441 liceat,
762 5377 916 5430 'salva
946 5376 1353 5435 honorificentia
1384 5394 1503 5449 qua:
1526 5379 1628 5434 illis
1656 5380 1819 5437 debe-

219 5474 311 5522 tur
340 5465 673 5533 hominibus,
704 5467 903 5538 aliquid
934 5470 988 5525 in
1015 5486 1201 5527 eorum
1253 5473 1464 5540 scriptis
1508 5474 1817 5543 improbare

216 5566 388 5629 atque
412 5572 692 5628 respuere,
722 5560 767 5615 si
793 5559 933 5617 forte
955 5562 1314 5618 invenerimus
1344 5564 1483 5633 quod
1514 5565 1670 5619 aliter
1694 5579 1817 5619 scn-

217 5651 404 5708 serint
429 5667 589 5723 quam
621 5654 820 5710 veritas
848 5654 1009 5711 habet
1054 5654 1242 5712 divino
1281 5656 1572 5727 adiutorio,
1628 5658 1711 5713 vel
1750 5658 1819 5713 ab

220 5745 349 5801 aliis
380 5744 648 5801 intellecta
672 5746 756 5802 vel
798 5762 829 5802 a
869 5747 1045 5804 nobis.
1079 5746 1223 5804 Talis
1247 5764 1347 5820 ego
1372 5756 1487 5805 sum
1520 5751 1573 5805 in
1606 5750 1819 5822 scriptis

220 5839 479 5908 aliorum,
523 5840 658 5897 tales
686 5842 811 5898 volo
841 5857 962 5900 esse
992 5843 1359 5900 intellectores
1386 5860 1643 5901 meorum.
1687 5867 1706 5899 ι
1737 5847 1818 5902 Ex

221 5934 427 6018 quibus
454 5933 641 5993 aliisve
668 5936 913 5995 eamdem
944 5937 998 5993 in
1027 5952 1142 5993 rem
1182 5936 1428 5996 adductis
1470 5940 1817 5998 exclamant:

1932 1995 2210 2051 arbitrium
2251 1997 2305 2052 in
2353 1996 2504 2053 libris
2553 1998 2667 2053 suis
2701 2000 3243 2067 commendaverant,
3294 2014 3521 2071 respon-

1930 2084 2057 2142 disti
2081 2087 2224 2143 nulla
2252 2096 2305 2144 te
2333 2089 2548 2158 gravari
2575 2091 2895 2147 auctoritate
2923 2092 3132 2159 talium,
3164 2093 3237 2147 ita
3271 2102 3330 2146 ut
3373 2093 3521 2149 dice-

1928 2195 2019 2238 res
2044 2198 2139 2239 eos
2167 2198 2424 2254 processu
2456 2186 2576 2240 vitae
2604 2185 2865 2251 melioris,
2896 2188 2939 2241 si
2977 2187 3104 2257 quid
3152 2188 3292 2243 male
3339 2201 3523 2242 sense-

1929 2287 2072 2345 rant,
2106 2278 2377 2347 evpiasse.
2410 2278 2524 2334 Tua
2557 2277 2651 2332 tibi
2683 2278 2751 2334 ad
2778 2278 2882 2335 hoc
2912 2280 3078 2335 relata
3112 2281 3238 2347 sint,
3271 2289 3328 2335 ut
3377 2281 3524 2336 exci-

1930 2380 2048 2427 tare
2073 2371 2139 2427 de
2162 2372 2294 2427 solis
2313 2372 2615 2429 nominibus
2638 2374 2925 2430 erubescas
2951 2375 3230 2432 invidiam.
3269 2395 3288 2429 i
3317 2377 3385 2431 At
3415 2391 3524 2433 non

1929 2474 2171 2522 veterum
2197 2475 2399 2521 tantum
2432 2468 2833 2535 haereticorum,
2860 2469 2956 2524 sed
2989 2477 3043 2524 et
3072 2469 3364 2526 recentium
3392 2469 3524 2540 dog-

1930 2561 2268 2615 matistarum
2320 2561 2500 2615 tritum
2532 2560 2635 2616 hoc
2662 2560 2914 2628 effugium
2964 2576 3085 2617 esse
3114 2562 3179 2615 ad
3212 2573 3525 2617 sanctorum

1931 2650 2171 2719 Patrum,
2204 2668 2267 2708 ac
2289 2652 2558 2723 praecipue
2584 2654 2867 2724 Augustini
2898 2655 3271 2709 auctoritatem
3299 2654 3523 2710 eludenv

1930 2744 2073 2813 dam,
2121 2753 2351 2801 testatur
2380 2745 2778 2817 eruditissimus
2807 2748 2888 2801 vir
2912 2747 3260 2817 Stapletonus
3292 2742 3437 2802 tumo
3469 2748 3522 2815 Ι,

1932 2850 2107 2895 contr.
2134 2842 2190 2905 5,
2220 2839 2312 2895 lib.
2339 2856 2432 2907 vn,
2456 2856 2575 2910 cap.
2608 2841 2675 2897 15
2705 2858 2719 2895 :
2756 2860 2774 2892 ι
2812 2842 2917 2896 Alii
2941 2842 3137 2912 (inquit
3186 2842 3255 2899 de
3304 2843 3525 2899 Protes-

1934 2933 2171 2988 tantibus
2209 2950 2315 2988 non
2347 2935 2466 3003 plus
2508 2934 2588 2990 eis
2617 2934 2834 3007 (nempe
2862 2934 3134 3007 Patribus)
3181 2935 3525 2992 tribuendum

1930 3040 2055 3081 esse
2085 3034 2339 3097 arguunt,
2372 3041 2533 3095 quam
2563 3025 2779 3097 ipsimet
2808 3027 2996 3082 Patres
3021 3027 3122 3083 sibi
3150 3027 3307 3083 tribui
3340 3038 3525 3099 postu-

1931 3117 2064 3185 lant,
2095 3129 2149 3174 et
2193 3119 2297 3173 hoc
2322 3119 2375 3173 in
2406 3120 2526 3173 loco
2553 3118 2731 3174 varias
2762 3118 3043 3189 Augustini
3073 3119 3368 3174 sententias
3399 3133 3524 3188 pro-

1935 3216 2155 3275 ducunt,
2184 3214 2377 3282 quibus
2408 3212 2497 3268 ille
2524 3211 2636 3267 suis
2664 3211 2882 3282 scriptis
2927 3227 3035 3267 non
3058 3212 3213 3268 aliter
3242 3212 3399 3267 ﬁdem
3426 3212 3526 3265 ha-

1859 3287 1904 3351 (Ἰ
1936 3308 2049 3363 beri
2076 3307 2312 3377 postulat
2333 3321 2495 3376 quam
2522 3313 2787 3377 quatenus
2815 3321 2880 3361 ex
2911 3305 3187 3377 Scriptura
3235 3319 3388 3361 sacra
3440 3306 3526 3363 vel

1931 3418 1999 3460 ex
2030 3402 2269 3458 evidenti
2291 3401 2503 3456 ratione
2525 3400 2848 3456 sententiam
2871 3414 3020 3456 suam
3042 3398 3461 3456 conﬁrmaverit.
3496 3416 3516 3451 ι

1933 3494 2200 3564 Additque
2230 3494 2281 3547 in
2310 3493 2490 3549 verbis
2517 3492 2691 3549 sancti
2719 3492 3002 3564 Augusﬁni
3026 3507 3092 3548 ex
3136 3491 3229 3547 lib.
3274 3492 3333 3547 11
3395 3506 3525 3545 con-

1935 3596 2015 3641 tra
2044 3586 2324 3652 Faustum,
2356 3600 2477 3656 cap.
2507 3586 2563 3655 5,
2595 3586 2649 3640 in
2679 3601 2786 3655 quo
2818 3586 2937 3641 loco
2969 3585 3067 3640 sibi
3098 3583 3303 3654 plaudit
3346 3584 3525 3639 Anna-

1926 3686 2019 3733 tus
2041 3691 2163 3748 pag.
2188 3675 2315 3743 897,
2357 3690 2452 3732 eos
2476 3675 2695 3745 miriﬁce
2723 3676 3001 3730 exsultare.

2005 3794 2359 3849 Doctissimus
2402 3793 2655 3863 idemque
2697 3793 3073 3848 sanctissimus
3117 3792 3277 3847 Pater
3310 3792 3523 3849 caeteris

1929 3873 2249 3957 virtutibus,
2269 3888 2462 3959 quibus
2488 3888 2674 3943 divino
2698 3903 2922 3945 munere
2949 3888 3013 3943 ad
3043 3895 3317 3958 stuporem
3348 3904 3523 3960 usque

1930 3988 2151 4036 ornatus
2198 3980 2328 4049 fuit,
2385 3980 2583 4035 sociam
2641 3980 2957 4035 modestiam
3014 3981 3286 4051 adjunxit,
3345 3996 3523 4053 neque

1928 4080 2135 4127 tantum
2168 4070 2270 4125 sibi
2308 4084 2540 4141 unquam
2583 4070 2746 4125 tribui
2795 4070 2963 4124 voluit
3017 4079 3270 4140 quantum
3322 4071 3525 4143 Pytha~

1929 4180 2074 4238 gora:
2102 4181 2133 4219 a
2161 4164 2441 4234 discipulis
2471 4163 2707 4220 delatum
2732 4162 2850 4230 fuit,
2882 4173 2938 4219 ut
2974 4163 3102 4219 illud
3142 4173 3284 4221 esset
3314 4165 3520 4222 ineluc-
3586 4202 3587 4205 η

1932 4261 2093 4317 labile
2129 4269 2503 4332 argumentum
2552 4261 2715 4322 Αὐτός
2754 4260 2867 4335 ἔφα.
2901 4260 3015 4317 Hoc
3051 4276 3217 4316 unum
3261 4264 3519 4334 Augusti-

1928 4369 2029 4408 nus
2058 4363 2210 4424 rogat
2235 4362 2343 4407 tota
2373 4352 2601 4421 epistola
2628 4353 2855 4419 septima
2883 4353 2949 4407 ad
2978 4352 3368 4409 Marcellinum.
3400 4351 3520 4407 Ca:-

1929 4456 2102 4503 tcrum
2135 4446 2414 4517 disputans
2457 4454 2641 4502 contra
2673 4445 2994 4517 Pelagianos
3034 4448 3231 4516 passim
3272 4448 3520 4517 capitalia

1926 4542 2177 4611 dogmata
2205 4550 2458 4612 tanquam
2488 4540 2785 4598 catholicas
2813 4541 3109 4597 sententias
3138 4541 3429 4597 defendere
3460 4555 3520 4596 se

1929 4636 2225 4707 profitetur.
2279 4637 2354 4690 Ita
2396 4635 2492 4690 lib.
2521 4652 2551 4687 v
2580 4645 2766 4690 contra
2815 4635 2946 4701 Jul.,
2988 4650 3108 4706 cap.
3146 4634 3232 4703 12,
3285 4636 3521 4706 quinque

1928 4732 1995 4786 de
2017 4732 2450 4800 concupiscentia
2468 4730 2790 4799 quaestiones
2816 4730 3000 4800 agitat,
3020 4729 3109 4785 ubi
3141 4730 3214 4785 ait
3242 4746 3255 4783 :
3297 4748 3315 4781 ι
3346 4729 3401 4783 ln
3434 4730 3517 4785 his

1925 4826 2311 4896 quaestionibus
2358 4822 2621 4879 catholica
2672 4823 2897 4878 veritate
2949 4824 3245 4893 antiquitus
3298 4824 3514 4890 tradita,

1923 4929 2100 4974 vestra
2130 4919 2291 4986 impia
2324 4917 2535 4973 novitas
2565 4916 2874 4972 suffocatur.
2911 4936 2929 4969 ι
2960 4916 3017 4971 In
3060 4917 3284 4984 epistola
3319 4917 3418 4971 107
3448 4918 3516 4973 ad

1926 5011 2157 5067 Vitalem
2199 5010 2480 5065 duodecim
2512 5008 2693 5066 theses
2720 5010 2786 5065 de
2817 5010 2986 5079 gratia
3017 5011 3222 5074 statuit,
3265 5024 3519 5067 asserens

1922 5104 2141 5161 easdem
2187 5122 2205 5155 ι
2230 5104 2297 5159 ad
2328 5091 2720 5159 ﬁdem-rectam
2753 5112 2808 5158 et
2828 5102 3146 5158 catholicam
3178 5104 3465 5173 pertinere.
3492 5126 3513 5160 ι

1930 5200 2071 5254 idem
2094 5196 2163 5255 de
2184 5199 2657 5269 praedestinatione
2680 5200 2837 5253 docet
2874 5198 2969 5254 lib.
3002 5199 3069 5254 de
3099 5198 3250 5253 Dono
3276 5215 3515 5273 persev.,

1926 5308 2047 5363 cap.
2076 5291 2167 5357 25,
2218 5292 2268 5347 in
2308 5290 2442 5347 ﬁne.
2486 5291 2620 5346 Illud
2651 5291 2735 5345 vel
2770 5292 3004 5347 maxime
3034 5293 3225 5346 iterum
3266 5294 3515 5349 recolen-

1922 5385 2050 5439 dum
2078 5394 2181 5452 est,
2208 5393 2448 5439 sanctum
2479 5382 2775 5449 doctorem,
2811 5398 2931 5437 cum
2965 5383 3017 5438 in
3050 5385 3201 5442 libris
3236 5389 3517 5444 Retracta-

1925 5480 2127 5535 tionum
2171 5479 2352 5549 plures
2393 5477 2686 5533 sententias
2728 5478 3045 5543 correxerit,
3097 5480 3292 5535 nullam
3325 5490 3513 5538 contra

1922 5574 2239 5645 Pelagianos
2261 5581 2513 5628 statutam
2536 5580 2625 5626 aut
2646 5571 2919 5628 defensam
2946 5574 3136 5629 thesim
3162 5576 3510 5645 expunxisse,

1924 5677 1980 5721 ut
2012 5668 2225 5737 planum
2272 5667 2364 5720 fiat
2405 5666 2758 5736 Augustinum
2792 5668 3066 5723 censuisse
3108 5669 3289 5724 omnia
3317 5677 3371 5724 et
3399 5670 3512 5725 sin-

1921 5761 2040 5831 gula
2082 5775 2200 5829 qum
2228 5758 2333 5813 illis
2382 5759 2435 5813 in
2482 5758 2635 5815 libris
2684 5759 2944 5816 docuerat
2973 5775 3003 5815 a
3032 5777 3162 5818 vero
3196 5777 3302 5817 non
3331 5762 3510 5819 disso-

1923 5867 2072 5917 nare,
2108 5851 2199 5907 sed
2235 5866 2429 5906 novum
2472 5850 2713 5908 laborem
2744 5862 2904 5925 atque
2928 5855 3253 5911 exactiorem
3288 5854 3512 5927 diligen-

1924 5943 2054 5999 tiam
2080 5943 2413 6013 Augustinus
2453 5942 2592 6003 forte
2616 5948 3009 6009 recentioribus
3032 5948 3266 6019 reliquit,
3296 5949 3387 6021 qui
3414 5951 3518 6008 iteé
