  <div class='ocr_page' id='page_1' title='image "/cluster/home/n/w/nwhite01/storage/ocr_20150623/47/hvd.32044015471527/399.png"; bbox 0 0 3962 6346; ppageno 0'>
   <div class='ocr_carea' id='block_1_1' title="bbox 481 403 2878 483">
    <p class='ocr_par' dir='ltr' id='par_1_1' title="bbox 481 403 2878 483">
     <span class='ocr_line' id='line_1_1' title="bbox 481 403 2878 483; baseline 0.001 -17"><span class='ocrx_word' id='word_1_1' title='bbox 481 409 585 483; x_wconf 62' lang='grc' dir='ltr'><strong>ἰ’18Ἵ</strong></span> <span class='ocrx_word' id='word_1_2' title='bbox 899 403 904 407; x_wconf 75' lang='grc'><em>’</em></span> <span class='ocrx_word' id='word_1_3' title='bbox 1388 408 1949 467; x_wconf 71' lang='lat' dir='ltr'><strong>SU-PPLEMENTUM</strong></span> <span class='ocrx_word' id='word_1_4' title='bbox 1987 406 2080 465; x_wconf 90' lang='lat' dir='ltr'><strong>AD</strong></span> <span class='ocrx_word' id='word_1_5' title='bbox 2119 405 2352 465; x_wconf 81' lang='lat' dir='ltr'><strong>OPERA</strong></span> <span class='ocrx_word' id='word_1_6' title='bbox 2393 406 2449 466; x_wconf 88' lang='lat' dir='ltr'><strong>S.</strong></span> <span class='ocrx_word' id='word_1_7' title='bbox 2489 407 2878 469; x_wconf 84' lang='lat' dir='ltr'><strong>AUGUSTINI.</strong></span> 
     </span>
    </p>
   </div>
   <div class='ocr_carea' id='block_1_2' title="bbox 482 507 3777 601">
    <p class='ocr_par' dir='ltr' id='par_1_2' title="bbox 482 507 3777 601">
     <span class='ocr_line' id='line_1_2' title="bbox 482 507 3777 601; baseline -0.001 -15"><span class='ocrx_word' id='word_1_8' title='bbox 482 507 608 586; x_wconf 77' lang='lat' dir='ltr'><strong>rum</strong></span> <span class='ocrx_word' id='word_1_9' title='bbox 638 528 898 584; x_wconf 89' lang='lat' dir='ltr'><strong>severiori</strong></span> <span class='ocrx_word' id='word_1_10' title='bbox 920 524 1123 597; x_wconf 89' lang='lat' dir='ltr'><strong>judicio</strong></span> <span class='ocrx_word' id='word_1_11' title='bbox 1147 524 1330 582; x_wconf 89' lang='lat' dir='ltr'><strong>eadem</strong></span> <span class='ocrx_word' id='word_1_12' title='bbox 1372 524 1730 595; x_wconf 82' lang='lat' dir='ltr'><strong>Hipponensis</strong></span> <span class='ocrx_word' id='word_1_13' title='bbox 1759 527 1984 599; x_wconf 86' lang='lat' dir='ltr'><strong>scripta,</strong></span> <span class='ocrx_word' id='word_1_14' title='bbox 2019 535 2074 580; x_wconf 92' lang='lat' dir='ltr'><strong>ut</strong></span> <span class='ocrx_word' id='word_1_15' title='bbox 2103 539 2157 601; x_wconf 65' lang='grc' dir='ltr'><strong>Α</strong></span> <span class='ocrx_word' id='word_1_16' title='bbox 2180 523 2388 580; x_wconf 89' lang='lat' dir='ltr'><strong>delatas</strong></span> <span class='ocrx_word' id='word_1_17' title='bbox 2414 539 2442 578; x_wconf 89' lang='lat' dir='ltr'><strong>a</strong></span> <span class='ocrx_word' id='word_1_18' title='bbox 2474 522 2730 579; x_wconf 82' lang='lat' dir='ltr'><strong>Romanis</strong></span> <span class='ocrx_word' id='word_1_19' title='bbox 2773 523 3089 595; x_wconf 65' lang='lat' dir='ltr'><strong>praesulibus</strong></span> <span class='ocrx_word' id='word_1_20' title='bbox 3142 524 3441 597; x_wconf 75' lang='lat' dir='ltr'><strong>Augustino</strong></span> <span class='ocrx_word' id='word_1_21' title='bbox 3473 526 3661 583; x_wconf 88' lang='lat' dir='ltr'><strong>laudes</strong></span> <span class='ocrx_word' id='word_1_22' title='bbox 3690 527 3777 583; x_wconf 76' lang='lat' dir='ltr'><strong>of-</strong></span> 
     </span>
    </p>
   </div>
   <div class='ocr_carea' id='block_1_3' title="bbox 488 620 2073 692">
    <p class='ocr_par' dir='ltr' id='par_1_3' title="bbox 488 620 2073 692">
     <span class='ocr_line' id='line_1_3' title="bbox 488 620 2073 692; baseline -0.001 -15"><span class='ocrx_word' id='word_1_23' title='bbox 488 623 563 677; x_wconf 87' lang='lat' dir='ltr'><strong>ait</strong></span> <span class='ocrx_word' id='word_1_24' title='bbox 613 623 874 686; x_wconf 87' lang='lat' dir='ltr'><strong>Annatus,</strong></span> <span class='ocrx_word' id='word_1_25' title='bbox 930 634 1047 690; x_wconf 90' lang='lat' dir='ltr'><strong>pag.</strong></span> <span class='ocrx_word' id='word_1_26' title='bbox 1101 620 1223 683; x_wconf 84' lang='lat'><strong>897,</strong></span> <span class='ocrx_word' id='word_1_27' title='bbox 1276 620 1561 692; x_wconf 75' lang='lat' dir='ltr'><strong>inspirante</strong></span> <span class='ocrx_word' id='word_1_28' title='bbox 1612 621 1717 677; x_wconf 88' lang='lat' dir='ltr'><strong>Deo</strong></span> <span class='ocrx_word' id='word_1_29' title='bbox 1757 623 2073 692; x_wconf 78' lang='lat' dir='ltr'><strong>examinata,</strong></span> 
     </span>
    </p>
   </div>
   <div class='ocr_carea' id='block_1_4' title="bbox 490 712 1489 773">
    <p class='ocr_par' dir='ltr' id='par_1_4' title="bbox 490 712 1489 773">
     <span class='ocr_line' id='line_1_4' title="bbox 490 712 1489 773; baseline -0.002 -1"><span class='ocrx_word' id='word_1_30' title='bbox 490 729 706 773; x_wconf 86' lang='lat' dir='ltr'><strong>errores</strong></span> <span class='ocrx_word' id='word_1_31' title='bbox 733 714 1009 769; x_wconf 89' lang='lat' dir='ltr'><strong>continere</strong></span> <span class='ocrx_word' id='word_1_32' title='bbox 1031 712 1489 770; x_wconf 77' lang='lat' dir='ltr'><strong>demonstrarent.</strong></span> 
     </span>
    </p>
   </div>
   <div class='ocr_carea' id='block_1_5' title="bbox 559 824 2079 899">
    <p class='ocr_par' dir='ltr' id='par_1_5' title="bbox 559 824 2079 899">
     <span class='ocr_line' id='line_1_5' title="bbox 559 824 2079 899; baseline 0.001 -18"><span class='ocrx_word' id='word_1_33' title='bbox 559 826 693 881; x_wconf 86' lang='lat' dir='ltr'><strong>Cum</strong></span> <span class='ocrx_word' id='word_1_34' title='bbox 721 826 850 881; x_wconf 90' lang='lat' dir='ltr'><strong>olim</strong></span> <span class='ocrx_word' id='word_1_35' title='bbox 898 824 1336 896; x_wconf 82' lang='lat' dir='ltr'><strong>Semi-Pelagiani</strong></span> <span class='ocrx_word' id='word_1_36' title='bbox 1382 826 1735 899; x_wconf 72' lang='lat' dir='ltr'><strong>Augustinum</strong></span> <span class='ocrx_word' id='word_1_37' title='bbox 1765 827 1965 883; x_wconf 86' lang='lat' dir='ltr'><strong>erroris</strong></span> <span class='ocrx_word' id='word_1_38' title='bbox 1993 842 2079 884; x_wconf 86' lang='lat' dir='ltr'><strong>ar-</strong></span> 
     </span>
    </p>
   </div>
   <div class='ocr_carea' id='block_1_6' title="bbox 487 920 2076 995">
    <p class='ocr_par' dir='ltr' id='par_1_6' title="bbox 487 920 2076 995">
     <span class='ocr_line' id='line_1_6' title="bbox 487 920 2076 995; baseline 0 -18"><span class='ocrx_word' id='word_1_39' title='bbox 487 929 712 994; x_wconf 88' lang='lat' dir='ltr'><strong>guerent</strong></span> <span class='ocrx_word' id='word_1_40' title='bbox 740 922 793 975; x_wconf 92' lang='lat' dir='ltr'><strong>in</strong></span> <span class='ocrx_word' id='word_1_41' title='bbox 826 920 895 977; x_wconf 88' lang='lat' dir='ltr'><strong>iis</strong></span> <span class='ocrx_word' id='word_1_42' title='bbox 919 920 1071 977; x_wconf 84' lang='lat' dir='ltr'><strong>libris</strong></span> <span class='ocrx_word' id='word_1_43' title='bbox 1100 935 1236 991; x_wconf 86' lang='lat' dir='ltr'><strong>quos</strong></span> <span class='ocrx_word' id='word_1_44' title='bbox 1258 929 1443 977; x_wconf 91' lang='lat' dir='ltr'><strong>contra</strong></span> <span class='ocrx_word' id='word_1_45' title='bbox 1472 921 1791 995; x_wconf 68' lang='lat' dir='ltr'><strong>Pelagianos</strong></span> <span class='ocrx_word' id='word_1_46' title='bbox 1818 921 2076 992; x_wconf 90' lang='lat' dir='ltr'><strong>procude-</strong></span> 
     </span>
    </p>
   </div>
   <div class='ocr_carea' id='block_1_7' title="bbox 482 1013 2078 1086">
    <p class='ocr_par' dir='ltr' id='par_1_7' title="bbox 482 1013 2078 1086">
     <span class='ocr_line' id='line_1_7' title="bbox 482 1013 2078 1086; baseline -0.001 -13"><span class='ocrx_word' id='word_1_47' title='bbox 482 1026 586 1085; x_wconf 84' lang='lat' dir='ltr'><strong>rat,</strong></span> <span class='ocrx_word' id='word_1_48' title='bbox 621 1015 1003 1085; x_wconf 84' lang='lat' dir='ltr'><strong>modestissimi</strong></span> <span class='ocrx_word' id='word_1_49' title='bbox 1032 1016 1115 1069; x_wconf 87' lang='lat' dir='ltr'><strong>vir</strong></span> <span class='ocrx_word' id='word_1_50' title='bbox 1152 1014 1353 1086; x_wconf 78' lang='lat' dir='ltr'><strong>ingenii</strong></span> <span class='ocrx_word' id='word_1_51' title='bbox 1381 1013 1659 1085; x_wconf 87' lang='lat' dir='ltr'><strong>respondit</strong></span> <span class='ocrx_word' id='word_1_52' title='bbox 1682 1016 1732 1069; x_wconf 92' lang='lat' dir='ltr'><strong>in</strong></span> <span class='ocrx_word' id='word_1_53' title='bbox 1759 1015 1865 1070; x_wconf 87' lang='lat' dir='ltr'><strong>ﬁne</strong></span> <span class='ocrx_word' id='word_1_54' title='bbox 1891 1014 1983 1070; x_wconf 88' lang='lat' dir='ltr'><strong>lib.</strong></span> <span class='ocrx_word' id='word_1_55' title='bbox 2009 1014 2078 1071; x_wconf 89' lang='lat' dir='ltr'><strong>de</strong></span> 
     </span>
    </p>
   </div>
   <div class='ocr_carea' id='block_1_8' title="bbox 483 1107 2078 1179">
    <p class='ocr_par' dir='ltr' id='par_1_8' title="bbox 483 1107 2078 1179">
     <span class='ocr_line' id='line_1_8' title="bbox 483 1107 2078 1179; baseline -0.004 -13"><span class='ocrx_word' id='word_1_56' title='bbox 483 1109 637 1166; x_wconf 91' lang='lat' dir='ltr'><strong>Dono</strong></span> <span class='ocrx_word' id='word_1_57' title='bbox 682 1107 1138 1179; x_wconf 82' lang='lat' dir='ltr'><strong>perseverantiae:</strong></span> <span class='ocrx_word' id='word_1_58' title='bbox 1179 1107 1324 1174; x_wconf 72' lang='lat' dir='ltr'><strong>«Qui</strong></span> <span class='ocrx_word' id='word_1_59' title='bbox 1371 1122 1499 1162; x_wconf 86' lang='lat' dir='ltr'><strong>vero</strong></span> <span class='ocrx_word' id='word_1_60' title='bbox 1544 1122 1725 1162; x_wconf 69' lang='lat' dir='ltr'><strong>errare</strong></span> <span class='ocrx_word' id='word_1_61' title='bbox 1772 1121 1856 1163; x_wconf 91' lang='lat' dir='ltr'><strong>me</strong></span> <span class='ocrx_word' id='word_1_62' title='bbox 1895 1107 2078 1163; x_wconf 79' lang='lat' dir='ltr'><strong>existi-</strong></span> 
     </span>
    </p>
   </div>
   <div class='ocr_carea' id='block_1_9' title="bbox 480 1204 2074 1276">
    <p class='ocr_par' dir='ltr' id='par_1_9' title="bbox 480 1204 2074 1276">
     <span class='ocr_line' id='line_1_9' title="bbox 480 1204 2074 1276; baseline -0.001 -15"><span class='ocrx_word' id='word_1_63' title='bbox 480 1212 650 1271; x_wconf 88' lang='lat' dir='ltr'><strong>mant,</strong></span> <span class='ocrx_word' id='word_1_64' title='bbox 695 1204 856 1261; x_wconf 89' lang='lat' dir='ltr'><strong>etiam</strong></span> <span class='ocrx_word' id='word_1_65' title='bbox 894 1212 1054 1276; x_wconf 85' lang='lat' dir='ltr'><strong>atque</strong></span> <span class='ocrx_word' id='word_1_66' title='bbox 1097 1205 1257 1259; x_wconf 80' lang='lat' dir='ltr'><strong>etiam</strong></span> <span class='ocrx_word' id='word_1_67' title='bbox 1284 1204 1571 1274; x_wconf 83' lang='lat' dir='ltr'><strong>diligenter</strong></span> <span class='ocrx_word' id='word_1_68' title='bbox 1613 1220 1729 1274; x_wconf 70' lang='lat' dir='ltr'><strong>quae</strong></span> <span class='ocrx_word' id='word_1_69' title='bbox 1776 1214 1900 1259; x_wconf 91' lang='lat' dir='ltr'><strong>sunt</strong></span> <span class='ocrx_word' id='word_1_70' title='bbox 1931 1204 2074 1261; x_wconf 88' lang='lat' dir='ltr'><strong>dicta</strong></span> 
     </span>
    </p>
   </div>
   <div class='ocr_carea' id='block_1_10' title="bbox 483 1296 2076 1367">
    <p class='ocr_par' dir='ltr' id='par_1_10' title="bbox 483 1296 2076 1367">
     <span class='ocr_line' id='line_1_10' title="bbox 483 1296 2076 1367; baseline 0.001 -15"><span class='ocrx_word' id='word_1_71' title='bbox 483 1297 847 1361; x_wconf 87' lang='lat' dir='ltr'><strong>considerent,</strong></span> <span class='ocrx_word' id='word_1_72' title='bbox 878 1311 947 1353; x_wconf 89' lang='lat' dir='ltr'><strong>ne</strong></span> <span class='ocrx_word' id='word_1_73' title='bbox 970 1297 1215 1351; x_wconf 86' lang='lat' dir='ltr'><strong>fortassis</strong></span> <span class='ocrx_word' id='word_1_74' title='bbox 1265 1296 1365 1367; x_wconf 91' lang='lat' dir='ltr'><strong>ipsi</strong></span> <span class='ocrx_word' id='word_1_75' title='bbox 1408 1305 1608 1351; x_wconf 85' lang='lat' dir='ltr'><strong>errent.</strong></span> <span class='ocrx_word' id='word_1_76' title='bbox 1635 1316 1654 1350; x_wconf 72' lang='grc' dir='ltr'><strong>ο</strong></span> <span class='ocrx_word' id='word_1_77' title='bbox 1700 1296 1901 1353; x_wconf 90' lang='lat' dir='ltr'><strong>Ibidem</strong></span> <span class='ocrx_word' id='word_1_78' title='bbox 1952 1313 2076 1353; x_wconf 88' lang='lat' dir='ltr'><strong>vero</strong></span> 
     </span>
    </p>
   </div>
   <div class='ocr_carea' id='block_1_11' title="bbox 480 1390 2073 1465">
    <p class='ocr_par' dir='ltr' id='par_1_11' title="bbox 480 1390 2073 1465">
     <span class='ocr_line' id='line_1_11' title="bbox 480 1390 2073 1465; baseline -0.001 -16"><span class='ocrx_word' id='word_1_79' title='bbox 480 1407 601 1465; x_wconf 87' lang='lat' dir='ltr'><strong>cap.</strong></span> <span class='ocrx_word' id='word_1_80' title='bbox 631 1392 693 1447; x_wconf 73' lang='grc'><strong>21</strong></span> <span class='ocrx_word' id='word_1_81' title='bbox 734 1393 810 1448; x_wconf 88' lang='lat' dir='ltr'><strong>ait</strong></span> <span class='ocrx_word' id='word_1_82' title='bbox 836 1411 847 1445; x_wconf 91' lang='lat'>:</span> <span class='ocrx_word' id='word_1_83' title='bbox 888 1411 906 1444; x_wconf 77' lang='grc' dir='ltr'>ι</span> <span class='ocrx_word' id='word_1_84' title='bbox 936 1391 1189 1460; x_wconf 83' lang='lat' dir='ltr'><strong>Quamvis</strong></span> <span class='ocrx_word' id='word_1_85' title='bbox 1219 1390 1488 1446; x_wconf 89' lang='lat' dir='ltr'><strong>neminem</strong></span> <span class='ocrx_word' id='word_1_86' title='bbox 1520 1391 1678 1445; x_wconf 88' lang='lat' dir='ltr'><strong>velim</strong></span> <span class='ocrx_word' id='word_1_87' title='bbox 1717 1392 1795 1446; x_wconf 88' lang='lat' dir='ltr'><strong>sic</strong></span> <span class='ocrx_word' id='word_1_88' title='bbox 1821 1391 2073 1461; x_wconf 85' lang='lat' dir='ltr'><strong>amplecti</strong></span> 
     </span>
    </p>
   </div>
   <div class='ocr_carea' id='block_1_12' title="bbox 482 1482 2074 1556">
    <p class='ocr_par' dir='ltr' id='par_1_12' title="bbox 482 1482 2074 1556">
     <span class='ocr_line' id='line_1_12' title="bbox 482 1482 2074 1556; baseline -0.004 -13"><span class='ocrx_word' id='word_1_89' title='bbox 482 1487 660 1544; x_wconf 85' lang='lat' dir='ltr'><strong>omnia</strong></span> <span class='ocrx_word' id='word_1_90' title='bbox 694 1502 812 1544; x_wconf 89' lang='lat' dir='ltr'><strong>mea</strong></span> <span class='ocrx_word' id='word_1_91' title='bbox 838 1494 897 1542; x_wconf 93' lang='lat' dir='ltr'><strong>ut</strong></span> <span class='ocrx_word' id='word_1_92' title='bbox 924 1501 1010 1541; x_wconf 91' lang='lat' dir='ltr'><strong>me</strong></span> <span class='ocrx_word' id='word_1_93' title='bbox 1040 1494 1316 1556; x_wconf 88' lang='lat' dir='ltr'><strong>sequatur,</strong></span> <span class='ocrx_word' id='word_1_94' title='bbox 1352 1485 1451 1538; x_wconf 90' lang='lat' dir='ltr'><strong>nisi</strong></span> <span class='ocrx_word' id='word_1_95' title='bbox 1486 1484 1537 1538; x_wconf 94' lang='lat' dir='ltr'><strong>in</strong></span> <span class='ocrx_word' id='word_1_96' title='bbox 1575 1484 1639 1538; x_wconf 93' lang='lat' dir='ltr'><strong>iis</strong></span> <span class='ocrx_word' id='word_1_97' title='bbox 1670 1482 1724 1538; x_wconf 93' lang='lat' dir='ltr'><strong>in</strong></span> <span class='ocrx_word' id='word_1_98' title='bbox 1752 1485 1946 1555; x_wconf 82' lang='lat' dir='ltr'><strong>quibus</strong></span> <span class='ocrx_word' id='word_1_99' title='bbox 1988 1501 2074 1542; x_wconf 86' lang='lat' dir='ltr'><strong>me</strong></span> 
     </span>
    </p>
   </div>
   <div class='ocr_carea' id='block_1_13' title="bbox 478 1578 2068 1651">
    <p class='ocr_par' dir='ltr' id='par_1_13' title="bbox 478 1578 2068 1651">
     <span class='ocr_line' id='line_1_13' title="bbox 478 1578 2068 1651; baseline -0.002 -15"><span class='ocrx_word' id='word_1_100' title='bbox 478 1595 588 1636; x_wconf 88' lang='lat' dir='ltr'><strong>non</strong></span> <span class='ocrx_word' id='word_1_101' title='bbox 632 1594 814 1635; x_wconf 84' lang='lat' dir='ltr'><strong>errare</strong></span> <span class='ocrx_word' id='word_1_102' title='bbox 860 1579 1230 1651; x_wconf 84' lang='lat' dir='ltr'><strong>perspexerit;</strong></span> <span class='ocrx_word' id='word_1_103' title='bbox 1278 1592 1399 1630; x_wconf 88' lang='lat' dir='ltr'><strong>nam</strong></span> <span class='ocrx_word' id='word_1_104' title='bbox 1435 1585 1719 1647; x_wconf 90' lang='lat' dir='ltr'><strong>propterea</strong></span> <span class='ocrx_word' id='word_1_105' title='bbox 1757 1592 1897 1632; x_wconf 90' lang='lat' dir='ltr'><strong>nunc</strong></span> <span class='ocrx_word' id='word_1_106' title='bbox 1929 1578 2068 1633; x_wconf 86' lang='lat' dir='ltr'><strong>facio</strong></span> 
     </span>
    </p>
   </div>
   <div class='ocr_carea' id='block_1_14' title="bbox 482 1672 2068 1745">
    <p class='ocr_par' dir='ltr' id='par_1_14' title="bbox 482 1672 2068 1745">
     <span class='ocr_line' id='line_1_14' title="bbox 482 1672 2068 1745; baseline -0.001 -16"><span class='ocrx_word' id='word_1_107' title='bbox 482 1675 671 1742; x_wconf 90' lang='lat' dir='ltr'><strong>libros,</strong></span> <span class='ocrx_word' id='word_1_108' title='bbox 706 1676 755 1730; x_wconf 94' lang='lat' dir='ltr'><strong>in</strong></span> <span class='ocrx_word' id='word_1_109' title='bbox 786 1674 980 1745; x_wconf 87' lang='lat' dir='ltr'><strong>quibus</strong></span> <span class='ocrx_word' id='word_1_110' title='bbox 1010 1673 1264 1744; x_wconf 83' lang='lat' dir='ltr'><strong>opuscula</strong></span> <span class='ocrx_word' id='word_1_111' title='bbox 1298 1686 1414 1727; x_wconf 90' lang='lat' dir='ltr'><strong>mea</strong></span> <span class='ocrx_word' id='word_1_112' title='bbox 1446 1672 1787 1728; x_wconf 89' lang='lat' dir='ltr'><strong>retractanda</strong></span> <span class='ocrx_word' id='word_1_113' title='bbox 1823 1674 2068 1744; x_wconf 88' lang='lat' dir='ltr'><strong>suscepi,</strong></span> 
     </span>
    </p>
   </div>
   <div class='ocr_carea' id='block_1_15' title="bbox 482 1764 2074 1838">
    <p class='ocr_par' dir='ltr' id='par_1_15' title="bbox 482 1764 2074 1838">
     <span class='ocr_line' id='line_1_15' title="bbox 482 1764 2074 1838; baseline -0.001 -15"><span class='ocrx_word' id='word_1_114' title='bbox 482 1776 543 1823; x_wconf 89' lang='lat' dir='ltr'><strong>ut</strong></span> <span class='ocrx_word' id='word_1_115' title='bbox 582 1783 679 1823; x_wconf 89' lang='lat' dir='ltr'><strong>nec</strong></span> <span class='ocrx_word' id='word_1_116' title='bbox 715 1782 801 1822; x_wconf 91' lang='lat' dir='ltr'><strong>me</strong></span> <span class='ocrx_word' id='word_1_117' title='bbox 837 1767 1009 1838; x_wconf 90' lang='lat' dir='ltr'><strong>ipsum</strong></span> <span class='ocrx_word' id='word_1_118' title='bbox 1040 1766 1090 1821; x_wconf 92' lang='lat' dir='ltr'><strong>in</strong></span> <span class='ocrx_word' id='word_1_119' title='bbox 1123 1765 1373 1821; x_wconf 91' lang='lat' dir='ltr'><strong>omnibus</strong></span> <span class='ocrx_word' id='word_1_120' title='bbox 1403 1779 1487 1821; x_wconf 90' lang='lat' dir='ltr'><strong>me</strong></span> <span class='ocrx_word' id='word_1_121' title='bbox 1512 1772 1758 1821; x_wconf 87' lang='lat' dir='ltr'><strong>secutum</strong></span> <span class='ocrx_word' id='word_1_122' title='bbox 1790 1764 1955 1822; x_wconf 83' lang='lat' dir='ltr'><strong>fuisse</strong></span> <span class='ocrx_word' id='word_1_123' title='bbox 1982 1765 2074 1821; x_wconf 85' lang='lat' dir='ltr'><strong>de-</strong></span> 
     </span>
    </p>
   </div>
   <div class='ocr_carea' id='block_1_16' title="bbox 479 1861 2073 1932">
    <p class='ocr_par' dir='ltr' id='par_1_16' title="bbox 479 1861 2073 1932">
     <span class='ocr_line' id='line_1_16' title="bbox 479 1861 2073 1932; baseline -0.001 -13"><span class='ocrx_word' id='word_1_124' title='bbox 479 1871 797 1929; x_wconf 87' lang='lat' dir='ltr'><strong>monstrem,</strong></span> <span class='ocrx_word' id='word_1_125' title='bbox 832 1883 850 1916; x_wconf 73' lang='grc' dir='ltr'><strong><em>ι</em></strong></span> <span class='ocrx_word' id='word_1_126' title='bbox 884 1871 991 1919; x_wconf 90' lang='lat' dir='ltr'><strong>etc.</strong></span> <span class='ocrx_word' id='word_1_127' title='bbox 1022 1862 1153 1931; x_wconf 83' lang='lat' dir='ltr'><strong>Quae</strong></span> <span class='ocrx_word' id='word_1_128' title='bbox 1185 1862 1404 1932; x_wconf 88' lang='lat' dir='ltr'><strong>quidem</strong></span> <span class='ocrx_word' id='word_1_129' title='bbox 1436 1861 1709 1917; x_wconf 87' lang='lat' dir='ltr'><strong>attentiori</strong></span> <span class='ocrx_word' id='word_1_130' title='bbox 1735 1862 1931 1917; x_wconf 89' lang='lat' dir='ltr'><strong>mentis</strong></span> <span class='ocrx_word' id='word_1_131' title='bbox 1959 1862 2073 1918; x_wconf 91' lang='lat' dir='ltr'><strong>acie</strong></span> 
     </span>
    </p>
   </div>
   <div class='ocr_carea' id='block_1_17' title="bbox 2184 618 3777 692">
    <p class='ocr_par' dir='ltr' id='par_1_17' title="bbox 2184 618 3777 692">
     <span class='ocr_line' id='line_1_17' title="bbox 2184 618 3777 692; baseline 0.005 -21"><span class='ocrx_word' id='word_1_132' title='bbox 2184 618 2399 675; x_wconf 79' lang='lat' dir='ltr'><strong>fuscet?</strong></span> <span class='ocrx_word' id='word_1_133' title='bbox 2448 618 2595 676; x_wconf 89' lang='lat' dir='ltr'><strong>Illius</strong></span> <span class='ocrx_word' id='word_1_134' title='bbox 2638 626 2813 675; x_wconf 86' lang='lat' dir='ltr'><strong>tamen</strong></span> <span class='ocrx_word' id='word_1_135' title='bbox 2856 634 3023 675; x_wconf 91' lang='lat' dir='ltr'><strong>vanos</strong></span> <span class='ocrx_word' id='word_1_136' title='bbox 3060 631 3286 677; x_wconf 88' lang='lat' dir='ltr'><strong>conatus</strong></span> <span class='ocrx_word' id='word_1_137' title='bbox 3316 622 3370 677; x_wconf 84' lang='lat' dir='ltr'><strong>in</strong></span> <span class='ocrx_word' id='word_1_138' title='bbox 3402 622 3652 692; x_wconf 65' lang='lat' dir='ltr'><strong>sequenti</strong></span> <span class='ocrx_word' id='word_1_139' title='bbox 3682 638 3777 679; x_wconf 76' lang='lat' dir='ltr'><strong>ca-</strong></span> 
     </span>
    </p>
   </div>
   <div class='ocr_carea' id='block_1_18' title="bbox 2183 710 3778 783">
    <p class='ocr_par' dir='ltr' id='par_1_18' title="bbox 2183 710 3778 783">
     <span class='ocr_line' id='line_1_18' title="bbox 2183 710 3778 783; baseline 0.005 -18"><span class='ocrx_word' id='word_1_140' title='bbox 2183 710 2295 783; x_wconf 89' lang='lat' dir='ltr'><strong>pite</strong></span> <span class='ocrx_word' id='word_1_141' title='bbox 2342 713 2717 783; x_wconf 89' lang='lat' dir='ltr'><strong>reprimemus,</strong></span> <span class='ocrx_word' id='word_1_142' title='bbox 2772 713 2861 769; x_wconf 91' lang='lat' dir='ltr'><strong>ubi</strong></span> <span class='ocrx_word' id='word_1_143' title='bbox 2890 716 3061 771; x_wconf 90' lang='lat' dir='ltr'><strong>sancti</strong></span> <span class='ocrx_word' id='word_1_144' title='bbox 3105 714 3344 772; x_wconf 77' lang='lat' dir='ltr'><strong>doctoris</strong></span> <span class='ocrx_word' id='word_1_145' title='bbox 3394 715 3778 773; x_wconf 67' lang='lat' dir='ltr'><strong>auctowitatem</strong></span> 
     </span>
    </p>
   </div>
   <div class='ocr_carea' id='block_1_19' title="bbox 2183 804 3776 879">
    <p class='ocr_par' dir='ltr' id='par_1_19' title="bbox 2183 804 3776 879">
     <span class='ocr_line' id='line_1_19' title="bbox 2183 804 3776 879; baseline 0.004 -20"><span class='ocrx_word' id='word_1_146' title='bbox 2183 804 2491 877; x_wconf 79' lang='lat' dir='ltr'><strong>apostolicae</strong></span> <span class='ocrx_word' id='word_1_147' title='bbox 2537 807 2679 863; x_wconf 90' lang='lat' dir='ltr'><strong>sedis</strong></span> <span class='ocrx_word' id='word_1_148' title='bbox 2728 809 2993 864; x_wconf 88' lang='lat' dir='ltr'><strong>sententia</strong></span> <span class='ocrx_word' id='word_1_149' title='bbox 3026 808 3188 879; x_wconf 83' lang='lat' dir='ltr'><strong>toties</strong></span> <span class='ocrx_word' id='word_1_150' title='bbox 3219 809 3479 864; x_wconf 84' lang='lat' dir='ltr'><strong>munitam</strong></span> <span class='ocrx_word' id='word_1_151' title='bbox 3512 809 3581 864; x_wconf 89' lang='lat' dir='ltr'><strong>ab</strong></span> <span class='ocrx_word' id='word_1_152' title='bbox 3620 809 3776 876; x_wconf 64' lang='lat' dir='ltr'><strong>huius</strong></span> 
     </span>
    </p>
   </div>
   <div class='ocr_carea' id='block_1_20' title="bbox 2182 898 3775 975">
    <p class='ocr_par' dir='ltr' id='par_1_20' title="bbox 2182 898 3775 975">
     <span class='ocr_line' id='line_1_20' title="bbox 2182 898 3775 975; baseline 0.004 -23"><span class='ocrx_word' id='word_1_153' title='bbox 2182 900 2353 954; x_wconf 85' lang='lat' dir='ltr'><strong>sancti</strong></span> <span class='ocrx_word' id='word_1_154' title='bbox 2402 898 2577 956; x_wconf 87' lang='lat' dir='ltr'><strong>Patris</strong></span> <span class='ocrx_word' id='word_1_155' title='bbox 2629 900 2997 970; x_wconf 88' lang='lat' dir='ltr'><strong>vindicatoris,</strong></span> <span class='ocrx_word' id='word_1_156' title='bbox 3047 903 3122 959; x_wconf 89' lang='lat' dir='ltr'><strong>uti</strong></span> <span class='ocrx_word' id='word_1_157' title='bbox 3153 918 3212 959; x_wconf 89' lang='lat' dir='ltr'><strong>se</strong></span> <span class='ocrx_word' id='word_1_158' title='bbox 3236 902 3421 975; x_wconf 88' lang='lat' dir='ltr'><strong>jactat,</strong></span> <span class='ocrx_word' id='word_1_159' title='bbox 3456 902 3775 974; x_wconf 82' lang='lat' dir='ltr'><strong>objectioui-</strong></span> 
     </span>
    </p>
   </div>
   <div class='ocr_carea' id='block_1_21' title="bbox 2182 990 3487 1067">
    <p class='ocr_par' dir='ltr' id='par_1_21' title="bbox 2182 990 3487 1067">
     <span class='ocr_line' id='line_1_21' title="bbox 2182 990 3487 1067; baseline 0.003 -20"><span class='ocrx_word' id='word_1_160' title='bbox 2182 990 2280 1067; x_wconf 82' lang='lat' dir='ltr'><strong>bus</strong></span> <span class='ocrx_word' id='word_1_161' title='bbox 2310 994 2595 1065; x_wconf 88' lang='lat' dir='ltr'><strong>pravisque</strong></span> <span class='ocrx_word' id='word_1_162' title='bbox 2627 993 3119 1067; x_wconf 87' lang='lat' dir='ltr'><strong>interpretamentis</strong></span> <span class='ocrx_word' id='word_1_163' title='bbox 3159 1012 3487 1054; x_wconf 87' lang='lat' dir='ltr'><strong>asseremus.</strong></span> 
     </span>
    </p>
   </div>
   <div class='ocr_carea' id='block_1_22' title="bbox 2253 1086 3774 1162">
    <p class='ocr_par' dir='ltr' id='par_1_22' title="bbox 2253 1086 3774 1162">
     <span class='ocr_line' id='line_1_22' title="bbox 2253 1086 3774 1162; baseline 0.005 -22"><span class='ocrx_word' id='word_1_164' title='bbox 2253 1086 2529 1154; x_wconf 87' lang='lat' dir='ltr'><strong>Attamen,</strong></span> <span class='ocrx_word' id='word_1_165' title='bbox 2576 1089 2789 1144; x_wconf 78' lang='lat' dir='ltr'><strong>etiamsi</strong></span> <span class='ocrx_word' id='word_1_166' title='bbox 2834 1089 3016 1145; x_wconf 89' lang='lat' dir='ltr'><strong>nullus</strong></span> <span class='ocrx_word' id='word_1_167' title='bbox 3056 1105 3152 1162; x_wconf 91' lang='lat' dir='ltr'><strong>pro</strong></span> <span class='ocrx_word' id='word_1_168' title='bbox 3192 1092 3496 1162; x_wconf 82' lang='lat' dir='ltr'><strong>Augustino</strong></span> <span class='ocrx_word' id='word_1_169' title='bbox 3532 1099 3774 1149; x_wconf 82' lang='lat' dir='ltr'><strong>veterum</strong></span> 
     </span>
    </p>
   </div>
   <div class='ocr_carea' id='block_1_23' title="bbox 2181 1177 3773 1257">
    <p class='ocr_par' dir='ltr' id='par_1_23' title="bbox 2181 1177 3773 1257">
     <span class='ocr_line' id='line_1_23' title="bbox 2181 1177 3773 1257; baseline 0.01 -26"><span class='ocrx_word' id='word_1_170' title='bbox 2181 1177 2397 1235; x_wconf 84' lang='lat' dir='ltr'><strong>Patrum</strong></span> <span class='ocrx_word' id='word_1_171' title='bbox 2432 1189 2621 1249; x_wconf 85' lang='lat' dir='ltr'><strong>staret,</strong></span> <span class='ocrx_word' id='word_1_172' title='bbox 2655 1197 2719 1238; x_wconf 92' lang='lat' dir='ltr'><strong>ac</strong></span> <span class='ocrx_word' id='word_1_173' title='bbox 2749 1182 3008 1240; x_wconf 80' lang='lat' dir='ltr'><strong>Vaticana</strong></span> <span class='ocrx_word' id='word_1_174' title='bbox 3037 1188 3257 1242; x_wconf 88' lang='lat' dir='ltr'><strong>oracula</strong></span> <span class='ocrx_word' id='word_1_175' title='bbox 3295 1187 3524 1245; x_wconf 88' lang='lat' dir='ltr'><strong>silerent</strong></span> <span class='ocrx_word' id='word_1_176' title='bbox 3556 1205 3773 1257; x_wconf 83' lang='lat' dir='ltr'><strong>prorsus</strong></span> 
     </span>
    </p>
   </div>
   <div class='ocr_carea' id='block_1_24' title="bbox 2182 1271 3774 1352">
    <p class='ocr_par' dir='ltr' id='par_1_24' title="bbox 2182 1271 3774 1352">
     <span class='ocr_line' id='line_1_24' title="bbox 2182 1271 3774 1352; baseline 0.009 -28"><span class='ocrx_word' id='word_1_177' title='bbox 2182 1271 2382 1337; x_wconf 86' lang='lat' dir='ltr'><strong>omnia,</strong></span> <span class='ocrx_word' id='word_1_178' title='bbox 2416 1289 2520 1350; x_wconf 82' lang='lat' dir='ltr'><strong>non</strong></span> <span class='ocrx_word' id='word_1_179' title='bbox 2548 1274 2685 1331; x_wconf 88' lang='lat' dir='ltr'><strong>adeo</strong></span> <span class='ocrx_word' id='word_1_180' title='bbox 2710 1276 2985 1345; x_wconf 84' lang='lat' dir='ltr'><strong>deplorata</strong></span> <span class='ocrx_word' id='word_1_181' title='bbox 3020 1278 3291 1334; x_wconf 87' lang='lat' dir='ltr'><strong>censenda</strong></span> <span class='ocrx_word' id='word_1_182' title='bbox 3315 1290 3461 1336; x_wconf 89' lang='lat' dir='ltr'><strong>esset</strong></span> <span class='ocrx_word' id='word_1_183' title='bbox 3492 1280 3774 1352; x_wconf 70' lang='lat' dir='ltr'><strong>Augustini</strong></span> 
     </span>
    </p>
   </div>
   <div class='ocr_carea' id='block_1_25' title="bbox 2179 1369 3773 1439">
    <p class='ocr_par' dir='ltr' id='par_1_25' title="bbox 2179 1369 3773 1439">
     <span class='ocr_line' id='line_1_25' title="bbox 2179 1369 3773 1439; baseline 0.008 -21"><span class='ocrx_word' id='word_1_184' title='bbox 2179 1377 2365 1431; x_wconf 88' lang='lat' dir='ltr'><strong>causa,</strong></span> <span class='ocrx_word' id='word_1_185' title='bbox 2399 1375 2451 1418; x_wconf 90' lang='lat' dir='ltr'><strong>ut</strong></span> <span class='ocrx_word' id='word_1_186' title='bbox 2484 1369 2698 1423; x_wconf 90' lang='lat' dir='ltr'><strong>Annato</strong></span> <span class='ocrx_word' id='word_1_187' title='bbox 2727 1369 2905 1424; x_wconf 91' lang='lat' dir='ltr'><strong>eidem</strong></span> <span class='ocrx_word' id='word_1_188' title='bbox 2943 1371 3287 1439; x_wconf 85' lang='lat' dir='ltr'><strong>adversante,</strong></span> <span class='ocrx_word' id='word_1_189' title='bbox 3342 1374 3549 1428; x_wconf 91' lang='lat' dir='ltr'><strong>nullum</strong></span> <span class='ocrx_word' id='word_1_190' title='bbox 3597 1375 3773 1431; x_wconf 81' lang='lat' dir='ltr'><strong>faven-</strong></span> 
     </span>
    </p>
   </div>
   <div class='ocr_carea' id='block_1_26' title="bbox 2182 1456 3770 1535">
    <p class='ocr_par' dir='ltr' id='par_1_26' title="bbox 2182 1456 3770 1535">
     <span class='ocr_line' id='line_1_26' title="bbox 2182 1456 3770 1535; baseline 0.009 -27"><span class='ocrx_word' id='word_1_191' title='bbox 2182 1464 2286 1509; x_wconf 84' lang='lat' dir='ltr'><strong>tem</strong></span> <span class='ocrx_word' id='word_1_192' title='bbox 2335 1456 2570 1526; x_wconf 90' lang='lat' dir='ltr'><strong>judicem</strong></span> <span class='ocrx_word' id='word_1_193' title='bbox 2612 1460 2797 1515; x_wconf 90' lang='lat' dir='ltr'><strong>sortiri</strong></span> <span class='ocrx_word' id='word_1_194' title='bbox 2827 1460 2879 1515; x_wconf 93' lang='lat' dir='ltr'><strong>in</strong></span> <span class='ocrx_word' id='word_1_195' title='bbox 2919 1462 3050 1518; x_wconf 88' lang='lat' dir='ltr'><strong>orbe</strong></span> <span class='ocrx_word' id='word_1_196' title='bbox 3082 1474 3283 1532; x_wconf 90' lang='lat' dir='ltr'><strong>posset,</strong></span> <span class='ocrx_word' id='word_1_197' title='bbox 3316 1468 3623 1535; x_wconf 76' lang='lat' dir='ltr'><strong>praesertim</strong></span> <span class='ocrx_word' id='word_1_198' title='bbox 3652 1483 3770 1524; x_wconf 85' lang='lat' dir='ltr'><strong>cum</strong></span> 
     </span>
    </p>
   </div>
   <div class='ocr_carea' id='block_1_27' title="bbox 2181 1550 3772 1626">
    <p class='ocr_par' dir='ltr' id='par_1_27' title="bbox 2181 1550 3772 1626">
     <span class='ocr_line' id='line_1_27' title="bbox 2181 1550 3772 1626; baseline 0.008 -24"><span class='ocrx_word' id='word_1_199' title='bbox 2181 1550 2527 1607; x_wconf 89' lang='lat' dir='ltr'><strong>manifestum</strong></span> <span class='ocrx_word' id='word_1_200' title='bbox 2562 1553 2629 1607; x_wconf 82' lang='lat' dir='ltr'><strong>sit</strong></span> <span class='ocrx_word' id='word_1_201' title='bbox 2663 1554 2814 1624; x_wconf 86' lang='lat' dir='ltr'><strong>plura</strong></span> <span class='ocrx_word' id='word_1_202' title='bbox 2846 1556 3021 1625; x_wconf 88' lang='lat' dir='ltr'><strong>ipsum</strong></span> <span class='ocrx_word' id='word_1_203' title='bbox 3054 1556 3360 1613; x_wconf 86' lang='lat' dir='ltr'><strong>testimonia</strong></span> <span class='ocrx_word' id='word_1_204' title='bbox 3394 1559 3639 1626; x_wconf 82' lang='lat' dir='ltr'><strong>falsasse,</strong></span> <span class='ocrx_word' id='word_1_205' title='bbox 3674 1560 3772 1616; x_wconf 82' lang='lat' dir='ltr'><strong>alia</strong></span> 
     </span>
    </p>
   </div>
   <div class='ocr_carea' id='block_1_28' title="bbox 2183 1646 3769 1723">
    <p class='ocr_par' dir='ltr' id='par_1_28' title="bbox 2183 1646 3769 1723">
     <span class='ocr_line' id='line_1_28' title="bbox 2183 1646 3769 1723; baseline 0.005 -24"><span class='ocrx_word' id='word_1_206' title='bbox 2183 1659 2406 1714; x_wconf 89' lang='lat' dir='ltr'><strong>prorsus</strong></span> <span class='ocrx_word' id='word_1_207' title='bbox 2453 1646 2693 1715; x_wconf 83' lang='lat' dir='ltr'><strong>ﬁnxisse,</strong></span> <span class='ocrx_word' id='word_1_208' title='bbox 2742 1650 3005 1720; x_wconf 89' lang='lat' dir='ltr'><strong>quosdam</strong></span> <span class='ocrx_word' id='word_1_209' title='bbox 3039 1652 3092 1706; x_wconf 92' lang='lat' dir='ltr'><strong>in</strong></span> <span class='ocrx_word' id='word_1_210' title='bbox 3127 1660 3291 1708; x_wconf 85' lang='lat' dir='ltr'><strong>testes</strong></span> <span class='ocrx_word' id='word_1_211' title='bbox 3332 1652 3646 1723; x_wconf 80' lang='lat' dir='ltr'><strong>adduxisse,</strong></span> <span class='ocrx_word' id='word_1_212' title='bbox 3690 1654 3769 1709; x_wconf 89' lang='lat' dir='ltr'><strong>vel</strong></span> 
     </span>
    </p>
   </div>
   <div class='ocr_carea' id='block_1_29' title="bbox 2178 1740 3764 1816">
    <p class='ocr_par' dir='ltr' id='par_1_29' title="bbox 2178 1740 3764 1816">
     <span class='ocr_line' id='line_1_29' title="bbox 2178 1740 3764 1816; baseline 0.004 -20"><span class='ocrx_word' id='word_1_213' title='bbox 2178 1740 2644 1813; x_wconf 85' lang='lat' dir='ltr'><strong>Semi-Pelagiano</strong></span> <span class='ocrx_word' id='word_1_214' title='bbox 2668 1759 2855 1800; x_wconf 91' lang='lat' dir='ltr'><strong>errore</strong></span> <span class='ocrx_word' id='word_1_215' title='bbox 2878 1744 3125 1815; x_wconf 82' lang='lat' dir='ltr'><strong>iniectos,</strong></span> <span class='ocrx_word' id='word_1_216' title='bbox 3160 1746 3247 1801; x_wconf 90' lang='lat' dir='ltr'><strong>vel</strong></span> <span class='ocrx_word' id='word_1_217' title='bbox 3268 1747 3649 1816; x_wconf 86' lang='lat' dir='ltr'><strong>grammaticos</strong></span> <span class='ocrx_word' id='word_1_218' title='bbox 3671 1748 3764 1802; x_wconf 90' lang='lat' dir='ltr'><strong>im-</strong></span> 
     </span>
    </p>
   </div>
   <div class='ocr_carea' id='block_1_30' title="bbox 2181 1836 3761 1910">
    <p class='ocr_par' dir='ltr' id='par_1_30' title="bbox 2181 1836 3761 1910">
     <span class='ocr_line' id='line_1_30' title="bbox 2181 1836 3761 1910; baseline 0.001 -19"><span class='ocrx_word' id='word_1_219' title='bbox 2181 1838 2400 1905; x_wconf 89' lang='lat' dir='ltr'><strong>peritos,</strong></span> <span class='ocrx_word' id='word_1_220' title='bbox 2450 1836 2534 1892; x_wconf 87' lang='lat' dir='ltr'><strong>vel</strong></span> <span class='ocrx_word' id='word_1_221' title='bbox 2577 1852 2743 1893; x_wconf 92' lang='lat' dir='ltr'><strong>novos</strong></span> <span class='ocrx_word' id='word_1_222' title='bbox 2782 1853 2849 1894; x_wconf 80' lang='lat' dir='ltr'><strong>ex</strong></span> <span class='ocrx_word' id='word_1_223' title='bbox 2886 1838 3287 1910; x_wconf 80' lang='lat' dir='ltr'><strong>iurisconsultis</strong></span> <span class='ocrx_word' id='word_1_224' title='bbox 3317 1838 3620 1910; x_wconf 85' lang='lat' dir='ltr'><strong>theologos,</strong></span> <span class='ocrx_word' id='word_1_225' title='bbox 3681 1839 3761 1896; x_wconf 89' lang='lat' dir='ltr'><strong>vel</strong></span> 
     </span>
    </p>
   </div>
   <div class='ocr_carea' id='block_1_31' title="bbox 476 1926 2067 2027">
    <p class='ocr_par' dir='ltr' id='par_1_31' title="bbox 476 1955 2067 2027">
     <span class='ocr_line' id='line_1_31' title="bbox 476 1955 2067 2027; baseline -0.001 -15"><span class='ocrx_word' id='word_1_226' title='bbox 476 1956 826 2013; x_wconf 86' lang='lat' dir='ltr'><strong>considerans</strong></span> <span class='ocrx_word' id='word_1_227' title='bbox 856 1972 1081 2027; x_wconf 85' lang='lat' dir='ltr'><strong>magnus</strong></span> <span class='ocrx_word' id='word_1_228' title='bbox 1114 1956 1205 2010; x_wconf 91' lang='lat' dir='ltr'><strong>ille</strong></span> <span class='ocrx_word' id='word_1_229' title='bbox 1244 1955 1530 2010; x_wconf 83' lang='lat' dir='ltr'><strong>Annalium</strong></span> <span class='ocrx_word' id='word_1_230' title='bbox 1580 1955 2067 2012; x_wconf 88' lang='lat' dir='ltr'><strong>ecclesiasticorum</strong></span> 
     </span>
    </p>
   </div>
   <div class='ocr_carea' id='block_1_32' title="bbox 2177 1926 3763 2027">
    <p class='ocr_par' dir='ltr' id='par_1_32' title="bbox 2181 1926 3763 2001">
     <span class='ocr_line' id='line_1_32' title="bbox 2181 1926 3763 2001; baseline 0.003 -19"><span class='ocrx_word' id='word_1_231' title='bbox 2181 1926 2521 1997; x_wconf 87' lang='lat' dir='ltr'><strong>impudentes</strong></span> <span class='ocrx_word' id='word_1_232' title='bbox 2561 1928 2841 2001; x_wconf 89' lang='lat' dir='ltr'><strong>minusque</strong></span> <span class='ocrx_word' id='word_1_233' title='bbox 2886 1932 3135 1987; x_wconf 87' lang='lat' dir='ltr'><strong>consulto</strong></span> <span class='ocrx_word' id='word_1_234' title='bbox 3167 1930 3398 1998; x_wconf 71' lang='lat' dir='ltr'><strong>locutos,</strong></span> <span class='ocrx_word' id='word_1_235' title='bbox 3444 1939 3610 2001; x_wconf 81' lang='lat' dir='ltr'><strong>atque</strong></span> <span class='ocrx_word' id='word_1_236' title='bbox 3656 1935 3763 1986; x_wconf 82' lang='lat' dir='ltr'><strong>Au-</strong></span> 
     </span>
    </p>
   </div>
   <div class='ocr_carea' id='block_1_33' title="bbox 478 2049 2065 2120">
    <p class='ocr_par' dir='ltr' id='par_1_33' title="bbox 478 2049 2065 2120">
     <span class='ocr_line' id='line_1_33' title="bbox 478 2049 2065 2120; baseline 0.001 -15"><span class='ocrx_word' id='word_1_237' title='bbox 478 2052 713 2120; x_wconf 89' lang='lat' dir='ltr'><strong>scriptor</strong></span> <span class='ocrx_word' id='word_1_238' title='bbox 734 2051 1021 2107; x_wconf 90' lang='lat' dir='ltr'><strong>cardinalis</strong></span> <span class='ocrx_word' id='word_1_239' title='bbox 1046 2051 1332 2117; x_wconf 89' lang='lat' dir='ltr'><strong>Baronins,</strong></span> <span class='ocrx_word' id='word_1_240' title='bbox 1368 2060 1513 2105; x_wconf 91' lang='lat' dir='ltr'><strong>tomo</strong></span> <span class='ocrx_word' id='word_1_241' title='bbox 1539 2049 1581 2103; x_wconf 71' lang='grc' dir='ltr'><strong>γ</strong></span> <span class='ocrx_word' id='word_1_242' title='bbox 1613 2051 1681 2106; x_wconf 91' lang='lat' dir='ltr'><strong>ad</strong></span> <span class='ocrx_word' id='word_1_243' title='bbox 1706 2065 1906 2107; x_wconf 90' lang='lat' dir='ltr'><strong>annum</strong></span> <span class='ocrx_word' id='word_1_244' title='bbox 1938 2052 2065 2119; x_wconf 55' lang='lat' dir='ltr'><strong>r26,</strong></span> 
     </span>
    </p>
   </div>
   <div class='ocr_carea' id='block_1_34' title="bbox 480 2141 2074 2215">
    <p class='ocr_par' dir='ltr' id='par_1_34' title="bbox 480 2141 2074 2215">
     <span class='ocr_line' id='line_1_34' title="bbox 480 2141 2074 2215; baseline 0.001 -19"><span class='ocrx_word' id='word_1_245' title='bbox 480 2158 606 2215; x_wconf 81' lang='lat' dir='ltr'><strong>pag.</strong></span> <span class='ocrx_word' id='word_1_246' title='bbox 649 2142 775 2211; x_wconf 58' lang='lat'><strong>1:98,</strong></span> <span class='ocrx_word' id='word_1_247' title='bbox 807 2144 922 2199; x_wconf 68' lang='lat' dir='ltr'><strong>haec</strong></span> <span class='ocrx_word' id='word_1_248' title='bbox 945 2144 999 2197; x_wconf 90' lang='lat' dir='ltr'><strong>in</strong></span> <span class='ocrx_word' id='word_1_249' title='bbox 1032 2141 1315 2213; x_wconf 79' lang='lat' dir='ltr'><strong>Augustini</strong></span> <span class='ocrx_word' id='word_1_250' title='bbox 1346 2143 1876 2199; x_wconf 82' lang='lat' dir='ltr'><strong>commendationem</strong></span> <span class='ocrx_word' id='word_1_251' title='bbox 1905 2144 2074 2214; x_wconf 88' lang='lat' dir='ltr'><strong>scrip-</strong></span> 
     </span>
    </p>
   </div>
   <div class='ocr_carea' id='block_1_35' title="bbox 478 2235 2074 2307">
    <p class='ocr_par' dir='ltr' id='par_1_35' title="bbox 478 2235 2074 2307">
     <span class='ocr_line' id='line_1_35' title="bbox 478 2235 2074 2307; baseline 0.001 -16"><span class='ocrx_word' id='word_1_252' title='bbox 478 2236 572 2302; x_wconf 86' lang='lat' dir='ltr'><strong>sit,</strong></span> <span class='ocrx_word' id='word_1_253' title='bbox 610 2251 729 2306; x_wconf 75' lang='lat' dir='ltr'><strong>quze</strong></span> <span class='ocrx_word' id='word_1_254' title='bbox 770 2236 895 2291; x_wconf 89' lang='lat' dir='ltr'><strong>licet</strong></span> <span class='ocrx_word' id='word_1_255' title='bbox 926 2237 1174 2306; x_wconf 86' lang='lat' dir='ltr'><strong>superius</strong></span> <span class='ocrx_word' id='word_1_256' title='bbox 1198 2235 1417 2290; x_wconf 89' lang='lat' dir='ltr'><strong>recitata</strong></span> <span class='ocrx_word' id='word_1_257' title='bbox 1458 2236 1587 2300; x_wconf 89' lang='lat' dir='ltr'><strong>sint,</strong></span> <span class='ocrx_word' id='word_1_258' title='bbox 1624 2236 1791 2291; x_wconf 89' lang='lat' dir='ltr'><strong>libeat</strong></span> <span class='ocrx_word' id='word_1_259' title='bbox 1822 2237 1910 2292; x_wconf 92' lang='lat' dir='ltr'><strong>hic</strong></span> <span class='ocrx_word' id='word_1_260' title='bbox 1941 2252 2074 2307; x_wconf 90' lang='lat' dir='ltr'><strong>quo-</strong></span> 
     </span>
    </p>
   </div>
   <div class='ocr_carea' id='block_1_36' title="bbox 476 2327 2072 2399">
    <p class='ocr_par' dir='ltr' id='par_1_36' title="bbox 476 2327 2072 2399">
     <span class='ocr_line' id='line_1_36' title="bbox 476 2327 2072 2399; baseline 0.002 -17"><span class='ocrx_word' id='word_1_261' title='bbox 476 2342 584 2398; x_wconf 89' lang='lat' dir='ltr'><strong>que</strong></span> <span class='ocrx_word' id='word_1_262' title='bbox 623 2337 906 2399; x_wconf 86' lang='lat' dir='ltr'><strong>repetere:</strong></span> <span class='ocrx_word' id='word_1_263' title='bbox 943 2347 961 2380; x_wconf 89' lang='grc'><strong><em>‹</em></strong></span> <span class='ocrx_word' id='word_1_264' title='bbox 993 2327 1117 2382; x_wconf 71' lang='lat' dir='ltr'><strong>“(BC</strong></span> <span class='ocrx_word' id='word_1_265' title='bbox 1158 2327 1293 2398; x_wconf 88' lang='lat' dir='ltr'><strong>ipse,</strong></span> <span class='ocrx_word' id='word_1_266' title='bbox 1328 2327 1421 2391; x_wconf 84' lang='lat' dir='ltr'><strong>ait,</strong></span> <span class='ocrx_word' id='word_1_267' title='bbox 1455 2328 1612 2397; x_wconf 91' lang='lat' dir='ltr'><strong>digna</strong></span> <span class='ocrx_word' id='word_1_268' title='bbox 1647 2327 1863 2399; x_wconf 90' lang='lat' dir='ltr'><strong>quidem</strong></span> <span class='ocrx_word' id='word_1_269' title='bbox 1895 2330 2072 2385; x_wconf 88' lang='lat' dir='ltr'><strong>sancti</strong></span> 
     </span>
    </p>
   </div>
   <div class='ocr_carea' id='block_1_37' title="bbox 478 2418 2068 2489">
    <p class='ocr_par' dir='ltr' id='par_1_37' title="bbox 478 2418 2068 2489">
     <span class='ocr_line' id='line_1_37' title="bbox 478 2418 2068 2489; baseline 0.002 -16"><span class='ocrx_word' id='word_1_270' title='bbox 478 2418 759 2489; x_wconf 79' lang='lat' dir='ltr'><strong>Augustini</strong></span> <span class='ocrx_word' id='word_1_271' title='bbox 796 2418 1080 2487; x_wconf 85' lang='lat' dir='ltr'><strong>modestia,</strong></span> <span class='ocrx_word' id='word_1_272' title='bbox 1125 2418 1396 2489; x_wconf 88' lang='lat' dir='ltr'><strong>animique</strong></span> <span class='ocrx_word' id='word_1_273' title='bbox 1436 2419 1553 2488; x_wconf 87' lang='lat' dir='ltr'><strong>ejus</strong></span> <span class='ocrx_word' id='word_1_274' title='bbox 1590 2418 1898 2474; x_wconf 87' lang='lat' dir='ltr'><strong>admirabili</strong></span> <span class='ocrx_word' id='word_1_275' title='bbox 1944 2436 2068 2476; x_wconf 90' lang='lat' dir='ltr'><strong>cum</strong></span> 
     </span>
    </p>
   </div>
   <div class='ocr_carea' id='block_1_38' title="bbox 480 2512 2072 2583">
    <p class='ocr_par' dir='ltr' id='par_1_38' title="bbox 480 2512 2072 2583">
     <span class='ocr_line' id='line_1_38' title="bbox 480 2512 2072 2583; baseline 0.001 -14"><span class='ocrx_word' id='word_1_276' title='bbox 480 2513 843 2570; x_wconf 87' lang='lat' dir='ltr'><strong>submissione</strong></span> <span class='ocrx_word' id='word_1_277' title='bbox 865 2512 1211 2581; x_wconf 87' lang='lat' dir='ltr'><strong>verecundia,</strong></span> <span class='ocrx_word' id='word_1_278' title='bbox 1248 2523 1303 2568; x_wconf 92' lang='lat' dir='ltr'><strong>ut</strong></span> <span class='ocrx_word' id='word_1_279' title='bbox 1328 2514 1485 2583; x_wconf 81' lang='lat' dir='ltr'><strong>plane</strong></span> <span class='ocrx_word' id='word_1_280' title='bbox 1513 2512 1613 2567; x_wconf 87' lang='lat' dir='ltr'><strong>nisi</strong></span> <span class='ocrx_word' id='word_1_281' title='bbox 1645 2513 1866 2570; x_wconf 91' lang='lat' dir='ltr'><strong>aliunde</strong></span> <span class='ocrx_word' id='word_1_282' title='bbox 1896 2529 1959 2569; x_wconf 81' lang='lat' dir='ltr'><strong>ex</strong></span> <span class='ocrx_word' id='word_1_283' title='bbox 1990 2514 2072 2571; x_wconf 91' lang='lat' dir='ltr'><strong>his</strong></span> 
     </span>
    </p>
   </div>
   <div class='ocr_carea' id='block_1_39' title="bbox 484 2607 2069 2680">
    <p class='ocr_par' dir='ltr' id='par_1_39' title="bbox 484 2607 2069 2680">
     <span class='ocr_line' id='line_1_39' title="bbox 484 2607 2069 2680; baseline 0.003 -17"><span class='ocrx_word' id='word_1_284' title='bbox 484 2608 673 2665; x_wconf 88' lang='lat' dir='ltr'><strong>saltem</strong></span> <span class='ocrx_word' id='word_1_285' title='bbox 698 2607 995 2679; x_wconf 78' lang='lat' dir='ltr'><strong>intelligere</strong></span> <span class='ocrx_word' id='word_1_286' title='bbox 1013 2608 1189 2664; x_wconf 89' lang='lat' dir='ltr'><strong>valeas</strong></span> <span class='ocrx_word' id='word_1_287' title='bbox 1204 2608 1442 2663; x_wconf 82' lang='lat' dir='ltr'><strong>afflatum</strong></span> <span class='ocrx_word' id='word_1_288' title='bbox 1462 2609 1634 2680; x_wconf 90' lang='lat' dir='ltr'><strong>ipsum</strong></span> <span class='ocrx_word' id='word_1_289' title='bbox 1658 2609 1841 2665; x_wconf 87' lang='lat' dir='ltr'><strong>divino</strong></span> <span class='ocrx_word' id='word_1_290' title='bbox 1866 2610 2069 2679; x_wconf 86' lang='lat' dir='ltr'><strong>Spiritu</strong></span> 
     </span>
    </p>
   </div>
   <div class='ocr_carea' id='block_1_40' title="bbox 483 2701 2069 2774">
    <p class='ocr_par' dir='ltr' id='par_1_40' title="bbox 483 2701 2069 2774">
     <span class='ocr_line' id='line_1_40' title="bbox 483 2701 2069 2774; baseline 0.003 -19"><span class='ocrx_word' id='word_1_291' title='bbox 483 2701 570 2755; x_wconf 90' lang='lat' dir='ltr'><strong>illa</strong></span> <span class='ocrx_word' id='word_1_292' title='bbox 596 2701 903 2772; x_wconf 82' lang='lat' dir='ltr'><strong>scripsisse,</strong></span> <span class='ocrx_word' id='word_1_293' title='bbox 924 2717 1045 2757; x_wconf 91' lang='lat' dir='ltr'><strong>cum</strong></span> <span class='ocrx_word' id='word_1_294' title='bbox 1079 2716 1182 2757; x_wconf 87' lang='lat' dir='ltr'><strong>non</strong></span> <span class='ocrx_word' id='word_1_295' title='bbox 1206 2716 1364 2773; x_wconf 81' lang='lat' dir='ltr'><strong>supra</strong></span> <span class='ocrx_word' id='word_1_296' title='bbox 1388 2703 1692 2774; x_wconf 85' lang='lat' dir='ltr'><strong>quempiam</strong></span> <span class='ocrx_word' id='word_1_297' title='bbox 1721 2702 1883 2759; x_wconf 87' lang='lat' dir='ltr'><strong>alium</strong></span> <span class='ocrx_word' id='word_1_298' title='bbox 1910 2719 2069 2774; x_wconf 88' lang='lat' dir='ltr'><strong>quam</strong></span> 
     </span>
    </p>
   </div>
   <div class='ocr_carea' id='block_1_41' title="bbox 486 2795 2070 2867">
    <p class='ocr_par' dir='ltr' id='par_1_41' title="bbox 486 2795 2070 2867">
     <span class='ocr_line' id='line_1_41' title="bbox 486 2795 2070 2867; baseline 0.003 -15"><span class='ocrx_word' id='word_1_299' title='bbox 486 2811 649 2866; x_wconf 85' lang='lat' dir='ltr'><strong>super</strong></span> <span class='ocrx_word' id='word_1_300' title='bbox 690 2795 969 2863; x_wconf 87' lang='lat' dir='ltr'><strong>humilem,</strong></span> <span class='ocrx_word' id='word_1_301' title='bbox 1011 2796 1249 2867; x_wconf 89' lang='lat' dir='ltr'><strong>quietum</strong></span> <span class='ocrx_word' id='word_1_302' title='bbox 1311 2808 1365 2854; x_wconf 89' lang='lat' dir='ltr'><strong>et</strong></span> <span class='ocrx_word' id='word_1_303' title='bbox 1403 2808 1725 2855; x_wconf 90' lang='lat' dir='ltr'><strong>trementem</strong></span> <span class='ocrx_word' id='word_1_304' title='bbox 1763 2814 2070 2857; x_wconf 91' lang='lat' dir='ltr'><strong>sermonem</strong></span> 
     </span>
    </p>
   </div>
   <div class='ocr_carea' id='block_1_42' title="bbox 478 2889 2070 2964">
    <p class='ocr_par' dir='ltr' id='par_1_42' title="bbox 478 2889 2070 2964">
     <span class='ocr_line' id='line_1_42' title="bbox 478 2889 2070 2964; baseline 0.003 -20"><span class='ocrx_word' id='word_1_305' title='bbox 478 2889 575 2945; x_wconf 91' lang='lat' dir='ltr'><strong>Dei</strong></span> <span class='ocrx_word' id='word_1_306' title='bbox 627 2889 869 2945; x_wconf 87' lang='lat' dir='ltr'><strong>divinum</strong></span> <span class='ocrx_word' id='word_1_307' title='bbox 918 2890 1085 2946; x_wconf 82' lang='lat' dir='ltr'><strong>ati&#39;ore</strong></span> <span class='ocrx_word' id='word_1_308' title='bbox 1123 2890 1365 2956; x_wconf 76' lang='lat' dir='ltr'><strong>Numen,</strong></span> <span class='ocrx_word' id='word_1_309' title='bbox 1422 2891 1559 2948; x_wconf 90' lang='lat' dir='ltr'><strong>Dens</strong></span> <span class='ocrx_word' id='word_1_310' title='bbox 1607 2907 1703 2963; x_wconf 89' lang='lat' dir='ltr'><strong>per</strong></span> <span class='ocrx_word' id='word_1_311' title='bbox 1757 2892 2070 2964; x_wconf 80' lang='lat' dir='ltr'><strong>prophetam</strong></span> 
     </span>
    </p>
   </div>
   <div class='ocr_carea' id='block_1_43' title="bbox 482 2981 2066 3052">
    <p class='ocr_par' dir='ltr' id='par_1_43' title="bbox 482 2981 2066 3052">
     <span class='ocr_line' id='line_1_43' title="bbox 482 2981 2066 3052; baseline 0.004 -16"><span class='ocrx_word' id='word_1_312' title='bbox 482 2981 644 3037; x_wconf 87' lang='lat' dir='ltr'><strong>fuerit</strong></span> <span class='ocrx_word' id='word_1_313' title='bbox 686 2992 1057 3051; x_wconf 85' lang='lat' dir='ltr'><strong>contestatus;</strong></span> <span class='ocrx_word' id='word_1_314' title='bbox 1088 2984 1229 3038; x_wconf 80' lang='lat' dir='ltr'><strong>sicut</strong></span> <span class='ocrx_word' id='word_1_315' title='bbox 1259 2994 1313 3040; x_wconf 91' lang='lat' dir='ltr'><strong>et</strong></span> <span class='ocrx_word' id='word_1_316' title='bbox 1339 2983 1572 3040; x_wconf 86' lang='lat' dir='ltr'><strong>Jacobus</strong></span> <span class='ocrx_word' id='word_1_317' title='bbox 1603 2985 1806 3052; x_wconf 90' lang='lat' dir='ltr'><strong>docuit,</strong></span> <span class='ocrx_word' id='word_1_318' title='bbox 1842 2986 1929 3042; x_wconf 93' lang='lat' dir='ltr'><strong>ubi</strong></span> <span class='ocrx_word' id='word_1_319' title='bbox 1952 2988 2025 3043; x_wconf 90' lang='lat' dir='ltr'><strong>ait</strong></span> <span class='ocrx_word' id='word_1_320' title='bbox 2052 3004 2066 3042; x_wconf 87' lang='lat'>:</span> 
     </span>
    </p>
   </div>
   <div class='ocr_carea' id='block_1_44' title="bbox 481 3076 2071 3151">
    <p class='ocr_par' dir='ltr' id='par_1_44' title="bbox 481 3076 2071 3151">
     <span class='ocr_line' id='line_1_44' title="bbox 481 3076 2071 3151; baseline 0.004 -23"><span class='ocrx_word' id='word_1_321' title='bbox 481 3076 607 3143; x_wconf 65' lang='lat' dir='ltr'><strong>Quae</strong></span> <span class='ocrx_word' id='word_1_322' title='bbox 654 3077 927 3132; x_wconf 82' lang='lat' dir='ltr'><strong>desursum</strong></span> <span class='ocrx_word' id='word_1_323' title='bbox 967 3087 1042 3133; x_wconf 74' lang='lat' dir='ltr'><strong>est</strong></span> <span class='ocrx_word' id='word_1_324' title='bbox 1080 3078 1331 3149; x_wconf 73' lang='lat' dir='ltr'><strong>sapientia</strong></span> <span class='ocrx_word' id='word_1_325' title='bbox 1374 3081 1594 3148; x_wconf 87' lang='lat' dir='ltr'><strong>primum</strong></span> <span class='ocrx_word' id='word_1_326' title='bbox 1639 3081 1842 3151; x_wconf 83' lang='lat' dir='ltr'><strong>quidem</strong></span> <span class='ocrx_word' id='word_1_327' title='bbox 1884 3082 2071 3151; x_wconf 81' lang='lat' dir='ltr'><strong>pudica</strong></span> 
     </span>
    </p>
   </div>
   <div class='ocr_carea' id='block_1_45' title="bbox 472 3169 2069 3243">
    <p class='ocr_par' dir='ltr' id='par_1_45' title="bbox 472 3169 2069 3243">
     <span class='ocr_line' id='line_1_45' title="bbox 472 3169 2069 3243; baseline 0.004 -20"><span class='ocrx_word' id='word_1_328' title='bbox 472 3177 577 3234; x_wconf 82' lang='lat' dir='ltr'><strong>est,</strong></span> <span class='ocrx_word' id='word_1_329' title='bbox 630 3169 817 3225; x_wconf 86' lang='lat' dir='ltr'><strong>deinde</strong></span> <span class='ocrx_word' id='word_1_330' title='bbox 848 3171 1093 3243; x_wconf 79' lang='lat' dir='ltr'><strong>paciﬁca,</strong></span> <span class='ocrx_word' id='word_1_331' title='bbox 1122 3173 1371 3236; x_wconf 71' lang='lat' dir='ltr'><strong>modesta,</strong></span> <span class='ocrx_word' id='word_1_332' title='bbox 1426 3174 1706 3239; x_wconf 79' lang='lat' dir='ltr'><strong>suasibilis,</strong></span> <span class='ocrx_word' id='word_1_333' title='bbox 1749 3175 1893 3228; x_wconf 76' lang='lat' dir='ltr'><strong>bonis</strong></span> <span class='ocrx_word' id='word_1_334' title='bbox 1943 3192 2069 3229; x_wconf 86' lang='lat' dir='ltr'><strong>con-</strong></span> 
     </span>
    </p>
   </div>
   <div class='ocr_carea' id='block_1_46' title="bbox 480 3262 2068 3337">
    <p class='ocr_par' dir='ltr' id='par_1_46' title="bbox 480 3262 2068 3337">
     <span class='ocr_line' id='line_1_46' title="bbox 480 3262 2068 3337; baseline 0.007 -24"><span class='ocrx_word' id='word_1_335' title='bbox 480 3262 724 3317; x_wconf 79' lang='lat' dir='ltr'><strong>sentiens.</strong></span> <span class='ocrx_word' id='word_1_336' title='bbox 758 3282 777 3315; x_wconf 72' lang='lat' dir='ltr'><strong>t</strong></span> <span class='ocrx_word' id='word_1_337' title='bbox 821 3263 944 3317; x_wconf 73' lang='lat' dir='ltr'><strong>Haec</strong></span> <span class='ocrx_word' id='word_1_338' title='bbox 978 3263 1084 3320; x_wconf 88' lang='lat' dir='ltr'><strong>ille.</strong></span> <span class='ocrx_word' id='word_1_339' title='bbox 1124 3264 1189 3318; x_wconf 83' lang='lat' dir='ltr'><strong>Et</strong></span> <span class='ocrx_word' id='word_1_340' title='bbox 1230 3275 1404 3320; x_wconf 90' lang='lat' dir='ltr'><strong>tamen</strong></span> <span class='ocrx_word' id='word_1_341' title='bbox 1434 3280 1499 3320; x_wconf 89' lang='lat' dir='ltr'><strong>eo</strong></span> <span class='ocrx_word' id='word_1_342' title='bbox 1528 3266 1771 3336; x_wconf 88' lang='lat' dir='ltr'><strong>prorupit</strong></span> <span class='ocrx_word' id='word_1_343' title='bbox 1800 3268 2068 3337; x_wconf 79' lang='lat' dir='ltr'><strong>Armatus,</strong></span> 
     </span>
    </p>
   </div>
   <div class='ocr_carea' id='block_1_47' title="bbox 2176 2022 3767 2097">
    <p class='ocr_par' dir='ltr' id='par_1_47' title="bbox 2176 2022 3767 2097">
     <span class='ocr_line' id='line_1_47' title="bbox 2176 2022 3767 2097; baseline 0.002 -20"><span class='ocrx_word' id='word_1_344' title='bbox 2176 2022 2573 2092; x_wconf 87' lang='lat' dir='ltr'><strong>gustinensium</strong></span> <span class='ocrx_word' id='word_1_345' title='bbox 2632 2023 2891 2080; x_wconf 87' lang='lat' dir='ltr'><strong>librorum</strong></span> <span class='ocrx_word' id='word_1_346' title='bbox 2955 2041 3179 2097; x_wconf 88' lang='lat' dir='ltr'><strong>prorsus</strong></span> <span class='ocrx_word' id='word_1_347' title='bbox 3231 2025 3452 2082; x_wconf 89' lang='lat' dir='ltr'><strong>inscios.</strong></span> <span class='ocrx_word' id='word_1_348' title='bbox 3526 2028 3600 2081; x_wconf 84' lang='lat' dir='ltr'><strong>At</strong></span> <span class='ocrx_word' id='word_1_349' title='bbox 3652 2039 3767 2080; x_wconf 77' lang='lat' dir='ltr'><strong>cum</strong></span> 
     </span>
    </p>
   </div>
   <div class='ocr_carea' id='block_1_48' title="bbox 2176 2114 3770 2187">
    <p class='ocr_par' dir='ltr' id='par_1_48' title="bbox 2176 2114 3770 2187">
     <span class='ocr_line' id='line_1_48' title="bbox 2176 2114 3770 2187; baseline 0.002 -18"><span class='ocrx_word' id='word_1_350' title='bbox 2176 2116 2349 2170; x_wconf 90' lang='lat' dir='ltr'><strong>sancti</strong></span> <span class='ocrx_word' id='word_1_351' title='bbox 2380 2114 2666 2187; x_wconf 78' lang='lat' dir='ltr'><strong>Augustini</strong></span> <span class='ocrx_word' id='word_1_352' title='bbox 2699 2116 2942 2173; x_wconf 87' lang='lat' dir='ltr'><strong>doctrina</strong></span> <span class='ocrx_word' id='word_1_353' title='bbox 2974 2126 3054 2172; x_wconf 92' lang='lat' dir='ltr'><strong>tot</strong></span> <span class='ocrx_word' id='word_1_354' title='bbox 3088 2118 3453 2173; x_wconf 81' lang='lat' dir='ltr'><strong>Romanorum</strong></span> <span class='ocrx_word' id='word_1_355' title='bbox 3486 2115 3770 2187; x_wconf 76' lang='lat' dir='ltr'><strong>praesulatu</strong></span> 
     </span>
    </p>
   </div>
   <div class='ocr_carea' id='block_1_49' title="bbox 2177 2206 3771 2275">
    <p class='ocr_par' dir='ltr' id='par_1_49' title="bbox 2177 2206 3771 2275">
     <span class='ocr_line' id='line_1_49' title="bbox 2177 2206 3771 2275; baseline 0.001 -15"><span class='ocrx_word' id='word_1_356' title='bbox 2177 2206 2451 2273; x_wconf 89' lang='lat' dir='ltr'><strong>laudibus,</strong></span> <span class='ocrx_word' id='word_1_357' title='bbox 2479 2216 2558 2264; x_wconf 91' lang='lat' dir='ltr'><strong>tot</strong></span> <span class='ocrx_word' id='word_1_358' title='bbox 2581 2208 2936 2264; x_wconf 89' lang='lat' dir='ltr'><strong>conciliorum</strong></span> <span class='ocrx_word' id='word_1_359' title='bbox 2967 2208 3217 2275; x_wconf 88' lang='lat' dir='ltr'><strong>decretis,</strong></span> <span class='ocrx_word' id='word_1_360' title='bbox 3252 2216 3330 2263; x_wconf 89' lang='lat' dir='ltr'><strong>tot</strong></span> <span class='ocrx_word' id='word_1_361' title='bbox 3358 2208 3605 2264; x_wconf 88' lang='lat' dir='ltr'><strong>omnium</strong></span> <span class='ocrx_word' id='word_1_362' title='bbox 3628 2215 3771 2263; x_wconf 30' lang='lat' dir='ltr'><strong>vetes</strong></span> 
     </span>
    </p>
   </div>
   <div class='ocr_carea' id='block_1_50' title="bbox 2176 2301 3771 2371">
    <p class='ocr_par' dir='ltr' id='par_1_50' title="bbox 2176 2301 3771 2371">
     <span class='ocr_line' id='line_1_50' title="bbox 2176 2301 3771 2371; baseline 0.003 -17"><span class='ocrx_word' id='word_1_363' title='bbox 2176 2301 2253 2355; x_wconf 87' lang='lat' dir='ltr'><strong>ris</strong></span> <span class='ocrx_word' id='word_1_364' title='bbox 2302 2302 2558 2359; x_wconf 88' lang='lat' dir='ltr'><strong>Ecclesiae</strong></span> <span class='ocrx_word' id='word_1_365' title='bbox 2606 2303 2822 2359; x_wconf 89' lang='lat' dir='ltr'><strong>Patrum</strong></span> <span class='ocrx_word' id='word_1_366' title='bbox 2866 2303 3132 2359; x_wconf 89' lang='lat' dir='ltr'><strong>encomiis</strong></span> <span class='ocrx_word' id='word_1_367' title='bbox 3183 2312 3406 2371; x_wconf 90' lang='lat' dir='ltr'><strong>ornata,</strong></span> <span class='ocrx_word' id='word_1_368' title='bbox 3464 2301 3675 2359; x_wconf 87' lang='lat' dir='ltr'><strong>munita</strong></span> <span class='ocrx_word' id='word_1_369' title='bbox 3714 2317 3771 2359; x_wconf 89' lang='lat' dir='ltr'><strong>ac</strong></span> 
     </span>
    </p>
   </div>
   <div class='ocr_carea' id='block_1_51' title="bbox 2176 2391 3771 2467">
    <p class='ocr_par' dir='ltr' id='par_1_51' title="bbox 2176 2391 3771 2467">
     <span class='ocr_line' id='line_1_51' title="bbox 2176 2391 3771 2467; baseline 0.003 -21"><span class='ocrx_word' id='word_1_370' title='bbox 2176 2391 2395 2448; x_wconf 87' lang='lat' dir='ltr'><strong>defensa</strong></span> <span class='ocrx_word' id='word_1_371' title='bbox 2426 2394 2518 2465; x_wconf 90' lang='lat' dir='ltr'><strong>sit,</strong></span> <span class='ocrx_word' id='word_1_372' title='bbox 2555 2395 2673 2467; x_wconf 90' lang='lat' dir='ltr'><strong>quis</strong></span> <span class='ocrx_word' id='word_1_373' title='bbox 2699 2408 2868 2467; x_wconf 85' lang='lat' dir='ltr'><strong>nuper</strong></span> <span class='ocrx_word' id='word_1_374' title='bbox 2889 2396 3134 2453; x_wconf 88' lang='lat' dir='ltr'><strong>eamdem</strong></span> <span class='ocrx_word' id='word_1_375' title='bbox 3165 2396 3217 2452; x_wconf 91' lang='lat' dir='ltr'><strong>in</strong></span> <span class='ocrx_word' id='word_1_376' title='bbox 3239 2395 3501 2467; x_wconf 88' lang='lat' dir='ltr'><strong>judicium</strong></span> <span class='ocrx_word' id='word_1_377' title='bbox 3531 2412 3560 2450; x_wconf 90' lang='lat' dir='ltr'><strong>a</strong></span> <span class='ocrx_word' id='word_1_378' title='bbox 3588 2409 3771 2451; x_wconf 85' lang='lat' dir='ltr'><strong>recen-</strong></span> 
     </span>
    </p>
   </div>
   <div class='ocr_carea' id='block_1_52' title="bbox 2178 2485 3771 2560">
    <p class='ocr_par' dir='ltr' id='par_1_52' title="bbox 2178 2485 3771 2560">
     <span class='ocr_line' id='line_1_52' title="bbox 2178 2485 3771 2560; baseline 0.004 -21"><span class='ocrx_word' id='word_1_379' title='bbox 2178 2485 2403 2542; x_wconf 88' lang='lat' dir='ltr'><strong>tioribus</strong></span> <span class='ocrx_word' id='word_1_380' title='bbox 2426 2496 2670 2544; x_wconf 82' lang='lat' dir='ltr'><strong>vocatam</strong></span> <span class='ocrx_word' id='word_1_381' title='bbox 2694 2490 2937 2546; x_wconf 88' lang='lat' dir='ltr'><strong>damnari</strong></span> <span class='ocrx_word' id='word_1_382' title='bbox 2968 2488 3053 2547; x_wconf 87' lang='lat' dir='ltr'><strong>vel</strong></span> <span class='ocrx_word' id='word_1_383' title='bbox 3081 2490 3302 2546; x_wconf 89' lang='lat' dir='ltr'><strong>minima</strong></span> <span class='ocrx_word' id='word_1_384' title='bbox 3329 2503 3395 2546; x_wconf 81' lang='lat' dir='ltr'><strong>ex</strong></span> <span class='ocrx_word' id='word_1_385' title='bbox 3429 2498 3587 2559; x_wconf 90' lang='lat' dir='ltr'><strong>parte</strong></span> <span class='ocrx_word' id='word_1_386' title='bbox 3620 2502 3771 2560; x_wconf 83' lang='lat' dir='ltr'><strong>posse</strong></span> 
     </span>
    </p>
   </div>
   <div class='ocr_carea' id='block_1_53' title="bbox 2176 2580 3769 2656">
    <p class='ocr_par' dir='ltr' id='par_1_53' title="bbox 2176 2580 3769 2656">
     <span class='ocr_line' id='line_1_53' title="bbox 2176 2580 3769 2656; baseline 0.004 -22"><span class='ocrx_word' id='word_1_387' title='bbox 2176 2580 2518 2650; x_wconf 84' lang='lat' dir='ltr'><strong>suspicetur?</strong></span> <span class='ocrx_word' id='word_1_388' title='bbox 2550 2582 2618 2639; x_wconf 86' lang='lat' dir='ltr'><strong>ab</strong></span> <span class='ocrx_word' id='word_1_389' title='bbox 2646 2584 2947 2656; x_wconf 68' lang='lat' dir='ltr'><strong>Augustino</strong></span> <span class='ocrx_word' id='word_1_390' title='bbox 2976 2585 3119 2641; x_wconf 89' lang='lat' dir='ltr'><strong>enim</strong></span> <span class='ocrx_word' id='word_1_391' title='bbox 3153 2594 3257 2641; x_wconf 91' lang='lat' dir='ltr'><strong>stat</strong></span> <span class='ocrx_word' id='word_1_392' title='bbox 3286 2584 3607 2655; x_wconf 85' lang='lat' dir='ltr'><strong>antiquitas,</strong></span> <span class='ocrx_word' id='word_1_393' title='bbox 3637 2599 3667 2638; x_wconf 85' lang='lat' dir='ltr'><strong>a</strong></span> <span class='ocrx_word' id='word_1_394' title='bbox 3694 2599 3769 2641; x_wconf 86' lang='lat' dir='ltr'><strong>re-</strong></span> 
     </span>
    </p>
   </div>
   <div class='ocr_carea' id='block_1_54' title="bbox 2176 2673 3769 2746">
    <p class='ocr_par' dir='ltr' id='par_1_54' title="bbox 2176 2673 3769 2746">
     <span class='ocr_line' id='line_1_54' title="bbox 2176 2673 3769 2746; baseline 0.003 -20"><span class='ocrx_word' id='word_1_395' title='bbox 2176 2673 2507 2730; x_wconf 88' lang='lat' dir='ltr'><strong>centioribus</strong></span> <span class='ocrx_word' id='word_1_396' title='bbox 2538 2678 2781 2742; x_wconf 88' lang='lat' dir='ltr'><strong>novitas;</strong></span> <span class='ocrx_word' id='word_1_397' title='bbox 2830 2677 2975 2734; x_wconf 90' lang='lat' dir='ltr'><strong>illinc</strong></span> <span class='ocrx_word' id='word_1_398' title='bbox 3014 2679 3295 2746; x_wconf 84' lang='lat' dir='ltr'><strong>sanctitas,</strong></span> <span class='ocrx_word' id='word_1_399' title='bbox 3348 2678 3474 2734; x_wconf 86' lang='lat' dir='ltr'><strong>hinc</strong></span> <span class='ocrx_word' id='word_1_400' title='bbox 3518 2678 3769 2745; x_wconf 87' lang='lat' dir='ltr'><strong>audacia;</strong></span> 
     </span>
    </p>
   </div>
   <div class='ocr_carea' id='block_1_55' title="bbox 2174 2769 3773 2848">
    <p class='ocr_par' dir='ltr' id='par_1_55' title="bbox 2174 2769 3773 2848">
     <span class='ocr_line' id='line_1_55' title="bbox 2174 2769 3773 2848; baseline 0.004 -23"><span class='ocrx_word' id='word_1_401' title='bbox 2174 2769 2323 2827; x_wconf 84' lang='lat' dir='ltr'><strong>illine</strong></span> <span class='ocrx_word' id='word_1_402' title='bbox 2351 2775 2556 2845; x_wconf 91' lang='lat' dir='ltr'><strong>antiqui</strong></span> <span class='ocrx_word' id='word_1_403' title='bbox 2591 2775 2803 2844; x_wconf 87' lang='lat' dir='ltr'><strong>Patres,</strong></span> <span class='ocrx_word' id='word_1_404' title='bbox 2837 2775 2963 2832; x_wconf 90' lang='lat' dir='ltr'><strong>hinc</strong></span> <span class='ocrx_word' id='word_1_405' title='bbox 2992 2778 3117 2833; x_wconf 90' lang='lat' dir='ltr'><strong>novi</strong></span> <span class='ocrx_word' id='word_1_406' title='bbox 3150 2778 3489 2848; x_wconf 90' lang='lat' dir='ltr'><strong>scriptores;</strong></span> <span class='ocrx_word' id='word_1_407' title='bbox 3528 2775 3681 2832; x_wconf 85' lang='lat' dir='ltr'><strong>illinc</strong></span> <span class='ocrx_word' id='word_1_408' title='bbox 3704 2784 3773 2831; x_wconf 91' lang='lat' dir='ltr'><strong>tot</strong></span> 
     </span>
    </p>
   </div>
   <div class='ocr_carea' id='block_1_56' title="bbox 2177 2868 3775 2942">
    <p class='ocr_par' dir='ltr' id='par_1_56' title="bbox 2177 2868 3775 2942">
     <span class='ocr_line' id='line_1_56' title="bbox 2177 2868 3775 2942; baseline 0.002 -19"><span class='ocrx_word' id='word_1_409' title='bbox 2177 2868 2498 2927; x_wconf 70' lang='lat' dir='ltr'><strong>surculorum</strong></span> <span class='ocrx_word' id='word_1_410' title='bbox 2537 2887 2858 2942; x_wconf 83' lang='lat' dir='ltr'><strong>consensus,</strong></span> <span class='ocrx_word' id='word_1_411' title='bbox 2894 2873 3019 2929; x_wconf 89' lang='lat' dir='ltr'><strong>hinc</strong></span> <span class='ocrx_word' id='word_1_412' title='bbox 3057 2883 3256 2930; x_wconf 69' lang='lat' dir='ltr'><strong>nostra:</strong></span> <span class='ocrx_word' id='word_1_413' title='bbox 3284 2874 3461 2929; x_wconf 66' lang='lat' dir='ltr'><strong>artatis</strong></span> <span class='ocrx_word' id='word_1_414' title='bbox 3491 2871 3775 2929; x_wconf 87' lang='lat' dir='ltr'><strong>scholasti-</strong></span> 
     </span>
    </p>
   </div>
   <div class='ocr_carea' id='block_1_57' title="bbox 2175 2965 3844 3036">
    <p class='ocr_par' dir='ltr' id='par_1_57' title="bbox 2175 2965 3844 3036">
     <span class='ocr_line' id='line_1_57' title="bbox 2175 2965 3844 3036; baseline -0.001 -17"><span class='ocrx_word' id='word_1_415' title='bbox 2175 2979 2360 3019; x_wconf 91' lang='lat' dir='ltr'><strong>corum</strong></span> <span class='ocrx_word' id='word_1_416' title='bbox 2399 2965 2621 3021; x_wconf 91' lang='lat' dir='ltr'><strong>minima</strong></span> <span class='ocrx_word' id='word_1_417' title='bbox 2662 2968 2857 3036; x_wconf 92' lang='lat' dir='ltr'><strong>portio.</strong></span> <span class='ocrx_word' id='word_1_418' title='bbox 2888 2965 3018 3035; x_wconf 72' lang='lat' dir='ltr'><strong>Quae</strong></span> <span class='ocrx_word' id='word_1_419' title='bbox 3052 2982 3181 3023; x_wconf 91' lang='lat' dir='ltr'><strong>sane</strong></span> <span class='ocrx_word' id='word_1_420' title='bbox 3210 2981 3330 3022; x_wconf 89' lang='lat' dir='ltr'><strong>cum</strong></span> <span class='ocrx_word' id='word_1_421' title='bbox 3360 2966 3626 3022; x_wconf 87' lang='lat' dir='ltr'><strong>attentius</strong></span> <span class='ocrx_word' id='word_1_422' title='bbox 3653 2977 3775 3020; x_wconf 90' lang='lat' dir='ltr'><strong>con-</strong></span> <span class='ocrx_word' id='word_1_423' title='bbox 3840 3028 3844 3033; x_wconf 41' lang='grc'>,</span> 
     </span>
    </p>
   </div>
   <div class='ocr_carea' id='block_1_58' title="bbox 2176 3059 3773 3133">
    <p class='ocr_par' dir='ltr' id='par_1_58' title="bbox 2176 3059 3773 3133">
     <span class='ocr_line' id='line_1_58' title="bbox 2176 3059 3773 3133; baseline -0.001 -19"><span class='ocrx_word' id='word_1_424' title='bbox 2176 3059 2380 3126; x_wconf 86' lang='lat' dir='ltr'><strong>sidero,</strong></span> <span class='ocrx_word' id='word_1_425' title='bbox 2414 3060 2543 3117; x_wconf 92' lang='lat' dir='ltr'><strong>illud</strong></span> <span class='ocrx_word' id='word_1_426' title='bbox 2570 3060 2803 3117; x_wconf 91' lang='lat' dir='ltr'><strong>subinde</strong></span> <span class='ocrx_word' id='word_1_427' title='bbox 2838 3075 3046 3118; x_wconf 92' lang='lat' dir='ltr'><strong>mecum</strong></span> <span class='ocrx_word' id='word_1_428' title='bbox 3089 3069 3303 3133; x_wconf 89' lang='lat' dir='ltr'><strong>reputo,</strong></span> <span class='ocrx_word' id='word_1_429' title='bbox 3343 3062 3565 3117; x_wconf 85' lang='lat' dir='ltr'><strong>nescire</strong></span> <span class='ocrx_word' id='word_1_430' title='bbox 3595 3074 3686 3115; x_wconf 87' lang='lat' dir='ltr'><strong>me</strong></span> <span class='ocrx_word' id='word_1_431' title='bbox 3714 3072 3773 3113; x_wconf 85' lang='lat' dir='ltr'><strong>an</strong></span> 
     </span>
    </p>
   </div>
   <div class='ocr_carea' id='block_1_59' title="bbox 2180 3155 3774 3230">
    <p class='ocr_par' dir='ltr' id='par_1_59' title="bbox 2180 3155 3774 3230">
     <span class='ocr_line' id='line_1_59' title="bbox 2180 3155 3774 3230; baseline 0.001 -20"><span class='ocrx_word' id='word_1_432' title='bbox 2180 3155 2393 3212; x_wconf 82' lang='lat' dir='ltr'><strong>laudem</strong></span> <span class='ocrx_word' id='word_1_433' title='bbox 2430 3158 2515 3213; x_wconf 86' lang='lat' dir='ltr'><strong>vel</strong></span> <span class='ocrx_word' id='word_1_434' title='bbox 2546 3156 2727 3213; x_wconf 90' lang='lat' dir='ltr'><strong>odium</strong></span> <span class='ocrx_word' id='word_1_435' title='bbox 2758 3159 2934 3228; x_wconf 80' lang='lat' dir='ltr'><strong>petius</strong></span> <span class='ocrx_word' id='word_1_436' title='bbox 2962 3159 3103 3229; x_wconf 92' lang='lat' dir='ltr'><strong>apud</strong></span> <span class='ocrx_word' id='word_1_437' title='bbox 3136 3158 3333 3230; x_wconf 88' lang='lat' dir='ltr'><strong>probos</strong></span> <span class='ocrx_word' id='word_1_438' title='bbox 3355 3157 3461 3213; x_wconf 86' lang='lat' dir='ltr'><strong>hoc</strong></span> <span class='ocrx_word' id='word_1_439' title='bbox 3482 3173 3655 3229; x_wconf 89' lang='lat' dir='ltr'><strong>opere</strong></span> <span class='ocrx_word' id='word_1_440' title='bbox 3682 3156 3774 3211; x_wconf 90' lang='lat' dir='ltr'><strong>mi-</strong></span> 
     </span>
    </p>
   </div>
   <div class='ocr_carea' id='block_1_60' title="bbox 2181 3248 3771 3309">
    <p class='ocr_par' dir='ltr' id='par_1_60' title="bbox 2181 3248 3771 3309">
     <span class='ocr_line' id='line_1_60' title="bbox 2181 3248 3771 3309; baseline 0.002 -6"><span class='ocrx_word' id='word_1_441' title='bbox 2181 3248 2352 3306; x_wconf 87' lang='lat' dir='ltr'><strong>himet</strong></span> <span class='ocrx_word' id='word_1_442' title='bbox 2390 3250 2724 3308; x_wconf 90' lang='lat' dir='ltr'><strong>conciliarim</strong></span> <span class='ocrx_word' id='word_1_443' title='bbox 2766 3254 3223 3309; x_wconf 80' lang='lat' dir='ltr'><strong>contraxerimvc.</strong></span> <span class='ocrx_word' id='word_1_444' title='bbox 3265 3253 3518 3309; x_wconf 84' lang='lat' dir='ltr'><strong>Profecto</strong></span> <span class='ocrx_word' id='word_1_445' title='bbox 3548 3252 3771 3307; x_wconf 86' lang='lat' dir='ltr'><strong>arbitror</strong></span> 
     </span>
    </p>
   </div>
   <div class='ocr_carea' id='block_1_61' title="bbox 488 3342 2067 3432">
    <p class='ocr_par' dir='ltr' id='par_1_61' title="bbox 488 3355 2065 3432">
     <span class='ocr_line' id='line_1_61' title="bbox 488 3355 2065 3432; baseline 0.005 -24"><span class='ocrx_word' id='word_1_446' title='bbox 488 3363 547 3409; x_wconf 92' lang='lat' dir='ltr'><strong>ut</strong></span> <span class='ocrx_word' id='word_1_447' title='bbox 570 3355 839 3412; x_wconf 87' lang='lat' dir='ltr'><strong>afﬁrmare</strong></span> <span class='ocrx_word' id='word_1_448' title='bbox 867 3374 972 3412; x_wconf 90' lang='lat' dir='ltr'><strong>non</strong></span> <span class='ocrx_word' id='word_1_449' title='bbox 1006 3358 1315 3416; x_wconf 84' lang='lat' dir='ltr'><strong>extimuerit</strong></span> <span class='ocrx_word' id='word_1_450' title='bbox 1344 3374 1463 3431; x_wconf 85' lang='lat' dir='ltr'><strong>cap.</strong></span> <span class='ocrx_word' id='word_1_451' title='bbox 1497 3376 1550 3427; x_wconf 89' lang='lat' dir='ltr'><strong>v,</strong></span> <span class='ocrx_word' id='word_1_452' title='bbox 1584 3376 1702 3431; x_wconf 93' lang='lat' dir='ltr'><strong>pag.</strong></span> <span class='ocrx_word' id='word_1_453' title='bbox 1730 3362 1856 3426; x_wconf 57' lang='lat'><strong>81:7,</strong></span> <span class='ocrx_word' id='word_1_454' title='bbox 1893 3363 2065 3432; x_wconf 91' lang='lat' dir='ltr'><strong>impu-</strong></span> 
     </span>
    </p>
   </div>
   <div class='ocr_carea' id='block_1_62' title="bbox 2177 3342 3769 3432">
    <p class='ocr_par' dir='ltr' id='par_1_62' title="bbox 2182 3342 3769 3417">
     <span class='ocr_line' id='line_1_62' title="bbox 2182 3342 3769 3417; baseline 0.003 -21"><span class='ocrx_word' id='word_1_455' title='bbox 2182 3356 2289 3397; x_wconf 90' lang='lat' dir='ltr'><strong>non</strong></span> <span class='ocrx_word' id='word_1_456' title='bbox 2323 3342 2605 3399; x_wconf 90' lang='lat' dir='ltr'><strong>defuturos</strong></span> <span class='ocrx_word' id='word_1_457' title='bbox 2632 3346 2720 3413; x_wconf 90' lang='lat' dir='ltr'><strong>qui</strong></span> <span class='ocrx_word' id='word_1_458' title='bbox 2754 3360 2839 3401; x_wconf 90' lang='lat' dir='ltr'><strong>me</strong></span> <span class='ocrx_word' id='word_1_459' title='bbox 2871 3345 3087 3401; x_wconf 89' lang='lat' dir='ltr'><strong>inanem</strong></span> <span class='ocrx_word' id='word_1_460' title='bbox 3135 3360 3357 3417; x_wconf 88' lang='lat' dir='ltr'><strong>operam</strong></span> <span class='ocrx_word' id='word_1_461' title='bbox 3408 3346 3661 3415; x_wconf 86' lang='lat' dir='ltr'><strong>posuisse</strong></span> <span class='ocrx_word' id='word_1_462' title='bbox 3698 3344 3769 3400; x_wconf 92' lang='lat' dir='ltr'><strong>di-</strong></span> 
     </span>
    </p>
   </div>
   <div class='ocr_carea' id='block_1_63' title="bbox 477 3449 2065 3523">
    <p class='ocr_par' dir='ltr' id='par_1_63' title="bbox 477 3449 2065 3523">
     <span class='ocr_line' id='line_1_63' title="bbox 477 3449 2065 3523; baseline 0.005 -24"><span class='ocrx_word' id='word_1_463' title='bbox 477 3456 756 3517; x_wconf 89' lang='lat' dir='ltr'><strong>gnatorem</strong></span> <span class='ocrx_word' id='word_1_464' title='bbox 802 3449 1085 3520; x_wconf 65' lang='lat' dir='ltr'><strong>Augustini</strong></span> <span class='ocrx_word' id='word_1_465' title='bbox 1121 3450 1416 3505; x_wconf 83' lang='lat' dir='ltr'><strong>habiturum</strong></span> <span class='ocrx_word' id='word_1_466' title='bbox 1447 3451 1733 3523; x_wconf 82' lang='lat' dir='ltr'><strong>adjutorem</strong></span> <span class='ocrx_word' id='word_1_467' title='bbox 1767 3451 1966 3505; x_wconf 89' lang='lat' dir='ltr'><strong>Deum!</strong></span> <span class='ocrx_word' id='word_1_468' title='bbox 2000 3453 2065 3507; x_wconf 89' lang='lat' dir='ltr'><strong>Et</strong></span> 
     </span>
    </p>
   </div>
   <div class='ocr_carea' id='block_1_64' title="bbox 477 3545 2057 3615">
    <p class='ocr_par' dir='ltr' id='par_1_64' title="bbox 477 3545 2057 3615">
     <span class='ocr_line' id='line_1_64' title="bbox 477 3545 2057 3615; baseline 0.002 -15"><span class='ocrx_word' id='word_1_469' title='bbox 477 3545 565 3600; x_wconf 87' lang='lat' dir='ltr'><strong>hic</strong></span> <span class='ocrx_word' id='word_1_470' title='bbox 606 3545 744 3601; x_wconf 90' lang='lat' dir='ltr'><strong>inter</strong></span> <span class='ocrx_word' id='word_1_471' title='bbox 790 3545 965 3601; x_wconf 86' lang='lat' dir='ltr'><strong>sancti</strong></span> <span class='ocrx_word' id='word_1_472' title='bbox 1004 3546 1243 3602; x_wconf 87' lang='lat' dir='ltr'><strong>doctoris</strong></span> <span class='ocrx_word' id='word_1_473' title='bbox 1273 3547 1592 3604; x_wconf 82' lang='lat' dir='ltr'><strong>defensores</strong></span> <span class='ocrx_word' id='word_1_474' title='bbox 1623 3546 1895 3603; x_wconf 90' lang='lat' dir='ltr'><strong>numerari</strong></span> <span class='ocrx_word' id='word_1_475' title='bbox 1923 3548 2057 3615; x_wconf 83' lang='lat' dir='ltr'><strong>vult,</strong></span> 
     </span>
    </p>
   </div>
   <div class='ocr_carea' id='block_1_65' title="bbox 476 3636 2067 3711">
    <p class='ocr_par' dir='ltr' id='par_1_65' title="bbox 476 3636 2067 3711">
     <span class='ocr_line' id='line_1_65' title="bbox 476 3636 2067 3711; baseline 0.003 -17"><span class='ocrx_word' id='word_1_476' title='bbox 476 3636 831 3710; x_wconf 84' lang='lat' dir='ltr'><strong>Augustinum</strong></span> <span class='ocrx_word' id='word_1_477' title='bbox 858 3654 887 3692; x_wconf 91' lang='lat' dir='ltr'><strong>a</strong></span> <span class='ocrx_word' id='word_1_478' title='bbox 919 3640 1133 3695; x_wconf 85' lang='lat' dir='ltr'><strong>Baianis</strong></span> <span class='ocrx_word' id='word_1_479' title='bbox 1164 3641 1519 3696; x_wconf 82' lang='lat' dir='ltr'><strong>vindicando?</strong></span> <span class='ocrx_word' id='word_1_480' title='bbox 1547 3641 1663 3698; x_wconf 88' lang='lat' dir='ltr'><strong>Non</strong></span> <span class='ocrx_word' id='word_1_481' title='bbox 1694 3649 1779 3698; x_wconf 88' lang='lat' dir='ltr'><strong>est</strong></span> <span class='ocrx_word' id='word_1_482' title='bbox 1808 3642 1927 3711; x_wconf 88' lang='lat' dir='ltr'><strong>hoc,</strong></span> <span class='ocrx_word' id='word_1_483' title='bbox 1964 3645 2067 3698; x_wconf 85' lang='lat' dir='ltr'><strong>An-</strong></span> 
     </span>
    </p>
   </div>
   <div class='ocr_carea' id='block_1_66' title="bbox 476 3739 1776 3811">
    <p class='ocr_par' dir='ltr' id='par_1_66' title="bbox 476 3739 1776 3811">
     <span class='ocr_line' id='line_1_66' title="bbox 476 3739 1776 3811; baseline 0 -16"><span class='ocrx_word' id='word_1_484' title='bbox 476 3747 623 3807; x_wconf 88' lang='lat' dir='ltr'><strong>nate,</strong></span> <span class='ocrx_word' id='word_1_485' title='bbox 655 3739 935 3811; x_wconf 87' lang='lat' dir='ltr'><strong>Augustini</strong></span> <span class='ocrx_word' id='word_1_486' title='bbox 965 3753 1177 3795; x_wconf 85' lang='lat' dir='ltr'><strong>causam</strong></span> <span class='ocrx_word' id='word_1_487' title='bbox 1208 3740 1366 3807; x_wconf 90' lang='lat' dir='ltr'><strong>tueri,</strong></span> <span class='ocrx_word' id='word_1_488' title='bbox 1402 3740 1493 3795; x_wconf 90' lang='lat' dir='ltr'><strong>sed</strong></span> <span class='ocrx_word' id='word_1_489' title='bbox 1531 3741 1776 3811; x_wconf 79' lang='lat' dir='ltr'><strong>prodere.</strong></span> 
     </span>
    </p>
   </div>
   <div class='ocr_carea' id='block_1_67' title="bbox 552 3832 2067 3902">
    <p class='ocr_par' dir='ltr' id='par_1_67' title="bbox 552 3832 2067 3902">
     <span class='ocr_line' id='line_1_67' title="bbox 552 3832 2067 3902; baseline 0.002 -15"><span class='ocrx_word' id='word_1_490' title='bbox 552 3832 749 3889; x_wconf 83' lang='lat' dir='ltr'><strong>Verum</strong></span> <span class='ocrx_word' id='word_1_491' title='bbox 798 3832 922 3888; x_wconf 88' lang='lat' dir='ltr'><strong>licet</strong></span> <span class='ocrx_word' id='word_1_492' title='bbox 952 3847 1061 3902; x_wconf 63' lang='lat' dir='ltr'><strong>prae</strong></span> <span class='ocrx_word' id='word_1_493' title='bbox 1088 3833 1253 3887; x_wconf 88' lang='lat' dir='ltr'><strong>animi</strong></span> <span class='ocrx_word' id='word_1_494' title='bbox 1299 3832 1559 3889; x_wconf 85' lang='lat' dir='ltr'><strong>modestia</strong></span> <span class='ocrx_word' id='word_1_495' title='bbox 1602 3834 1739 3889; x_wconf 88' lang='lat' dir='ltr'><strong>adeo</strong></span> <span class='ocrx_word' id='word_1_496' title='bbox 1787 3832 2067 3890; x_wconf 76' lang='lat' dir='ltr'><strong>humiliter</strong></span> 
     </span>
    </p>
   </div>
   <div class='ocr_carea' id='block_1_68' title="bbox 474 3925 2067 3996">
    <p class='ocr_par' dir='ltr' id='par_1_68' title="bbox 474 3925 2067 3996">
     <span class='ocr_line' id='line_1_68' title="bbox 474 3925 2067 3996; baseline 0 -14"><span class='ocrx_word' id='word_1_497' title='bbox 474 3926 543 3982; x_wconf 92' lang='lat' dir='ltr'><strong>de</strong></span> <span class='ocrx_word' id='word_1_498' title='bbox 573 3941 630 3981; x_wconf 91' lang='lat' dir='ltr'><strong>se</strong></span> <span class='ocrx_word' id='word_1_499' title='bbox 662 3925 992 3996; x_wconf 87' lang='lat' dir='ltr'><strong>Augustinus</strong></span> <span class='ocrx_word' id='word_1_500' title='bbox 1043 3933 1230 3990; x_wconf 74' lang='lat' dir='ltr'><strong>sensit,</strong></span> <span class='ocrx_word' id='word_1_501' title='bbox 1281 3925 1562 3982; x_wconf 64' lang='lat' dir='ltr'><strong>catholicae</strong></span> <span class='ocrx_word' id='word_1_502' title='bbox 1597 3936 1773 3982; x_wconf 91' lang='lat' dir='ltr'><strong>tamen</strong></span> <span class='ocrx_word' id='word_1_503' title='bbox 1807 3927 2067 3982; x_wconf 71' lang='lat' dir='ltr'><strong>Ecclesiae</strong></span> 
     </span>
    </p>
   </div>
   <div class='ocr_carea' id='block_1_69' title="bbox 474 4017 2066 4090">
    <p class='ocr_par' dir='ltr' id='par_1_69' title="bbox 474 4017 2066 4090">
     <span class='ocr_line' id='line_1_69' title="bbox 474 4017 2066 4090; baseline 0.001 -17"><span class='ocrx_word' id='word_1_504' title='bbox 474 4017 679 4089; x_wconf 89' lang='lat' dir='ltr'><strong>judicio</strong></span> <span class='ocrx_word' id='word_1_505' title='bbox 711 4017 829 4089; x_wconf 88' lang='lat' dir='ltr'><strong>ejus</strong></span> <span class='ocrx_word' id='word_1_506' title='bbox 875 4018 943 4073; x_wconf 91' lang='lat' dir='ltr'><strong>de</strong></span> <span class='ocrx_word' id='word_1_507' title='bbox 980 4018 1156 4073; x_wconf 90' lang='lat' dir='ltr'><strong>divina</strong></span> <span class='ocrx_word' id='word_1_508' title='bbox 1190 4019 1361 4088; x_wconf 86' lang='lat' dir='ltr'><strong>gratia</strong></span> <span class='ocrx_word' id='word_1_509' title='bbox 1390 4019 1633 4075; x_wconf 83' lang='lat' dir='ltr'><strong>doctrina</strong></span> <span class='ocrx_word' id='word_1_510' title='bbox 1669 4019 1738 4074; x_wconf 89' lang='lat' dir='ltr'><strong>ita</strong></span> <span class='ocrx_word' id='word_1_511' title='bbox 1770 4020 2066 4090; x_wconf 86' lang='lat' dir='ltr'><strong>approbata</strong></span> 
     </span>
    </p>
   </div>
   <div class='ocr_carea' id='block_1_70' title="bbox 474 4110 2065 4183">
    <p class='ocr_par' dir='ltr' id='par_1_70' title="bbox 474 4110 2065 4183">
     <span class='ocr_line' id='line_1_70' title="bbox 474 4110 2065 4183; baseline -0.001 -14"><span class='ocrx_word' id='word_1_512' title='bbox 474 4120 578 4177; x_wconf 90' lang='lat' dir='ltr'><strong>est,</strong></span> <span class='ocrx_word' id='word_1_513' title='bbox 604 4118 663 4167; x_wconf 93' lang='lat' dir='ltr'><strong>ut</strong></span> <span class='ocrx_word' id='word_1_514' title='bbox 688 4110 774 4167; x_wconf 87' lang='lat' dir='ltr'><strong>vel</strong></span> <span class='ocrx_word' id='word_1_515' title='bbox 803 4111 901 4182; x_wconf 90' lang='lat' dir='ltr'><strong>ipsi</strong></span> <span class='ocrx_word' id='word_1_516' title='bbox 934 4111 1265 4169; x_wconf 87' lang='lat' dir='ltr'><strong>recentiores</strong></span> <span class='ocrx_word' id='word_1_517' title='bbox 1302 4114 1390 4183; x_wconf 89' lang='lat' dir='ltr'><strong>qui</strong></span> <span class='ocrx_word' id='word_1_518' title='bbox 1428 4120 1550 4183; x_wconf 87' lang='lat' dir='ltr'><strong>post</strong></span> <span class='ocrx_word' id='word_1_519' title='bbox 1581 4113 1848 4167; x_wconf 82' lang='lat' dir='ltr'><strong>Armatum</strong></span> <span class='ocrx_word' id='word_1_520' title='bbox 1878 4122 2065 4168; x_wconf 87' lang='lat' dir='ltr'><strong>contra</strong></span> 
     </span>
    </p>
   </div>
   <div class='ocr_carea' id='block_1_71' title="bbox 476 4204 2068 4271">
    <p class='ocr_par' dir='ltr' id='par_1_71' title="bbox 476 4204 2068 4271">
     <span class='ocr_line' id='line_1_71' title="bbox 476 4204 2068 4271; baseline -0.001 -8"><span class='ocrx_word' id='word_1_521' title='bbox 476 4204 789 4263; x_wconf 87' lang='lat' dir='ltr'><strong>Jansenium</strong></span> <span class='ocrx_word' id='word_1_522' title='bbox 830 4206 1117 4271; x_wconf 84' lang='lat' dir='ltr'><strong>scripsere,</strong></span> <span class='ocrx_word' id='word_1_523' title='bbox 1149 4213 1227 4259; x_wconf 87' lang='lat' dir='ltr'><strong>rel</strong></span> <span class='ocrx_word' id='word_1_524' title='bbox 1253 4206 1524 4262; x_wconf 87' lang='lat' dir='ltr'><strong>evidentia</strong></span> <span class='ocrx_word' id='word_1_525' title='bbox 1564 4207 1735 4261; x_wconf 91' lang='lat' dir='ltr'><strong>coacti</strong></span> <span class='ocrx_word' id='word_1_526' title='bbox 1778 4206 1916 4261; x_wconf 91' lang='lat' dir='ltr'><strong>hanc</strong></span> <span class='ocrx_word' id='word_1_527' title='bbox 1959 4209 2068 4261; x_wconf 84' lang='lat' dir='ltr'><strong>Au-</strong></span> 
     </span>
    </p>
   </div>
   <div class='ocr_carea' id='block_1_72' title="bbox 474 4297 2068 4367">
    <p class='ocr_par' dir='ltr' id='par_1_72' title="bbox 474 4297 2068 4367">
     <span class='ocr_line' id='line_1_72' title="bbox 474 4297 2068 4367; baseline 0.003 -16"><span class='ocrx_word' id='word_1_528' title='bbox 474 4297 795 4367; x_wconf 78' lang='lat' dir='ltr'><strong>gustinianae</strong></span> <span class='ocrx_word' id='word_1_529' title='bbox 817 4298 1145 4363; x_wconf 85' lang='lat' dir='ltr'><strong>auctoritati,</strong></span> <span class='ocrx_word' id='word_1_530' title='bbox 1174 4313 1277 4352; x_wconf 81' lang='lat' dir='ltr'><strong>nun</strong></span> <span class='ocrx_word' id='word_1_531' title='bbox 1309 4299 1481 4354; x_wconf 85' lang='lat' dir='ltr'><strong>dicam</strong></span> <span class='ocrx_word' id='word_1_532' title='bbox 1516 4299 1751 4366; x_wconf 87' lang='lat' dir='ltr'><strong>laudem,</strong></span> <span class='ocrx_word' id='word_1_533' title='bbox 1781 4315 1888 4355; x_wconf 89' lang='lat' dir='ltr'><strong>non</strong></span> <span class='ocrx_word' id='word_1_534' title='bbox 1921 4302 2068 4356; x_wconf 83' lang='lat' dir='ltr'><strong>testi-</strong></span> 
     </span>
    </p>
   </div>
   <div class='ocr_carea' id='block_1_73' title="bbox 480 4388 2069 4461">
    <p class='ocr_par' dir='ltr' id='par_1_73' title="bbox 480 4388 2069 4461">
     <span class='ocr_line' id='line_1_73' title="bbox 480 4388 2069 4461; baseline 0.003 -17"><span class='ocrx_word' id='word_1_535' title='bbox 480 4388 744 4454; x_wconf 91' lang='lat' dir='ltr'><strong>monium,</strong></span> <span class='ocrx_word' id='word_1_536' title='bbox 785 4389 880 4444; x_wconf 87' lang='lat' dir='ltr'><strong>sed</strong></span> <span class='ocrx_word' id='word_1_537' title='bbox 922 4388 1316 4446; x_wconf 81' lang='lat' dir='ltr'><strong>confessionem</strong></span> <span class='ocrx_word' id='word_1_538' title='bbox 1365 4407 1485 4446; x_wconf 86' lang='lat' dir='ltr'><strong>cum</strong></span> <span class='ocrx_word' id='word_1_539' title='bbox 1538 4392 1857 4461; x_wconf 84' lang='lat' dir='ltr'><strong>Decampsio</strong></span> <span class='ocrx_word' id='word_1_540' title='bbox 1906 4394 2069 4449; x_wconf 87' lang='lat' dir='ltr'><strong>dede-</strong></span> 
     </span>
    </p>
   </div>
   <div class='ocr_carea' id='block_1_74' title="bbox 474 4480 2068 4554">
    <p class='ocr_par' dir='ltr' id='par_1_74' title="bbox 474 4480 2068 4554">
     <span class='ocr_line' id='line_1_74' title="bbox 474 4480 2068 4554; baseline 0.001 -17"><span class='ocrx_word' id='word_1_541' title='bbox 474 4480 621 4537; x_wconf 85' lang='lat' dir='ltr'><strong>rint:</strong></span> <span class='ocrx_word' id='word_1_542' title='bbox 659 4498 678 4534; x_wconf 73' lang='lat' dir='ltr'><strong>t</strong></span> <span class='ocrx_word' id='word_1_543' title='bbox 708 4480 1071 4536; x_wconf 86' lang='lat' dir='ltr'><strong>Conciliorum</strong></span> <span class='ocrx_word' id='word_1_544' title='bbox 1111 4484 1418 4537; x_wconf 83' lang='lat' dir='ltr'><strong>sanctiones</strong></span> <span class='ocrx_word' id='word_1_545' title='bbox 1441 4492 1495 4537; x_wconf 90' lang='lat' dir='ltr'><strong>et</strong></span> <span class='ocrx_word' id='word_1_546' title='bbox 1528 4482 1892 4539; x_wconf 89' lang='lat' dir='ltr'><strong>Romanorum</strong></span> <span class='ocrx_word' id='word_1_547' title='bbox 1937 4501 2068 4554; x_wconf 83' lang='lat' dir='ltr'><strong>pon-</strong></span> 
     </span>
    </p>
   </div>
   <div class='ocr_carea' id='block_1_75' title="bbox 479 4573 2069 4648">
    <p class='ocr_par' dir='ltr' id='par_1_75' title="bbox 479 4573 2069 4648">
     <span class='ocr_line' id='line_1_75' title="bbox 479 4573 2069 4648; baseline 0.004 -19"><span class='ocrx_word' id='word_1_548' title='bbox 479 4574 685 4630; x_wconf 89' lang='lat' dir='ltr'><strong>tiﬁcum</strong></span> <span class='ocrx_word' id='word_1_549' title='bbox 714 4573 888 4630; x_wconf 87' lang='lat' dir='ltr'><strong>edicta</strong></span> <span class='ocrx_word' id='word_1_550' title='bbox 924 4576 1117 4645; x_wconf 92' lang='lat' dir='ltr'><strong>quibus</strong></span> <span class='ocrx_word' id='word_1_551' title='bbox 1148 4576 1431 4647; x_wconf 89' lang='lat' dir='ltr'><strong>Pelagiana</strong></span> <span class='ocrx_word' id='word_1_552' title='bbox 1462 4578 1686 4634; x_wconf 84' lang='lat' dir='ltr'><strong>haeresis</strong></span> <span class='ocrx_word' id='word_1_553' title='bbox 1712 4581 1948 4648; x_wconf 77' lang='lat' dir='ltr'><strong>iugulata</strong></span> <span class='ocrx_word' id='word_1_554' title='bbox 1979 4596 2069 4636; x_wconf 89' lang='lat' dir='ltr'><strong>oc-</strong></span> 
     </span>
    </p>
   </div>
   <div class='ocr_carea' id='block_1_76' title="bbox 476 4666 2067 4741">
    <p class='ocr_par' dir='ltr' id='par_1_76' title="bbox 476 4666 2067 4741">
     <span class='ocr_line' id='line_1_76' title="bbox 476 4666 2067 4741; baseline 0.004 -19"><span class='ocrx_word' id='word_1_555' title='bbox 476 4666 682 4735; x_wconf 85' lang='lat' dir='ltr'><strong>cubuit,</strong></span> <span class='ocrx_word' id='word_1_556' title='bbox 718 4682 784 4723; x_wconf 83' lang='lat' dir='ltr'><strong>ex</strong></span> <span class='ocrx_word' id='word_1_557' title='bbox 815 4667 987 4723; x_wconf 88' lang='lat' dir='ltr'><strong>sancti</strong></span> <span class='ocrx_word' id='word_1_558' title='bbox 1016 4668 1300 4738; x_wconf 84' lang='lat' dir='ltr'><strong>Augustini</strong></span> <span class='ocrx_word' id='word_1_559' title='bbox 1348 4671 1497 4726; x_wconf 90' lang='lat' dir='ltr'><strong>libris</strong></span> <span class='ocrx_word' id='word_1_560' title='bbox 1524 4673 1687 4741; x_wconf 86' lang='lat' dir='ltr'><strong>petita</strong></span> <span class='ocrx_word' id='word_1_561' title='bbox 1719 4683 1862 4740; x_wconf 89' lang='lat' dir='ltr'><strong>sunt,</strong></span> <span class='ocrx_word' id='word_1_562' title='bbox 1898 4674 2067 4729; x_wconf 89' lang='lat' dir='ltr'><strong>sancti</strong></span> 
     </span>
    </p>
   </div>
   <div class='ocr_carea' id='block_1_77' title="bbox 2172 3440 3768 3512">
    <p class='ocr_par' dir='ltr' id='par_1_77' title="bbox 2172 3440 3768 3512">
     <span class='ocr_line' id='line_1_77' title="bbox 2172 3440 3768 3512; baseline -0.001 -17"><span class='ocrx_word' id='word_1_563' title='bbox 2172 3450 2318 3508; x_wconf 89' lang='lat' dir='ltr'><strong>cent,</strong></span> <span class='ocrx_word' id='word_1_564' title='bbox 2350 3440 2708 3510; x_wconf 86' lang='lat' dir='ltr'><strong>Augustinum</strong></span> <span class='ocrx_word' id='word_1_565' title='bbox 2754 3440 2807 3496; x_wconf 91' lang='lat' dir='ltr'><strong>in</strong></span> <span class='ocrx_word' id='word_1_566' title='bbox 2843 3440 3049 3512; x_wconf 91' lang='lat' dir='ltr'><strong>judicio</strong></span> <span class='ocrx_word' id='word_1_567' title='bbox 3074 3450 3262 3496; x_wconf 88' lang='lat' dir='ltr'><strong>contra</strong></span> <span class='ocrx_word' id='word_1_568' title='bbox 3287 3441 3655 3497; x_wconf 89' lang='lat' dir='ltr'><strong>recentiorum</strong></span> <span class='ocrx_word' id='word_1_569' title='bbox 3687 3453 3768 3493; x_wconf 87' lang='lat' dir='ltr'><strong>ac-</strong></span> 
     </span>
    </p>
   </div>
   <div class='ocr_carea' id='block_1_78' title="bbox 2171 3531 3766 3605">
    <p class='ocr_par' dir='ltr' id='par_1_78' title="bbox 2171 3531 3766 3605">
     <span class='ocr_line' id='line_1_78' title="bbox 2171 3531 3766 3605; baseline -0.001 -18"><span class='ocrx_word' id='word_1_570' title='bbox 2171 3534 2484 3589; x_wconf 81' lang='lat' dir='ltr'><strong>cusationes</strong></span> <span class='ocrx_word' id='word_1_571' title='bbox 2526 3533 2888 3599; x_wconf 87' lang='lat' dir='ltr'><strong>defendendo,</strong></span> <span class='ocrx_word' id='word_1_572' title='bbox 2935 3536 3090 3605; x_wconf 91' lang='lat' dir='ltr'><strong>quasi</strong></span> <span class='ocrx_word' id='word_1_573' title='bbox 3138 3533 3329 3589; x_wconf 88' lang='lat' dir='ltr'><strong>borum</strong></span> <span class='ocrx_word' id='word_1_574' title='bbox 3374 3532 3654 3589; x_wconf 88' lang='lat' dir='ltr'><strong>temeritas</strong></span> <span class='ocrx_word' id='word_1_575' title='bbox 3688 3531 3766 3586; x_wconf 88' lang='lat' dir='ltr'><strong>vel</strong></span> 
     </span>
    </p>
   </div>
   <div class='ocr_carea' id='block_1_79' title="bbox 2171 3626 3761 3700">
    <p class='ocr_par' dir='ltr' id='par_1_79' title="bbox 2171 3626 3761 3700">
     <span class='ocr_line' id='line_1_79' title="bbox 2171 3626 3761 3700; baseline -0.002 -16"><span class='ocrx_word' id='word_1_576' title='bbox 2171 3626 2325 3684; x_wconf 91' lang='lat' dir='ltr'><strong>initio</strong></span> <span class='ocrx_word' id='word_1_577' title='bbox 2373 3643 2550 3684; x_wconf 55' lang='lat' dir='ltr'><strong>causa!</strong></span> <span class='ocrx_word' id='word_1_578' title='bbox 2598 3644 2703 3684; x_wconf 92' lang='lat' dir='ltr'><strong>non</strong></span> <span class='ocrx_word' id='word_1_579' title='bbox 2749 3627 2929 3684; x_wconf 89' lang='lat' dir='ltr'><strong>statim</strong></span> <span class='ocrx_word' id='word_1_580' title='bbox 2984 3629 3348 3699; x_wconf 77' lang='lat' dir='ltr'><strong>intelligatur,</strong></span> <span class='ocrx_word' id='word_1_581' title='bbox 3416 3628 3513 3700; x_wconf 91' lang='lat' dir='ltr'><strong>qui</strong></span> <span class='ocrx_word' id='word_1_582' title='bbox 3581 3636 3761 3685; x_wconf 83' lang='lat' dir='ltr'><strong>contra</strong></span> 
     </span>
    </p>
   </div>
   <div class='ocr_carea' id='block_1_80' title="bbox 2171 3723 3761 3798">
    <p class='ocr_par' dir='ltr' id='par_1_80' title="bbox 2171 3723 3761 3798">
     <span class='ocr_line' id='line_1_80' title="bbox 2171 3723 3761 3798; baseline -0.001 -18"><span class='ocrx_word' id='word_1_583' title='bbox 2171 3739 2439 3782; x_wconf 90' lang='lat' dir='ltr'><strong>summum</strong></span> <span class='ocrx_word' id='word_1_584' title='bbox 2506 3726 2765 3783; x_wconf 83' lang='lat' dir='ltr'><strong>Ecclesiae</strong></span> <span class='ocrx_word' id='word_1_585' title='bbox 2824 3725 3137 3798; x_wconf 89' lang='lat' dir='ltr'><strong>magistrum</strong></span> <span class='ocrx_word' id='word_1_586' title='bbox 3191 3724 3475 3782; x_wconf 90' lang='lat' dir='ltr'><strong>conductis</strong></span> <span class='ocrx_word' id='word_1_587' title='bbox 3548 3723 3761 3781; x_wconf 89' lang='lat' dir='ltr'><strong>testibus</strong></span> 
     </span>
    </p>
   </div>
   <div class='ocr_carea' id='block_1_81' title="bbox 2169 3816 3756 3876">
    <p class='ocr_par' dir='ltr' id='par_1_81' title="bbox 2169 3816 3756 3876">
     <span class='ocr_line' id='line_1_81' title="bbox 2169 3816 3756 3876; baseline -0.003 0"><span class='ocrx_word' id='word_1_588' title='bbox 2169 3835 2350 3876; x_wconf 76' lang='lat' dir='ltr'><strong>coram</strong></span> <span class='ocrx_word' id='word_1_589' title='bbox 2396 3821 2698 3876; x_wconf 78' lang='lat' dir='ltr'><strong>orthodoxo</strong></span> <span class='ocrx_word' id='word_1_590' title='bbox 2727 3821 2857 3876; x_wconf 91' lang='lat' dir='ltr'><strong>orbe</strong></span> <span class='ocrx_word' id='word_1_591' title='bbox 2881 3819 3142 3875; x_wconf 87' lang='lat' dir='ltr'><strong>dimicare</strong></span> <span class='ocrx_word' id='word_1_592' title='bbox 3181 3818 3382 3874; x_wconf 88' lang='lat' dir='ltr'><strong>ausint.</strong></span> <span class='ocrx_word' id='word_1_593' title='bbox 3416 3816 3528 3875; x_wconf 87' lang='lat' dir='ltr'><strong>Sed</strong></span> <span class='ocrx_word' id='word_1_594' title='bbox 3558 3817 3756 3874; x_wconf 83' lang='lat' dir='ltr'><strong>veniam</strong></span> 
     </span>
    </p>
   </div>
   <div class='ocr_carea' id='block_1_82' title="bbox 2171 3910 3757 3985">
    <p class='ocr_par' dir='ltr' id='par_1_82' title="bbox 2171 3910 3757 3985">
     <span class='ocr_line' id='line_1_82' title="bbox 2171 3910 3757 3985; baseline -0.001 -18"><span class='ocrx_word' id='word_1_595' title='bbox 2171 3929 2359 3985; x_wconf 90' lang='lat' dir='ltr'><strong>precor</strong></span> <span class='ocrx_word' id='word_1_596' title='bbox 2385 3914 2429 3970; x_wconf 93' lang='lat' dir='ltr'><strong>si</strong></span> <span class='ocrx_word' id='word_1_597' title='bbox 2457 3912 2746 3983; x_wconf 90' lang='lat' dir='ltr'><strong>quidquam</strong></span> <span class='ocrx_word' id='word_1_598' title='bbox 2772 3926 2801 3967; x_wconf 93' lang='lat' dir='ltr'><strong>a</strong></span> <span class='ocrx_word' id='word_1_599' title='bbox 2825 3914 3188 3968; x_wconf 90' lang='lat' dir='ltr'><strong>recentiorum</strong></span> <span class='ocrx_word' id='word_1_600' title='bbox 3213 3910 3448 3967; x_wconf 90' lang='lat' dir='ltr'><strong>testibus</strong></span> <span class='ocrx_word' id='word_1_601' title='bbox 3475 3910 3757 3980; x_wconf 86' lang='lat' dir='ltr'><strong>Augustino</strong></span> 
     </span>
    </p>
   </div>
   <div class='ocr_carea' id='block_1_83' title="bbox 2171 4003 3744 4077">
    <p class='ocr_par' dir='ltr' id='par_1_83' title="bbox 2171 4003 3744 4077">
     <span class='ocr_line' id='line_1_83' title="bbox 2171 4003 3744 4077; baseline -0.002 -16"><span class='ocrx_word' id='word_1_602' title='bbox 2171 4007 2362 4063; x_wconf 89' lang='lat' dir='ltr'><strong>timere</strong></span> <span class='ocrx_word' id='word_1_603' title='bbox 2394 4007 2517 4061; x_wconf 92' lang='lat' dir='ltr'><strong>mali</strong></span> <span class='ocrx_word' id='word_1_604' title='bbox 2548 4007 2695 4061; x_wconf 92' lang='lat' dir='ltr'><strong>visus</strong></span> <span class='ocrx_word' id='word_1_605' title='bbox 2727 4022 2843 4063; x_wconf 90' lang='lat' dir='ltr'><strong>sum</strong></span> <span class='ocrx_word' id='word_1_606' title='bbox 2873 4025 2885 4071; x_wconf 85' lang='lat'>;</span> <span class='ocrx_word' id='word_1_607' title='bbox 2917 4006 3036 4077; x_wconf 87' lang='lat' dir='ltr'><strong>ejus</strong></span> <span class='ocrx_word' id='word_1_608' title='bbox 3064 4004 3206 4062; x_wconf 88' lang='lat' dir='ltr'><strong>enim</strong></span> <span class='ocrx_word' id='word_1_609' title='bbox 3236 4019 3455 4060; x_wconf 88' lang='lat' dir='ltr'><strong>causam</strong></span> <span class='ocrx_word' id='word_1_610' title='bbox 3481 4003 3744 4062; x_wconf 86' lang='lat' dir='ltr'><strong>defenden</strong></span> 
     </span>
    </p>
   </div>
   <div class='ocr_carea' id='block_1_84' title="bbox 2170 4098 3759 4172">
    <p class='ocr_par' dir='ltr' id='par_1_84' title="bbox 2170 4098 3759 4172">
     <span class='ocr_line' id='line_1_84' title="bbox 2170 4098 3759 4172; baseline -0.001 -17"><span class='ocrx_word' id='word_1_611' title='bbox 2170 4099 2292 4156; x_wconf 87' lang='lat' dir='ltr'><strong>dam</strong></span> <span class='ocrx_word' id='word_1_612' title='bbox 2336 4102 2578 4171; x_wconf 84' lang='lat' dir='ltr'><strong>suscepi,</strong></span> <span class='ocrx_word' id='word_1_613' title='bbox 2620 4116 2687 4156; x_wconf 90' lang='lat' dir='ltr'><strong>ne</strong></span> <span class='ocrx_word' id='word_1_614' title='bbox 2717 4099 2859 4172; x_wconf 87' lang='lat' dir='ltr'><strong>apud</strong></span> <span class='ocrx_word' id='word_1_615' title='bbox 2898 4101 3177 4171; x_wconf 89' lang='lat' dir='ltr'><strong>imperitos</strong></span> <span class='ocrx_word' id='word_1_616' title='bbox 3213 4100 3554 4172; x_wconf 90' lang='lat' dir='ltr'><strong>nimiumque</strong></span> <span class='ocrx_word' id='word_1_617' title='bbox 3583 4098 3759 4155; x_wconf 84' lang='lat' dir='ltr'><strong>credu-</strong></span> 
     </span>
    </p>
   </div>
   <div class='ocr_carea' id='block_1_85' title="bbox 2171 4193 3757 4264">
    <p class='ocr_par' dir='ltr' id='par_1_85' title="bbox 2171 4193 3757 4264">
     <span class='ocr_line' id='line_1_85' title="bbox 2171 4193 3757 4264; baseline 0 -15"><span class='ocrx_word' id='word_1_618' title='bbox 2171 4194 2253 4249; x_wconf 91' lang='lat' dir='ltr'><strong>los</strong></span> <span class='ocrx_word' id='word_1_619' title='bbox 2285 4203 2552 4249; x_wconf 90' lang='lat' dir='ltr'><strong>tantorum</strong></span> <span class='ocrx_word' id='word_1_620' title='bbox 2591 4195 2807 4249; x_wconf 79' lang='lat' dir='ltr'><strong>testium</strong></span> <span class='ocrx_word' id='word_1_621' title='bbox 2844 4194 3082 4260; x_wconf 84' lang='lat' dir='ltr'><strong>nomina,</strong></span> <span class='ocrx_word' id='word_1_622' title='bbox 3114 4210 3234 4264; x_wconf 69' lang='lat' dir='ltr'><strong>qua:</strong></span> <span class='ocrx_word' id='word_1_623' title='bbox 3264 4193 3570 4250; x_wconf 89' lang='lat' dir='ltr'><strong>adversarii</strong></span> <span class='ocrx_word' id='word_1_624' title='bbox 3611 4194 3757 4264; x_wconf 86' lang='lat' dir='ltr'><strong>longo</strong></span> 
     </span>
    </p>
   </div>
   <div class='ocr_carea' id='block_1_86' title="bbox 2171 4284 3755 4357">
    <p class='ocr_par' dir='ltr' id='par_1_86' title="bbox 2171 4284 3755 4357">
     <span class='ocr_line' id='line_1_86' title="bbox 2171 4284 3755 4357; baseline 0 -19"><span class='ocrx_word' id='word_1_625' title='bbox 2171 4286 2358 4338; x_wconf 83' lang='lat' dir='ltr'><strong>ordine</strong></span> <span class='ocrx_word' id='word_1_626' title='bbox 2404 4296 2590 4339; x_wconf 83' lang='lat' dir='ltr'><strong>contra</strong></span> <span class='ocrx_word' id='word_1_627' title='bbox 2655 4285 3011 4355; x_wconf 87' lang='lat' dir='ltr'><strong>Augustinum</strong></span> <span class='ocrx_word' id='word_1_628' title='bbox 3048 4284 3349 4354; x_wconf 88' lang='lat' dir='ltr'><strong>producere</strong></span> <span class='ocrx_word' id='word_1_629' title='bbox 3378 4284 3755 4357; x_wconf 85' lang='lat' dir='ltr'><strong>gloriabantur,</strong></span> 
     </span>
    </p>
   </div>
   <div class='ocr_carea' id='block_1_87' title="bbox 2173 4377 3757 4452">
    <p class='ocr_par' dir='ltr' id='par_1_87' title="bbox 2173 4377 3757 4452">
     <span class='ocr_line' id='line_1_87' title="bbox 2173 4377 3757 4452; baseline 0.001 -20"><span class='ocrx_word' id='word_1_630' title='bbox 2173 4379 2258 4434; x_wconf 90' lang='lat' dir='ltr'><strong>vel</strong></span> <span class='ocrx_word' id='word_1_631' title='bbox 2284 4380 2440 4434; x_wconf 87' lang='lat' dir='ltr'><strong>ﬁdem</strong></span> <span class='ocrx_word' id='word_1_632' title='bbox 2493 4380 2822 4443; x_wconf 88' lang='lat' dir='ltr'><strong>invenirent,</strong></span> <span class='ocrx_word' id='word_1_633' title='bbox 2867 4379 2953 4435; x_wconf 88' lang='lat' dir='ltr'><strong>vel</strong></span> <span class='ocrx_word' id='word_1_634' title='bbox 3002 4377 3371 4452; x_wconf 88' lang='lat' dir='ltr'><strong>suspicionem</strong></span> <span class='ocrx_word' id='word_1_635' title='bbox 3402 4378 3598 4436; x_wconf 89' lang='lat' dir='ltr'><strong>saltem</strong></span> <span class='ocrx_word' id='word_1_636' title='bbox 3626 4379 3757 4450; x_wconf 79' lang='lat' dir='ltr'><strong>inge-</strong></span> 
     </span>
    </p>
   </div>
   <div class='ocr_carea' id='block_1_88' title="bbox 2172 4482 2374 4528">
    <p class='ocr_par' dir='ltr' id='par_1_88' title="bbox 2172 4482 2374 4528">
     <span class='ocr_line' id='line_1_88' title="bbox 2172 4482 2374 4528; baseline 0 -1"><span class='ocrx_word' id='word_1_637' title='bbox 2172 4482 2374 4528; x_wconf 89' lang='lat' dir='ltr'><strong>rereut.</strong></span> 
     </span>
    </p>
   </div>
   <div class='ocr_carea' id='block_1_89' title="bbox 2787 4586 3144 4645">
    <p class='ocr_par' dir='ltr' id='par_1_89' title="bbox 2787 4586 3144 4645">
     <span class='ocr_line' id='line_1_89' title="bbox 2787 4586 3144 4645; baseline 0 -2"><span class='ocrx_word' id='word_1_638' title='bbox 2787 4587 3017 4645; x_wconf 82' lang='lat' dir='ltr'><strong>CAPUT</strong></span> <span class='ocrx_word' id='word_1_639' title='bbox 3057 4586 3144 4643; x_wconf 79' lang='lat' dir='ltr'><strong>Vl.</strong></span> 
     </span>
    </p>
   </div>
   <div class='ocr_carea' id='block_1_90' title="bbox 2179 4697 3759 4772">
    <p class='ocr_par' dir='ltr' id='par_1_90' title="bbox 2179 4697 3759 4772">
     <span class='ocr_line' id='line_1_90' title="bbox 2179 4697 3759 4772; baseline -0.006 -15"><span class='ocrx_word' id='word_1_640' title='bbox 2179 4702 2364 4772; x_wconf 76' lang='lat' dir='ltr'><strong>Elegia</strong></span> <span class='ocrx_word' id='word_1_641' title='bbox 2394 4718 2427 4755; x_wconf 92' lang='lat' dir='ltr'><strong>a</strong></span> <span class='ocrx_word' id='word_1_642' title='bbox 2465 4702 2681 4755; x_wconf 80' lang='lat' dir='ltr'><strong>summis</strong></span> <span class='ocrx_word' id='word_1_643' title='bbox 2717 4701 3045 4772; x_wconf 80' lang='lat' dir='ltr'><strong>pontiﬁcibus</strong></span> <span class='ocrx_word' id='word_1_644' title='bbox 3087 4698 3480 4772; x_wconf 75' lang='lat' dir='ltr'><strong>Augustiniame</strong></span> <span class='ocrx_word' id='word_1_645' title='bbox 3509 4697 3759 4772; x_wconf 61' lang='lat' dir='ltr'><strong>doctrina</strong></span> 
     </span>
    </p>
   </div>
   <div class='ocr_carea' id='block_1_91' title="bbox 478 4761 3758 4845">
    <p class='ocr_par' dir='ltr' id='par_1_91' title="bbox 478 4761 3758 4845">
     <span class='ocr_line' id='line_1_91' title="bbox 478 4761 3758 4845; baseline 0.002 -29"><span class='ocrx_word' id='word_1_646' title='bbox 478 4761 762 4833; x_wconf 83' lang='lat' dir='ltr'><strong>Augustini</strong></span> <span class='ocrx_word' id='word_1_647' title='bbox 788 4761 1090 4817; x_wconf 91' lang='lat' dir='ltr'><strong>doctrinam</strong></span> <span class='ocrx_word' id='word_1_648' title='bbox 1116 4764 1414 4833; x_wconf 90' lang='lat' dir='ltr'><strong>continent,</strong></span> <span class='ocrx_word' id='word_1_649' title='bbox 1442 4766 1608 4821; x_wconf 82' lang='lat' dir='ltr'><strong>sancti</strong></span> <span class='ocrx_word' id='word_1_650' title='bbox 1642 4767 1918 4838; x_wconf 88' lang='lat' dir='ltr'><strong>Augustini</strong></span> <span class='ocrx_word' id='word_1_651' title='bbox 1950 4784 2068 4825; x_wconf 80' lang='lat' dir='ltr'><strong>ver-</strong></span> <span class='ocrx_word' id='word_1_652' title='bbox 2098 4764 2151 4825; x_wconf 89' lang='lat' dir='ltr'><strong>D</strong></span> <span class='ocrx_word' id='word_1_653' title='bbox 2246 4761 2423 4830; x_wconf 68' lang='lat' dir='ltr'><strong>contra</strong></span> <span class='ocrx_word' id='word_1_654' title='bbox 2463 4761 2767 4845; x_wconf 77' lang='lat' dir='ltr'><strong>Pelagianos</strong></span> <span class='ocrx_word' id='word_1_655' title='bbox 2798 4761 2969 4845; x_wconf 74' lang='lat' dir='ltr'><strong>delata</strong></span> <span class='ocrx_word' id='word_1_656' title='bbox 3007 4790 3038 4826; x_wconf 91' lang='lat' dir='ltr'><strong>a</strong></span> <span class='ocrx_word' id='word_1_657' title='bbox 3064 4761 3286 4826; x_wconf 72' lang='lat' dir='ltr'><strong>sini§tris</strong></span> <span class='ocrx_word' id='word_1_658' title='bbox 3319 4771 3670 4826; x_wconf 78' lang='lat' dir='ltr'><strong>recentiorum</strong></span> <span class='ocrx_word' id='word_1_659' title='bbox 3692 4768 3758 4821; x_wconf 76' lang='lat' dir='ltr'><strong>itt-</strong></span> 
     </span>
    </p>
   </div>
   <div class='ocr_carea' id='block_1_92' title="bbox 474 4853 2065 4926">
    <p class='ocr_par' dir='ltr' id='par_1_92' title="bbox 474 4853 2065 4926">
     <span class='ocr_line' id='line_1_92' title="bbox 474 4853 2065 4926; baseline 0.003 -16"><span class='ocrx_word' id='word_1_660' title='bbox 474 4853 560 4911; x_wconf 88' lang='lat' dir='ltr'><strong>bis</strong></span> <span class='ocrx_word' id='word_1_661' title='bbox 591 4853 987 4925; x_wconf 82' lang='lat' dir='ltr'><strong>exprimuntur.</strong></span> <span class='ocrx_word' id='word_1_662' title='bbox 1025 4854 1147 4909; x_wconf 87' lang='lat' dir='ltr'><strong>Fuit</strong></span> <span class='ocrx_word' id='word_1_663' title='bbox 1178 4858 1505 4926; x_wconf 87' lang='lat' dir='ltr'><strong>Augustinus</strong></span> <span class='ocrx_word' id='word_1_664' title='bbox 1536 4858 1934 4926; x_wconf 89' lang='lat' dir='ltr'><strong>quodammodo</strong></span> <span class='ocrx_word' id='word_1_665' title='bbox 1964 4861 2065 4915; x_wconf 85' lang='lat' dir='ltr'><strong>Ec-</strong></span> 
     </span>
    </p>
   </div>
   <div class='ocr_carea' id='block_1_93' title="bbox 474 4948 2066 5019">
    <p class='ocr_par' dir='ltr' id='par_1_93' title="bbox 474 4948 2066 5019">
     <span class='ocr_line' id='line_1_93' title="bbox 474 4948 2066 5019; baseline 0.003 -15"><span class='ocrx_word' id='word_1_666' title='bbox 474 4948 654 5004; x_wconf 76' lang='lat' dir='ltr'><strong>clesiae</strong></span> <span class='ocrx_word' id='word_1_667' title='bbox 696 4955 1019 5019; x_wconf 84' lang='lat' dir='ltr'><strong>praecentor,</strong></span> <span class='ocrx_word' id='word_1_668' title='bbox 1051 4962 1171 5003; x_wconf 92' lang='lat' dir='ltr'><strong>cum</strong></span> <span class='ocrx_word' id='word_1_669' title='bbox 1205 4948 1458 5005; x_wconf 76' lang='lat' dir='ltr'><strong>Romanis</strong></span> <span class='ocrx_word' id='word_1_670' title='bbox 1492 4951 1830 5018; x_wconf 86' lang='lat' dir='ltr'><strong>pontiﬁcibus</strong></span> <span class='ocrx_word' id='word_1_671' title='bbox 1857 4963 1911 5008; x_wconf 90' lang='lat' dir='ltr'><strong>et</strong></span> <span class='ocrx_word' id='word_1_672' title='bbox 1935 4968 2066 5009; x_wconf 86' lang='lat' dir='ltr'><strong>con-</strong></span> 
     </span>
    </p>
   </div>
   <div class='ocr_carea' id='block_1_94' title="bbox 470 5041 2061 5115">
    <p class='ocr_par' dir='ltr' id='par_1_94' title="bbox 470 5041 2061 5115">
     <span class='ocr_line' id='line_1_94' title="bbox 470 5041 2061 5115; baseline 0.004 -20"><span class='ocrx_word' id='word_1_673' title='bbox 470 5042 610 5097; x_wconf 90' lang='lat' dir='ltr'><strong>ciliis</strong></span> <span class='ocrx_word' id='word_1_674' title='bbox 637 5056 732 5097; x_wconf 90' lang='lat' dir='ltr'><strong>ore</strong></span> <span class='ocrx_word' id='word_1_675' title='bbox 762 5041 973 5111; x_wconf 79' lang='lat' dir='ltr'><strong>praeivit</strong></span> <span class='ocrx_word' id='word_1_676' title='bbox 1001 5042 1145 5111; x_wconf 92' lang='lat' dir='ltr'><strong>quod</strong></span> <span class='ocrx_word' id='word_1_677' title='bbox 1175 5041 1243 5096; x_wconf 91' lang='lat' dir='ltr'><strong>de</strong></span> <span class='ocrx_word' id='word_1_678' title='bbox 1284 5044 1665 5111; x_wconf 90' lang='lat' dir='ltr'><strong>superbissima</strong></span> <span class='ocrx_word' id='word_1_679' title='bbox 1702 5046 1891 5101; x_wconf 68' lang='lat' dir='ltr'><strong>haeresi</strong></span> <span class='ocrx_word' id='word_1_680' title='bbox 1920 5046 2061 5115; x_wconf 89' lang='lat' dir='ltr'><strong>judi-</strong></span> 
     </span>
    </p>
   </div>
   <div class='ocr_carea' id='block_1_95' title="bbox 471 5132 2058 5203">
    <p class='ocr_par' dir='ltr' id='par_1_95' title="bbox 471 5132 2058 5203">
     <span class='ocr_line' id='line_1_95' title="bbox 471 5132 2058 5203; baseline 0.004 -18"><span class='ocrx_word' id='word_1_681' title='bbox 471 5142 680 5187; x_wconf 84' lang='lat' dir='ltr'><strong>carunt.</strong></span> <span class='ocrx_word' id='word_1_682' title='bbox 757 5132 875 5188; x_wconf 86' lang='lat' dir='ltr'><strong>Fuit</strong></span> <span class='ocrx_word' id='word_1_683' title='bbox 915 5132 1095 5202; x_wconf 87' lang='lat' dir='ltr'><strong>lingua</strong></span> <span class='ocrx_word' id='word_1_684' title='bbox 1142 5133 1414 5199; x_wconf 66' lang='lat' dir='ltr'><strong>Ecclesia},</strong></span> <span class='ocrx_word' id='word_1_685' title='bbox 1461 5150 1580 5189; x_wconf 92' lang='lat' dir='ltr'><strong>cum</strong></span> <span class='ocrx_word' id='word_1_686' title='bbox 1611 5136 1726 5203; x_wconf 90' lang='lat' dir='ltr'><strong>ejus</strong></span> <span class='ocrx_word' id='word_1_687' title='bbox 1759 5136 1935 5191; x_wconf 89' lang='lat' dir='ltr'><strong>verbis</strong></span> <span class='ocrx_word' id='word_1_688' title='bbox 1962 5138 2058 5191; x_wconf 88' lang='lat' dir='ltr'><strong>de-</strong></span> 
     </span>
    </p>
   </div>
   <div class='ocr_carea' id='block_1_96' title="bbox 475 5227 2060 5299">
    <p class='ocr_par' dir='ltr' id='par_1_96' title="bbox 475 5227 2060 5299">
     <span class='ocr_line' id='line_1_96' title="bbox 475 5227 2060 5299; baseline 0.004 -22"><span class='ocrx_word' id='word_1_689' title='bbox 475 5233 620 5277; x_wconf 82' lang='lat' dir='ltr'><strong>creta</strong></span> <span class='ocrx_word' id='word_1_690' title='bbox 651 5236 910 5294; x_wconf 79' lang='lat' dir='ltr'><strong>concepta</strong></span> <span class='ocrx_word' id='word_1_691' title='bbox 941 5233 1086 5285; x_wconf 83' lang='lat' dir='ltr'><strong>sunt,</strong></span> <span class='ocrx_word' id='word_1_692' title='bbox 1120 5235 1172 5279; x_wconf 88' lang='lat' dir='ltr'><strong>et</strong></span> <span class='ocrx_word' id='word_1_693' title='bbox 1199 5241 1321 5295; x_wconf 83' lang='lat' dir='ltr'><strong>quae</strong></span> <span class='ocrx_word' id='word_1_694' title='bbox 1358 5228 1505 5295; x_wconf 89' lang='lat' dir='ltr'><strong>prius</strong></span> <span class='ocrx_word' id='word_1_695' title='bbox 1538 5227 1751 5281; x_wconf 84' lang='lat' dir='ltr'><strong>fuerant</strong></span> <span class='ocrx_word' id='word_1_696' title='bbox 1779 5229 2060 5299; x_wconf 90' lang='lat' dir='ltr'><strong>Augustini</strong></span> 
     </span>
    </p>
   </div>
   <div class='ocr_carea' id='block_1_97' title="bbox 474 5316 2066 5388">
    <p class='ocr_par' dir='ltr' id='par_1_97' title="bbox 474 5316 2066 5388">
     <span class='ocr_line' id='line_1_97' title="bbox 474 5316 2066 5388; baseline 0.004 -18"><span class='ocrx_word' id='word_1_697' title='bbox 474 5332 659 5380; x_wconf 86' lang='lat' dir='ltr'><strong>voces,</strong></span> <span class='ocrx_word' id='word_1_698' title='bbox 694 5316 929 5388; x_wconf 89' lang='lat' dir='ltr'><strong>Spiritus</strong></span> <span class='ocrx_word' id='word_1_699' title='bbox 975 5318 1145 5373; x_wconf 86' lang='lat' dir='ltr'><strong>sancti</strong></span> <span class='ocrx_word' id='word_1_700' title='bbox 1189 5320 1407 5374; x_wconf 88' lang='lat' dir='ltr'><strong>oracula</strong></span> <span class='ocrx_word' id='word_1_701' title='bbox 1447 5334 1567 5375; x_wconf 88' lang='lat' dir='ltr'><strong>esse</strong></span> <span class='ocrx_word' id='word_1_702' title='bbox 1610 5328 1909 5388; x_wconf 88' lang='lat' dir='ltr'><strong>coeperunt.</strong></span> <span class='ocrx_word' id='word_1_703' title='bbox 1945 5320 2066 5377; x_wconf 87' lang='lat' dir='ltr'><strong>Fuit</strong></span> 
     </span>
    </p>
   </div>
   <div class='ocr_carea' id='block_1_98' title="bbox 468 5408 2064 5481">
    <p class='ocr_par' dir='ltr' id='par_1_98' title="bbox 468 5408 2064 5481">
     <span class='ocr_line' id='line_1_98' title="bbox 468 5408 2064 5481; baseline 0.003 -18"><span class='ocrx_word' id='word_1_704' title='bbox 468 5409 559 5463; x_wconf 87' lang='lat' dir='ltr'><strong>ille</strong></span> <span class='ocrx_word' id='word_1_705' title='bbox 590 5408 941 5464; x_wconf 87' lang='lat' dir='ltr'><strong>conciliorum</strong></span> <span class='ocrx_word' id='word_1_706' title='bbox 981 5411 1088 5465; x_wconf 82' lang='lat' dir='ltr'><strong>dux</strong></span> <span class='ocrx_word' id='word_1_707' title='bbox 1120 5420 1284 5480; x_wconf 89' lang='lat' dir='ltr'><strong>atque</strong></span> <span class='ocrx_word' id='word_1_708' title='bbox 1317 5411 1586 5481; x_wconf 89' lang='lat' dir='ltr'><strong>ingenium</strong></span> <span class='ocrx_word' id='word_1_709' title='bbox 1614 5453 1629 5479; x_wconf 92' lang='lat'><strong>,</strong></span> <span class='ocrx_word' id='word_1_710' title='bbox 1662 5428 1784 5467; x_wconf 92' lang='lat' dir='ltr'><strong>cum</strong></span> <span class='ocrx_word' id='word_1_711' title='bbox 1812 5412 1877 5467; x_wconf 91' lang='lat' dir='ltr'><strong>iis</strong></span> <span class='ocrx_word' id='word_1_712' title='bbox 1901 5412 2064 5467; x_wconf 92' lang='lat' dir='ltr'><strong>ratio-</strong></span> 
     </span>
    </p>
   </div>
   <div class='ocr_carea' id='block_1_99' title="bbox 472 5503 2059 5576">
    <p class='ocr_par' dir='ltr' id='par_1_99' title="bbox 472 5503 2059 5576">
     <span class='ocr_line' id='line_1_99' title="bbox 472 5503 2059 5576; baseline 0.004 -23"><span class='ocrx_word' id='word_1_713' title='bbox 472 5515 568 5554; x_wconf 91' lang='lat' dir='ltr'><strong>nes</strong></span> <span class='ocrx_word' id='word_1_714' title='bbox 612 5508 668 5554; x_wconf 90' lang='lat' dir='ltr'><strong>ct</strong></span> <span class='ocrx_word' id='word_1_715' title='bbox 706 5511 1017 5569; x_wconf 86' lang='lat' dir='ltr'><strong>argumenta</strong></span> <span class='ocrx_word' id='word_1_716' title='bbox 1070 5503 1499 5559; x_wconf 83' lang='lat' dir='ltr'><strong>subminiSIravit</strong></span> <span class='ocrx_word' id='word_1_717' title='bbox 1552 5506 1743 5574; x_wconf 89' lang='lat' dir='ltr'><strong>quibus</strong></span> <span class='ocrx_word' id='word_1_718' title='bbox 1790 5504 2059 5576; x_wconf 88' lang='lat' dir='ltr'><strong>Pelagium</strong></span> 
     </span>
    </p>
   </div>
   <div class='ocr_carea' id='block_1_100' title="bbox 472 5591 2059 5665">
    <p class='ocr_par' dir='ltr' id='par_1_100' title="bbox 472 5591 2059 5665">
     <span class='ocr_line' id='line_1_100' title="bbox 472 5591 2059 5665; baseline 0.003 -19"><span class='ocrx_word' id='word_1_719' title='bbox 472 5592 698 5663; x_wconf 88' lang='lat' dir='ltr'><strong>ejusque</strong></span> <span class='ocrx_word' id='word_1_720' title='bbox 749 5591 1043 5659; x_wconf 87' lang='lat' dir='ltr'><strong>complices</strong></span> <span class='ocrx_word' id='word_1_721' title='bbox 1086 5593 1381 5665; x_wconf 87' lang='lat' dir='ltr'><strong>fregerunt,</strong></span> <span class='ocrx_word' id='word_1_722' title='bbox 1429 5596 1523 5651; x_wconf 90' lang='lat' dir='ltr'><strong>lib.</strong></span> <span class='ocrx_word' id='word_1_723' title='bbox 1560 5612 1619 5651; x_wconf 86' lang='lat' dir='ltr'><strong>III</strong></span> <span class='ocrx_word' id='word_1_724' title='bbox 1648 5596 1853 5651; x_wconf 65' lang='lat' dir='ltr'><strong>Haeres.</strong></span> <span class='ocrx_word' id='word_1_725' title='bbox 1883 5596 2059 5665; x_wconf 87' lang='lat' dir='ltr'><strong>Jans.,</strong></span> 
     </span>
    </p>
   </div>
   <div class='ocr_carea' id='block_1_101' title="bbox 470 5683 2062 5760">
    <p class='ocr_par' dir='ltr' id='par_1_101' title="bbox 470 5683 2062 5760">
     <span class='ocr_line' id='line_1_101' title="bbox 470 5683 2062 5760; baseline 0.004 -21"><span class='ocrx_word' id='word_1_726' title='bbox 470 5683 611 5755; x_wconf 84' lang='lat' dir='ltr'><strong>disp.</strong></span> <span class='ocrx_word' id='word_1_727' title='bbox 653 5685 704 5752; x_wconf 77' lang='lat' dir='ltr'><strong>l,</strong></span> <span class='ocrx_word' id='word_1_728' title='bbox 738 5696 860 5752; x_wconf 86' lang='lat' dir='ltr'><strong>cap.</strong></span> <span class='ocrx_word' id='word_1_729' title='bbox 903 5684 957 5739; x_wconf 85' lang='lat'><strong>6.</strong></span> <span class='ocrx_word' id='word_1_730' title='bbox 994 5684 1161 5739; x_wconf 79' lang='lat' dir='ltr'><strong>Video</strong></span> <span class='ocrx_word' id='word_1_731' title='bbox 1201 5693 1465 5743; x_wconf 84' lang='lat' dir='ltr'><strong>Armatum</strong></span> <span class='ocrx_word' id='word_1_732' title='bbox 1506 5691 1735 5760; x_wconf 89' lang='lat' dir='ltr'><strong>spissum</strong></span> <span class='ocrx_word' id='word_1_733' title='bbox 1768 5689 1852 5745; x_wconf 90' lang='lat' dir='ltr'><strong>hic</strong></span> <span class='ocrx_word' id='word_1_734' title='bbox 1879 5690 2062 5760; x_wconf 87' lang='lat' dir='ltr'><strong>pulve-</strong></span> 
     </span>
    </p>
   </div>
   <div class='ocr_carea' id='block_1_102' title="bbox 471 5779 2053 5855">
    <p class='ocr_par' dir='ltr' id='par_1_102' title="bbox 471 5779 2053 5855">
     <span class='ocr_line' id='line_1_102' title="bbox 471 5779 2053 5855; baseline 0.003 -23"><span class='ocrx_word' id='word_1_735' title='bbox 471 5792 583 5834; x_wconf 89' lang='lat' dir='ltr'><strong>rem</strong></span> <span class='ocrx_word' id='word_1_736' title='bbox 610 5779 875 5843; x_wconf 79' lang='lat' dir='ltr'><strong>excitare,</strong></span> <span class='ocrx_word' id='word_1_737' title='bbox 908 5792 1016 5848; x_wconf 93' lang='lat' dir='ltr'><strong>quo</strong></span> <span class='ocrx_word' id='word_1_738' title='bbox 1053 5788 1251 5855; x_wconf 78' lang='lat' dir='ltr'><strong>tantam</strong></span> <span class='ocrx_word' id='word_1_739' title='bbox 1292 5781 1548 5837; x_wconf 85' lang='lat' dir='ltr'><strong>Romanae</strong></span> <span class='ocrx_word' id='word_1_740' title='bbox 1592 5782 1850 5838; x_wconf 74' lang='lat' dir='ltr'><strong>Ecclesia:</strong></span> <span class='ocrx_word' id='word_1_741' title='bbox 1880 5782 2053 5838; x_wconf 89' lang='lat' dir='ltr'><strong>lucem</strong></span> 
     </span>
    </p>
   </div>
   <div class='ocr_carea' id='block_1_103' title="bbox 475 5872 2054 5943">
    <p class='ocr_par' dir='ltr' id='par_1_103' title="bbox 475 5872 2054 5943">
     <span class='ocr_line' id='line_1_103' title="bbox 475 5872 2054 5943; baseline 0.003 -17"><span class='ocrx_word' id='word_1_742' title='bbox 475 5872 830 5943; x_wconf 87' lang='lat' dir='ltr'><strong>Augustinum</strong></span> <span class='ocrx_word' id='word_1_743' title='bbox 894 5888 1323 5942; x_wconf 85' lang='lat' dir='ltr'><strong>quaquaversum</strong></span> <span class='ocrx_word' id='word_1_744' title='bbox 1395 5875 1743 5930; x_wconf 90' lang='lat' dir='ltr'><strong>irradiantem</strong></span> <span class='ocrx_word' id='word_1_745' title='bbox 1803 5874 2054 5931; x_wconf 87' lang='lat' dir='ltr'><strong>obducat.</strong></span> 
     </span>
    </p>
   </div>
   <div class='ocr_carea' id='block_1_104' title="bbox 472 5976 2056 6057">
    <p class='ocr_par' dir='ltr' id='par_1_104' title="bbox 472 5976 2056 6057">
     <span class='ocr_line' id='line_1_104' title="bbox 472 5976 2056 6057; baseline 0.004 -25"><span class='ocrx_word' id='word_1_746' title='bbox 472 5977 618 6045; x_wconf 86' lang='lat' dir='ltr'><strong>Quas</strong></span> <span class='ocrx_word' id='word_1_747' title='bbox 646 5978 786 6035; x_wconf 90' lang='lat' dir='ltr'><strong>enim</strong></span> <span class='ocrx_word' id='word_1_748' title='bbox 817 5976 908 6035; x_wconf 90' lang='lat' dir='ltr'><strong>illc</strong></span> <span class='ocrx_word' id='word_1_749' title='bbox 938 5978 1160 6037; x_wconf 82' lang='lat' dir='ltr'><strong>nebulas</strong></span> <span class='ocrx_word' id='word_1_750' title='bbox 1184 5980 1323 6052; x_wconf 90' lang='lat' dir='ltr'><strong>cogit</strong></span> <span class='ocrx_word' id='word_1_751' title='bbox 1354 5990 1467 6039; x_wconf 89' lang='lat' dir='ltr'><strong>toto</strong></span> <span class='ocrx_word' id='word_1_752' title='bbox 1488 5982 1661 6054; x_wconf 84' lang='lat' dir='ltr'><strong>capite</strong></span> <span class='ocrx_word' id='word_1_753' title='bbox 1684 5990 1839 6039; x_wconf 76' lang='lat' dir='ltr'><strong>sexto</strong></span> <span class='ocrx_word' id='word_1_754' title='bbox 1860 5980 2056 6057; x_wconf 83' lang='lat' dir='ltr'><strong>quibus</strong></span> 
     </span>
    </p>
   </div>
   <div class='ocr_carea' id='block_1_105' title="bbox 2245 4842 3063 4916">
    <p class='ocr_par' dir='ltr' id='par_1_105' title="bbox 2245 4842 3063 4916">
     <span class='ocr_line' id='line_1_105' title="bbox 2245 4842 3063 4916; baseline -0.001 -17"><span class='ocrx_word' id='word_1_755' title='bbox 2245 4842 2694 4916; x_wconf 80' lang='lat' dir='ltr'><strong>Ierpretatiouibus</strong></span> <span class='ocrx_word' id='word_1_756' title='bbox 2716 4842 3063 4899; x_wconf 84' lang='lat' dir='ltr'><strong>vindicantur.</strong></span> 
     </span>
    </p>
   </div>
   <div class='ocr_carea' id='block_1_106' title="bbox 2224 4953 3756 5016">
    <p class='ocr_par' dir='ltr' id='par_1_106' title="bbox 2224 4953 3756 5016">
     <span class='ocr_line' id='line_1_106' title="bbox 2224 4953 3756 5016; baseline -0.005 -1"><span class='ocrx_word' id='word_1_757' title='bbox 2224 4958 2365 5015; x_wconf 91' lang='lat' dir='ltr'><strong>Sane</strong></span> <span class='ocrx_word' id='word_1_758' title='bbox 2378 4972 2483 5013; x_wconf 90' lang='lat' dir='ltr'><strong>non</strong></span> <span class='ocrx_word' id='word_1_759' title='bbox 2497 4958 2666 5013; x_wconf 85' lang='lat' dir='ltr'><strong>levem</strong></span> <span class='ocrx_word' id='word_1_760' title='bbox 2681 4956 2932 5011; x_wconf 88' lang='lat' dir='ltr'><strong>invidiam</strong></span> <span class='ocrx_word' id='word_1_761' title='bbox 2950 4955 3157 5012; x_wconf 89' lang='lat' dir='ltr'><strong>redolet</strong></span> <span class='ocrx_word' id='word_1_762' title='bbox 3170 4954 3535 5011; x_wconf 89' lang='lat' dir='ltr'><strong>recentiorum</strong></span> <span class='ocrx_word' id='word_1_763' title='bbox 3549 4953 3756 5016; x_wconf 81' lang='lat' dir='ltr'><strong>factum,</strong></span> 
     </span>
    </p>
   </div>
   <div class='ocr_carea' id='block_1_107' title="bbox 2172 5045 3760 5119">
    <p class='ocr_par' dir='ltr' id='par_1_107' title="bbox 2172 5045 3760 5119">
     <span class='ocr_line' id='line_1_107' title="bbox 2172 5045 3760 5119; baseline -0.004 -15"><span class='ocrx_word' id='word_1_764' title='bbox 2172 5049 2239 5104; x_wconf 90' lang='lat' dir='ltr'><strong>de</strong></span> <span class='ocrx_word' id='word_1_765' title='bbox 2253 5064 2359 5119; x_wconf 92' lang='lat' dir='ltr'><strong>quo</strong></span> <span class='ocrx_word' id='word_1_766' title='bbox 2379 5052 2479 5104; x_wconf 89' lang='lat' dir='ltr'><strong>hoc</strong></span> <span class='ocrx_word' id='word_1_767' title='bbox 2496 5049 2614 5103; x_wconf 89' lang='lat' dir='ltr'><strong>loco</strong></span> <span class='ocrx_word' id='word_1_768' title='bbox 2628 5062 2931 5103; x_wconf 89' lang='lat' dir='ltr'><strong>sermonem</strong></span> <span class='ocrx_word' id='word_1_769' title='bbox 2950 5046 3303 5102; x_wconf 90' lang='lat' dir='ltr'><strong>instituimus.</strong></span> <span class='ocrx_word' id='word_1_770' title='bbox 3320 5045 3554 5101; x_wconf 85' lang='lat' dir='ltr'><strong>Romani</strong></span> <span class='ocrx_word' id='word_1_771' title='bbox 3570 5058 3760 5114; x_wconf 64' lang='lat' dir='ltr'><strong>praesu-</strong></span> 
     </span>
    </p>
   </div>
   <div class='ocr_carea' id='block_1_108' title="bbox 2174 5136 3758 5210">
    <p class='ocr_par' dir='ltr' id='par_1_108' title="bbox 2174 5136 3758 5210">
     <span class='ocr_line' id='line_1_108' title="bbox 2174 5136 3758 5210; baseline -0.004 -15"><span class='ocrx_word' id='word_1_772' title='bbox 2174 5141 2251 5197; x_wconf 92' lang='lat' dir='ltr'><strong>les</strong></span> <span class='ocrx_word' id='word_1_773' title='bbox 2278 5142 2449 5196; x_wconf 88' lang='lat' dir='ltr'><strong>sancti</strong></span> <span class='ocrx_word' id='word_1_774' title='bbox 2480 5140 2762 5209; x_wconf 82' lang='lat' dir='ltr'><strong>Augustini</strong></span> <span class='ocrx_word' id='word_1_775' title='bbox 2786 5139 2854 5194; x_wconf 90' lang='lat' dir='ltr'><strong>de</strong></span> <span class='ocrx_word' id='word_1_776' title='bbox 2877 5140 3053 5195; x_wconf 87' lang='lat' dir='ltr'><strong>divina</strong></span> <span class='ocrx_word' id='word_1_777' title='bbox 3085 5139 3255 5210; x_wconf 89' lang='lat' dir='ltr'><strong>gratia</strong></span> <span class='ocrx_word' id='word_1_778' title='bbox 3282 5138 3591 5194; x_wconf 90' lang='lat' dir='ltr'><strong>doctrinam</strong></span> <span class='ocrx_word' id='word_1_779' title='bbox 3622 5136 3758 5192; x_wconf 88' lang='lat' dir='ltr'><strong>miris</strong></span> 
     </span>
    </p>
   </div>
   <div class='ocr_carea' id='block_1_109' title="bbox 2172 5230 3760 5308">
    <p class='ocr_par' dir='ltr' id='par_1_109' title="bbox 2172 5230 3760 5308">
     <span class='ocr_line' id='line_1_109' title="bbox 2172 5230 3760 5308; baseline -0.006 -17"><span class='ocrx_word' id='word_1_780' title='bbox 2172 5236 2455 5308; x_wconf 69' lang='lat' dir='ltr'><strong>prmconiis</strong></span> <span class='ocrx_word' id='word_1_781' title='bbox 2482 5243 2889 5291; x_wconf 87' lang='lat' dir='ltr'><strong>consecrarunt.</strong></span> <span class='ocrx_word' id='word_1_782' title='bbox 2917 5233 3074 5291; x_wconf 88' lang='lat' dir='ltr'><strong>Unde</strong></span> <span class='ocrx_word' id='word_1_783' title='bbox 3107 5241 3254 5288; x_wconf 88' lang='lat' dir='ltr'><strong>tanta</strong></span> <span class='ocrx_word' id='word_1_784' title='bbox 3284 5231 3466 5289; x_wconf 86' lang='lat' dir='ltr'><strong>eidem</strong></span> <span class='ocrx_word' id='word_1_785' title='bbox 3497 5231 3569 5287; x_wconf 91' lang='lat' dir='ltr'><strong>ab</strong></span> <span class='ocrx_word' id='word_1_786' title='bbox 3599 5230 3760 5287; x_wconf 85' lang='lat' dir='ltr'><strong>omni-</strong></span> 
     </span>
    </p>
   </div>
   <div class='ocr_carea' id='block_1_110' title="bbox 2170 5324 3759 5398">
    <p class='ocr_par' dir='ltr' id='par_1_110' title="bbox 2170 5324 3759 5398">
     <span class='ocr_line' id='line_1_110' title="bbox 2170 5324 3759 5398; baseline -0.008 -13"><span class='ocrx_word' id='word_1_787' title='bbox 2170 5330 2270 5385; x_wconf 88' lang='lat' dir='ltr'><strong>bus</strong></span> <span class='ocrx_word' id='word_1_788' title='bbox 2320 5343 2416 5398; x_wconf 91' lang='lat' dir='ltr'><strong>per</strong></span> <span class='ocrx_word' id='word_1_789' title='bbox 2462 5336 2540 5382; x_wconf 90' lang='lat' dir='ltr'><strong>tot</strong></span> <span class='ocrx_word' id='word_1_790' title='bbox 2570 5336 2719 5383; x_wconf 90' lang='lat' dir='ltr'><strong>retro</strong></span> <span class='ocrx_word' id='word_1_791' title='bbox 2755 5326 2951 5383; x_wconf 82' lang='lat' dir='ltr'><strong>saecula</strong></span> <span class='ocrx_word' id='word_1_792' title='bbox 2984 5325 3263 5383; x_wconf 90' lang='lat' dir='ltr'><strong>veneratio</strong></span> <span class='ocrx_word' id='word_1_793' title='bbox 3294 5324 3541 5394; x_wconf 85' lang='lat' dir='ltr'><strong>impensa</strong></span> <span class='ocrx_word' id='word_1_794' title='bbox 3573 5331 3677 5389; x_wconf 88' lang='lat' dir='ltr'><strong>est,</strong></span> <span class='ocrx_word' id='word_1_795' title='bbox 3706 5328 3759 5374; x_wconf 88' lang='lat' dir='ltr'><strong>ut</strong></span> 
     </span>
    </p>
   </div>
   <div class='ocr_carea' id='block_1_111' title="bbox 2170 5418 3756 5493">
    <p class='ocr_par' dir='ltr' id='par_1_111' title="bbox 2170 5418 3756 5493">
     <span class='ocr_line' id='line_1_111' title="bbox 2170 5418 3756 5493; baseline -0.006 -15"><span class='ocrx_word' id='word_1_796' title='bbox 2170 5432 2291 5493; x_wconf 89' lang='lat' dir='ltr'><strong>post</strong></span> <span class='ocrx_word' id='word_1_797' title='bbox 2339 5422 2651 5478; x_wconf 88' lang='lat' dir='ltr'><strong>eorttmdem</strong></span> <span class='ocrx_word' id='word_1_798' title='bbox 2707 5420 3021 5491; x_wconf 85' lang='lat' dir='ltr'><strong>pontiﬁcum</strong></span> <span class='ocrx_word' id='word_1_799' title='bbox 3053 5434 3219 5477; x_wconf 89' lang='lat' dir='ltr'><strong>voces</strong></span> <span class='ocrx_word' id='word_1_800' title='bbox 3259 5418 3552 5475; x_wconf 81' lang='lat' dir='ltr'><strong>orthodoxi</strong></span> <span class='ocrx_word' id='word_1_801' title='bbox 3603 5430 3756 5473; x_wconf 89' lang='lat' dir='ltr'><strong>unum</strong></span> 
     </span>
    </p>
   </div>
   <div class='ocr_carea' id='block_1_112' title="bbox 2170 5498 3754 5584">
    <p class='ocr_par' dir='ltr' id='par_1_112' title="bbox 2170 5498 3754 5584">
     <span class='ocr_line' id='line_1_112' title="bbox 2170 5498 3754 5584; baseline -0.003 -15"><span class='ocrx_word' id='word_1_802' title='bbox 2170 5498 2525 5584; x_wconf 74' lang='lat' dir='ltr'><strong>Augustinum</strong></span> <span class='ocrx_word' id='word_1_803' title='bbox 2597 5512 3007 5579; x_wconf 81' lang='lat' dir='ltr'><strong>inaudiverint,</strong></span> <span class='ocrx_word' id='word_1_804' title='bbox 3077 5512 3187 5567; x_wconf 89' lang='lat' dir='ltr'><strong>imo</strong></span> <span class='ocrx_word' id='word_1_805' title='bbox 3261 5512 3551 5580; x_wconf 86' lang='lat' dir='ltr'><strong>Augustini</strong></span> <span class='ocrx_word' id='word_1_806' title='bbox 3626 5510 3754 5579; x_wconf 86' lang='lat' dir='ltr'><strong>dog-</strong></span> 
     </span>
    </p>
   </div>
   <div class='ocr_carea' id='block_1_113' title="bbox 2168 5604 3757 5677">
    <p class='ocr_par' dir='ltr' id='par_1_113' title="bbox 2168 5604 3757 5677">
     <span class='ocr_line' id='line_1_113' title="bbox 2168 5604 3757 5677; baseline -0.003 -16"><span class='ocrx_word' id='word_1_807' title='bbox 2168 5620 2307 5662; x_wconf 87' lang='lat' dir='ltr'><strong>mata</strong></span> <span class='ocrx_word' id='word_1_808' title='bbox 2351 5608 2403 5662; x_wconf 93' lang='lat' dir='ltr'><strong>in</strong></span> <span class='ocrx_word' id='word_1_809' title='bbox 2442 5604 2753 5677; x_wconf 88' lang='lat' dir='ltr'><strong>pontiﬁcum</strong></span> <span class='ocrx_word' id='word_1_810' title='bbox 2810 5605 3027 5662; x_wconf 89' lang='lat' dir='ltr'><strong>decreta</strong></span> <span class='ocrx_word' id='word_1_811' title='bbox 3086 5618 3152 5661; x_wconf 90' lang='lat' dir='ltr'><strong>ac</strong></span> <span class='ocrx_word' id='word_1_812' title='bbox 3202 5604 3538 5677; x_wconf 89' lang='lat' dir='ltr'><strong>synodorum</strong></span> <span class='ocrx_word' id='word_1_813' title='bbox 3603 5616 3757 5661; x_wconf 75' lang='lat' dir='ltr'><strong>cano~</strong></span> 
     </span>
    </p>
   </div>
   <div class='ocr_carea' id='block_1_114' title="bbox 2170 5697 3751 5769">
    <p class='ocr_par' dir='ltr' id='par_1_114' title="bbox 2170 5697 3751 5769">
     <span class='ocr_line' id='line_1_114' title="bbox 2170 5697 3751 5769; baseline -0.003 -16"><span class='ocrx_word' id='word_1_814' title='bbox 2170 5714 2264 5754; x_wconf 80' lang='lat' dir='ltr'><strong>nes</strong></span> <span class='ocrx_word' id='word_1_815' title='bbox 2290 5698 2632 5763; x_wconf 89' lang='lat' dir='ltr'><strong>transierint,</strong></span> <span class='ocrx_word' id='word_1_816' title='bbox 2664 5697 2808 5768; x_wconf 91' lang='lat' dir='ltr'><strong>quod</strong></span> <span class='ocrx_word' id='word_1_817' title='bbox 2846 5698 2898 5755; x_wconf 91' lang='lat' dir='ltr'><strong>in</strong></span> <span class='ocrx_word' id='word_1_818' title='bbox 2929 5697 3163 5755; x_wconf 83' lang='lat' dir='ltr'><strong>Historia</strong></span> <span class='ocrx_word' id='word_1_819' title='bbox 3208 5697 3498 5769; x_wconf 86' lang='lat' dir='ltr'><strong>Pelagiana</strong></span> <span class='ocrx_word' id='word_1_820' title='bbox 3538 5697 3751 5754; x_wconf 53' lang='lat' dir='ltr'><strong>demonc</strong></span> 
     </span>
    </p>
   </div>
   <div class='ocr_carea' id='block_1_115' title="bbox 2168 5788 3749 5859">
    <p class='ocr_par' dir='ltr' id='par_1_115' title="bbox 2168 5788 3749 5859">
     <span class='ocr_line' id='line_1_115' title="bbox 2168 5788 3749 5859; baseline -0.004 -13"><span class='ocrx_word' id='word_1_821' title='bbox 2168 5792 2477 5847; x_wconf 87' lang='lat' dir='ltr'><strong>stravimus.</strong></span> <span class='ocrx_word' id='word_1_822' title='bbox 2507 5790 2633 5844; x_wconf 80' lang='lat' dir='ltr'><strong>llaec</strong></span> <span class='ocrx_word' id='word_1_823' title='bbox 2664 5789 2880 5859; x_wconf 88' lang='lat' dir='ltr'><strong>quidem</strong></span> <span class='ocrx_word' id='word_1_824' title='bbox 2912 5791 3277 5848; x_wconf 89' lang='lat' dir='ltr'><strong>recentiorum</strong></span> <span class='ocrx_word' id='word_1_825' title='bbox 3312 5790 3563 5846; x_wconf 89' lang='lat' dir='ltr'><strong>animum</strong></span> <span class='ocrx_word' id='word_1_826' title='bbox 3598 5788 3749 5844; x_wconf 87' lang='lat' dir='ltr'><strong>altius</strong></span> 
     </span>
    </p>
   </div>
   <div class='ocr_carea' id='block_1_116' title="bbox 2168 5879 3746 5955">
    <p class='ocr_par' dir='ltr' id='par_1_116' title="bbox 2168 5879 3746 5955">
     <span class='ocr_line' id='line_1_116' title="bbox 2168 5879 3746 5955; baseline -0.003 -20"><span class='ocrx_word' id='word_1_827' title='bbox 2168 5898 2481 5953; x_wconf 85' lang='lat' dir='ltr'><strong>pupugere;</strong></span> <span class='ocrx_word' id='word_1_828' title='bbox 2539 5896 2709 5952; x_wconf 89' lang='lat' dir='ltr'><strong>quare</strong></span> <span class='ocrx_word' id='word_1_829' title='bbox 2756 5881 2933 5937; x_wconf 90' lang='lat' dir='ltr'><strong>delata</strong></span> <span class='ocrx_word' id='word_1_830' title='bbox 2985 5883 3391 5955; x_wconf 73' lang='lat' dir='ltr'><strong>Augustiniante</strong></span> <span class='ocrx_word' id='word_1_831' title='bbox 3438 5879 3746 5938; x_wconf 65' lang='lat' dir='ltr'><strong>doctrinam</strong></span> 
     </span>
    </p>
   </div>
   <div class='ocr_carea' id='block_1_117' title="bbox 2168 5972 3744 6052">
    <p class='ocr_par' dir='ltr' id='par_1_117' title="bbox 2168 5972 3744 6052">
     <span class='ocr_line' id='line_1_117' title="bbox 2168 5972 3744 6052; baseline -0.004 -19"><span class='ocrx_word' id='word_1_832' title='bbox 2168 5977 2426 6035; x_wconf 77' lang='lat' dir='ltr'><strong>Romanis</strong></span> <span class='ocrx_word' id='word_1_833' title='bbox 2459 5972 2782 6049; x_wconf 77' lang='lat' dir='ltr'><strong>praesulibus</strong></span> <span class='ocrx_word' id='word_1_834' title='bbox 2820 5974 2998 6050; x_wconf 75' lang='lat' dir='ltr'><strong>elogia</strong></span> <span class='ocrx_word' id='word_1_835' title='bbox 3040 5977 3188 6037; x_wconf 86' lang='lat' dir='ltr'><strong>falsis</strong></span> <span class='ocrx_word' id='word_1_836' title='bbox 3219 5972 3744 6052; x_wconf 85' lang='lat' dir='ltr'><strong>interpretationibus</strong></span> 
     </span>
    </p>
   </div>
   <div class='ocr_carea' id='block_1_118' title="bbox 3669 410 3877 468">
    <p class='ocr_par' dir='ltr' id='par_1_118' title="bbox 3669 410 3877 468">
     <span class='ocr_line' id='line_1_118' title="bbox 3669 410 3877 468; baseline -0.024 -12"><span class='ocrx_word' id='word_1_837' title='bbox 3669 410 3877 468; x_wconf 57' lang='lat'><strong>783.</strong></span> 
     </span>
    </p>
   </div>
  </div>
