3962 6346
240 404 345 463 789

1432 406 1754 467 νΙΝΒΙΩίᾹΕ
1790 413 2353 477 ἈυϐυδἸῚΜΑΝιΕ.

3430 407 3532 484 790

239 528 435 597 partim
477 525 788 589 decurtare.
828 528 1022 598 partim
1059 526 1285 586 eludere
1308 527 1565 585 audacter
1588 530 1835 602 quidem,
1861 545 1918 599 Α
1946 536 2219 593 laudatum
2252 538 2440 606 fuisse,
2467 544 2765 615 etquidem
2804 546 2871 602 de
2901 545 3020 619 lege
3050 563 3173 603 reos
3220 549 3336 604 sine
3363 551 3530 620 gratia

237 622 337 679 sed
369 636 478 678 non
508 637 665 692 aeque
692 621 920 680 feliciter
943 624 1121 680 conati
1148 635 1294 683 sunt.

312 714 528 772 Primus
552 715 696 772 inter
728 717 1010 786 pontifices
1047 719 1141 791 qui
1184 726 1430 777 sanctum
1471 721 1835 792 Augustinum

234 810 709 879 commendarunt,
731 806 1082 869 Innocentius
1130 812 1466 884 producitur,
1498 815 1734 886 quicum
1765 814 1835 874 ab

234 902 540 973 Augustino
565 901 772 960 litteras
798 903 1095 975 accepisset
1131 918 1159 960 a
1189 914 1419 978 quatuor
1446 907 1565 963 aliis
1604 906 1834 981 collegis

234 996 593 1068 subscriptus,
632 997 824 1070 quibus
865 996 1065 1072 Pelagii
1110 1015 1322 1057 errores
1346 1000 1519 1058 eidem
1559 1002 1832 1074 significa-

232 1090 453 1159 bantur,
497 1090 777 1161 respondit
844 1092 1005 1162 epist.
1064 1090 1132 1148 96
1182 1092 1324 1149 inter
1372 1094 1829 1165 Augustinianas:

240 1201 260 1234 ι
297 1182 451 1250 Quod
473 1196 656 1239 earum
702 1192 858 1239 tenor
883 1184 1168 1255 omnisque
1216 1187 1490 1241 contextio
1513 1195 1598 1240 eSt
1624 1186 1681 1240 in
1696 1197 1827 1243 con-

234 1274 564 1331 sideratione
586 1275 912 1345 quotidianae
951 1275 1137 1347 gratiae
1192 1276 1310 1345 Dei,
1342 1284 1397 1333 et
1417 1277 1468 1332 in
1496 1290 1683 1334 eorum
1708 1290 1829 1335 cor-

232 1369 479 1425 rectione
505 1369 597 1440 qui
623 1377 811 1425 contra
839 1372 1109 1439 sentiunt,
1144 1372 1351 1442 integra
1378 1371 1590 1427 ratione
1616 1375 1829 1430 consis-

232 1462 329 1527 tit,
359 1470 419 1517 ut
447 1468 502 1517 et
530 1461 639 1517 illis
670 1476 887 1519 omnem
919 1462 1108 1520 tollere
1133 1464 1305 1533 possit
1327 1476 1592 1531 errorem,
1616 1473 1671 1519 et
1712 1465 1829 1521 ido-

234 1567 398 1608 neum
425 1554 551 1609 dato
579 1554 751 1610 cuivis
786 1563 983 1611 nostrae
1032 1555 1167 1626 legis
1193 1555 1465 1625 exemplo,
1492 1568 1653 1626 quem
1672 1559 1827 1627 sequi

231 1643 428 1701 debeat
457 1644 677 1715 dignum
707 1647 880 1716 possit
908 1646 1152 1717 praebere
1171 1648 1470 1704 doctorem.
1506 1667 1525 1701 ›
1557 1647 1827 1721 Legantur

230 1750 356 1807 qua:
405 1735 636 1793 diximus
684 1736 830 1793 lib.t
886 1738 1090 1795 Hister.
1124 1738 1826 1812 Pelag.,cap.iI.Recen-

228 1827 403 1883 tiores
441 1827 582 1884 haud
640 1830 944 1887 universam
984 1832 1158 1887 sancti
1204 1832 1487 1903 Augustini
1524 1834 1823 1890 doctrinam

1940 628 2190 687 homines
2214 630 2446 691 faciente
2493 636 2878 707 disputantem,
2911 655 3033 711 quae
3062 640 3195 696 falsa
3245 650 3405 711 atque
3454 641 3527 697 ob
3559 670 3568 685 ι

1940 726 2179 783 furorem
2216 738 2404 786 contra
2444 730 2728 788 hatreticos
2774 734 3071 805 Augustino
3120 733 3387 791 excidisse
3427 733 3565 821 ﬁne.
3608 790 3615 801 ί

1936 818 2019 887 git
2047 819 2321 877 Moraines
2351 822 2554 893 disput.
2584 824 2679 890 24,
2707 839 2855 880 num.
2894 824 2985 893 M,
3010 842 3077 882 ex
3123 828 3204 883 his
3230 819 3532 885 lnnocentii

1942 910 2122 967 verbis
2137 912 2408 983 colligitur
2436 929 2453 969 :
2488 932 2509 966 ι
2539 913 2671 970 Nam
2705 916 2808 971 hoc
2848 916 2968 972 loco
2996 918 3159 974 latius
3179 918 3247 974 de
3272 920 3394 992 lege
3417 919 3532 977 dis-

1941 1013 2133 1072 putare
2164 1008 2310 1062 velut
2348 1022 2529 1064 coram
2589 1011 2766 1077 posito
2823 1022 3259 1085 reptignanteque
3308 1015 3531 1088 Pelagio

1941 1100 2307 1154 necessarium
2330 1116 2456 1157 esse
2475 1116 2584 1157 non
2612 1102 2883 1174 duximus,
2899 1122 3022 1161 cum
3037 1109 3316 1165 vobiscum
3344 1123 3529 1168 'ro'rmt

1940 1204 2271 1260 susurrans,
2304 1210 2527 1258 PARIQUE
2558 1211 2819 1255 uoatscuu
2844 1214 3159 1259 asseasrous
3179 1203 3533 1274 gaudentibus

1938 1283 2331 1354 colloquamur.
2369 1307 2387 1340 ι
2424 1288 2619 1345 Andin’
2644 1291 3000 1362 Augustinum
3046 1298 3215 1351 totum
3246 1297 3528 1369 scientem,

1943 1388 2009 1428 ac
2038 1390 2135 1445 per
2160 1377 2340 1432 omnia
2361 1377 2677 1438 Innocentio
2708 1383 2761 1437 in
2785 1383 2853 1440 iis
2890 1400 3008 1454 quas
3040 1384 3108 1441 de
3128 1386 3245 1457 lege
3268 1387 3385 1444 sine
3407 1402 3532 1460 gra-

1940 1463 2017 1519 tia
2046 1468 2295 1537 proxime
2319 1468 2605 1527 sufﬁcienti
2638 1488 2760 1531 reos
2806 1474 3034 1532 faciente
3083 1477 3530 1551 disputarat,ple-

1938 1555 2159 1614 nissime
2183 1565 2607 1621 consentientem
2630 1566 2653 1620 7

2010 1648 2327 1711 Innocentio
2356 1661 2620 1716 successit
2645 1660 2909 1729 Zosimus,
2939 1662 3063 1721 dein
3089 1663 3413 1736 Bonifacius,
3437 1667 3532 1739 qui

1935 1756 2181 1802 sanctum
2209 1753 2565 1820 Augustinum
2621 1756 2849 1814 miriﬁce
2896 1758 3201 1829 coluerunt,
3226 1760 3531 1834 quibusque

1934 1835 2178 1907 ejusdem
2202 1841 2446 1901 doctrina
2462 1848 2683 1917 probata
2710 1847 2826 1906 fuit.
2853 1852 3117 1921 Annatus,
3141 1852 3233 1911 lib.
3258 1871 3371 1924 VIII,
3402 1869 3524 1927 cap.

225 1928 418 1975 contra
440 1918 755 1991 Pelagianos
796 1922 864 1978 ab
915 1922 1226 1979 Innocentio
1272 1924 1620 1994 approbatam
1666 1925 1828 1985 fuisse
1856 1928 1907 1989 B
1936 1926 1992 1997 6,
2015 1948 2134 2027 pag.
2168 1934 2294 2002 908,
2328 1937 2443 1995 hmo
2466 1942 2684 1999 scribit:
2712 1962 2732 1997 ‹
2762 1945 2940 2013 Quare
2960 1962 3065 2003 non
3096 1918 3266 2027 possit
3290 1918 3366 2007 ab
3385 1918 3529 2022 ejus-

220 2014 587 2085 contendunt,
612 2015 710 2072 sed
753 2031 858 2087 qua
911 2025 1060 2087 parte
1112 2026 1314 2074 tantum
1352 2021 1597 2076 decertat
1636 2031 1827 2079 contra

229 2107 372 2165 duos
411 2109 612 2180 Pelagii
663 2124 895 2178 errores,
928 2125 1066 2181 quos
1092 2111 1168 2169 ibi
1208 2114 1452 2183 pontifex
1478 2114 1719 2172 damnat.
1746 2117 1826 2174 Do

222 2202 396 2259 verba
422 2204 705 2269 Moraines,
737 2205 875 2275 disp.
911 2204 979 2260 η
1015 2205 1352 2273 Anti-laus,
1377 2220 1527 2261 eum.
1553 2206 1623 2263 49
1650 2225 1664 2262 :
1697 2228 1716 2261 ι
1746 2209 1826 2266 Ex

229 2296 337 2351 hac
375 2304 553 2351 autem
600 2295 987 2366 approbatione
1043 2296 1352 2367 hujusmodi
1410 2298 1709 2356 litterarum
1759 2302 1827 2357 de

223 2404 339 2446 uno
360 2399 449 2445 aut
464 2389 633 2446 altero
648 2395 853 2445 tantum
868 2403 1054 2446 errore
1075 2391 1432 2461 loquentium,
1456 2391 1660 2448 inferre
1688 2394 1826 2450 velle

226 2488 400 2536 totam
429 2479 494 2535 D.
526 2481 811 2551 Augustini
838 2481 1139 2537 doctrinam
1179 2482 1250 2537 de
1290 2481 1465 2553 gratia
1510 2482 1679 2540 fuisse
1703 2498 1827 2556 spe-

226 2574 447 2629 cialiter
467 2573 535 2629 ab
558 2571 870 2629 Innocentio
890 2574 1239 2644 approbatam
1256 2613 1275 2639 ,
1298 2584 1383 2629 est
1404 2575 1673 2632 malitiose
1694 2576 1826 2633 sim~

221 2665 459 2735 plicibus
500 2664 751 2731 illudere,
799 2673 856 2720 et
906 2664 1237 2721 eruditorum
1270 2665 1529 2735 patientia
1569 2668 1826 2726 intolera-

224 2762 411 2819 biliter
439 2762 608 2818 abuti.
646 2784 667 2817 ι
699 2761 855 2830 Quod
893 2776 1020 2817 vero
1059 2771 1281 2817 sanctas
1328 2761 1687 2831 Augustinum,
1718 2779 1827 2834 quo

223 2856 423 2913 melius
452 2856 751 2926 Pelagiana:
781 2855 1000 2911 haeresis
1030 2854 1225 2911 faciem
1258 2854 1571 2912 Innocentio
1599 2857 1712 2913 suis
1732 2872 1824 2912 co-

218 2952 433 3009 loribus
464 2951 662 3022 pictam
702 2950 1029 3017 ostenderet,
1061 2950 1307 3020 ejusdem
1360 2950 1736 3007 haeresiarchas
1762 2952 1825 3007 li-

226 3044 392 3101 brum
416 3044 467 3098 in
500 3042 711 3099 laudem
743 3054 949 3098 natura:
976 3042 1235 3098 emissum
1258 3052 1421 3113 atque
1449 3043 1825 3099 adversarium

229 3136 335 3192 abs
365 3150 425 3192 se
464 3135 533 3191 de
578 3135 777 3191 Natura
824 3144 880 3190 et
927 3136 1099 3205 gratia
1157 3133 1513 3204 compositum
1577 3136 1828 3214 volumen

217 3228 473 3295 miserat,
495 3226 645 3284 addit
687 3227 887 3285 ibidem
941 3244 953 3280 :
997 3244 1017 3279 ι
1077 3225 1429 3296 Respondeas
1485 3226 1837 3306 Innocentiusf

1936 2021 2081 2078 modi
2109 2024 2334 2084 doctore
2366 2030 2646 2089 instructio
2677 2038 2785 2105 peti
2807 2038 2872 2091 ad
2896 2022 3304 2109 concipiendam
3326 2021 3528 2100 erroris

1934 2119 2193 2173 contrarii
2223 2119 2650 2194 damnationem,
2674 2140 2733 2184 ut
2783 2129 3054 2200 Zosimus,
3079 2142 3137 2189 ut
3190 2135 3522 2203 Bonifacius,

1936 2215 1995 2261 ut
2018 2205 2167 2264 Felix
2190 2211 2350 2283 hujus
2371 2217 2604 2275 nominis
2634 2219 2703 2275 ιν
2735 2222 2950 2290 petiisse
3000 2240 3265 2282 DICUNTUR
3313 2226 3382 2283 ab
3410 2229 3525 2285 Au-

1933 2299 2168 2368 guslino.
2201 2321 2221 2355 ι
2260 2302 2388 2361 Haec
2410 2307 2631 2377 quidem
2660 2321 2809 2369 recte
2849 2329 2908 2369 se
2929 2310 3151 2381 habent,
3183 2314 3278 2373 sed
3325 2317 3526 2375 rectius

1936 2388 2073 2447 foret
2105 2392 2158 2448 id
2188 2409 2293 2450 non
2327 2398 2536 2470 vulgari
2560 2401 2699 2458 fama
2728 2415 2993 2462 assertum
3018 2407 3218 2475 dicere,
3240 2409 3335 2466 sed
3361 2426 3524 2468 cons-

1935 2490 2113 2543 tanter
2138 2497 2400 2549 astruere.
2436 2494 2511 2550 Ea
2561 2498 2703 2553 enim
2736 2498 2919 2570 phrasi
2948 2503 3170 2572 utimur,
3198 2518 3321 2560 cum
3350 2503 3419 2562 de
3462 2521 3525 2564 re

1932 2578 2111 2636 minus
2142 2595 2420 2653 comperta
2442 2584 2745 2661 loquimur;
2777 2593 2898 2665 quis
2926 2594 3071 2652 enim
3104 2612 3254 2653 mero
3295 2596 3524 2657 meridie

1932 2676 2243 2742 pronuntiet
2262 2677 2435 2736 solem
2469 2698 2573 2738 ωσι
2596 2684 3019 2753 splendescere?
3046 2688 3304 2747 Novimus
3326 2690 3522 2750 Annali

1933 2778 2061 2833 erga
2099 2768 2451 2838 Augustinum
2507 2774 2769 2844 animum,
2815 2776 2940 2835 hinc
2994 2779 3289 2852 suspicioni
3336 2780 3520 2844 locum

1938 2856 2148 2915 damus.
2182 2859 2429 2920 Zosimus
2466 2882 2571 2923 non
2606 2870 2752 2939 prius
2798 2871 3152 2931 decretoriam
3180 2876 3237 2933 in
3278 2875 3522 2936 C(elestii

1933 2965 1994 3005 ac
2015 2951 2212 3025 Pelagii
2239 2972 2401 3015 causa
2429 2963 2750 3019 sententiam
2786 2965 2941 3034 tulit,
2972 2983 3134 3039 quam
3160 2968 3228 3027 ab
3254 2966 3521 3028 Africanis

1926 3034 2171 3117 synodis,
2204 3068 2463 3122 quorum,
2499 3064 2639 3114 teste
2670 3058 2956 3131 Prospero,
2986 3060 3315 3134 Augustinus
3369 3066 3521 3139 inge-

1932 3140 2074 3195 nium
2094 3153 2231 3210 erat,
2262 3146 2465 3204 litteras
2484 3152 2775 3223 acciperet,
2793 3165 2850 3213 ut
2874 3157 2928 3212 in
2953 3158 3186 3215 Historia
3208 3160 3519 3235 Pelagiana,

1930 3229 2023 3287 lib.
2058 3249 2097 3301 ι,
2131 3249 2250 3306 cap.
2277 3238 2367 3304 13,
2395 3238 2596 3298 dictum
2627 3254 2728 3301 est.
2764 3245 3070 3306 Bonifacius
3113 3252 3275 3308 etiam
3316 3229 3521 3312 Juliani

226 3321 480 3391 sequenti
508 3320 735 3390 epistola
763 3319 831 3375 9;;
853 3362 867 3383 ,
903 3319 1103 3374 nullam
1136 3318 1267 3374 facit
1309 3320 1639 3375 mentionem
1688 3321 1822 3377 alio-
1845 3318 1894 3381 (Ξ
1928 3322 2138 3383 litteras
2176 3328 2241 3384 ad
2294 3335 2651 3403 Augustinum
2707 3337 3064 3401 confutandas
3113 3347 3429 3416 transmisit,
3461 3359 3519 3407 ut

220 3431 350 3472 rum
380 3430 624 3472 errorum
646 3414 867 3486 Pelagii,
896 3429 1074 3483 neque
1094 3412 1217 3471 libri
1246 3414 1316 3472 de
1343 3413 1546 3470 Natura
1567 3423 1626 3471 et
1646 3416 1819 3487 gratia

220 3508 297 3564 Ι).
328 3506 638 3581 Augustini,
668 3507 763 3563 sed
792 3515 1000 3562 tantum
1040 3506 1224 3563 laudat
1250 3506 1643 3578 prmcedeutem
1671 3510 1818 3579 epis-

220 3602 400 3659 tolam
432 3601 500 3658 ab
529 3601 635 3658 illis
658 3600 727 3656 ad
748 3614 811 3656 se
857 3601 1134 3670 scriptam.
1166 3620 1186 3652 ι
1224 3600 1369 3656 Duos
1422 3614 1554 3657 vero
1605 3617 1820 3660 errores

220 3693 434 3750 ibidem
469 3701 673 3749 tantum
692 3691 976 3747 damnatos
1021 3693 1261 3759 esseait,
1296 3706 1492 3763 nempe
1538 3706 1650 3749 non
1703 3694 1820 3751 dari

217 3794 514 3858 peccatum
542 3785 789 3857 originis,
815 3799 989 3855 neque
1021 3784 1116 3840 Dei
1153 3786 1382 3855 gratiam
1412 3800 1535 3843 esse
1564 3801 1813 3844 necesse.

218 3879 368 3935 riam
395 3878 465 3934 ad
487 3885 633 3935 recte
658 3878 850 3949 pieque
871 3876 1176 3933 vivendum.

301 3971 442 4040 Quid
472 3969 692 4027 delibro
719 3967 918 4040 Pelagii
939 3976 1160 4026 sanctus
1191 3968 1534 4026 Innocentius
1562 3964 1820 4027 decernat

215 4066 551 4123 audiamus:
588 4082 609 4116 ι
637 4062 859 4119 Librum
888 4076 1051 4129 sane,
1083 4060 1274 4131 inquit,
1296 4060 1388 4130 qui
1418 4061 1536 4132 ejus
1575 4076 1696 4118 esse
1736 4062 1818 4119 di-

215 4166 468 4226 ceretur,
492 4156 699 4213 nobisa
741 4162 918 4211 vestra
967 4153 1230 4209 cltaritate
1272 4152 1644 4210 transmissum
1672 4156 1818 4211 evol-

213 4253 424 4318 Irimus,
450 4250 625 4321 inquo
651 4263 834 4305 IULTA
849 4245 1183 4317 blasphemia
1207 4243 1341 4300 nihil
1370 4244 1511 4315 quod
1540 4246 1813 4317 placeret,

218 4360 375 4401 mnu.
400 4342 545 4415 quod
571 4355 680 4398 non
701 4339 914 4412 penitus
940 4336 1268 4408 displiceret,
1300 4338 1535 4402 aquovis
1557 4338 1816 4396 damnan-

214 4437 361 4493 dum
390 4443 548 4508 atque
569 4433 912 4500 calcandum,
937 4433 1024 4488 cui
1051 4431 1243 4488 similia
1267 4430 1373 4487 nisi
1401 4433 1491 4502 qui
1522 4433 1622 4489 ista
1646 4436 1814 4505 scrip-

224 4540 405 4599 serat,
434 4544 597 4587 nemo
624 4528 761 4585 alter
790 4527 843 4583 in
872 4534 1104 4583 mentem
1133 4526 1397 4595 reciperet
1441 4535 1604 4597 atque
1651 4530 1816 4586 senti-

219 4634 337 4682 ret.
379 4643 398 4676 ι
433 4624 581 4679 Itane
607 4621 737 4677 nihil
763 4618 1034 4691 Pelagiani
1089 4618 1209 4674 libri
1235 4618 1545 4676 Innocentio
1576 4620 1809 4692 placere,

218 4717 361 4774 nihil
383 4717 432 4772 in
465 4731 531 4772 eo
560 4712 726 4771 scribi
763 4712 907 4784 quod
938 4727 1043 4768 non
1066 4710 1371 4782 displiceat,
1402 4720 1485 4767 est
1513 4712 1666 4768 unius
1698 4725 1813 4770 tan-

218 4822 341 4868 tum
374 4817 467 4865 aut
500 4808 727 4865 alterius
763 4805 967 4863 erroris
994 4803 1365 4869 condemnari,
1392 4818 1460 4859 an
1501 4805 1674 4874 potius
1705 4807 1813 4876 ple-

216 4917 354 4959 num
380 4900 656 4957 erroribus
692 4897 960 4970 iudicari?
1016 4894 1184 4952 Unam
1241 4895 1455 4950 interim
1503 4896 1813 4966 particulam

212 4993 605 5066 disiunctivam
641 4991 902 5062 corrigas,
937 4989 1234 5056 Morainie;
1263 4987 1450 5045 dixisti
1478 4990 1621 5045 enim
1663 4991 1818 5049 inno-

212 5086 388 5146 centii
413 5087 621 5143 litteras
647 5086 712 5141 ds
735 5099 841 5139 uno
870 5091 959 5137 aut
986 5082 1149 5137 altera
1177 5097 1347 5137 errore
1373 5080 1553 5151 loqui;
1585 5098 1814 5155 reponas

209 5164 709 5255 coniunctionem;
729 5178 797 5234 de
849 5192 955 5233 uno
1013 5192 1079 5233 er
1109 5175 1281 5233 altero
1334 5176 1482 5233 illam
1529 5179 1807 5249 periodum

213 5280 479 5345 reddens,
510 5292 580 5334 ne
608 5256 730 5348 quis
750 5289 879 5348 erga
910 5284 965 5331 te
1000 5275 1407 5332 malevolentior
1453 5273 1729 5332 dubitasse
1757 5285 1809 5333 te

207 5377 384 5441 dicat,
415 5374 595 5429 duone
620 5384 696 5425 an
724 5386 867 5426 unus
919 5376 1125 5426 tantum
1178 5370 1382 5442 Pelagii
1424 5385 1577 5428 error
1611 5370 1713 5427 illis
1752 5373 1807 5428 in

209 5466 411 5523 litteris
444 5463 833 5535 proscribatur.
861 5461 967 5519 Sed
987 5462 1056 5517 ad
1109 5462 1471 5534 Augustinum
1513 5478 1693 5519 meum
1723 5477 1808 5521 re-

144 5588 155 5594 -
206 5564 335 5619 deo.
374 5559 474 5617 llic
493 5558 695 5631 Pelagii
725 5558 921 5614 librum
944 5556 1011 5613 ad
1037 5556 1408 5614 Innocentium
1440 5559 1657 5615 mittens
1682 5572 1807 5616 cum

205 5655 459 5725 ejusdem
482 5652 852 5710 couintatione
878 5651 1156 5708 asteriscis
1187 5652 1304 5708 loca
1318 5651 1515 5723 Pelagii
1545 5653 1803 5724 signarat,

206 5750 304 5805 ubi
330 5750 420 5805 hic
448 5762 557 5803 non
601 5754 749 5803 recte
802 5746 871 5803 de
914 5745 1095 5802 divina
1146 5746 1318 5818 gratia
1369 5747 1656 5817 sentiebat,
1684 5765 1805 5821 qua:

208 5843 559 5914 displicuisse
590 5841 922 5913 Innocentio,
950 5843 1035 5900 cui
1061 5857 1208 5900 uiuit.
1230 5842 1371 5898 illius
1398 5842 1564 5900 libelli
1582 5844 1797 5916 placuit,

216 5935 579 6010 quisjdnhitet
598 5936 622 5991 ἲ
640 5935 870 5993 Librum
890 5950 1020 5994 vero
1049 5936 1331 6023 Augustini
1360 5936 1711 6010 approbatum
1734 5955 1799 5999 ac

1928 3416 2129 3516 ibidem
2155 3426 2354 3491 pariter
2375 3432 2743 3501 narravimus,
2772 3449 2891 3506 cap.
2927 3437 3016 3494 21.
3050 3434 3127 3495 De
3155 3439 3336 3499 Felice
3376 3458 3518 3516 papa

1926 3509 2158 3569 diximus
2186 3514 2280 3572 lib.
2334 3535 2394 3585 ιι,
2437 3536 2554 3592 cap.
2587 3520 2677 3579 25.
2727 3528 2881 3598 Quae,
2910 3546 2979 3587 ne
3029 3543 3207 3589 actum
3270 3509 3517 3607 agamus,

1925 3603 2121 3661 iterum
2152 3623 2261 3664 non
2316 3613 2631 3683 repetimus.
2663 3617 2846 3692 Itaque
2874 3634 2927 3680 et
2981 3639 3171 3697 reapse
3232 3628 3517 3699 pontifices

1925 3694 2004 3752 illi
2056 3710 2241 3756 contra
2286 3697 2603 3777 Pelagianos
2648 3694 3175 3777 instructionem—ab
3217 3694 3517 3794 Augustino

1924 3792 2150 3864 petiere,
2181 3794 2343 3888 idque
2372 3816 2439 3855 ex
2499 3804 2665 3874 ipsius
2719 3809 3004 3882 Augustini
3061 3792 3327 3886 Iibris,et
3370 3817 3515 3888 ejus-

1924 3882 2044 3940 dem
2075 3888 2259 3945 szeculi
2296 3887 2565 3965 Palribus,
2597 3908 2652 3954 et
2700 3915 2810 3958 non
2842 3903 2989 3977 vulgi
3034 3882 3244 3965 tantum
3298 3882 3515 3968 rumore

1923 3978 2267 4038 manifestum
2295 3995 2397 4042 est.

1992 4070 2270 4134 Bonifacio
2292 4081 2610 4155 subrogatus
2638 4088 2964 4150 leestinus
2994 4112 3118 4153 .non
3150 4100 3313 4158 modo
3339 4103 3514 4164 sancti

1920 4169 2207 4242 Augustini
2234 4174 2531 4236 doctrinam
2584 4184 2839 4256 laudavit,
2882 4189 2979 4245 sed
3015 4187 3257 4261 ejusdem
3288 4195 3513 4269 ‘ealum-u

1924 4262 2164 4321 uiatores
2190 4264 2332 4326 datis
2365 4272 2435 4328 ad
2475 4276 2758 4348 episcopos
2799 4280 2987 4338 Gallia:
3016 4284 3210 4343 litteris
3260 4264 3511 4359 perculit.

1921 4355 2165 4428 Elogium
2191 4376 2321 4420 vero
2342 4406 2356 4433 ,
2398 4362 2563 4424 veluti
2592 4368 2751 4441 paulo
2787 4385 2914 4432 ante
2961 4376 3031 4434 de
3059 4355 3275 4437 mortuo
3298 4383 3513 4454 Augus-

1920 4452 2034 4505 tino
2084 4456 2481 4525 sepulchralem
2536 4464 2964 4537 inscriptionem,
3000 4471 3167 4530 hocce
3211 4452 3511 4549 apposuit:

1920 4543 2264 4617 Augustinum
2290 4563 2485 4609 sancta:
2520 4559 2893 4617 recordationis
2936 4564 3103 4619 virum
3148 4583 3243 4637 pro
3273 4569 3374 4623 vita
3417 4586 3512 4628 sua

1918 4642 2068 4705 atque
2095 4640 2288 4696 meritis
2318 4643 2371 4696 in
2399 4654 2573 4700 nostra
2614 4654 2970 4709 communione
2993 4672 3190 4729 semper
3214 4658 3510 4731 habuimus,

1841 4723 1894 4782 D
1921 4745 2010 4784 nec
2037 4749 2260 4802 unquam
2307 4735 2451 4793 hunc
2477 4741 2701 4798 sinislra:
2734 4749 3047 4819 suspicionis
3104 4754 3285 4809 saltem
3333 4770 3511 4813 rumor

1919 4826 2161 4892 aspersit,
2186 4844 2332 4898 quem
2365 4846 2550 4888 nunc
2572 4850 2834 4895 scutum:
2850 4842 2972 4895 olim
2987 4843 3145 4911 fuisse
3165 4847 3509 4919 meminimus,

1919 4926 1974 4969 ut
2003 4918 2133 4973 inter
2152 4923 2427 4993 magistros
2456 4927 2694 4997 optimos,
2726 4932 2875 4987 etiam
2900 4950 2932 4987 a
2952 4937 3077 4991 meis
3104 4954 3301 5011 semper
3336 4939 3510 4997 deces-

1917 5010 2115 5064 soribus
2144 5011 2434 5072 haberetur.
2468 5017 2612 5076 BENE
2629 5038 2750 5097 ergo
2778 5041 2841 5081 ne
2873 5042 2940 5081 so
2970 5043 3141 5086 omnes
3161 5010 3219 5086 in,
3245 5048 3509 5092 commune

1916 5116 2239 5175 SENSERUNT,
2266 5117 2436 5180 utpote
2565 5128 2754 5178 UBIQUE
2775 5132 2997 5176 CUNCTIS
3026 5137 3093 5177 ET
3120 5139 3284 5180 AMORI
3312 5141 3509 5186 FUIRI'I'

1917 5211 1983 5248 ετ
2002 5211 2199 5253 nouom
2223 5214 2240 5265 ;
2274 5198 2410 5257 unde
2438 5198 2774 5264 RESISTEN
2785 5208 2925 5267 DUM
2950 5227 3191 5284 raucus,
3218 5233 3346 5287 quos
3371 5221 3508 5278 male

1916 5304 2143 5348 crescere
2178 5292 2426 5353 videmus.
2461 5297 2652 5356 Tradit
2704 5299 3046 5373 leestinus,
3079 5307 3187 5364 imo
3230 5308 3383 5381 jubet
3410 5328 3502 5370 re-

1916 5386 2212 5444 sistendum
2244 5390 2646 5463 Augustinianaa
2681 5394 2837 5453 fama:
2862 5400 3313 5460 decurtatoribus.
3338 5404 3505 5464 Sanc-

1918 5489 1999 5537 tus
2022 5481 2252 5554 Prosper
2278 5500 2398 5542 cum
2426 5485 2679 5545 eximiam
2707 5492 2846 5549 hanc
2867 5494 2935 5550 de
2956 5498 3256 5568 Augustino
3285 5498 3498 5556 laudem

1914 5588 1981 5628 ex
2003 5570 2293 5634 Caelestino
2318 5578 2599 5638 recitasset
2623 5582 2677 5639 in
2720 5581 2978 5643 finelibri
3017 5601 3204 5647 contra
3262 5591 3503 5650 Collato-

1916 5680 2029 5721 rem
2062 5666 2381 5725 exclamavit
2411 5688 2425 5727 :
2464 5690 2483 5724 ι
2515 5670 2718 5731 Contra
2757 5676 2912 5733 istam
2962 5680 3275 5739 clarissimae
3308 5684 3497 5741 lauda-

1913 5758 2075 5815 tionis
2106 5758 2534 5834 tubam,contra
2593 5769 2749 5824 istam
2801 5772 3154 5831 sacratissimi
3203 5774 3494 5833 testimonii

1909 5849 2223 5923 dignitatern
2239 5856 2681 5932 audetquiSpiam
2713 5879 2955 5923 nauem
2982 5883 3500 5930 INTERPBE'I’ATIONIS

1908 5960 2149 6006 murmur
2215 5951 2458 6011 etnittere
2484 5995 2501 6024 ,
2552 5965 2607 6013 et
2650 5940 2949 6039 perspicuae
3008 5959 3496 6046 sincerissituthue
