3962 6346
486 414 582 473 HI

1407 407 1964 470 SUPPLEMENTUM
2007 406 2098 463 AD
2137 403 2372 463 OPEBA
2413 405 2471 463 S.
2516 399 2904 460 AUGUSTINI.

3655 397 3750 454 792

489 536 770 591 sententia!
801 534 995 591 nubem
1022 533 1250 604 obliquae
1272 531 1633 602 ambiguitatis
1671 530 2008 587 obtendere?
2046 546 2064 580 ι
2100 529 2154 588 Λ
2249 522 2421 604 I_s'rtns
2445 527 2578 580 inter
2597 534 2832 604 cunctos,
2865 522 2954 594 qui
2976 521 3039 575 de
3067 536 3216 591 grege
3244 528 3418 576 sancte

489 632 564 688 Ita
613 633 788 702 plane,
837 646 869 684 o
919 629 1173 698 Prosper,
1222 636 1484 683 conantur
1529 624 1832 696 audentque
1884 638 2072 680 recen-

490 725 694 779 tiores?
718 724 828 777 Imo
860 723 932 778 uti
962 722 1101 776 inter
1130 729 1323 776 caetera
1373 721 1441 775 ab
1481 719 1772 788 apostolica
1806 717 1935 773 sede
1964 717 2074 772 Au-

488 819 699 890 gustino
729 817 851 872 data
886 815 1152 887 praeconia
1178 814 1308 870 illud
1357 816 1479 885 jure
1509 814 1703 869 merito
1733 813 1905 882 primo
1953 812 2073 868 loco

485 911 783 981 reponitur,
818 910 889 964 ita
932 911 1060 964 totis
1120 908 1320 980 ingenii
1368 908 1574 963 viribus
1629 907 1911 972 desudant,
1967 920 2073 976 quo

485 1014 756 1061 tantarum
787 1004 1002 1059 laudum
1024 1001 1299 1073 splendori
1339 1001 1522 1055 nubem
1549 1000 1765 1069 obliquat
1819 999 2075 1070 ambigui-

485 1103 603 1155 tntis
639 1100 936 1166 obtendant,
978 1113 1046 1154 ne
1069 1105 1274 1153 tantum
1305 1095 1428 1151 inde
1458 1094 1592 1151 lucis
1638 1092 1692 1148 in
1719 1093 2070 1163 Augustinum

483 1197 708 1252 derivet.

438 1297 478 1329 "'
556 1314 822 1377 Annatus,
862 1310 955 1365 lib.
988 1326 1006 1362 I
1052 1309 1131 1364 sui
1181 1305 1484 1377 Augustini,
1507 1318 1625 1374 cap.
1661 1307 1713 1372 8,
1738 1302 1920 1359 audito
1954 1302 2075 1358 Coe-

483 1408 662 1463 lestini
689 1407 884 1477 elogio,
914 1405 988 1459 ait
1023 1420 1038 1459 :
1074 1422 1092 1454 ‹
1128 1401 1242 1458 Non
1285 1400 1414 1456 dicit
1441 1414 1563 1454 esse
1593 1397 1806 1454 Patrem
1831 1397 2072 1464 Patrum,

485 1500 764 1555 doctorem
796 1499 1094 1562 doctorum,
1125 1494 1357 1564 primum
1389 1492 1637 1563 angelum
1661 1491 1803 1546 inter
1847 1500 2075 1545 caeteros

484 1595 789 1663 episcopos,
824 1592 963 1645 inter
984 1601 1172 1643 omnes
1194 1585 1734 1650 excellentissimum,
1768 1597 1895 1638 vere
1935 1583 2074 1638 irre-

481 1687 795 1757 fragabilem
826 1694 880 1740 ct
924 1680 1270 1738 ineﬁ‘abilitcr
1318 1667 1642 1734 mirabilem.
1670 1676 1921 1732 Habitum
1953 1689 2075 1731 esse

481 1779 614 1833 dicit
655 1793 684 1831 a
741 1777 853 1831 suis
911 1772 1397 1844 praedecessoribus
1451 1769 1783 1833 Innocentio,
1833 1767 2071 1835 Zosimo,

478 1869 758 1926 Bonit'acio
787 1869 924 1923 inter
955 1867 1240 1938 magistros
1275 1866 1542 1934 optimos;
1595 1872 1752 1932 atque
1801 1862 1873 1916 ita
1922 1870 2075 1931 puta-

478 1964 677 2019 bantur
705 1962 920 2033 quidem
947 1961 1037 2015 alii
1071 1961 1243 2016 sancti
1273 1959 1457 2014 Patres
1501 1971 1620 2013 esse
1641 1970 1855 2026 quoque
1885 1955 2073 2026 optimi

486 2057 756 2126 magistri,
791 2055 1030 2126 aquibus
1068 2054 1114 2110 si
1154 2053 1501 2109 dissensisset
1552 2048 1902 2120 Augustinus,
1945 2049 2071 2114 quid

484 2161 738 2223 putamus
761 2150 1114 2206 Caelestinum
1157 2146 1322 2202 fuisse
1373 2146 1529 2202 nobis
1576 2153 1988 2214 praecepturum,
2014 2151 2074 2197 ut

485 2247 719 2315 optimos
748 2244 950 2313 optimo
975 2251 1438 2312 postponeremus,
1467 2248 1520 2295 et
1560 2239 1755 2293 multos
1785 2239 1898 2305 uni,
1935 2251 2072 2307 quo—

485 2353 612 2394 nam
639 2338 692 2393 id
718 2337 840 2407 jure
861 2336 942 2390 vel
972 2350 1075 2406 qua
1101 2335 1351 2390 ratione?
1383 2353 1400 2385 ι
1433 2333 1570 2387 Cum
1600 2345 1732 2388 vero
1751 2329 2072 2386 Coelestinus

484 2439 695 2502 postea,
721 2438 778 2484 ut
800 2437 1009 2499 putant,
1039 2443 1158 2498 cap.
1186 2427 1239 2493 5,
1265 2425 1755 2494 Semi-Pelagianos
1783 2422 2076 2493 reprehen-

487 2527 579 2580 dat
629 2525 875 2596 piissimis
931 2522 1341 2595 disputatoribus
1402 2522 1603 2576 obviare
1664 2525 2072 2590 praesumentes,

483 2619 631 2676 addit
667 2621 908 2675 Armatus
943 2634 956 2670 :
997 2635 1014 2668 t
1047 2617 1155 2671 llos
1185 2630 1313 2687 ergo
1340 2613 1810 2670 dicitCoelestinus
1829 2611 2076 2667 obviasse

483 2729 591 2767 non
622 2711 922 2782 Augustino
951 2709 1078 2774 soli,
1103 2709 1198 2765 sed
1250 2707 1505 2778 piissimis
1558 2704 1974 2776 disputatoribus
2021 2711 2078 2759 et

481 2807 772 2878 mgistris,
803 2805 997 2874 quibus
1028 2803 1206 2858 verbis
1248 2816 1353 2855 non
1385 2807 1469 2856 est
1493 2799 1713 2856 dubium
1772 2799 1899 2869 quin
1927 2811 2078 2852 com-

480 2898 921 2964 prehenderetur
949 2896 1112 2952 etiam
1147 2895 1530 2965 Hieronymus.
1569 2911 1589 2945 ι
1627 2890 1754 2948 Haec
1800 2891 1880 2946 illi
1931 2891 2074 2946 omni

483 3001 598 3048 arte
611 2991 919 3046 adnitentes
938 2986 1296 3056 Augustinum
1316 2988 1370 3041 in
1385 2986 1628 3042 ordinem
1653 2985 1765 3040 fere
1791 2985 2074 3055 redegere,

484 3093 544 3139 ut
573 3085 625 3138 irt
651 3083 939 3151 Pelagiano
979 3081 1120 3135 bello
1151 3095 1257 3134 non
1292 3093 1578 3147 supremus
1601 3077 1816 3148 quidem
1855 3079 2078 3146 impera-

484 3188 590 3241 tor,
623 3176 718 3233 sed
741 3184 994 3245 tanquam
1026 3191 1056 3230 e
1081 3173 1454 3244 praefectorum
1485 3184 1709 3226 numero
1732 3170 1924 3240 aequali
1953 3183 2074 3224 cum

487 3271 672 3327 multis
713 3269 1031 3324 auctoritate
1063 3266 1348 3321 habeatur.
1382 3265 1506 3320 Haec
1530 3270 1708 3318 autem
1737 3277 1802 3318 eo
1848 3260 2077 3317 consilio

485 3362 786 3417 moliuntur
804 3369 862 3415 ut
889 3361 1142 3430 quoniam
1174 3356 1464 3428 Augustini
1507 3355 1724 3411 nomine
1752 3368 1812 3410 se
1859 3353 2073 3426 gravari

489 3471 613 3512 sero
639 3455 751 3526 jam
776 3454 992 3510 tandem
1037 3453 1295 3517 sentiunt,
1327 3452 1552 3507 aliorum
1594 3451 1813 3505 Patrum
1865 3449 1954 3518 qui
2009 3447 2078 3503 de

486 3549 660 3619 gratia
689 3546 819 3618 quid
850 3545 1118 3602 sentirent
1163 3544 1376 3598 breviter
1415 3541 1741 3613 quibusdam,
1770 3548 1827 3594 ut
1855 3554 1976 3610 cap.
2012 3538 2078 3592 M

487 3643 558 3698 de
579 3641 1066 3698 Praedestinatione
1096 3646 1408 3693 sanctorum
1431 3636 1507 3690 ait
1536 3635 1889 3706 Augustinus,
1915 3632 2079 3705 scrip-

488 3746 657 3791 torum
685 3751 898 3790 suorum
921 3735 1046 3789 locis
1068 3741 1115 3788 et
1147 3740 1469 3786 transeunter
1497 3731 1798 3799 attigerunt,
1823 3726 2078 3797 suﬂ‘ragia

485 3835 689 3903 jactare
708 3829 922 3900 possint
951 3827 1189 3884 :etenim
1221 3841 1343 3882 cum
1373 3825 1452 3881 illi
1478 3840 1587 3880 non
1635 3833 1744 3879 tam
1796 3829 1982 3893 aperte
2023 3831 2079 3878 et

491 3924 783 3994 perspicue
827 3921 897 3978 de
945 3920 1145 3976 divinae
1215 3917 1706 3990 praedestinationis
1775 3930 1838 3971 ac
1892 3915 2078 3985 gratia:

488 4014 765 4087 mysteriis
788 4012 1166 4079 disseruerint,
1194 4010 1438 4081 quaedam
1465 4024 1652 4066 eorum
1675 4007 1839 4073 dicta,
1865 4005 2080 4076 quando

491 4106 731 4162 nondum
770 4104 1097 4175 Pelagianis,
1123 4111 1184 4158 ut
1204 4103 1347 4159 idem
1383 4102 1481 4158 lib.
1509 4117 1528 4156 ι
1559 4109 1751 4157 contra
1799 4099 1932 4165 Jul.,
1957 4113 2077 4168 cap.

488 4201 545 4269 6,
575 4202 785 4267 scribit,
809 4200 1127 4272 litigantibus
1157 4197 1385 4253 securius
1407 4196 1766 4268 loquebantur,
1789 4194 1955 4248 veluti
1977 4190 2081 4246 sibi

490 4293 726 4347 faventia
756 4293 1088 4348 recentiores
1140 4291 1428 4362 arripiunt,
1480 4288 1718 4344 dimissis
1774 4286 1948 4342 sancti
1976 4286 2082 4339 Au-

493 4387 696 4456 gustini
729 4383 1015 4440 sententiis
1067 4383 1411 4448 clarissimis,
1452 4380 1825 4451 apertissimis,
1859 4379 2079 4435 eviden-

493 4481 886 4543 tissimis,eam
909 4479 1118 4533 caeteris
1168 4476 1417 4532 Patribus
1465 4474 1749 4545 postpositi
1799 4472 2081 4544 Augustini

493 4588 733 4637 causam,
766 4573 1136 4641 rationemque
1177 4569 1467 4626 reddentes
1510 4582 1632 4623 cum
1683 4567 1892 4622 Adamo
1936 4575 2080 4635 part.

492 4683 550 4722 ιιι
593 4666 742 4722 Calv.
771 4666 966 4729 destr.,
997 4679 1047 4718 c.
1084 4661 1172 4729 16,
1197 4678 1316 4734 pag.
1361 4660 1468 4716 760
1501 4677 1516 4717 :
1551 4680 1571 4712 ι
1609 4661 1703 4716 Hae
1743 4658 2080 4732 (Augustini)

494 4763 732 4817 tenebrae
761 4775 846 4814 me
874 4767 1070 4829 cogunt
1091 4759 1156 4812 ad
1181 4757 1352 4813 lucem
1371 4756 1499 4812 alibi
1528 4755 1896 4827 quaerendam,
1926 4769 2085 4824 quam

495 4859 548 4911 in
579 4856 796 4927 synodis
819 4864 873 4910 et
901 4856 1128 4910 aliorum
1153 4855 1433 4909 doctorum
1453 4853 1600 4908 libris
1625 4850 1865 4907 invenio.
1909 4869 1927 4902 ›
1956 4850 2088 4906 Mira

497 4951 707 5005 docent.
741 4950 986 5004 Profecto
1044 4963 1152 5003 non
1199 4949 1375 5003 dicam
1413 4947 1664 5013 obscure,
1712 4945 1808 5002 sed
1840 4961 1946 4999 non
1981 4954 2086 4998 tam

495 5045 640 5099 clare
671 5043 832 5099 locuti
853 5041 1064 5098 dicendi
1093 5051 1218 5097 sunt
1260 5041 1348 5095 alii
1398 5041 1606 5107 Patres,
1657 5039 1747 5109 qui
1799 5038 1866 5093 de
1915 5036 2087 5108 gratia

501 5139 711 5192 breviter
742 5147 787 5192 et
801 5144 1120 5191 transeunter
1141 5139 1385 5204 quaedam
1408 5131 1749 5188 solummodo
1770 5132 2083 5202 attigerunt,

497 5248 602 5285 non
633 5246 761 5286 vero
792 5229 1141 5301 Augustinus,
1174 5227 1266 5298 qui
1305 5223 1674 5294 copiosissime
1704 5237 1768 5277 ac
1809 5220 2083 5276 fusissime

500 5329 550 5380 in
580 5325 791 5394 triginta
814 5333 868 5379 et
898 5323 1130 5392 amplius
1159 5320 1312 5376 libris
1341 5319 1409 5375 de
1443 5317 1633 5373 eadem
1673 5314 1845 5386 gratia
1899 5314 2084 5383 dispu-

499 5417 654 5481 tavit,
686 5432 751 5470 ex
779 5416 1040 5471 brevitate
1097 5415 1239 5470 enim
1296 5413 1617 5479 obscuritas,
1651 5425 1718 5465 ex
1747 5409 1899 5478 copia
1957 5421 2087 5463 vero

501 5511 770 5564 sermonis
800 5510 1015 5564 claritas
1056 5509 1282 5564 derivat.
1309 5508 1414 5565 Sed
1466 5506 1824 5578 Augustinum
1872 5507 2088 5561 caeteris

501 5599 923 5670 praeponendum
969 5615 1111 5668 esse,
1140 5601 1230 5656 ubi
1288 5599 1356 5655 de
1405 5600 1599 5655 divinze
1649 5598 1832 5668 gratia:
1874 5598 2089 5655 auxiliis

503 5695 698 5765 agitur,
717 5701 969 5764 tanquam
998 5707 1308 5762 supremum
1334 5694 1581 5749 catholici
1604 5694 1876 5750 exercitus
1897 5693 2092 5750 ducem

502 5790 814 5846 vetustioris
839 5789 1095 5845 Ecclesia:
1136 5790 1323 5845 Patres
1359 5789 1649 5847 tradidere.
1683 5788 1845 5845 Canit
1869 5797 2091 5846 sanctus

505 5883 737 5955 Prosper
762 5891 949 5940 contra
975 5881 1236 5952 Ingratos,
1265 5895 1384 5951 cap.
1413 5880 1445 5934 '5
1478 5899 1490 5934 :

2249 601 2474 655 Insanus
2503 598 2743 668 pepulere
2765 599 2922 667 feras,
2956 608 3237 649 INDUSTBIA
3265 609 3452 668 uiuos.

2247 674 2425 729 MAJUS
2455 663 2608 736 oens,
2635 663 2794 724 toturn
2818 680 3200 722 PRESTANTIUS
3220 666 3398 719 imbuit
3427 663 3634 719 Orbem.

2174 776 2404 832 Sanctus
2433 768 2766 842 Fulgentius,
2798 772 3084 838 episcopus
3121 767 3413 836 Rnspensis
3433 806 3450 833 ,
3495 767 3594 822 lib.
3625 781 3659 822 Il
3691 765 3751 821 de

2180 869 2416 926 Veritate
2468 863 2957 936 prazdestinationis
2993 871 3047 918 et
3071 861 3278 933 gratiae,
3329 875 3450 930 cap.
3501 861 3592 926 Π,
3637 861 3750 915 ait:

2183 982 2202 1016 ε
2241 964 2365 1018 Haec
2387 961 2571 1031 itaque
2599 957 2990 1015 catholicorum
3023 955 3242 1010 Patrum
3271 953 3583 1026 apostolicis
3611 954 3754 1008 insti-

2176 1052 2473 1110 tutionibus
2496 1050 2692 1106 tradita
2723 1056 3006 1120 permanet
3035 1048 3090 1104 in
3123 1046 3368 1103 Ecclesia
3403 1046 3524 1102 sine
3553 1044 3756 1101 dubita-

2180 1151 2329 1207 tione
2369 1149 2647 1216 doctrina,
2701 1161 2860 1217 quam
2913 1143 3091 1202 Graeci
3150 1143 3436 1215 Latinique
3490 1143 3760 1213 pontiﬁces

2177 1245 2351 1301 sancti
2382 1242 2616 1314 Spiritus
2644 1241 2914 1296 infusione
2947 1239 3168 1306 ﬁrmati,
3209 1253 3315 1294 uno
3343 1247 3505 1308 atque
3534 1237 3757 1292 indisso-

2178 1339 2332 1395 lubili
2359 1353 2577 1408 semper
2604 1347 2826 1392 tenuere
2855 1349 3147 1391 consensu.
3192 1335 3248 1388 ln
3284 1348 3389 1405 qua
3431 1334 3620 1388 beatus
3661 1337 3759 1388 Au-

2179 1435 2447 1505 gustinus,
2499 1432 2719 1487 indutus
2765 1431 2965 1487 virtute
2991 1445 3057 1486 ex
3101 1429 3232 1495 alto,
3270 1428 3634 1483 abundantius
3667 1426 3759 1480 illis

2180 1526 2427 1582 omnibus
2459 1525 2723 1581 laboravit
2752 1542 2764 1578 ε
2800 1538 2906 1579 non
2950 1531 3131 1578 autem
3163 1521 3310 1590 ipse,
3341 1519 3437 1575 sed
3471 1519 3642 1590 gratia
3676 1518 3761 1572 Dei

2177 1635 2298 1675 cum
2343 1619 2456 1675 illo.
2499 1618 2670 1689 Ipsius
2711 1616 2858 1673 enim
2906 1614 3206 1670 ministerio
3250 1611 3510 1668 Dominus
3557 1609 3764 1665 uberico

2178 1727 2295 1770 rem
2347 1713 2508 1784 hujus
2562 1713 2638 1766 rei
2690 1710 2941 1766 ﬁdelibus
2998 1710 3110 1763 suis
3159 1705 3571 1764 instructionem
3633 1718 3761 1774 pnes

2179 1808 2315 1877 buit,
2357 1826 2377 1859 ›
2412 1816 2517 1862 etc.
2567 1804 2828 1861 Audiatur
2871 1804 3065 1859 iterum
3098 1802 3342 1873 proxime
3369 1800 3616 1854 laudatus
3653 1812 3762 1852 ma-

2105 1922 2154 1984 B
2179 1916 2318 1974 gnus
2349 1902 2440 1958 ille
2465 1901 2732 1971 Prosper:
2767 1899 2822 1954 in
2851 1896 3167 1967 praefatione
3212 1903 3395 1951 contra
3443 1890 3764 1946 Collatorem

2180 1995 2256 2050 ait
2285 2013 2298 2049 :
2331 2014 2352 2048 r
2387 1994 2586 2065 Viginti
2627 1993 2858 2063 amplius
2888 1991 3048 2046 annis
3083 1995 3272 2045 contra
3306 1986 3557 2042 inimicos
3588 1986 3762 2055 gratia:

2178 2090 2275 2146 Dei
2317 2086 2581 2144 catholica
2612 2087 2756 2143 acies
2800 2098 2965 2142 nurus
2995 2099 3105 2139 vrnt
3135 2083 3298 2137 ductu
3327 2090 3530 2152 pugnat
3564 2089 3620 2134 et
3653 2079 3762 2134 vin-

2177 2186 2271 2240 cit.
2311 2201 2331 2236 ι
2369 2182 2530 2239 Forte
2557 2182 2802 2236 Annatus
2851 2177 3202 2250 respondebit
3241 2189 3364 2230 cum
3408 2187 3509 2228 suo
3538 2172 3767 2241 Vasque—

2177 2278 2261 2332 zio
2308 2285 2445 2348 part.
2494 2275 2546 2342 l,
2593 2273 2736 2342 disp.
2767 2272 2858 2338 97,
2910 2285 3029 2341 cap.
3081 2269 3136 2336 5,
3187 2283 3336 2323 num.
3368 2265 3483 2321 20:
3525 2284 3543 2318 ί
3584 2264 3767 2318 Fateor

2177 2383 2310 2425 sane
2348 2375 2600 2439 suspecta
2631 2364 2764 2421 mihi
2793 2378 2914 2420 esse
2934 2361 3245 2419 testimonia
3288 2359 3541 2429 Prosperi
3573 2371 3630 2413 et
3657 2357 3770 2411 Ful-

2177 2465 2364 2535 gentii,
2408 2461 2553 2534 quod
2597 2459 3001 2530 diligentissimi
3040 2465 3098 2513 et
3131 2455 3460 2513 exactissimi
3494 2453 3770 2523 Augustini

2180 2560 2429 2629 discipuli
2483 2558 2610 2613 sint.
2646 2576 2664 2609 ι
2702 2555 2894 2611 Audiat
2938 2555 3100 2624 igitur
3147 2553 3320 2623 ipsius
3371 2550 3605 2621 Vasquii
3654 2565 3774 2604 con-

2179 2652 2493 2722 fessionem,
2539 2651 2757 2720 quando
2787 2649 3067 2718 utriusque
3098 2647 3451 2727 illius'Patris
3489 2645 3774 2700 testimonia

2179 2757 2413 2818 suspecta
2454 2753 2601 2801 sunt.
2639 2743 2839 2800 Scribit
2886 2743 2976 2800 hic
3023 2743 3076 2796 in
3118 2750 3256 2813 part.
3292 2757 3329 2810 ι,
3372 2741 3520 2811 disp.
3554 2741 3651 2809 90,
3700 2755 3778 2795 ca-

2180 2839 2290 2908 pite
2317 2837 2374 2903 6,
2429 2851 2656 2892 numero
2687 2836 2755 2892 37
2789 2853 2804 2889 :
2842 2853 2861 2888 ‹
2897 2834 3154 2905 Quamvis
3199 2833 3375 2890 nullus
3405 2842 3557 2890 esset
3588 2848 3658 2890 ex
3689 2833 3782 2888 Pa-

2180 2931 2354 2987 tribus
2407 2931 2869 2997 commemoratis,
2913 2945 3074 3000 quem
3116 2945 3213 3000 pro
3260 2929 3362 2985 hac
3401 2931 3681 2984 sententia
3721 2930 3782 2987 de

2181 3025 2367 3097 gratiae
2414 3024 2735 3080 necessitate
2771 3025 2837 3079 ad
2886 3021 3095 3092 singula
3148 3037 3310 3093 opera
3362 3022 3507 3078 bona
3559 3023 3780 3078 moralia
3830 3037 3834 3041 ·

2180 3116 2492 3172 scholastici
2535 3117 2786 3173 doctores
2835 3115 3069 3185 allegare
3118 3105 3360 3185 possent,
3413 3115 3464 3167 in
3519 3127 3630 3168 uno
3659 3128 3780 3166 sora

2182 3215 2492 3269 Ancusrruo
2529 3207 2756 3278 ejusque
2797 3205 2983 3262 schola
3012 3220 3122 3261 sure
3152 3205 3429 3275 opinionis
3467 3205 3781 3274 prtesidium

2105 3324 2150 3387 (ς
2183 3309 2411 3365 libenter
2458 3306 2808 3372 collocarent,
2859 3317 3092 3370 eumque
3140 3302 3240 3357 sibi
3288 3300 3547 3357 sufﬁcere
3592 3301 3780 3356 merito

2180 3403 2594 3467 arbitrarentur,
2642 3397 2786 3469 quod
2840 3411 3024 3452 UNICUS
3064 3395 3134 3450 sit
3183 3396 3274 3465 qui
3322 3394 3453 3449 dum
3497 3394 3679 3463 agitur
3721 3395 3780 3446 de

2179 3497 2368 3569 gratia:
2413 3495 2758 3562 necessitate,
2803 3493 2945 3548 sicut
2984 3491 3067 3546 soI
3111 3490 3251 3545 inter
3276 3489 3524 3559 reliquos
3563 3487 3776 3558 praeful-

2181 3601 2326 3664 geat.
2357 3609 2377 3644 ι
2407 3590 2605 3645 Verum
2660 3602 2759 3644 nos
2801 3602 2910 3642 non
2957 3600 3024 3641 ex
3060 3584 3295 3654 Vasquio
3344 3582 3450 3639 ista
3494 3582 3777 3649 discimus,

2181 3687 2276 3742 sed
2306 3701 2372 3741 ex
2404 3685 2664 3740 Romanae
2695 3681 2953 3738 Ecclesiae
2979 3679 3343 3751 pontiﬁcibus.
3374 3676 3514 3752 cum
3541 3677 3777 3733 Julianus

2183 3782 2446 3836 adversus
2476 3779 2711 3835 divinam
2743 3776 2971 3848 gratiam
2996 3774 3325 3844 scripsisset,
3358 3780 3588 3827 sanctus
3620 3771 3774 3825 Boni-

2182 3875 2353 3931 facius
2380 3889 2514 3945 papa
2537 3873 2605 3927 ab
2635 3886 2743 3927 uno
2768 3870 3069 3941 Augustino
3101 3881 3426 3937 responsum
3457 3863 3768 3936 postulavit.

2183 3967 2316 4024 Cum
2345 3966 2538 4022 Oriens
2568 3963 2639 4019 ob
2669 3963 2855 4018 Fausti
2907 3960 3154 4031 Rejensis
3198 3960 3366 4014 libros
3395 3958 3448 4012 in
3483 3969 3674 4027 partes
3701 3957 3775 4010 di-

2185 4060 2332 4115 visus
2355 4064 2522 4126 esset,
2553 4065 2768 4112 sanctus
2799 4055 3117 4111 Hormisdas
3146 4053 3212 4107 ab
3247 4051 3558 4123 Augustino
3589 4065 3778 4121 cogno-

2185 4153 2442 4210 scendum
2474 4151 2693 4221 scripsit
2717 4149 2842 4219 quid
2873 4147 3116 4203 Romana
3147 4153 3470 4216 sequeretur
3512 4156 3570 4200 et
3604 4158 3779 4200 serva-

2185 4256 2269 4303 ret
2309 4244 2571 4301 Ecclesia.
2622 4242 2808 4296 Galliis
2850 4242 3013 4297 etiam
3063 4255 3158 4308 per
3205 4246 3421 4293 centum
3455 4236 3575 4294 fere
3624 4249 3780 4290 annos

2186 4339 2379 4395 iisdem
2429 4336 2858 4392 dissensionibus
2903 4334 3169 4400 contusis,
3221 4332 3376 4387 Felix
3427 4346 3480 4385 tv
3518 4345 3593 4385 ex
3635 4329 3783 4383 unius

2186 4430 2472 4502 Augustini
2525 4430 2674 4486 libris
2707 4427 2994 4484 sententiis
3036 4426 3337 4494 desumptis
3373 4439 3568 4494 pacem
3621 4421 3780 4477 dedit.

2186 4524 2386 4579 Nostro
2407 4523 2509 4578 hoc
2534 4522 2696 4579 etiam
2729 4522 2931 4577 saeculo
2960 4521 3213 4575 universa
3243 4518 3463 4588 Europa
3488 4516 3700 4573 exortis
3720 4514 3782 4569 de

2187 4616 2404 4671 auxiliis
2446 4615 2642 4670 divinae
2682 4614 2869 4684 gratia:
2921 4613 3104 4682 lltigiis
3155 4613 3207 4666 in
3261 4619 3450 4680 partes
3499 4609 3784 4671 dilaniata,

2114 4711 2444 4776 DClemens
2474 4724 2565 4763 vm
2615 4724 2707 4763 eas
2745 4709 2865 4764 lites
2905 4708 2971 4761 ad
3017 4707 3176 4761 unius
3224 4705 3514 4774 Augustini
3563 4701 3788 4758 tribunal

2189 4801 2351 4872 jussit
2396 4799 2609 4870 agitari.
2659 4799 2863 4866 Quibus
2905 4812 3038 4853 sane
3081 4796 3308 4850 Romani
3348 4795 3640 4866 pontiﬁces
3692 4809 3786 4847 non

2192 4896 2420 4950 obscure
2449 4892 2819 4963 signiﬁcarunt
2863 4892 2914 4946 in
2947 4889 3336 4946 controversiis
3361 4889 3431 4944 de
3458 4889 3647 4944 divina
3673 4902 3790 4957 gra-

2191 4990 2263 5043 tia
2290 4989 2450 5044 unius
2479 4986 2763 5057 Augustini
2789 4985 3026 5056 vestigiis
3051 4985 3208 5039 nobis
3235 4982 3621 5037 inhaerendum
3654 4995 3790 5035 esse.

2193 5079 2670 5150 Nusquamtamen
2695 5077 2843 5132 solus
2869 5085 2951 5131 est
2983 5075 3335 5146 Augustinus,
3367 5073 3465 5129 sed
3495 5088 3689 5128 secum
3712 5075 3792 5125 in-

2194 5185 2327 5243 gens
2371 5172 2778 5226 subsecntorum
2831 5169 3050 5223 Patrum
3101 5182 3296 5237 agmen
3355 5164 3548 5232 trahit,
3601 5174 3796 5230 nempe

2196 5266 2542 5335 Prosperum,
2580 5262 2942 5331 Fulgentium,
2974 5260 3290 5323 Caesarium,
3337 5259 3563 5314 Petrum
3606 5257 3796 5313 Diaco-

2195 5373 2344 5424 num,
2378 5357 2565 5412 Patres
2597 5356 2902 5428 Byzacenos
2932 5356 2983 5409 in
3015 5352 3266 5410 Sardinia
3294 5351 3539 5416 exsules,
3575 5345 3798 5406 Rhemi-

2195 5452 2364 5522 gium,
2401 5449 2772 5519 Prudentium,
2809 5447 3144 5513 Anselmum,
3189 5443 3554 5512 Bernardum,
3593 5443 3798 5498 aliosve

2198 5546 2289 5614 qui
2316 5544 2486 5599 sancti
2515 5543 2752 5596 doctoris
2778 5542 3001 5611 vestigia
3045 5541 3156 5596 illis
3187 5540 3242 5596 in
3278 5538 3674 5596 controversiis
3708 5550 3797 5591 se-

2199 5650 2436 5711 quuntur
2461 5657 2474 5692 :
2506 5653 2607 5708 qua
2632 5637 2848 5707 quidem
2879 5622 3316 5692 consideratione
3341 5635 3454 5690 ruit
3485 5635 3680 5706 ingens
3705 5629 3796 5686 ille

2143 5785 2149 5791 .
2198 5739 2506 5803 apparatus,
2537 5745 2694 5800 quem
2731 5731 2972 5784 Aunatus
3017 5728 3154 5784 libro
3182 5727 3356 5798 primo
3387 5741 3486 5795 per
3515 5726 3672 5797 plura
3701 5736 3791 5777 ca-

2197 5830 2306 5898 pita
2352 5826 2646 5895 componit,
2700 5824 2851 5895 quasi
2891 5826 2944 5878 in
2983 5822 3160 5892 aliqua
3201 5821 3469 5877 sententia
3517 5819 3582 5875 de
3617 5813 3790 5887 gratia

2193 5919 2469 5977 solitarius
2497 5933 2618 5976 esse
2665 5917 2835 5988 possit
2861 5916 3219 5988 Augustinus.
3263 5914 3408 5972 Sane
3457 5913 3691 5981 Prosper
3734 5913 3786 5962 et
