3962 6346
201 397 311 453 795

1347 388 1668 451 νιΝθιοιιιΕ
1708 385 2274 448 ΑυϐυδἸῚΝΙΑΝιΕ.

3369 384 3496 466 794,

199 509 552 583 Fulgentius,
599 509 691 581 qui
727 509 795 566 de
835 509 1320 582 Semi-Pelagianis
1360 509 1784 580 triumpharunt,
1811 506 1866 569 A
1890 504 2056 561 currit
2087 503 2229 560 idem
2269 500 2558 560 recentior.
2596 501 2756 573 Igitur
2794 500 3242 574 Serui-Pelagiani
3282 503 3471 560 lliero-

199 621 423 676 semper
457 619 580 662 cum
617 604 919 676 Augustino
962 615 1107 672 sunt,
1141 606 1214 661 ita
1245 613 1302 661 ut
1326 605 1371 661 si
1401 621 1466 661 ex
1505 619 1609 660 una
1636 613 1789 674 parte

144 763 147 765 _
199 700 536 772 Augustinus
587 699 799 772 duoque
849 700 940 756 isti
995 709 1198 756 tantum
1249 700 1376 766 sint,
1428 714 1493 756 ex
1545 698 1789 769 opposita

200 809 338 851 vero
367 795 525 866 longe
555 794 738 866 plures
768 793 958 851 Patres
994 805 1368 861 numerentur,
1417 793 1534 863 quis
1559 807 1664 846 non
1695 806 1793 861 po-

201 888 314 943 tius
341 887 419 943 illi
449 886 667 943 Patrum
713 887 871 943 triadi
919 887 1211 955 inhaereat,
1259 901 1380 958 quae
1407 886 1475 941 de
1506 884 1791 954 Pelagiana

197 981 402 1038 haeresi
433 981 800 1052 triumphavit,
832 996 1008 1051 neque
1037 981 1171 1036 citra
1202 979 1559 1036 temeritatem
1589 977 1790 1033 erroris

199 1077 447 1133 accusari
488 1077 703 1146 potest?
735 1075 933 1133 Procul
959 1076 1120 1132 etiam
1154 1076 1280 1131 hinc
1310 1077 1505 1132 abeant
1539 1075 1640 1131 illae
1681 1073 1794 1128 Mo-

198 1174 364 1247 {ainii
390 1175 623 1247 querelae
654 1175 709 1231 in
753 1173 1068 1246 praefatione
1099 1173 1164 1229 ad
1203 1170 1533 1228 orthbdoxos
1561 1188 1574 1224 :
1604 1189 1623 1222 ‹
1656 1168 1793 1238 Quid

200 1269 375 1336 enim,
422 1270 466 1325 si
499 1269 740 1326 hmretici
771 1271 884 1325 suis
930 1269 1158 1341 argutiis
1198 1275 1417 1338 possent
1457 1267 1706 1323 evincere
1736 1278 1796 1320 se

201 1379 315 1419 non
345 1378 467 1420 esse
502 1372 687 1434 aperte
730 1362 799 1418 ab
844 1362 1143 1434 Augustino
1188 1361 1494 1427 damnatos,
1541 1359 1796 1415 Ecclesiae

200 1472 369 1515 causa
407 1457 707 1514 deserenda
739 1466 903 1523 esset,
940 1465 994 1510 et
1025 1454 1359 1510 insufficiens
1391 1453 1529 1509 foret
1555 1453 1795 1506 omnium

199 1550 438 1605 aliorum
486 1551 701 1606 Patrum
745 1564 842 1620 pro
878 1550 1110 1605 veritate
1155 1562 1475 1613 consensus,
1523 1547 1648 1618 quia
1691 1546 1799 1600 Au-

199 1643 457 1715 gustinus
492 1653 575 1700 est
617 1643 990 1702 necessarius?
1036 1641 1220 1713 Iniqua
1249 1651 1393 1698 certe
1423 1651 1564 1696 esset
1613 1640 1797 1695 Eccle-

200 1736 304 1791 siae
335 1736 589 1805 conditio,
644 1739 730 1792 cui
771 1737 911 1793 Deus
941 1751 1048 1792 non
1090 1737 1304 1792 unicum
1356 1736 1655 1802 doctorem,
1702 1733 1799 1790 sed

201 1829 460 1886 doctores
515 1830 800 1901 promisit,
872 1839 931 1886 ut
980 1845 1088 1887 non
1150 1828 1596 1886 circumferamur
1648 1827 1794 1884 omni

1894 613 2056 670 nymo
2114 611 2220 652 non
2266 596 2714 667 obloquebantur,
2771 613 2929 668 quem
2983 599 3036 653 in
3093 613 3189 652 sua
3236 600 3473 668 ipsorum

1893 690 2155 746 sententia
2189 704 2310 744 esse
2339 691 2598 758 suspicari
2630 697 2900 759 poterant.
2934 689 3200 745 Praiterea
3228 690 3478 747 Caelesti-

1893 797 1996 839 nus
2046 784 2118 837 ait
2158 781 2651 853 Semi-Pelagianos
2686 782 2914 837 adnixus
2959 783 3324 852 quiescentium
3368 783 3480 854 fra-

1895 885 2032 931 trum
2061 877 2360 930 memoriam
2403 877 2679 946 dissipare,
2726 885 2781 934 et
2810 877 3116 933 immediate
3153 877 3330 932 laudat
3360 886 3483 948 post

1895 968 1985 1024 illa
2011 969 2174 1025 verba
2199 968 2554 1039 Augustinum
2580 969 2927 1034 concludens,
2961 970 3300 1024 resistendum
3331 970 3483 1024 oblo-

1896 1063 2187 1117 cutoribus.
2235 1059 2383 1118 Unus
2435 1061 2600 1132 igitur
2644 1061 2719 1117 ibi
2761 1062 3069 1118 defenditur
3120 1062 3480 1134 Augustinus;

1896 1172 2020 1212 nam
2045 1157 2090 1212 si
2120 1171 2241 1211 cum
2273 1154 2572 1225 Augustino
2617 1155 2976 1224 Hieronymus
3015 1169 3228 1225 quoque
3267 1169 3482 1210 corum-

1897 1253 2018 1307 dem
2059 1249 2216 1306 dictis
2270 1250 2629 1315 lacerabatur,
2677 1262 2773 1304 cur
2823 1247 3061 1316 pontifex
3102 1247 3170 1303 de
3222 1263 3328 1302 uno
3376 1249 3484 1302 Au-

1895 1346 2108 1416 gustino
2138 1343 2324 1399 laudes
2354 1343 2552 1410 reddit,
2578 1342 2903 1412 Hieronymo
2937 1341 2991 1396 in
3023 1341 3273 1410 angulum
3325 1355 3481 1411 pror-

1899 1455 1990 1496 sus
2036 1439 2271 1510 rejecto?
2317 1437 2566 1494 Profecto
2609 1436 2864 1506 Prosper,
2923 1437 3011 1504 qui
3057 1435 3196 1504 apud
3237 1433 3484 1489 leesti-

1899 1548 2026 1588 num
2073 1532 2244 1586 sancti
2279 1529 2564 1602 Augustini
2601 1529 3021 1584 calumniatores
3051 1527 3333 1593 detulerat,
3388 1526 3485 1582 ltu-

1897 1623 2052 1695 jusce
2081 1621 2362 1679 Coelestini
2405 1622 2722 1688 sanctionis,
2775 1637 2932 1691 quam
2975 1621 3204 1689 ipsemet
3233 1621 3487 1691 impetra-

1902 1726 2006 1783 rat,
2025 1716 2355 1772 mentionem
2379 1715 2582 1770 faciens
2605 1723 2789 1770 contra
2808 1713 3130 1768 Collatorem
3149 1728 3269 1783 cap.
3294 1711 3363 1766 42
3378 1713 3483 1771 ait:

1908 1827 1926 1860 ι
1949 1808 2051 1864 Per
2081 1810 2222 1863 hunc
2250 1806 2420 1861 virum
2444 1807 2581 1862 intra
2601 1804 2797 1860 Gallias
2841 1805 2958 1859 istis
2988 1803 3119 1873 ipsis
3151 1803 3244 1875 qui
3285 1813 3485 1859 sancta:

198 1933 371 1980 vento
413 1897 694 1980 doctrinae.
735 1945 754 1978 ι
783 1924 966 1993 Erras,
1015 1940 1049 1982 o
1080 1926 1219 1980 bone
1263 1924 1378 1979 vir!
1410 1933 1464 1980 et
1495 1931 1606 1978 toto
1654 1921 1793 1978 ostio
1820 1899 1872 1962 Β
1897 1903 2172 1960 memoria?
2209 1904 2499 1958 AUGUST'NI
2533 1900 2734 1969 scripta
2763 1897 3198 1969 reprehendunt.
3245 1897 3482 1952 malelo-

201 2030 380 2081 erras,
413 2031 688 2087 nunquam
714 2017 863 2073 solus
887 2026 970 2074 est
994 2017 1344 2088 Augustinus,
1371 2026 1422 2071 et
1453 2015 1497 2070 si
1520 2015 1796 2086 quidpiam

197 2108 412 2177 primus
431 2107 498 2164 de
526 2107 1001 2178 prmdestinatione
1028 2107 1186 2177 dixit,
1218 2108 1330 2177 jam
1370 2120 1476 2162 non
1502 2105 1666 2177 [solus
1695 2105 1797 2161 hoc

199 2200 363 2270 dixit,
406 2209 484 2257 tot
528 2201 831 2257 subsecutis
863 2201 1110 2256 Patribus
1147 2200 1429 2272 Augustini
1459 2198 1624 2254 verba
1668 2197 1796 2254 red-

201 2292 482 2358 dentibus,
517 2308 638 2364 quae
668 2294 961 2351 adversarii
991 2309 1098 2349 non
1125 2293 1255 2349 satis
1278 2293 1621 2348 adnotarunt.

275 2385 429 2454 Quod
461 2400 590 2442 vero
633 2387 784 2442 addit
835 2389 1096 2456 Annatus,
1141 2386 1246 2442 illis
1297 2385 1476 2442 verbis
1519 2384 1798 2441 (ltelestini

198 2487 396 2534 contra
441 2477 934 2552 Sami-Pelagianos
967 2496 981 2534 :
1019 2499 1041 2533 ι
1071 2479 1338 2535 Piissimis
1377 2476 1797 2548 disputatoribus

197 2570 430 2627 obviare
460 2582 808 2641 praesumunt,
843 2581 1045 2628 etcum
1089 2571 1363 2643 Pelagium
1403 2580 1566 2640 atque
1595 2569 1800 2626 Coales-

199 2669 340 2725 tium
374 2669 834 2725 anathematizare
875 2683 982 2725 non
1012 2668 1280 2737 dubitent,
1314 2666 1587 2736 magistris
1618 2675 1800 2720 tamen

199 2761 437 2828 nostris,
479 2750 733 2830 tanquam
777 2762 1139 2817 necessarium
1182 2759 1401 2815 modum
1442 2758 1798 2824 excesserint,

196 2852 589 2923 obloquuntur,
621 2873 641 2906 ι
677 2868 784 2908 non
812 2869 972 2909 unum
1021 2853 1379 2924 Augustinum
1418 2850 1666 2923 intelligi,
1703 2849 1798 2906 sed

197 2947 373 3000 etiam
431 2946 854 3018 Hieronymum,
912 2948 1160 3016 imperite
1215 2961 1440 3018 prorsus
1491 2944 1797 3001 asseritur:

196 3040 409 3096 etenim
466 3039 920 3112 Semi-l’elagiani
976 3050 1160 3097 contra
1223 3056 1384 3095 unum
1443 3039 1798 3109 Augustinum

201 3135 597 3206 loquebantur,
652 3134 795 3203 quod
839 3135 989 3190 solus
1038 3133 1186 3189 illam
1218 3133 1285 3189 de
1325 3132 1801 3203 praedestinatione

196 3229 440 3297 gratuita
472 3229 796 3284 sententiam
823 3227 1114 3284 docuisset.
1159 3225 1357 3282 Scribit
1383 3226 1524 3280 enim
1567 3226 1801 3294 Prosper

1901 1997 2132 2068 quentia:
2161 2004 2244 2051 est
2269 1995 2519 2064 adempta
2556 1993 2799 2048 libertas.
2835 2010 2854 2044 ι
2892 1992 3245 2062 Augustinum
3276 1999 3480 2045 tantum

1901 2098 1954 2144 et
1998 2107 2025 2142 a
2080 2087 2502 2144 Massiliensibus
2551 2084 2963 2156 reprehensum,
3020 2091 3073 2139 et
3119 2098 3149 2137 a
3195 2082 3488 2139 leeStino

1899 2182 2174 2240 laudatum
2197 2181 2409 2248 scribit,
2442 2180 2576 2235 nihil
2602 2180 2667 2235 de
2690 2178 3020 2249 Hieronymo
3047 2177 3277 2232 locutus.
3305 2177 3372 2231 At
3397 2189 3486 2230 re-

1901 2275 2174 2331 centiores
2204 2273 2502 2342 Augustino
2541 2271 2704 2327 illam
2732 2286 2762 2325 a
2789 2269 3253 2339 Serui-Pelagianis
3283 2268 3490 2322 calum-

1901 2366 2008 2422 niae
2032 2375 2193 2436 atque
2219 2365 2427 2434 injuria:
2454 2363 2659 2419 socium
2697 2363 3084 2433 Hieronymum
3115 2359 3342 2426 faciunt,
3385 2375 3490 2415 non

1901 2460 2076 2516 solatii
2107 2459 2300 2530 gratia,
2334 2459 2429 2513 sed
2459 2467 2519 2513 ut
2551 2455 2919 2512 (lmlestiniani
2944 2454 3105 2524 elogii
3132 2468 3257 2524 pars
3284 2462 3489 2508 tantum

1903 2553 1971 2608 ad
2011 2551 2366 2622 Augustinum
2415 2550 2760 2616 devolvatur,
2811 2549 2980 2604 altera
3034 2547 3359 2616 Hieronymo
3406 2562 3490 2602 re-

1903 2655 2166 2702 servetur.
2211 2645 2380 2699 Porro
2411 2642 2766 2714 Augustinum
2813 2639 3001 2710 plurali
3047 2652 3272 2693 numero
3322 2636 3491 2706 magi-

1902 2747 2070 2794 strum
2112 2752 2176 2792 ac
2216 2738 2492 2792 doctorem
2535 2735 2605 2790 ab
2645 2733 2936 2804 apostolica
2985 2731 3115 2787 sede
3167 2731 3490 2801 appellatum

1903 2832 2060 2902 paulo
2100 2829 2324 2886 inferius
2352 2827 2641 2893 constabit,
2673 2826 2761 2882 ubi
2791 2826 2860 2881 de
2907 2824 3087 2880 Felice
3128 2822 3192 2880 lV
3227 2823 3487 2878 dicemus.

1992 2947 2220 3003 Sanctus
2287 2944 2530 3000 Gelasius
2602 2957 2734 3013 papa
2782 2942 2922 2996 inter
2976 2937 3146 2994 sancti
3204 2935 3487 3007 Augustini

1904 3042 2144 3096 cultores
2191 3047 2536 3104 numeratur,
2585 3050 2815 3106 eumque
2871 3048 2976 3088 non
3034 3030 3307 3087 immerito
3352 3029 3484 3085 Vas-

1902 3139 2057 3207 quius
2091 3145 2225 3205 part.
2259 3151 2298 3200 ι,
2332 3134 2532 3204 disput.
2575 3131 2636 3186 91
2664 3175 2677 3196 ,
2710 3145 2860 3184 num.
2892 3127 2979 3192 75,
3015 3134 3168 3182 vocat
3201 3142 3291 3196 per
3319 3125 3491 3179 omnia

1903 3229 2364 3301 Augustinianum.
2415 3226 2509 3282 Ille
2552 3225 2714 3295 igitur
2755 3224 2808 3278 in
2850 3219 3074 3290 epistola
3107 3220 3175 3273 ad
3204 3219 3487 3289 episcopos

198 3295 278 3374 ad
305 3320 667 3391 Augustinum
693 3338 706 3372 :
747 3337 765 3370 ι
797 3318 873 3374 Ea
903 3335 1023 3390 quae
1047 3319 1116 3375 de
1136 3319 1362 3390 epistola
1387 3317 1614 3388 apostoli
1643 3317 1795 3373 Pauli
1828 3295 1874 3360 C
1906 3295 2006 3392 per
2031 3323 2306 3386 Picenum,
2351 3321 2429 3375 uti
2477 3319 2571 3375 lib.
2615 3335 2649 3373 ιι
2694 3315 2943 3372 Historias
2985 3313 3166 3382 Pelag.
3188 3353 3202 3377 ,
3248 3326 3368 3381 cap.
3400 3311 3488 3377 17,

196 3409 471 3465 Romanis
493 3410 804 3477 scribentis,
838 3410 904 3464 ad
933 3408 1429 3466 manifestationem
1453 3409 1647 3464 divina:
1679 3423 1802 3479 gra-

199 3503 298 3558 tiae
348 3503 726 3574 praevenientis
784 3503 1076 3560 electorum
1128 3504 1318 3560 merita
1361 3503 1726 3574 proferuntur,
1767 3521 1800 3561 Α

197 3611 384 3654 βω.ιο
414 3611 649 3668 unquam
689 3597 1179 3653 ecclesiasticorum
1225 3598 1298 3652 ita
1333 3612 1455 3654 esse
1501 3598 1796 3667 intellecta,

198 3700 269 3745 ut
295 3706 436 3746 nunc
466 3691 790 3758 sentiuntur,
840 3691 1132 3746 affirmant.
1168 3711 1186 3743 ι
1221 3690 1338 3746 Non
1368 3691 1529 3761 igitur
1552 3705 1653 3746 una
1679 3707 1802 3746 cum

197 3783 510 3853 Augustino
550 3782 910 3855 Hieronymus
937 3781 1436 3853 reprehendebatur
1465 3797 1495 3836 a
1525 3782 1803 3839 Semi-Pe-

197 3875 465 3945 lagianis;
507 3875 615 3930 imo
646 3875 720 3930 ita
747 3875 1112 3948 Hieronymus
1141 3876 1207 3931 de
1233 3877 1405 3946 gratia
1434 3884 1621 3931 contra
1652 3875 1805 3930 Pela-

199 3967 400 4039 gianos
441 3966 677 4036 scripsit,
730 3975 787 4020 ut
834 3966 1424 4038 Semi-Pelagianorum
1481 3966 1802 4022 sententiam

198 4062 452 4118 tenuisse
483 4062 802 4133 quibusdam
841 4062 990 4117 visus
1019 4059 1208 4128 fuerit;
1241 4075 1363 4116 nam
1395 4062 1488 4118 lib.
1513 4077 1571 4116 ιιι
1594 4061 1802 4131 Dialog.

200 4166 398 4212 contra
441 4157 620 4229 Pelag.
653 4157 729 4212 ait
761 4175 771 4209 :
804 4173 822 4208 ‹
852 4157 1091 4222 Justitia,
1129 4156 1314 4212 labore
1343 4165 1398 4214 et
1427 4157 1714 4222 industria,
1743 4170 1807 4212 ac

200 4248 508 4317 diligentia,
562 4259 618 4305 et
653 4263 867 4319 semper
917 4263 1082 4318 super
1138 4249 1316 4304 omnia
1371 4249 1470 4305 Dei
1521 4247 1806 4305 clementia

200 4337 544 4404 custoditur,
580 4348 639 4394 ut
691 4349 933 4394 nostrum
985 4341 1056 4394 sit
1104 4353 1318 4410 rogare,
1373 4339 1518 4397 illius
1571 4340 1807 4399 tribuere

199 4437 355 4508 quod
407 4444 646 4505 rogatur,
706 4450 955 4491 sos'rnuu
1009 4450 1276 4502 INCIPEBE,
1323 4435 1464 4492 illius
1524 4435 1804 4508 perficere,

200 4541 456 4583 NOSTRUI
505 4543 747 4583 orrsnas
804 4527 946 4599 quod
1001 4541 1330 4596 possumus,
1389 4527 1528 4581 illius
1582 4527 1809 4596 implere

202 4621 359 4692 quod
389 4637 498 4677 non
525 4636 832 4692 possumus.
869 4641 888 4675 ι
922 4622 1054 4690 Qum
1083 4620 1300 4690 quidem
1327 4636 1359 4676 a
1387 4619 1808 4692 Semi-Pelagia-

1905 3409 2327 3482 observavimus,
2380 3414 2497 3470 haec
2543 3411 2776 3468 scribit:
2816 3428 2835 3461 ‹
2874 3408 3064 3464 Adhuc
3095 3406 3269 3476 majus
3316 3407 3493 3461 scelus

1903 3507 2186 3573 accrescit,
2207 3515 2264 3560 ut
2293 3505 2395 3560 sub
2426 3510 2720 3572 conspectu
2749 3511 2804 3557 et
2835 3498 3124 3570 praesentia
3150 3495 3490 3551 sacerdotum

1904 3603 2075 3658 beatas
2103 3601 2377 3657 memoria:
2409 3599 2796 3670 Hieronymum
2827 3605 2986 3666 atque
3024 3592 3377 3664 Augustinum
3409 3607 3492 3646 ec-

1904 3696 2325 3752 clesiasticorum
2351 3693 2550 3747 lumina
2581 3692 2957 3762 magistrorum
2988 3700 3170 3740 musca
3201 3684 3482 3751 moritura,

1903 3788 2043 3843 sicut
2091 3787 2354 3857 scriptum
2403 3793 2520 3852 est,
2569 3781 2940 3839 exterminans
2989 3778 3164 3833 oleum
3211 3775 3493 3830 suavitatis

1904 3881 2146 3937 lacerare
2176 3877 2549 3935 contenderet.
2586 3895 2606 3928 ι
2651 3876 2758 3931 Sua
2790 3875 2877 3928 hic
2908 3872 3231 3944 glossemata
3271 3871 3496 3940 apponit

1905 3977 2169 4038 Armatus,
2203 3973 2295 4027 lib.
2329 3988 2370 4038 ι,
2399 3986 2522 4039 cap.
2553 3971 2585 4025 8
2618 3986 2632 4024 :
2671 3987 2689 4020 ‹
2720 3969 2860 4023 Ecce
2891 3965 3248 4034 Hieronymus
3272 3977 3486 4032 quoque

1906 4068 2087 4122 lumen
2119 4075 2202 4122 est
2245 4064 2645 4136 magistrorum,
2683 4065 2822 4118 sicut
2861 4058 3211 4130 Augustinus,
3255 4056 3498 4113 testimo-

1907 4160 1998 4216 nio
2027 4159 2256 4214 Romani
2304 4157 2594 4227 pontificis.
2627 4175 2644 4208 ι
2678 4155 2809 4224 Quis
2847 4153 2948 4209 hoc
2997 4153 3198 4210 inﬁcias
3247 4150 3387 4207 ibit?
3428 4152 3498 4206 At

1908 4253 2136 4308 multum
2176 4253 2401 4308 interest
2456 4249 2722 4304 undenam
2775 4247 3031 4302 adversus
3085 4247 3494 4318 Pelagianorum

1909 4348 2157 4403 tenebras
2189 4346 2362 4414 magis
2393 4344 2635 4400 Ecclesia
2666 4342 2988 4406 illustretur,
3021 4342 3248 4410 plusque
3278 4338 3500 4394 luminis

1907 4440 2137 4509 accipiat
2177 4439 2244 4492 ab
2275 4437 2678 4507 Hieronymone
2706 4451 2773 4489 an
2798 4434 2866 4488 ab
2895 4434 3243 4506 Augustino?
3288 4433 3344 4487 ln
3369 4447 3500 4488 con-

1907 4540 2073 4586 ventu
2125 4529 2618 4601 llierosolymitano
2668 4536 2855 4584 contra
2906 4526 3176 4595 Pelagium
3244 4524 3500 4595 producta

1909 4622 2010 4678 fuit
2040 4624 2108 4679 ab
2131 4623 2325 4680 Orosio
2353 4622 2582 4692 epistola
2608 4622 2778 4676 sancti
2808 4620 3091 4691 Augustini
3116 4620 3182 4674 ad
3216 4619 3496 4684 Hilarium,

205 4716 299 4772 nis
324 4730 423 4786 pro
451 4731 552 4771 suo
597 4717 836 4786 ipsorum
877 4715 1125 4785 dogmate
1154 4714 1326 4784 accipi
1356 4723 1624 4783 poterant,
1673 4728 1806 4784 quo-
1831 4695 1884 4757 Ῑ)
1909 4716 2142 4787 itemque
2169 4716 2328 4786 paulo
2370 4725 2490 4786 post
2517 4715 2678 4768 etiam
2707 4714 2758 4768 in
2785 4713 2992 4783 synodo
3024 4711 3406 4781 Diospolitana,
3435 4709 3503 4766 de

205 4823 338 4864 rum
388 4808 658 4864 sententia
703 4817 842 4873 erat,
893 4816 950 4863 ut
975 4806 1158 4863 verbis
1191 4815 1309 4861 utar
1339 4806 1592 4876 Prosperi
1620 4816 1806 4861 contra

208 4903 440 4971 Collat.,
474 4917 594 4972 cap.
636 4901 712 4958 8:
749 4919 768 4953 α
808 4901 878 4957 Ut
905 4901 1032 4956 boni
1061 4901 1418 4970 salubresque
1458 4908 1684 4954 conatus
1713 4913 1808 4954 ne-

209 5005 420 5066 queant
446 4994 664 5063 quidem
695 4994 977 5065 proficere,
1010 4994 1112 5049 nisi
1145 4994 1286 5050 Deus
1315 4991 1554 5062 adjuvet,
1583 5003 1809 5062 possunt

209 5098 425 5155 tamen,
475 5088 688 5143 etiamsi
738 5103 844 5143 non
877 5103 907 5142 a
934 5087 1045 5143 Deo
1087 5088 1436 5158 inspirentur,
1495 5086 1752 5156 incipere.
1784 5106 1803 5141 ›

212 5182 288 5237 Et
314 5196 447 5237 sane
479 5181 868 5252 Hieronymum
911 5195 1032 5236 cum
1059 5180 1542 5251 Semi-Pelagianis
1571 5182 1811 5238 sensisse

214 5290 288 5332 eo
319 5276 423 5330 loci
474 5275 662 5330 scribit
702 5275 1010 5344 Jansenius,
1065 5274 1253 5330 durius
1298 5275 1536 5331 locutum
1567 5275 1810 5342 Vossius,

216 5379 277 5424 et
308 5377 436 5425 ante
489 5378 777 5440 utrumque
804 5369 873 5425 de
923 5369 1252 5440 Hieronymo
1288 5369 1454 5440 aliqui
1508 5370 1817 5426 dubitarunt

217 5463 364 5534 apud
397 5462 689 5534 Vasquium
737 5471 877 5532 part.
913 5465 968 5529 1,
1013 5463 1216 5532 disput.
1258 5461 1349 5529 91,
1384 5477 1502 5532 cap.
1537 5463 1590 5518 8.
1627 5461 1816 5518 Hiero-

219 5571 450 5627 nymum
482 5571 614 5610 vero
649 5555 896 5626 pluribus
935 5565 1162 5611 conatur
1188 5554 1477 5610 defendere
1520 5554 1659 5609 idem
1709 5555 1820 5609 An-

219 5659 386 5705 natus
416 5652 509 5705 lib.
541 5665 611 5705 vn
639 5651 920 5721 Augustini
971 5650 1250 5716 vindicati,
1281 5663 1401 5719 cap.
1437 5647 1527 5714 12,
1565 5647 1650 5704 cui
1693 5647 1820 5704 sub-

221 5742 433 5807 scribo,
479 5756 604 5796 nam
632 5753 816 5812 aperte
846 5741 922 5795 ait
951 5742 1045 5796 Dei
1073 5741 1359 5797 clementia
1388 5740 1559 5796 semel
1591 5740 1824 5796 habitam

225 5833 464 5904 gratiam
487 5833 748 5889 custodiri
775 5850 790 5899 ;
824 5847 999 5903 neque
1029 5833 1181 5888 labor
1203 5840 1259 5888 et
1284 5831 1542 5888 industria
1565 5832 1827 5898 solitarie,

227 5940 429 5997 nempe
466 5927 584 5984 sine
611 5926 805 5995 gratia,
838 5924 1183 5994 intelligenda
1222 5932 1368 5988 sunt,
1408 5933 1465 5979 ut
1502 5922 1673 5976 fusius
1717 5923 1828 5974 dis-

1912 4825 2015 4880 qua
2054 4824 2113 4866 re
2151 4811 2221 4864 ita
2272 4808 2464 4865 scribit
2509 4816 2730 4862 sanctus
2774 4809 2963 4860 doctor
3011 4806 3105 4860 lib.
3156 4805 3223 4859 de
3275 4805 3504 4860 Peccato

1913 4902 2076 4972 orig.,
2109 4916 2227 4971 cap.
2274 4901 2361 4967 10,
2411 4901 2525 4956 haec
2565 4900 2756 4971 synodi
2784 4899 2948 4954 verba
2980 4898 3224 4953 referens
3254 4915 3267 4951 :
3297 4917 3316 4950 ι
3349 4897 3494 4964 Quo-

1915 4994 2061 5050 niam
2098 5004 2314 5051 sanctus
2368 4996 2653 5066 episcopus
2712 4995 3042 5064 Augustinus
3081 4994 3341 5048 adversus
3394 4993 3504 5049 dis-

1917 5086 2123 5156 cipulos
2170 5088 2285 5155 ejus
2331 5087 2384 5142 in
2447 5085 2630 5142 Sicilia
2672 5087 2953 5157 reSpondit
3011 5085 3212 5141 Hilario
3264 5085 3331 5140 ad
3377 5086 3504 5142 sub-

1914 5179 2059 5250 jecta
2101 5179 2336 5249 capitula
2391 5179 2633 5235 scribens
2687 5178 2882 5234 librum
2932 5178 2988 5234 in
3027 5193 3134 5248 quo
3184 5178 3284 5234 ista
3330 5179 3506 5235 conti-

1920 5279 2135 5338 nentur,
2169 5288 2190 5323 ι
2235 5279 2342 5325 etc.
2383 5268 2501 5338 Quo
2537 5284 2666 5325 sane
2705 5278 2952 5340 tempore
2997 5269 3355 5341 Hieronymus
3397 5271 3507 5342 jam

1919 5363 2166 5420 ediderat
2221 5361 2503 5435 epistolam
2555 5362 2734 5418 datam
2785 5363 2851 5417 ad
2910 5363 3316 5435 Ctesiphontem
3378 5379 3508 5419 con-

1920 5465 2000 5511 tra
2057 5456 2355 5527 Pelagium,
2403 5465 2457 5510 et
2494 5457 2547 5511 in
2579 5455 2862 5510 Palaestina
2909 5455 3024 5526 ipsa
3067 5457 3274 5524 aderat,
3316 5457 3368 5514 in
3399 5472 3504 5528 qua

1920 5550 2158 5620 synodus
2226 5549 2552 5616 habebatur,
2622 5549 2992 5621 majoremque
3054 5553 3166 5621 ipsa
3221 5563 3509 5621 praesentia

1923 5657 1988 5697 ac
2023 5639 2318 5696 sanctitatis
2343 5640 2484 5696 fama
2512 5645 2888 5699 auctoritatem
2928 5643 3014 5700 sui
3049 5644 3284 5700 nominis
3317 5645 3511 5700 redde-

1929 5735 2040 5801 bat,
2092 5743 2146 5788 et
2177 5743 2353 5790 tamen
2400 5734 2708 5805 Hieronymi
2753 5736 2984 5807 epistola
3027 5737 3509 5808 praetermissa,ad

1929 5829 2332 5899 Augustiniana:
2353 5830 2596 5900 epistolae
2616 5833 2873 5888 amussim
2903 5831 3153 5903 Pelagius
3175 5831 3508 5886 examinatus

1932 5921 2052 5976 fuit.
2095 5921 2362 5990 Obiit-ient
2401 5923 2734 5982 recentiores
2772 5923 3032 5981 Joannem
3067 5921 3512 5992 Hierosolymita~
