3962 6346
909 227 990 240 υνκ-

467 329 574 392 795
1346 318 1906 387 8UPPLEMENTUH
1943 316 2037 375 AD
2071 314 2306 375 OPEHA
2343 315 2402 374 Β.
2427 315 2820 375 AUGUSTINI.
3661 315 3773 383 795

467 464 596 507 nnm
622 448 928 523 Hieronymi
969 447 1177 506 hostem
1209 444 1565 512 acerrimum,
1607 440 1702 499 sed
1732 441 1788 496 in
1818 438 2047 506 Diospo-
2074 435 2131 496 Δ
2154 435 2418 503 Romana,
2458 434 2560 490 hoc
2589 444 2672 490 est
2694 431 2964 489 catholica
2986 441 3248 505 sequatur
3273 444 3333 489 et
3363 444 3543 490 servet
3568 435 3766 491 Eccle-

470 544 638 600 litana
671 543 874 614 synodo
903 556 1011 598 non
1048 539 1370 612 prasidebat
1397 538 1626 594 antistes
1667 532 2053 600 Hierosolymi—
2160 528 2262 596 sia,
2295 528 2421 584 licet
2449 527 2498 582 in
2529 527 2688 582 variis
2719 526 2869 582 libris
2899 526 3040 582 beati
3087 527 3397 598 Augustini,
3426 537 3480 582 et
3521 529 3770 585 maxime

469 645 648 706 tanus,
679 637 774 693 sed
820 634 1079 707 Eulogius
1117 633 1476 691 Caesareensis
1526 630 1824 686 Palastinre
1853 634 2058 682 metro-

470 732 636 802 polita
669 747 685 786 :
715 738 776 785 ut
825 737 974 786 certe
1021 730 1105 786 vel
1156 729 1308 785 initio
1364 727 1578 783 illarum
1629 723 2057 794 disputationum

469 822 604 879 satis
631 822 944 893 apparuerit
973 837 1136 877 unum
1180 820 1534 891 Augustinum
1564 832 1726 888 supra
1747 825 1975 872 caeteros
2005 815 2059 871 in

473 918 761 988 Pelagiano
825 918 971 974 bello
1030 916 1420 972 validissimum
1485 929 1549 970 ac
1617 911 2055 967 strenuissimnm

472 1013 662 1067 ducem
683 1013 897 1068 cmlitus
919 1012 1271 1075 destinatum,
1305 1024 1369 1065 ac
1399 1010 1558 1065 talem
1588 1007 1809 1063 Patrum
1839 1005 2061 1079 synodis

474 1105 778 1175 probatum.
825 1105 933 1163 Sed
987 1105 1112 1175 quid
1168 1103 1403 1159 nobilius
1462 1103 1582 1173 ipso
1637 1100 1949 1171 Hieronymi
2006 1108 2063 1155 et

472 1198 785 1253 testimonio
814 1206 871 1254 et
894 1198 1177 1268 exemplo?
1205 1197 1337 1252 Cum
1373 1197 1597 1252 Orosius
1639 1195 1805 1251 libros
1852 1193 2063 1264 priores

473 1294 542 1350 ab
572 1293 874 1365 Augustino
901 1302 1088 1349 contra
1122 1293 1435 1366 Pelagianos
1461 1291 1765 1363 publicatos
1794 1288 1847 1343 in
1880 1287 2064 1343 Asiam

471 1388 540 1442 ad
569 1387 978 1459 [Hieronymum
1036 1387 1363 1452 detulisset,
1413 1382 1852 1440 Bethleemiticus
1907 1380 2065 1436 Pater

474 1480 736 1535 doctrinae
757 1480 988 1549 copiam,
1015 1478 1332 1533 eruditionis
1363 1475 1764 1541 excellentiam,
1789 1474 2064 1528 rationum

474 1583 748 1629 momenta
800 1572 1175 1643 integrumque
1231 1583 1366 1638 opus
1429 1568 1749 1635 admiratus,
1789 1564 2064 1621 silentium

475 1665 582 1720 sibi
632 1664 860 1732 indixit,
914 1663 1077 1733 idque
1129 1663 1330 1731 scripto
1386 1675 1570 1722 coram
1626 1659 1759 1715 orbe
1811 1658 2066 1713 universo

473 1757 763 1828 publicavit
807 1757 860 1810 in
893 1756 998 1810 fine
1040 1755 1130 1810 lib.
1179 1769 1235 1808 ιιι
1267 1753 1629 1822 Dialogorum,
1676 1751 1791 1818 ubi,
1840 1752 2065 1819 loquens

470 1823 540 1907 de
586 1852 738 1908 libris
777 1851 947 1906 sancti
1002 1849 1284 1918 Augustini
1345 1854 1530 1901 contra
1585 1844 1890 1916 Pelagium,
1942 1823 2139 1897 εἰει,

477 1959 498 1994 ι
524 1941 672 1996 Alios
693 1956 907 2011 quoque
927 1941 1232 2010 specialiter
1257 1948 1349 1994 tuo
1381 1938 1583 1992 nomini
1613 1937 1813 1993 cudere
1837 1937 2060 2000 dicitur,

470 2033 564 2104 qui
596 2033 822 2089 necdum
854 2033 906 2088 in
929 2040 1143 2088 nostras
1171 2046 1370 2087 venere
1396 2045 1606 2095 manus,
1637 2031 1781 2084 unde
1811 2044 2064 2099 superse-

475 2125 711 2181 dendum
757 2127 882 2181 huic
927 2124 1096 2180 labori
1136 2138 1353 2190 censeo,
1397 2137 1464 2178 ne
1506 2122 1716 2176 dicatur
1755 2121 1886 2176 mihi
1933 2120 2066 2176 illud

476 2215 705 2283 Horatii,
751 2214 822 2271 In
860 2215 1058 2287 sylnam
1088 2232 1150 2268 ne
1191 2216 1335 2287 ligna
1381 2216 1539 2284 feras,
1582 2222 1676 2268 aut
1701 2213 1844 2267 enim
1874 2212 2063 2268 eadem

473 2306 784 2362 diceremus
832 2321 899 2362 ex
950 2305 1244 2375 superﬂuo,
1296 2315 1388 2360 ant
1443 2306 1488 2359 si
1540 2320 1676 2361 nova
1733 2304 2065 2359 voluerimus

475 2397 723 2466 dicere,a
748 2412 1062 2454 caaatssnto
1082 2412 1294 2454 INGENIO
1317 2412 1594 2453 occursu
1611 2411 1746 2451 sum
1769 2411 2026 2451 ιιεωοιιλ.
2042 2413 2061 2446 ι

477 2490 628 2548 Adeo
670 2506 799 2546 vero
834 2492 1192 2562 Hieronymus
1243 2491 1497 2562 religiose
1552 2488 1827 2546 silentium
1881 2500 2064 2558 postea

477 2583 666 2651 coluit,
695 2590 755 2637 ut
781 2582 849 2638 ab
871 2583 1122 2638 Anniano
1144 2582 1384 2652 ejusdem
1412 2582 1636 2651 epistola
1660 2581 1728 2635 ad
1744 2579 2068 2650 Ctesiphon-

479 2684 588 2732 tetn
639 2676 983 2746 impugnata,
1051 2690 1161 2729 non
1222 2675 1382 2729 modo
1440 2674 1808 2729 defensionem
1869 2673 2067 2727 nullam

479 2765 795 2835 adornarit,
845 2766 939 2821 sed
991 2780 1086 2835 per
1142 2766 1352 2820 litteras
1401 2765 1761 2836 Augustinum
1813 2764 1880 2818 ad
1921 2765 2070 2818 illam

480 2857 861 2914 confutandam
907 2857 1156 2914 hortatus
1187 2856 1368 2927 fuerit,
1403 2857 1472 2914 de
1501 2872 1605 2926 qua
1640 2871 1698 2913 re
1729 2856 1867 2913 libro
1896 2857 2072 2927 primo

483 2950 734 3014 Historia:
771 2950 980 3022 Pelag.,
1033 2964 1155 3020 cap.
1214 2950 1302 3017 l9,
1356 2949 1524 3006 fusius
1563 2949 1764 3006 dictum
1806 2959 1908 3007 est.
1951 2949 2071 3018 llle,

481 3043 719 3114 inquam,
773 3041 1132 3115 Hieronymus
1170 3043 1512 3114 impugnatus
1538 3053 1810 3100 certamen
1857 3058 2075 3100 recusa-

484 3136 580 3204 vit,
611 3136 704 3206 qui
747 3151 849 3194 nec
888 3136 956 3192 ab
997 3136 1330 3193 amicissimo
1361 3136 1488 3192 olim
1532 3135 1729 3192 Ruﬁno
1758 3138 1975 3208 impune
2014 3150 2074 3192 se

2160 622 2229 677 ad
2265 621 2586 693 Prospernm
2624 629 2679 676 et
2711 619 2973 675 Hilarium
3018 621 3230 676 abunde
3269 624 3436 692 possit
3463 624 3766 694 cognosci,

2163 725 2340 771 tamen
2370 717 2520 785 et?‘_in
2562 714 2776 771 scriniis
2808 715 3191 770 ecclesiasticis
3237 731 3491 786 expressa
3524 718 3768 788 capitula

2160 808 2523 872 continentur,
2563 825 2583 860 ι
2617 816 2723 863 etc.
2771 807 3207 876 Qnoprzrconin
3257 811 3424 865 saneti
3472 811 3768 882 Augustini

2164 901 2467 956 doctrinam
2503 900 2755 956 Ecclesia:
2784 901 3089 955 doctrinam
3125 903 3441 957 declaravit.
3471 903 3770 959 Reeentio-

2132 1013 2135 1015 ν
2165 1010 2253 1052 res
2283 1005 2458 1051 tamen
2493 1009 2677 1066 parum
2709 995 2832 1051 inde
2857 995 3113 1065 ponderis
3144 995 3546 1066 Angustinianaa
3575 1006 3770 1053 aucto-

2164 1092 2313 1148 ritati
2362 1090 2516 1161 adjici
2570 1095 2796 1160 putant,
2826 1091 3120 1161 pravisque
3159 1093 3590 1148 restrictionibus
3619 1093 3766 1148 Hor-

2173 1183 2360 1242 misdae
2387 1184 2754 1240 testimonium
2787 1183 3040 1239 limitant.
3071 1186 3333 1253 Annatns,
3365 1184 3459 1239 lib.
3489 1200 3613 1246 vni.
3639 1200 3767 1254 cap.

2166 1283 2221 1348 6,
2256 1283 2331 1338 ait
2357 1300 2368 1335 :
2402 1300 2422 1334 ‹
2460 1281 2749 1351 Postquam
2772 1279 2913 1333 enim
2944 1279 3211 1333 mittimur
3234 1280 3300 1333 ad
3324 1279 3491 1334 libros
3510 1280 3586 1334 de
3614 1280 3767 1335 Bono

2171 1375 2593 1447 perseverantia.
2622 1383 2677 1429 et
2698 1373 2766 1430 de
2788 1373 3272 1428 Praedestinatione
3302 1384 3642 1438 sanctorum,
3674 1374 3764 1440 qni

2167 1469 2352 1539 scripti
2387 1479 2510 1523 sunt
2547 1469 2612 1523 ad
2644 1468 2968 1537 Prospernm
2997 1477 3053 1522 et
3092 1467 3352 1522 Hilarium
3377 1509 3392 1533 ,
3441 1467 3548 1522 hoc
3598 1482 3762 1521 unum

2169 1573 2360 1634 putare
2389 1563 2670 1630 debemus,
2717 1563 2990 1632 pertinere
3014 1561 3078 1615 ad
3119 1561 3416 1615 Romanam
3449 1572 3499 1615 et
3533 1562 3763 1614 catholi-

2164 1670 2284 1712 cam
2311 1655 2494 1720 ﬁdem,
2514 1653 2656 1724 quod
2679 1655 3006 1723 Augustinus
3025 1653 3252 1707 intendit
3273 1653 3396 1706 totis
3428 1653 3534 1706 illis
3553 1652 3724 1707 libris.
3741 1671 3758 1703 ι

2171 1747 2335 1804 Addit
2381 1747 2490 1803 duo
2535 1744 2730 1802 ibidem
2780 1753 2982 1802 tantum
3028 1746 3266 1815 intendi,
3295 1745 3505 1800 initium
3556 1745 3674 1801 ﬁdei
3705 1754 3762 1800 et

2165 1859 2334 1914 usque
2361 1843 2414 1898 in
2457 1843 2617 1897 finem
2671 1840 3128 1911 perseverantiam
3169 1841 3222 1896 in
3270 1842 3414 1896 bono
3455 1855 3581 1897 esse
3620 1841 3761 1896 dona

2167 1940 2284 1995 Dei.
2309 1937 2442 1992 Hinc
2467 1936 2740 1993 concludit
2764 1951 2881 2005 pag.
2908 1936 3014 1990 905
3044 1952 3059 1990 :
3094 1953 3114 1988 ι
3152 1935 3291 2007 Ergo
3317 1936 3408 2006 qui
3446 1949 3547 1991 nos
3575 1935 3641 1989 ad
3667 1935 3760 1990 hos

2166 2035 2333 2089 libros
2359 2033 2522 2088 mittit
2550 2046 2794 2087 summus
2825 2031 3062 2102 pontifex
3093 2031 3372 2085 audituros
3399 2031 3532 2098 quid
3568 2029 3758 2084 Horita-

2167 2141 2258 2192 na,
2284 2125 2386 2181 hoc
2415 2138 2498 2181 eat
2523 2125 2786 2180 catholica
2816 2124 3008 2179 doceat
3043 2124 3283 2180 Ecclesia
3316 2124 3384 2180 de
3409 2123 3586 2194 gratia
3615 2133 3670 2178 et
3699 2124 3758 2177 li-

2171 2221 2300 2274 bero
2331 2219 2569 2285 arbitrio,
2601 2219 2812 2273 discere
2843 2233 2940 2273 nos
2966 2217 3300 2287 hoc'itantum
3328 2217 3503 2287 jubet.
3542 2216 3687 2286 Ergo
3714 2218 3756 2270 si

2168 2327 2290 2381 quae
2334 2312 2438 2365 alia
2488 2311 2882 2375 intercurrant,
2933 2310 3061 2365 dum
3111 2297 3661 2364 haec/confirmantur
3704 2309 3761 2363 ab

2171 2408 2493 2477 Augustino,
2543 2418 2644 2460 nec
2692 2404 2925 2459 habeant
2973 2404 3329 2459 necessariam
3371 2402 3761 2457 connexionem

2170 2515 2291 2555 cum
2320 2499 2386 2553 iis
2412 2513 2536 2567 quae
2569 2498 2908 2565 potissimum
2942 2497 3308 2562 intenduntur,
3345 2510 3454 2551 non
3485 2505 3578 2552 est
3619 2509 3761 2551 men-

2173 2597 2244 2652 tis
2265 2597 2535 2666 pontilicis
2551 2605 2612 2652 ut
2630 2597 2712 2652 eis
2733 2596 2958 2651 firmiter
2979 2596 3370 2659 adhaereamus,
3397 2594 3442 2649 si
3465 2592 3610 2648 nihil
3632 2592 3763 2647 aliud

2174 2690 2338 2757 cogit,
2387 2689 2510 2759 quia
2561 2703 2658 2745 nec
2701 2697 2785 2743 est
2831 2689 3025 2743 mentis
3067 2689 3345 2756 ipsinsmet
3397 2685 3710 2757 Augustini.
3746 2704 3762 2737 ι

2178 2781 2377 2836 Verum
2411 2781 2674 2837 invidiosa
2703 2796 2766 2835 ac
2796 2789 3125 2851 prapostera
3165 2795 3384 2848 prorsus
3415 2780 3536 2834 haec
3567 2779 3767 2851 glosse-

2175 2885 2316 2930 mata
2342 2884 2483 2930 sunt.
2511 2875 2642 2943 Quis
2663 2874 2804 2930 enim
2831 2875 3037 2929 nesciat
3057 2873 3223 2928 libros
3251 2872 3435 2928 Fausti
3461 2871 3736 2941 praecipue
3753 2913 3766 2935 ,

2177 2967 2287 3022 imo
2334 2968 2491 3022 unice
2535 2968 2765 3037 scriptos
2819 2975 3008 3022 contra
3067 2964 3600 3033 prmdestinationem
3658 2974 3769 3020 ante
3813 2951 3818 2955 ’

2179 3063 2368 3115 merita
2398 3059 2649 3129 praevisa,
2681 3067 2828 3113 totus
2875 3058 3019 3112 enim
3052 3058 3108 3111 in
3141 3072 3206 3111 eo
3237 3066 3319 3112 est
3363 3066 3420 3110 ut
3455 3056 3635 3110 sancti
3668 3056 3768 3109 Au-

2181 3155 2380 3226 gustini
2412 3153 2735 3209 sententiam
2763 3151 3026 3206 confutet.
3075 3151 3210 3205 Hinc
3256 3149 3448 3205 Petrus
3485 3148 3770 3215 Diaconos,

485 3229 572 3285 vel
603 3230 886 3284 minimum
934 3230 1220 3301 pcrstringi
1272 3244 1460 3300 passus
1488 3240 1595 3296 est,
1629 3231 1723 3286 scd
1755 3231 1918 3286 editis
1950 3246 2072 3300 apo-

2183 3252 2233 3306 in
2269 3250 2373 3304 fine
2398 3249 2517 3304 libri
2548 3249 2616 3304 de
2641 3246 3016 3302 Incarnatione
3045 3253 3100 3300 et
3125 3245 3317 3315 gratia,
3345 3243 3537 3298 scribit
3569 3257 3629 3297 se
3659 3256 3769 3296 cum

486 3322 646 3392 logiis
674 3322 849 3377 illatas
882 3337 1119 3394 quasque
1155 3321 1455 3379 calumnias
1495 3323 1846 3393 propulsavit.
1892 3322 2073 3395 Itaque

485 3436 613 3480 cum
644 3421 1006 3492 Hieronymus
1028 3422 1082 3476 in
1111 3422 1216 3477 hoc
1235 3421 1409 3478 stadio
1439 3422 1746 3492 lampadem
1775 3424 2078 3492 Augustino

487 3512 804 3582 tradiderit,
858 3515 927 3569 ab
974 3514 1080 3568 isto
1129 3527 1342 3585 quoque
1396 3513 1554 3572 unice
1600 3514 1784 3570 lumen
1838 3515 2076 3571 Ecclesia

488 3609 718 3680 accepit,
776 3623 886 3680 quo
923 3607 1110 3664 orbem
1150 3607 1476 3663 catholicum
1517 3607 1833 3665 illustraret.
1882 3607 1959 3663 Ex
1993 3607 2079 3666 his

488 3712 636 3776 patet
676 3703 839 3760 etiam
877 3717 1071 3758 vanam
1116 3715 1240 3757 esse
1287 3700 1435 3756 illam
1487 3700 1729 3758 Horainii
1783 3716 1972 3758 vocem
2021 3703 2078 3756 in

491 3797 809 3869 prmfatione
837 3799 904 3853 ad
933 3796 1302 3853 orthodoxos:
1333 3813 1352 3847 ς
1387 3795 1529 3862 Quid
1584 3796 1653 3856 de
1714 3795 2079 3867 Hieronymo?

491 3893 681 3952 Eritne
707 3894 869 3952 etiam
891 3891 984 3949 ille
1007 3893 1297 3964 Augustini
1328 3890 1650 3961 discipulus,
1681 3892 1766 3944 vel
1798 3890 1867 3946 de
1901 3895 2080 3959 Ange-

489 3985 558 4045 lis
583 3983 966 4044 inferioribus?
987 4002 1008 4037 ι
1035 3984 1154 4042 Non
1181 3984 1478 4055 discipulus
1502 3983 1794 4053 Augustini
1831 3982 1954 4049 fuit,
1981 3983 2078 4038 sed

491 4077 647 4133 initio
688 4077 1002 4133 certaminis
1057 4078 1374 4144 commilito,
1425 4076 1552 4133 dein
1599 4075 1747 4132 domi
1797 4073 2081 4146 quiescens

492 4170 970 4240 Augustinensium
997 4171 1306 4240 praeliorum
1328 4185 1391 4226 ac
1409 4171 1754 4228 victoriarum
1785 4171 2081 4227 admirator

491 4268 721 4334 exstitit,
767 4274 882 4323 toto
921 4267 1048 4323 belli
1079 4281 1249 4323 onere
1288 4268 1342 4322 in
1390 4267 1754 4337 Augustinum
1807 4266 2079 4322 devoluto.

497 4358 746 4416 Gelasius
778 4357 994 4426 quidem
1023 4357 1409 4428 Hieronymum
1442 4373 1594 4427 aeque
1621 4372 1684 4412 ac
1725 4358 2080 4428 Augustinum

497 4449 705 4517 laudat,
754 4449 898 4519 quod
925 4448 1131 4506 Seneca
1163 4449 1255 4506 ille
1282 4449 1571 4508 haereticus
1593 4459 1880 4520 utrumque
1919 4450 2084 4506 male-

496 4543 621 4600 dico
675 4541 840 4600 dente
891 4541 1271 4610 proscindebat
1325 4561 1337 4596 :
1377 4544 1537 4600 sicuti
1591 4558 1714 4600 cum
1754 4543 2082 4601 leestinns

2179 3342 2458 3399 monachis
2482 3340 2644 3396 sociis
2669 3339 3122 3394 anathematizare
3156 3355 3175 3390 ‹
3208 3337 3376 3392 libros
3410 3335 3600 3390 Fausti
3657 3333 3768 3390 Gal-

2181 3435 2369 3490 liarum
2397 3432 2666 3503 episcopi,
2699 3431 2789 3500 qui
2817 3430 2887 3484 de
2917 3427 3250 3484 monasterio
3278 3427 3555 3482 Lirinensi
3589 3441 3769 3496 prove-

2183 3534 2302 3581 ctus
2355 3533 2456 3590 est,
2501 3536 2635 3594 quos
2679 3531 2865 3577 contra
2913 3519 3405 3591 praedestinationis
3451 3519 3768 3576 sententiam

2181 3618 2412 3686 scriptos
2441 3631 2561 3672 esse
2591 3631 2698 3670 non
2742 3625 2826 3671 est
2869 3615 3113 3670 dubium.
3154 3631 3172 3666 ι
3207 3612 3385 3679 Quare
3409 3654 3424 3677 ,
3465 3627 3593 3667 cum
3645 3612 3766 3667 Hor-

2183 3712 2390 3768 misdas
2424 3711 2608 3766 Fausti
2637 3725 2778 3779 opus
2799 3709 3077 3780 reprobct,
3105 3723 3169 3764 ac
3193 3723 3225 3766 e
3248 3716 3434 3763 contra
3458 3707 3638 3761 sancti
3667 3707 3764 3760 Au-

2181 3807 2383 3878 gustini
2415 3806 2583 3861 libros
2629 3803 2885 3875 legendos
2931 3803 3167 3860 inculcet
3194 3845 3208 3870 ,
3242 3801 3570 3858 sententiam
3611 3801 3765 3855 sancti

2185 3901 2464 3970 Augustini
2492 3900 2560 3954 de
2588 3901 2820 3969 gratuita
2869 3897 3348 3968 praedestinatione
3386 3896 3494 3951 illis
3531 3898 3584 3951 in
3632 3897 3764 3952 libris

2181 4000 2446 4050 assertam
2479 3989 2690 4058 probat,
2711 4003 2873 4057 quam
2897 3997 3075 4043 tamen
3109 3989 3251 4042 inter
3275 3986 3572 4056 adiaphora
3603 3988 3764 4040 Anna-

2183 4093 2273 4138 tus
2299 4081 2491 4150 reiicit.
2519 4081 2792 4149 Heprobat
2813 4079 3056 4148 pontifex
3083 4079 3266 4134 Fausti
3299 4079 3466 4134 libros
3490 4079 3762 4146 inscriptos

2182 4175 2254 4229 de
2283 4175 2465 4229 Gratia
2495 4182 2550 4226 et
2575 4173 2746 4227 libero
2793 4173 3015 4228 arbitrio
3041 4190 3054 4238 ;
3090 4172 3351 4243 approbat
3383 4188 3519 4227 vero
3567 4187 3630 4228 ea
3660 4186 3761 4242 quae

2183 4267 2253 4322 de
2283 4267 2372 4321 illa
2400 4266 2628 4323 materia
2656 4265 2845 4322 scribit
2875 4265 3226 4336 Augustinus,
3253 4266 3530 4335 praecipue
3561 4266 3627 4320 ad
3650 4265 3761 4320 PN-

2183 4374 2401 4428 sperum
2449 4368 2506 4414 et
2549 4359 2832 4414 Hilarium.
2877 4360 3062 4430 Itaque
3116 4375 3450 4430 quaecunque
3493 4361 3674 4416 theses
3709 4359 3763 4414 de

2185 4453 2354 4523 gratia
2384 4459 2438 4507 et
2470 4451 2640 4507 libero
2670 4451 2896 4507 arbitrio
2923 4451 3112 4520 positae
3159 4461 3286 4507 sunt
3332 4452 3402 4504 ab
3443 4453 3761 4522 Augustino,

2187 4547 2384 4616 quibus
2413 4545 2750 4600 adversarias
2777 4546 3030 4614 opposuit
3059 4544 3307 4607 Faustus,
3337 4545 3458 4599 illas
3479 4561 3509 4599 a
3538 4545 3760 4601 Romana

495 4635 746 4694 Pontifex
782 4650 948 4692 unum
981 4634 1340 4707 Augustinum
1377 4644 1564 4693 contra
1595 4636 2080 4709 Semi-Pelagiano-
2105 4625 2158 4684 Ι)
2191 4638 2431 4696 Ecclesia
2461 4638 2665 4692 servari
2709 4651 2775 4692 ac
2815 4637 3034 4693 defendi
3066 4639 3224 4692 tradit
3263 4639 3610 4694 Hormisdas.
3645 4640 3765 4695 Sane

497 4742 621 4784 rum
668 4735 890 4783 conatus
939 4727 1253 4784 nominatim
1283 4725 1543 4794 defendit,
1605 4743 1768 4783 unum
1815 4728 1965 4784 illum
2013 4729 2080 4785 ab

498 4820 688 4880 iisdem
734 4820 896 4877 fuisse
935 4820 1234 4890 impetitum
1284 4821 1655 4890 intelligimus,
1687 4837 1793 4878 non
1822 4836 1950 4880 vero
1977 4838 2078 4878 una

497 4934 619 4974 cmn
649 4915 996 4984 Hieronymo,
1045 4923 1103 4971 ut
1131 4919 1372 4972 Annatus
1401 4915 1925 4972 comminiscebatur.
1956 4915 2078 4974 Ca:-

500 5020 670 5063 terunt
716 5007 960 5062 Gelasius
998 5021 1060 5062 ea
1107 5006 1163 5061 in
1209 5007 1438 5076 epistola
1467 5009 1640 5063 sancti
1673 5007 1958 5078 Augustini
1988 5023 2078 5064 so.

495 5100 600 5156 lins
622 5099 924 5158 doctrinam
947 5109 1110 5172 atque
1135 5100 1404 5170 dogmata,
1432 5109 1487 5158 et
1507 5100 1724 5171 quidem
1744 5116 1866 5170 quas
1889 5116 2080 5160 recen-

497 5193 722 5250 tioribus
751 5193 975 5250 minime
1017 5191 1345 5262 probantur,
1397 5193 1532 5248 adeo
1576 5193 1861 5262 perspicue
1891 5194 2074 5258 tradit,

495 5301 552 5341 tll.
573 5299 698 5340 vere
721 5284 983 5342 dicendus
1014 5286 1085 5342 sit
1110 5299 1206 5357 per
1237 5287 1409 5342 omnia
1453 5285 1884 5357 Augustisisnua,
1918 5285 2080 5358 idque

497 5375 747 5448 superius
772 5376 1076 5436 luculenter
1097 5392 1129 5433 a
1149 5379 1306 5436 nobis
1333 5379 1614 5448 probatum
1648 5388 1751 5436 est.

566 5466 816 5524 Succedit
847 5468 939 5524 “bis
985 5481 1203 5528 sanctus
1255 5468 1570 5528 Hormisdas
1618 5485 1786 5540 papa,
1838 5470 1930 5540 qui
1958 5511 1975 5539 ,
2007 5463 2086 5528 ιιίὶ

497 5565 594 5623 lib.
626 5580 659 5619 ιι
685 5564 932 5622 Historiae
956 5567 1161 5636 Pelag.,
1191 5583 1311 5639 cap.
1344 5569 1433 5636 19,
1463 5570 1820 5638 narravimus,
1845 5570 1915 5628 de
1935 5571 2087 5629 libris

501 5658 686 5715 Fausti
711 5655 958 5727 liejensis
979 5674 1008 5712 a
1041 5657 1360 5719 Possessore
1389 5661 1643 5731 episcopo
1664 5651 1967 5728 consultus,
1999 5665 2087 5719 ubi

503 5752 604 5808 bos
632 5751 700 5807 ab
728 5751 972 5809 Ecclesia
999 5750 1221 5810 minime
1250 5760 1496 5823 receptos
1522 5755 1819 5826 respondit,
1843 5756 1962 5814 haec
1989 5757 2084 5812 ad-

503 5844 640 5910 didit
667 5864 678 5904 :
709 5865 728 5905 ι
769 5847 846 5914 De
873 5845 1096 5914 arbitrio
1127 5853 1305 5910 tamen
1345 5846 1518 5908 libero
1545 5855 1600 5906 et
1634 5849 1806 5922 gratia
1835 5848 1928 5907 Dei
1962 5849 2088 5923 quid

2187 4733 2442 4788 invidiam
2496 4730 2704 4787 redolet
2746 4732 3058 4799 maximam,
3113 4741 3222 4786 tam
3263 4733 3503 4802 amplum
3547 4735 3767 4789 testimo-

2188 4827 2336 4881 nium
2365 4824 2432 4879 ad
2462 4825 2570 4879 duo
2595 4830 2803 4878 tantum
2857 4824 3004 4879 dicta
3045 4826 3332 4879 coarctari.
3380 4825 3489 4880 Sed
3547 4825 3768 4894 pontifex

2187 4936 2294 4974 non
2325 4918 2444 4973 illos
2469 4916 2606 4972 duos
2635 4925 2843 4970 tantum
2893 4915 3058 4971 libros
3104 4916 3386 4985 Augustini
3435 4917 3657 4981 laudat,
3681 4915 3762 4971 sed

2192 5025 2381 5067 natos
2411 5006 2696 5078 Augustini
2741 5006 2942 5072 libros,
2987 5008 3252 5076 praecipue
3279 5022 3410 5061 vero
3448 5008 3517 5062 ad
3561 5008 3768 5077 Prospe-

2189 5117 2308 5159 rum
2339 5110 2394 5157 et
2425 5100 2692 5155 Hilarium
2721 5099 2878 5154 datos
2900 5099 3154 5168 appellat.
3186 5097 3339 5153 Unde
3367 5098 3571 5153 ibidem
3593 5103 3770 5155 citem

2188 5198 2349 5252 etiam
2400 5195 2674 5251 volumina
2735 5193 3016 5264 Augustini
3065 5193 3478 5262 approbantur;
3526 5191 3769 5262 quidquid

2192 5289 2356 5358 igitur
2387 5288 2440 5344 in
2475 5286 2582 5342 illis
2613 5285 2772 5342 docet
2799 5285 2868 5340 de
2889 5284 3060 5356 gratia
3089 5293 3146 5340 et
3170 5284 3345 5339 libero
3373 5285 3635 5349 arbitrio,
3662 5283 3770 5346 huc,

2191 5390 2326 5438 teste
2358 5379 2664 5448 llormisda,
2687 5377 2928 5433 Romana
2951 5376 3195 5446 sequitur
3223 5384 3278 5430 et
3304 5386 3492 5432 servat
3515 5375 3763 5431 Ecclesia.

2192 5476 2433 5531 Annatns
2457 5486 2608 5540 vero,
2638 5471 2790 5541 quasi
2815 5469 3070 5539 particula
3096 5468 3184 5522 illa
3207 5469 3430 5523 maxime
3455 5468 3602 5523 idem
3639 5473 3768 5522 esset

2193 5582 2258 5626 ac
2301 5565 2604 5623 restrictiva
2653 5563 2862 5630 solum,
2909 5561 3044 5618 duas
3080 5570 3284 5616 tantum
3333 5563 3510 5616 sancti
3549 5557 3768 5615 doctoris

2189 5660 2508 5725 sententias,
2539 5670 2672 5728 quas
2705 5656 2976 5726 praecipue
3021 5653 3228 5710 stabilit
3256 5656 3308 5709 in
3349 5654 3504 5709 libris
3534 5653 3603 5708 de
3635 5651 3765 5707 Pras-

2192 5751 2552 5809 destinatione
2583 5757 2890 5804 sanctorum
2922 5758 2975 5805 et
3002 5748 3070 5803 de
3117 5748 3267 5803 Dono
3321 5745 3754 5816 perseveranti-2,

2195 5847 2261 5902 ab
2293 5843 2576 5904 llormisda
2600 5843 2950 5901 confirmatas
2971 5843 3142 5916 tingit.
3171 5842 3286 5898 Non
3310 5841 3385 5899 ita
3410 5851 3516 5917 est,
3543 5840 3752 5903 Annals,
