  <div class='ocr_page' id='page_1' title='image "/cluster/home/n/w/nwhite01/storage/ocr_20150623/47/hvd.32044015471527/404.png"; bbox 0 0 3962 6346; ppageno 0'>
   <div class='ocr_carea' id='block_1_1' title="bbox 167 401 273 457">
    <p class='ocr_par' dir='ltr' id='par_1_1' title="bbox 167 401 273 457">
     <span class='ocr_line' id='line_1_1' title="bbox 167 401 273 457; baseline -0.019 0"><span class='ocrx_word' id='word_1_1' title='bbox 167 401 273 457; x_wconf 83' lang='grc'><strong>797</strong></span> 
     </span>
    </p>
   </div>
   <div class='ocr_carea' id='block_1_2' title="bbox 1345 393 2266 460">
    <p class='ocr_par' dir='ltr' id='par_1_2' title="bbox 1345 393 2266 460">
     <span class='ocr_line' id='line_1_2' title="bbox 1345 393 2266 460; baseline -0.003 -2"><span class='ocrx_word' id='word_1_2' title='bbox 1345 397 1665 460; x_wconf 68' lang='grc' dir='ltr'><strong>νΙΝῐὶΙΟΙίΕ</strong></span> <span class='ocrx_word' id='word_1_3' title='bbox 1707 393 2266 457; x_wconf 67' lang='grc' dir='ltr'><strong>ΑυρυετιΝΙΑΝιΕ.</strong></span> 
     </span>
    </p>
   </div>
   <div class='ocr_carea' id='block_1_3' title="bbox 3341 393 3450 458">
    <p class='ocr_par' dir='ltr' id='par_1_3' title="bbox 3341 393 3450 458">
     <span class='ocr_line' id='line_1_3' title="bbox 3341 393 3450 458; baseline 0 -1"><span class='ocrx_word' id='word_1_4' title='bbox 3341 393 3450 458; x_wconf 81' lang='grc'><strong>’198</strong></span> 
     </span>
    </p>
   </div>
   <div class='ocr_carea' id='block_1_4' title="bbox 167 517 3453 594">
    <p class='ocr_par' dir='ltr' id='par_1_4' title="bbox 167 517 3453 594">
     <span class='ocr_line' id='line_1_4' title="bbox 167 517 3453 594; baseline -0.002 -13"><span class='ocrx_word' id='word_1_5' title='bbox 167 539 280 581; x_wconf 91' lang='lat' dir='ltr'><strong>non</strong></span> <span class='ocrx_word' id='word_1_6' title='bbox 311 524 402 591; x_wconf 90' lang='lat' dir='ltr'><strong>ita,</strong></span> <span class='ocrx_word' id='word_1_7' title='bbox 428 531 624 594; x_wconf 81' lang='lat' dir='ltr'><strong>praeter</strong></span> <span class='ocrx_word' id='word_1_8' title='bbox 651 520 704 577; x_wconf 99' lang='lat' dir='ltr'><strong>id</strong></span> <span class='ocrx_word' id='word_1_9' title='bbox 733 520 876 592; x_wconf 89' lang='lat' dir='ltr'><strong>quod</strong></span> <span class='ocrx_word' id='word_1_10' title='bbox 904 518 957 576; x_wconf 90' lang='lat' dir='ltr'><strong>in</strong></span> <span class='ocrx_word' id='word_1_11' title='bbox 989 517 1093 576; x_wconf 83' lang='lat' dir='ltr'><strong>illis</strong></span> <span class='ocrx_word' id='word_1_12' title='bbox 1117 520 1326 577; x_wconf 89' lang='lat' dir='ltr'><strong>duobus</strong></span> <span class='ocrx_word' id='word_1_13' title='bbox 1349 519 1521 589; x_wconf 80' lang='lat' dir='ltr'><strong>libris,</strong></span> <span class='ocrx_word' id='word_1_14' title='bbox 1545 521 1601 576; x_wconf 92' lang='lat' dir='ltr'><strong>in</strong></span> <span class='ocrx_word' id='word_1_15' title='bbox 1627 523 1753 576; x_wconf 87' lang='lat' dir='ltr'><strong>aliis</strong></span> <span class='ocrx_word' id='word_1_16' title='bbox 1790 520 1841 584; x_wconf 76' lang='grc' dir='ltr'>Α</span> <span class='ocrx_word' id='word_1_17' title='bbox 1865 520 2002 577; x_wconf 85' lang='lat' dir='ltr'><strong>lecta</strong></span> <span class='ocrx_word' id='word_1_18' title='bbox 2033 523 2347 590; x_wconf 82' lang='lat' dir='ltr'><strong>reperisset,</strong></span> <span class='ocrx_word' id='word_1_19' title='bbox 2383 518 2539 577; x_wconf 88' lang='lat' dir='ltr'><strong>novis</strong></span> <span class='ocrx_word' id='word_1_20' title='bbox 2569 534 2640 577; x_wconf 88' lang='lat' dir='ltr'><strong>ex</strong></span> <span class='ocrx_word' id='word_1_21' title='bbox 2668 517 3061 591; x_wconf 83' lang='lat' dir='ltr'><strong>Augustiniano</strong></span> <span class='ocrx_word' id='word_1_22' title='bbox 3086 518 3342 576; x_wconf 78' lang='lat' dir='ltr'><strong>thesauro</strong></span> <span class='ocrx_word' id='word_1_23' title='bbox 3367 519 3453 576; x_wconf 90' lang='lat' dir='ltr'><strong>di-</strong></span> 
     </span>
    </p>
   </div>
   <div class='ocr_carea' id='block_1_5' title="bbox 167 613 1758 688">
    <p class='ocr_par' dir='ltr' id='par_1_5' title="bbox 167 613 1758 688">
     <span class='ocr_line' id='line_1_5' title="bbox 167 613 1758 688; baseline -0.003 -16"><span class='ocrx_word' id='word_1_24' title='bbox 167 631 388 688; x_wconf 87' lang='lat' dir='ltr'><strong>quoque</strong></span> <span class='ocrx_word' id='word_1_25' title='bbox 445 631 623 671; x_wconf 64' lang='lat' dir='ltr'><strong>vanus</strong></span> <span class='ocrx_word' id='word_1_26' title='bbox 671 629 839 671; x_wconf 78' lang='lat' dir='ltr'><strong>LIBBIS</strong></span> <span class='ocrx_word' id='word_1_27' title='bbox 887 613 955 669; x_wconf 91' lang='lat' dir='ltr'><strong>de</strong></span> <span class='ocrx_word' id='word_1_28' title='bbox 1000 613 1186 670; x_wconf 90' lang='lat' dir='ltr'><strong>Gratia</strong></span> <span class='ocrx_word' id='word_1_29' title='bbox 1227 621 1282 669; x_wconf 89' lang='lat' dir='ltr'><strong>et</strong></span> <span class='ocrx_word' id='word_1_30' title='bbox 1324 613 1494 669; x_wconf 88' lang='lat' dir='ltr'><strong>libero</strong></span> <span class='ocrx_word' id='word_1_31' title='bbox 1532 613 1758 668; x_wconf 88' lang='lat' dir='ltr'><strong>arbitrio</strong></span> 
     </span>
    </p>
   </div>
   <div class='ocr_carea' id='block_1_6' title="bbox 106 699 1759 779">
    <p class='ocr_par' dir='ltr' id='par_1_6' title="bbox 106 699 1759 779">
     <span class='ocr_line' id='line_1_6' title="bbox 106 699 1759 779; baseline -0.003 -14"><span class='ocrx_word' id='word_1_32' title='bbox 106 699 110 702; x_wconf 18' lang='grc' dir='ltr'><em>Α</em></span> <span class='ocrx_word' id='word_1_33' title='bbox 167 707 512 779; x_wconf 81' lang='lat' dir='ltr'><strong>Augustinus.</strong></span> <span class='ocrx_word' id='word_1_34' title='bbox 533 705 791 776; x_wconf 88' lang='lat' dir='ltr'><strong>scripsit,</strong></span> <span class='ocrx_word' id='word_1_35' title='bbox 842 703 944 761; x_wconf 87' lang='lat' dir='ltr'><strong>hoc</strong></span> <span class='ocrx_word' id='word_1_36' title='bbox 987 713 1157 760; x_wconf 88' lang='lat' dir='ltr'><strong>totum</strong></span> <span class='ocrx_word' id='word_1_37' title='bbox 1207 703 1460 758; x_wconf 83' lang='lat' dir='ltr'><strong>Romanae</strong></span> <span class='ocrx_word' id='word_1_38' title='bbox 1500 704 1759 760; x_wconf 83' lang='lat' dir='ltr'><strong>Ecclesiae</strong></span> 
     </span>
    </p>
   </div>
   <div class='ocr_carea' id='block_1_7' title="bbox 168 802 450 872">
    <p class='ocr_par' dir='ltr' id='par_1_7' title="bbox 168 802 450 872">
     <span class='ocr_line' id='line_1_7' title="bbox 168 802 450 872; baseline 0 -13"><span class='ocrx_word' id='word_1_39' title='bbox 168 802 450 872; x_wconf 81' lang='lat' dir='ltr'><strong>probatur.</strong></span> 
     </span>
    </p>
   </div>
   <div class='ocr_carea' id='block_1_8' title="bbox 244 891 1760 951">
    <p class='ocr_par' dir='ltr' id='par_1_8' title="bbox 244 891 1760 951">
     <span class='ocr_line' id='line_1_8' title="bbox 244 891 1760 951; baseline -0.003 0"><span class='ocrx_word' id='word_1_40' title='bbox 244 894 364 951; x_wconf 87' lang='lat' dir='ltr'><strong>Alia</strong></span> <span class='ocrx_word' id='word_1_41' title='bbox 386 894 472 950; x_wconf 90' lang='lat' dir='ltr'><strong>via</strong></span> <span class='ocrx_word' id='word_1_42' title='bbox 516 902 700 950; x_wconf 88' lang='lat' dir='ltr'><strong>contra</strong></span> <span class='ocrx_word' id='word_1_43' title='bbox 737 893 1038 949; x_wconf 84' lang='lat' dir='ltr'><strong>Hormisdae</strong></span> <span class='ocrx_word' id='word_1_44' title='bbox 1069 893 1435 950; x_wconf 87' lang='lat' dir='ltr'><strong>testimonium</strong></span> <span class='ocrx_word' id='word_1_45' title='bbox 1464 891 1616 948; x_wconf 80' lang='lat' dir='ltr'><strong>vadit</strong></span> <span class='ocrx_word' id='word_1_46' title='bbox 1657 891 1760 948; x_wconf 89' lang='lat' dir='ltr'><strong>De-</strong></span> 
     </span>
    </p>
   </div>
   <div class='ocr_carea' id='block_1_9' title="bbox 165 984 1762 1062">
    <p class='ocr_par' dir='ltr' id='par_1_9' title="bbox 165 984 1762 1062">
     <span class='ocr_line' id='line_1_9' title="bbox 165 984 1762 1062; baseline -0.006 -16"><span class='ocrx_word' id='word_1_47' title='bbox 165 990 466 1062; x_wconf 86' lang='lat' dir='ltr'><strong>campsius,</strong></span> <span class='ocrx_word' id='word_1_48' title='bbox 501 987 592 1044; x_wconf 91' lang='lat' dir='ltr'><strong>lib.</strong></span> <span class='ocrx_word' id='word_1_49' title='bbox 629 1004 687 1044; x_wconf 83' lang='lat' dir='ltr'><strong>lli</strong></span> <span class='ocrx_word' id='word_1_50' title='bbox 713 988 780 1043; x_wconf 89' lang='lat' dir='ltr'><strong>de</strong></span> <span class='ocrx_word' id='word_1_51' title='bbox 812 986 955 1044; x_wconf 76' lang='lat' dir='ltr'><strong>Haer.</strong></span> <span class='ocrx_word' id='word_1_52' title='bbox 996 986 1168 1053; x_wconf 85' lang='lat' dir='ltr'><strong>Jans.,</strong></span> <span class='ocrx_word' id='word_1_53' title='bbox 1201 986 1399 1058; x_wconf 92' lang='lat' dir='ltr'><strong>dispul.</strong></span> <span class='ocrx_word' id='word_1_54' title='bbox 1448 988 1498 1051; x_wconf 87' lang='lat' dir='ltr'><strong>I,</strong></span> <span class='ocrx_word' id='word_1_55' title='bbox 1531 1000 1648 1054; x_wconf 94' lang='lat' dir='ltr'><strong>cap.</strong></span> <span class='ocrx_word' id='word_1_56' title='bbox 1693 984 1762 1050; x_wconf 72' lang='lat'><strong>4;</strong></span> 
     </span>
    </p>
   </div>
   <div class='ocr_carea' id='block_1_10' title="bbox 166 1079 1765 1150">
    <p class='ocr_par' dir='ltr' id='par_1_10' title="bbox 166 1079 1765 1150">
     <span class='ocr_line' id='line_1_10' title="bbox 166 1079 1765 1150; baseline -0.004 -11"><span class='ocrx_word' id='word_1_57' title='bbox 166 1097 296 1140; x_wconf 90' lang='lat' dir='ltr'><strong>nam</strong></span> <span class='ocrx_word' id='word_1_58' title='bbox 348 1097 469 1140; x_wconf 93' lang='lat' dir='ltr'><strong>cum</strong></span> <span class='ocrx_word' id='word_1_59' title='bbox 515 1081 832 1138; x_wconf 82' lang='lat' dir='ltr'><strong>Hormisdas</strong></span> <span class='ocrx_word' id='word_1_60' title='bbox 881 1080 1080 1137; x_wconf 81' lang='lat' dir='ltr'><strong>dixerit</strong></span> <span class='ocrx_word' id='word_1_61' title='bbox 1123 1080 1356 1150; x_wconf 89' lang='lat' dir='ltr'><strong>capitula</strong></span> <span class='ocrx_word' id='word_1_62' title='bbox 1406 1079 1649 1149; x_wconf 87' lang='lat' dir='ltr'><strong>quaedam</strong></span> <span class='ocrx_word' id='word_1_63' title='bbox 1699 1079 1765 1133; x_wconf 90' lang='lat' dir='ltr'><strong>de</strong></span> 
     </span>
    </p>
   </div>
   <div class='ocr_carea' id='block_1_11' title="bbox 165 1171 1768 1247">
    <p class='ocr_par' dir='ltr' id='par_1_11' title="bbox 165 1171 1768 1247">
     <span class='ocr_line' id='line_1_11' title="bbox 165 1171 1768 1247; baseline -0.003 -17"><span class='ocrx_word' id='word_1_64' title='bbox 165 1177 348 1247; x_wconf 89' lang='lat' dir='ltr'><strong>gratia</strong></span> <span class='ocrx_word' id='word_1_65' title='bbox 372 1184 425 1232; x_wconf 92' lang='lat' dir='ltr'><strong>et</strong></span> <span class='ocrx_word' id='word_1_66' title='bbox 455 1175 626 1232; x_wconf 90' lang='lat' dir='ltr'><strong>libero</strong></span> <span class='ocrx_word' id='word_1_67' title='bbox 656 1174 880 1230; x_wconf 90' lang='lat' dir='ltr'><strong>arbitrio</strong></span> <span class='ocrx_word' id='word_1_68' title='bbox 906 1175 959 1229; x_wconf 91' lang='lat' dir='ltr'><strong>in</strong></span> <span class='ocrx_word' id='word_1_69' title='bbox 988 1174 1201 1229; x_wconf 86' lang='lat' dir='ltr'><strong>scriniis</strong></span> <span class='ocrx_word' id='word_1_70' title='bbox 1231 1171 1608 1228; x_wconf 79' lang='lat' dir='ltr'><strong>ecclesiasticis</strong></span> <span class='ocrx_word' id='word_1_71' title='bbox 1637 1186 1768 1227; x_wconf 88' lang='lat' dir='ltr'><strong>con-</strong></span> 
     </span>
    </p>
   </div>
   <div class='ocr_carea' id='block_1_12' title="bbox 167 1265 1768 1341">
    <p class='ocr_par' dir='ltr' id='par_1_12' title="bbox 167 1265 1768 1341">
     <span class='ocr_line' id='line_1_12' title="bbox 167 1265 1768 1341; baseline -0.003 -16"><span class='ocrx_word' id='word_1_72' title='bbox 167 1271 335 1327; x_wconf 91' lang='lat' dir='ltr'><strong>tineri</strong></span> <span class='ocrx_word' id='word_1_73' title='bbox 355 1313 370 1339; x_wconf 90' lang='lat'><strong>,</strong></span> <span class='ocrx_word' id='word_1_74' title='bbox 406 1270 520 1326; x_wconf 77' lang='lat' dir='ltr'><strong>haec</strong></span> <span class='ocrx_word' id='word_1_75' title='bbox 548 1277 699 1341; x_wconf 86' lang='lat' dir='ltr'><strong>putat</strong></span> <span class='ocrx_word' id='word_1_76' title='bbox 726 1283 849 1325; x_wconf 83' lang='lat' dir='ltr'><strong>esse</strong></span> <span class='ocrx_word' id='word_1_77' title='bbox 878 1269 995 1324; x_wconf 90' lang='lat' dir='ltr'><strong>illas</strong></span> <span class='ocrx_word' id='word_1_78' title='bbox 1036 1267 1353 1333; x_wconf 84' lang='lat' dir='ltr'><strong>sententias,</strong></span> <span class='ocrx_word' id='word_1_79' title='bbox 1381 1282 1500 1336; x_wconf 78' lang='lat' dir='ltr'><strong>quae</strong></span> <span class='ocrx_word' id='word_1_80' title='bbox 1530 1265 1768 1336; x_wconf 85' lang='lat' dir='ltr'><strong>epistolae</strong></span> 
     </span>
    </p>
   </div>
   <div class='ocr_carea' id='block_1_13' title="bbox 179 1361 1770 1434">
    <p class='ocr_par' dir='ltr' id='par_1_13' title="bbox 179 1361 1770 1434">
     <span class='ocr_line' id='line_1_13' title="bbox 179 1361 1770 1434; baseline -0.005 -13"><span class='ocrx_word' id='word_1_81' title='bbox 179 1363 467 1421; x_wconf 78' lang='lat' dir='ltr'><strong>C(eIestini</strong></span> <span class='ocrx_word' id='word_1_82' title='bbox 503 1378 652 1434; x_wconf 72' lang='lat' dir='ltr'><strong>papae</strong></span> <span class='ocrx_word' id='word_1_83' title='bbox 679 1363 746 1418; x_wconf 86' lang='lat' dir='ltr'><strong>ad</strong></span> <span class='ocrx_word' id='word_1_84' title='bbox 789 1363 1073 1433; x_wconf 85' lang='lat' dir='ltr'><strong>episcopos</strong></span> <span class='ocrx_word' id='word_1_85' title='bbox 1103 1361 1289 1418; x_wconf 75' lang='lat' dir='ltr'><strong>Galliae</strong></span> <span class='ocrx_word' id='word_1_86' title='bbox 1329 1374 1552 1415; x_wconf 71' lang='lat' dir='ltr'><strong>annexa:</strong></span> <span class='ocrx_word' id='word_1_87' title='bbox 1585 1361 1770 1430; x_wconf 88' lang='lat' dir='ltr'><strong>legun-</strong></span> 
     </span>
    </p>
   </div>
   <div class='ocr_carea' id='block_1_14' title="bbox 174 1451 1772 1525">
    <p class='ocr_par' dir='ltr' id='par_1_14' title="bbox 174 1451 1772 1525">
     <span class='ocr_line' id='line_1_14' title="bbox 174 1451 1772 1525; baseline -0.004 -13"><span class='ocrx_word' id='word_1_88' title='bbox 174 1466 291 1512; x_wconf 85' lang='lat' dir='ltr'><strong>tur.</strong></span> <span class='ocrx_word' id='word_1_89' title='bbox 326 1457 492 1515; x_wconf 84' lang='lat' dir='ltr'><strong>Porro</strong></span> <span class='ocrx_word' id='word_1_90' title='bbox 526 1457 621 1511; x_wconf 89' lang='lat' dir='ltr'><strong>bas</strong></span> <span class='ocrx_word' id='word_1_91' title='bbox 671 1463 877 1510; x_wconf 88' lang='lat' dir='ltr'><strong>tantum</strong></span> <span class='ocrx_word' id='word_1_92' title='bbox 927 1470 992 1511; x_wconf 92' lang='lat' dir='ltr'><strong>ex</strong></span> <span class='ocrx_word' id='word_1_93' title='bbox 1033 1452 1440 1525; x_wconf 85' lang='lat' dir='ltr'><strong>Augustinianis</strong></span> <span class='ocrx_word' id='word_1_94' title='bbox 1469 1451 1620 1507; x_wconf 89' lang='lat' dir='ltr'><strong>libris</strong></span> <span class='ocrx_word' id='word_1_95' title='bbox 1650 1464 1772 1507; x_wconf 89' lang='lat' dir='ltr'><strong>esse</strong></span> 
     </span>
    </p>
   </div>
   <div class='ocr_carea' id='block_1_15' title="bbox 173 1545 1766 1619">
    <p class='ocr_par' dir='ltr' id='par_1_15' title="bbox 173 1545 1766 1619">
     <span class='ocr_line' id='line_1_15' title="bbox 173 1545 1766 1619; baseline -0.004 -16"><span class='ocrx_word' id='word_1_96' title='bbox 173 1549 440 1605; x_wconf 71' lang='lat' dir='ltr'><strong>Ecclesia:</strong></span> <span class='ocrx_word' id='word_1_97' title='bbox 463 1549 721 1604; x_wconf 76' lang='lat' dir='ltr'><strong>Romanae</strong></span> <span class='ocrx_word' id='word_1_98' title='bbox 745 1547 998 1619; x_wconf 86' lang='lat' dir='ltr'><strong>probatas</strong></span> <span class='ocrx_word' id='word_1_99' title='bbox 1026 1548 1241 1614; x_wconf 89' lang='lat' dir='ltr'><strong>scribit;</strong></span> <span class='ocrx_word' id='word_1_100' title='bbox 1274 1547 1391 1616; x_wconf 82' lang='lat' dir='ltr'><strong>ejus</strong></span> <span class='ocrx_word' id='word_1_101' title='bbox 1413 1545 1577 1602; x_wconf 90' lang='lat' dir='ltr'><strong>verba</strong></span> <span class='ocrx_word' id='word_1_102' title='bbox 1605 1555 1728 1600; x_wconf 90' lang='lat' dir='ltr'><strong>sunt</strong></span> <span class='ocrx_word' id='word_1_103' title='bbox 1752 1561 1766 1598; x_wconf 91' lang='lat'><strong>:</strong></span> 
     </span>
    </p>
   </div>
   <div class='ocr_carea' id='block_1_16' title="bbox 179 1636 1771 1712">
    <p class='ocr_par' dir='ltr' id='par_1_16' title="bbox 179 1636 1771 1712">
     <span class='ocr_line' id='line_1_16' title="bbox 179 1636 1771 1712; baseline -0.002 -18"><span class='ocrx_word' id='word_1_104' title='bbox 179 1660 201 1694; x_wconf 83' lang='grc'><strong><em>‹</em></strong></span> <span class='ocrx_word' id='word_1_105' title='bbox 241 1645 450 1699; x_wconf 87' lang='lat' dir='ltr'><strong>Asserit</strong></span> <span class='ocrx_word' id='word_1_106' title='bbox 492 1642 805 1698; x_wconf 83' lang='lat' dir='ltr'><strong>Hormisdas</strong></span> <span class='ocrx_word' id='word_1_107' title='bbox 850 1641 1102 1712; x_wconf 78' lang='lat' dir='ltr'><strong>cognosci</strong></span> <span class='ocrx_word' id='word_1_108' title='bbox 1145 1655 1210 1696; x_wconf 92' lang='lat' dir='ltr'><strong>ex</strong></span> <span class='ocrx_word' id='word_1_109' title='bbox 1267 1640 1435 1695; x_wconf 86' lang='lat' dir='ltr'><strong>sancti</strong></span> <span class='ocrx_word' id='word_1_110' title='bbox 1485 1636 1771 1707; x_wconf 75' lang='lat' dir='ltr'><strong>Augustini</strong></span> 
     </span>
    </p>
   </div>
   <div class='ocr_carea' id='block_1_17' title="bbox 176 1731 1773 1808">
    <p class='ocr_par' dir='ltr' id='par_1_17' title="bbox 176 1731 1773 1808">
     <span class='ocr_line' id='line_1_17' title="bbox 176 1731 1773 1808; baseline -0.004 -16"><span class='ocrx_word' id='word_1_111' title='bbox 176 1736 438 1808; x_wconf 88' lang='lat' dir='ltr'><strong>operibus</strong></span> <span class='ocrx_word' id='word_1_112' title='bbox 469 1748 629 1806; x_wconf 89' lang='lat' dir='ltr'><strong>posse</strong></span> <span class='ocrx_word' id='word_1_113' title='bbox 649 1735 779 1807; x_wconf 90' lang='lat' dir='ltr'><strong>quid</strong></span> <span class='ocrx_word' id='word_1_114' title='bbox 821 1735 889 1791; x_wconf 91' lang='lat' dir='ltr'><strong>de</strong></span> <span class='ocrx_word' id='word_1_115' title='bbox 924 1735 1092 1804; x_wconf 88' lang='lat' dir='ltr'><strong>gratia</strong></span> <span class='ocrx_word' id='word_1_116' title='bbox 1121 1741 1172 1789; x_wconf 90' lang='lat' dir='ltr'><strong>et</strong></span> <span class='ocrx_word' id='word_1_117' title='bbox 1204 1733 1371 1789; x_wconf 89' lang='lat' dir='ltr'><strong>libero</strong></span> <span class='ocrx_word' id='word_1_118' title='bbox 1415 1732 1640 1788; x_wconf 91' lang='lat' dir='ltr'><strong>arbitrio</strong></span> <span class='ocrx_word' id='word_1_119' title='bbox 1670 1731 1773 1786; x_wconf 87' lang='lat' dir='ltr'><strong>Ec-</strong></span> 
     </span>
    </p>
   </div>
   <div class='ocr_carea' id='block_1_18' title="bbox 171 1823 1773 1899">
    <p class='ocr_par' dir='ltr' id='par_1_18' title="bbox 171 1823 1773 1899">
     <span class='ocr_line' id='line_1_18' title="bbox 171 1823 1773 1899; baseline -0.006 -13"><span class='ocrx_word' id='word_1_120' title='bbox 171 1830 345 1886; x_wconf 85' lang='lat' dir='ltr'><strong>clesia</strong></span> <span class='ocrx_word' id='word_1_121' title='bbox 376 1828 596 1897; x_wconf 86' lang='lat' dir='ltr'><strong>sentiat,</strong></span> <span class='ocrx_word' id='word_1_122' title='bbox 628 1829 753 1899; x_wconf 88' lang='lat' dir='ltr'><strong>quia</strong></span> <span class='ocrx_word' id='word_1_123' title='bbox 783 1828 1036 1882; x_wconf 87' lang='lat' dir='ltr'><strong>nimirum</strong></span> <span class='ocrx_word' id='word_1_124' title='bbox 1085 1827 1139 1881; x_wconf 91' lang='lat' dir='ltr'><strong>in</strong></span> <span class='ocrx_word' id='word_1_125' title='bbox 1172 1825 1256 1880; x_wconf 91' lang='lat' dir='ltr'><strong>his</strong></span> <span class='ocrx_word' id='word_1_126' title='bbox 1288 1825 1550 1880; x_wconf 90' lang='lat' dir='ltr'><strong>acerrime</strong></span> <span class='ocrx_word' id='word_1_127' title='bbox 1588 1823 1773 1879; x_wconf 91' lang='lat' dir='ltr'><strong>defen-</strong></span> 
     </span>
    </p>
   </div>
   <div class='ocr_carea' id='block_1_19' title="bbox 1867 612 3452 682">
    <p class='ocr_par' dir='ltr' id='par_1_19' title="bbox 1867 612 3452 682">
     <span class='ocr_line' id='line_1_19' title="bbox 1867 612 3452 682; baseline 0.004 -17"><span class='ocrx_word' id='word_1_128' title='bbox 1867 613 2010 668; x_wconf 91' lang='lat' dir='ltr'><strong>vitiis</strong></span> <span class='ocrx_word' id='word_1_129' title='bbox 2039 613 2234 667; x_wconf 90' lang='lat' dir='ltr'><strong>scrinia</strong></span> <span class='ocrx_word' id='word_1_130' title='bbox 2263 613 2630 669; x_wconf 85' lang='lat' dir='ltr'><strong>ecclesiastica</strong></span> <span class='ocrx_word' id='word_1_131' title='bbox 2664 613 3044 682; x_wconf 78' lang='lat' dir='ltr'><strong>locupletavit?</strong></span> <span class='ocrx_word' id='word_1_132' title='bbox 3069 612 3207 682; x_wconf 82' lang='lat' dir='ltr'><strong>Quid</strong></span> <span class='ocrx_word' id='word_1_133' title='bbox 3247 612 3452 673; x_wconf 90' lang='lat' dir='ltr'><strong>dicitis.</strong></span> 
     </span>
    </p>
   </div>
   <div class='ocr_carea' id='block_1_20' title="bbox 1865 704 3454 776">
    <p class='ocr_par' dir='ltr' id='par_1_20' title="bbox 1865 704 3454 776">
     <span class='ocr_line' id='line_1_20' title="bbox 1865 704 3454 776; baseline 0.001 -17"><span class='ocrx_word' id='word_1_134' title='bbox 1865 719 1899 760; x_wconf 87' lang='grc' dir='ltr'>ο</span> <span class='ocrx_word' id='word_1_135' title='bbox 1929 706 2052 760; x_wconf 90' lang='lat' dir='ltr'><strong>novi</strong></span> <span class='ocrx_word' id='word_1_136' title='bbox 2084 705 2420 774; x_wconf 80' lang='lat' dir='ltr'><strong>antiquarum</strong></span> <span class='ocrx_word' id='word_1_137' title='bbox 2457 704 2820 761; x_wconf 81' lang='lat' dir='ltr'><strong>Romanorum</strong></span> <span class='ocrx_word' id='word_1_138' title='bbox 2853 705 3163 776; x_wconf 91' lang='lat' dir='ltr'><strong>pontiﬁcum</strong></span> <span class='ocrx_word' id='word_1_139' title='bbox 3191 709 3454 762; x_wconf 86' lang='lat' dir='ltr'><strong>constitu-</strong></span> 
     </span>
    </p>
   </div>
   <div class='ocr_carea' id='block_1_21' title="bbox 1864 799 2456 869">
    <p class='ocr_par' dir='ltr' id='par_1_21' title="bbox 1864 799 2456 869">
     <span class='ocr_line' id='line_1_21' title="bbox 1864 799 2456 869; baseline -0.003 -14"><span class='ocrx_word' id='word_1_140' title='bbox 1864 800 2069 855; x_wconf 88' lang='lat' dir='ltr'><strong>tiouum</strong></span> <span class='ocrx_word' id='word_1_141' title='bbox 2101 799 2456 869; x_wconf 81' lang='lat' dir='ltr'><strong>interpretes?</strong></span> 
     </span>
    </p>
   </div>
   <div class='ocr_carea' id='block_1_22' title="bbox 1937 891 3456 964">
    <p class='ocr_par' dir='ltr' id='par_1_22' title="bbox 1937 891 3456 964">
     <span class='ocr_line' id='line_1_22' title="bbox 1937 891 3456 964; baseline 0 -15"><span class='ocrx_word' id='word_1_142' title='bbox 1937 893 2043 949; x_wconf 85' lang='lat' dir='ltr'><strong>Sed</strong></span> <span class='ocrx_word' id='word_1_143' title='bbox 2073 892 2213 962; x_wconf 90' lang='lat' dir='ltr'><strong>quod</strong></span> <span class='ocrx_word' id='word_1_144' title='bbox 2244 891 2310 946; x_wconf 89' lang='lat' dir='ltr'><strong>de</strong></span> <span class='ocrx_word' id='word_1_145' title='bbox 2343 891 2530 948; x_wconf 86' lang='lat' dir='ltr'><strong>Felicis</strong></span> <span class='ocrx_word' id='word_1_146' title='bbox 2564 893 2627 948; x_wconf 85' lang='lat' dir='ltr'><strong>IV</strong></span> <span class='ocrx_word' id='word_1_147' title='bbox 2650 894 2896 964; x_wconf 90' lang='lat' dir='ltr'><strong>capitulis</strong></span> <span class='ocrx_word' id='word_1_148' title='bbox 2926 897 3128 951; x_wconf 90' lang='lat' dir='ltr'><strong>mentio</strong></span> <span class='ocrx_word' id='word_1_149' title='bbox 3157 896 3363 963; x_wconf 83' lang='lat' dir='ltr'><strong>incidit,</strong></span> <span class='ocrx_word' id='word_1_150' title='bbox 3388 911 3456 952; x_wconf 84' lang='lat' dir='ltr'><strong>ex</strong></span> 
     </span>
    </p>
   </div>
   <div class='ocr_carea' id='block_1_23' title="bbox 1867 983 3454 1056">
    <p class='ocr_par' dir='ltr' id='par_1_23' title="bbox 1867 983 3454 1056">
     <span class='ocr_line' id='line_1_23' title="bbox 1867 983 3454 1056; baseline 0 -16"><span class='ocrx_word' id='word_1_151' title='bbox 1867 986 2004 1041; x_wconf 90' lang='lat' dir='ltr'><strong>libro</strong></span> <span class='ocrx_word' id='word_1_152' title='bbox 2031 985 2204 1056; x_wconf 90' lang='lat' dir='ltr'><strong>primo</strong></span> <span class='ocrx_word' id='word_1_153' title='bbox 2239 983 2490 1039; x_wconf 66' lang='lat' dir='ltr'><strong>Ilistorire</strong></span> <span class='ocrx_word' id='word_1_154' title='bbox 2519 983 2699 1054; x_wconf 84' lang='lat' dir='ltr'><strong>Pelag.</strong></span> <span class='ocrx_word' id='word_1_155' title='bbox 2728 1001 2847 1056; x_wconf 87' lang='lat' dir='ltr'><strong>cap.</strong></span> <span class='ocrx_word' id='word_1_156' title='bbox 2872 986 2943 1041; x_wconf 71' lang='lat'><strong>25</strong></span> <span class='ocrx_word' id='word_1_157' title='bbox 2974 987 3316 1043; x_wconf 89' lang='lat' dir='ltr'><strong>recolendum</strong></span> <span class='ocrx_word' id='word_1_158' title='bbox 3348 995 3454 1055; x_wconf 88' lang='lat' dir='ltr'><strong>est,</strong></span> 
     </span>
    </p>
   </div>
   <div class='ocr_carea' id='block_1_24' title="bbox 1868 1076 3459 1148">
    <p class='ocr_par' dir='ltr' id='par_1_24' title="bbox 1868 1076 3459 1148">
     <span class='ocr_line' id='line_1_24' title="bbox 1868 1076 3459 1148; baseline -0.001 -15"><span class='ocrx_word' id='word_1_159' title='bbox 1868 1078 2168 1133; x_wconf 85' lang='lat' dir='ltr'><strong>Romanum</strong></span> <span class='ocrx_word' id='word_1_160' title='bbox 2197 1077 2501 1146; x_wconf 91' lang='lat' dir='ltr'><strong>pontiﬁcem</strong></span> <span class='ocrx_word' id='word_1_161' title='bbox 2535 1076 2601 1130; x_wconf 88' lang='lat' dir='ltr'><strong>ad</strong></span> <span class='ocrx_word' id='word_1_162' title='bbox 2632 1076 2753 1132; x_wconf 88' lang='lat' dir='ltr'><strong>lites</strong></span> <span class='ocrx_word' id='word_1_163' title='bbox 2782 1076 2851 1132; x_wconf 91' lang='lat' dir='ltr'><strong>de</strong></span> <span class='ocrx_word' id='word_1_164' title='bbox 2876 1076 3091 1134; x_wconf 81' lang='lat' dir='ltr'><strong>auxiliis</strong></span> <span class='ocrx_word' id='word_1_165' title='bbox 3117 1078 3313 1134; x_wconf 68' lang='lat' dir='ltr'><strong>divina:</strong></span> <span class='ocrx_word' id='word_1_166' title='bbox 3337 1094 3459 1148; x_wconf 84' lang='lat' dir='ltr'><strong>gra-</strong></span> 
     </span>
    </p>
   </div>
   <div class='ocr_carea' id='block_1_25' title="bbox 1867 1168 3463 1241">
    <p class='ocr_par' dir='ltr' id='par_1_25' title="bbox 1867 1168 3463 1241">
     <span class='ocr_line' id='line_1_25' title="bbox 1867 1168 3463 1241; baseline -0.001 -14"><span class='ocrx_word' id='word_1_167' title='bbox 1867 1173 1958 1227; x_wconf 63' lang='lat' dir='ltr'><strong>tiae</strong></span> <span class='ocrx_word' id='word_1_168' title='bbox 1989 1187 2086 1241; x_wconf 89' lang='lat' dir='ltr'><strong>per</strong></span> <span class='ocrx_word' id='word_1_169' title='bbox 2113 1179 2330 1226; x_wconf 89' lang='lat' dir='ltr'><strong>centum</strong></span> <span class='ocrx_word' id='word_1_170' title='bbox 2367 1168 2481 1225; x_wconf 88' lang='lat' dir='ltr'><strong>fere</strong></span> <span class='ocrx_word' id='word_1_171' title='bbox 2509 1184 2680 1225; x_wconf 91' lang='lat' dir='ltr'><strong>annos</strong></span> <span class='ocrx_word' id='word_1_172' title='bbox 2705 1170 2905 1226; x_wconf 90' lang='lat' dir='ltr'><strong>Gallias</strong></span> <span class='ocrx_word' id='word_1_173' title='bbox 2933 1171 3228 1238; x_wconf 89' lang='lat' dir='ltr'><strong>turbantes,</strong></span> <span class='ocrx_word' id='word_1_174' title='bbox 3251 1181 3463 1241; x_wconf 87' lang='lat' dir='ltr'><strong>aposto-</strong></span> 
     </span>
    </p>
   </div>
   <div class='ocr_carea' id='block_1_26' title="bbox 1870 1263 3461 1335">
    <p class='ocr_par' dir='ltr' id='par_1_26' title="bbox 1870 1263 3461 1335">
     <span class='ocr_line' id='line_1_26' title="bbox 1870 1263 3461 1335; baseline 0.002 -18"><span class='ocrx_word' id='word_1_175' title='bbox 1870 1263 1968 1317; x_wconf 87' lang='lat' dir='ltr'><strong>lica</strong></span> <span class='ocrx_word' id='word_1_176' title='bbox 2000 1264 2320 1318; x_wconf 86' lang='lat' dir='ltr'><strong>auctoritate</strong></span> <span class='ocrx_word' id='word_1_177' title='bbox 2350 1263 2657 1333; x_wconf 87' lang='lat' dir='ltr'><strong>sopiendas,</strong></span> <span class='ocrx_word' id='word_1_178' title='bbox 2686 1264 2868 1333; x_wconf 78' lang='lat' dir='ltr'><strong>viginti</strong></span> <span class='ocrx_word' id='word_1_179' title='bbox 2899 1265 3137 1335; x_wconf 85' lang='lat' dir='ltr'><strong>quinque</strong></span> <span class='ocrx_word' id='word_1_180' title='bbox 3166 1266 3461 1320; x_wconf 84' lang='lat' dir='ltr'><strong>sententias</strong></span> 
     </span>
    </p>
   </div>
   <div class='ocr_carea' id='block_1_27' title="bbox 1868 1356 3460 1426">
    <p class='ocr_par' dir='ltr' id='par_1_27' title="bbox 1868 1356 3460 1426">
     <span class='ocr_line' id='line_1_27' title="bbox 1868 1356 3460 1426; baseline 0.001 -16"><span class='ocrx_word' id='word_1_181' title='bbox 1868 1369 1935 1410; x_wconf 84' lang='lat' dir='ltr'><strong>ex</strong></span> <span class='ocrx_word' id='word_1_182' title='bbox 1985 1356 2135 1410; x_wconf 90' lang='lat' dir='ltr'><strong>libris</strong></span> <span class='ocrx_word' id='word_1_183' title='bbox 2191 1356 2360 1410; x_wconf 86' lang='lat' dir='ltr'><strong>saneti</strong></span> <span class='ocrx_word' id='word_1_184' title='bbox 2416 1356 2696 1426; x_wconf 83' lang='lat' dir='ltr'><strong>Augustini</strong></span> <span class='ocrx_word' id='word_1_185' title='bbox 2754 1357 3038 1426; x_wconf 89' lang='lat' dir='ltr'><strong>decerptas</strong></span> <span class='ocrx_word' id='word_1_186' title='bbox 3092 1358 3158 1413; x_wconf 90' lang='lat' dir='ltr'><strong>ad</strong></span> <span class='ocrx_word' id='word_1_187' title='bbox 3217 1369 3460 1414; x_wconf 90' lang='lat' dir='ltr'><strong>sanctum</strong></span> 
     </span>
    </p>
   </div>
   <div class='ocr_carea' id='block_1_28' title="bbox 1870 1447 3464 1522">
    <p class='ocr_par' dir='ltr' id='par_1_28' title="bbox 1870 1447 3464 1522">
     <span class='ocr_line' id='line_1_28' title="bbox 1870 1447 3464 1522; baseline 0.002 -18"><span class='ocrx_word' id='word_1_188' title='bbox 1870 1447 2159 1504; x_wconf 62' lang='lat' dir='ltr'><strong>Casarinm</strong></span> <span class='ocrx_word' id='word_1_189' title='bbox 2192 1449 2558 1504; x_wconf 84' lang='lat' dir='ltr'><strong>Arelatensem</strong></span> <span class='ocrx_word' id='word_1_190' title='bbox 2591 1451 2988 1516; x_wconf 87' lang='lat' dir='ltr'><strong>transmisisse,</strong></span> <span class='ocrx_word' id='word_1_191' title='bbox 3016 1450 3114 1519; x_wconf 87' lang='lat' dir='ltr'><strong>ipsi</strong></span> <span class='ocrx_word' id='word_1_192' title='bbox 3146 1454 3464 1522; x_wconf 85' lang='lat' dir='ltr'><strong>caeterisque</strong></span> 
     </span>
    </p>
   </div>
   <div class='ocr_carea' id='block_1_29' title="bbox 1872 1544 3466 1617">
    <p class='ocr_par' dir='ltr' id='par_1_29' title="bbox 1872 1544 3466 1617">
     <span class='ocr_line' id='line_1_29' title="bbox 1872 1544 3466 1617; baseline 0.001 -17"><span class='ocrx_word' id='word_1_193' title='bbox 1872 1544 2060 1600; x_wconf 86' lang='lat' dir='ltr'><strong>Galliae</strong></span> <span class='ocrx_word' id='word_1_194' title='bbox 2092 1544 2360 1616; x_wconf 84' lang='lat' dir='ltr'><strong>episcopis</strong></span> <span class='ocrx_word' id='word_1_195' title='bbox 2401 1546 2839 1600; x_wconf 87' lang='lat' dir='ltr'><strong>subscribendas.</strong></span> <span class='ocrx_word' id='word_1_196' title='bbox 2868 1547 2998 1613; x_wconf 83' lang='lat' dir='ltr'><strong>Quis</strong></span> <span class='ocrx_word' id='word_1_197' title='bbox 3030 1561 3193 1617; x_wconf 92' lang='lat' dir='ltr'><strong>porro</strong></span> <span class='ocrx_word' id='word_1_198' title='bbox 3232 1561 3338 1601; x_wconf 92' lang='lat' dir='ltr'><strong>non</strong></span> <span class='ocrx_word' id='word_1_199' title='bbox 3382 1549 3466 1602; x_wconf 86' lang='lat' dir='ltr'><strong>in-</strong></span> 
     </span>
    </p>
   </div>
   <div class='ocr_carea' id='block_1_30' title="bbox 1874 1637 3467 1707">
    <p class='ocr_par' dir='ltr' id='par_1_30' title="bbox 1874 1637 3467 1707">
     <span class='ocr_line' id='line_1_30' title="bbox 1874 1637 3467 1707; baseline 0.003 -17"><span class='ocrx_word' id='word_1_200' title='bbox 1874 1637 2079 1706; x_wconf 87' lang='lat' dir='ltr'><strong>telligat</strong></span> <span class='ocrx_word' id='word_1_201' title='bbox 2116 1645 2376 1707; x_wconf 87' lang='lat' dir='ltr'><strong>quantum</strong></span> <span class='ocrx_word' id='word_1_202' title='bbox 2418 1653 2483 1694; x_wconf 89' lang='lat' dir='ltr'><strong>eo</strong></span> <span class='ocrx_word' id='word_1_203' title='bbox 2515 1638 2654 1694; x_wconf 89' lang='lat' dir='ltr'><strong>facto</strong></span> <span class='ocrx_word' id='word_1_204' title='bbox 2686 1640 2907 1695; x_wconf 84' lang='lat' dir='ltr'><strong>honoris</strong></span> <span class='ocrx_word' id='word_1_205' title='bbox 2938 1641 3326 1695; x_wconf 90' lang='lat' dir='ltr'><strong>incrementum</strong></span> <span class='ocrx_word' id='word_1_206' title='bbox 3357 1643 3467 1696; x_wconf 80' lang='lat' dir='ltr'><strong>Au-</strong></span> 
     </span>
    </p>
   </div>
   <div class='ocr_carea' id='block_1_31' title="bbox 1873 1731 3469 1803">
    <p class='ocr_par' dir='ltr' id='par_1_31' title="bbox 1873 1731 3469 1803">
     <span class='ocr_line' id='line_1_31' title="bbox 1873 1731 3469 1803; baseline 0.003 -17"><span class='ocrx_word' id='word_1_207' title='bbox 1873 1731 2088 1802; x_wconf 90' lang='lat' dir='ltr'><strong>gustino</strong></span> <span class='ocrx_word' id='word_1_208' title='bbox 2117 1733 2355 1787; x_wconf 88' lang='lat' dir='ltr'><strong>additum</strong></span> <span class='ocrx_word' id='word_1_209' title='bbox 2387 1733 2486 1796; x_wconf 88' lang='lat' dir='ltr'><strong>sit,</strong></span> <span class='ocrx_word' id='word_1_210' title='bbox 2513 1747 2634 1788; x_wconf 93' lang='lat' dir='ltr'><strong>cum</strong></span> <span class='ocrx_word' id='word_1_211' title='bbox 2666 1748 2787 1803; x_wconf 81' lang='lat' dir='ltr'><strong>quze</strong></span> <span class='ocrx_word' id='word_1_212' title='bbox 2815 1736 2965 1802; x_wconf 90' lang='lat' dir='ltr'><strong>prius</strong></span> <span class='ocrx_word' id='word_1_213' title='bbox 2996 1735 3137 1788; x_wconf 85' lang='lat' dir='ltr'><strong>illius</strong></span> <span class='ocrx_word' id='word_1_214' title='bbox 3166 1747 3326 1788; x_wconf 85' lang='lat' dir='ltr'><strong>voces</strong></span> <span class='ocrx_word' id='word_1_215' title='bbox 3355 1734 3469 1791; x_wconf 87' lang='lat' dir='ltr'><strong>fue-</strong></span> 
     </span>
    </p>
   </div>
   <div class='ocr_carea' id='block_1_32' title="bbox 1876 1826 3466 1898">
    <p class='ocr_par' dir='ltr' id='par_1_32' title="bbox 1876 1826 3466 1898">
     <span class='ocr_line' id='line_1_32' title="bbox 1876 1826 3466 1898; baseline 0.001 -18"><span class='ocrx_word' id='word_1_216' title='bbox 1876 1834 2017 1892; x_wconf 88' lang='lat' dir='ltr'><strong>rant,</strong></span> <span class='ocrx_word' id='word_1_217' title='bbox 2040 1827 2091 1880; x_wconf 92' lang='lat' dir='ltr'><strong>in</strong></span> <span class='ocrx_word' id='word_1_218' title='bbox 2117 1826 2477 1881; x_wconf 80' lang='lat' dir='ltr'><strong>Romanorum</strong></span> <span class='ocrx_word' id='word_1_219' title='bbox 2503 1827 2790 1895; x_wconf 72' lang='lat' dir='ltr'><strong>praesulum</strong></span> <span class='ocrx_word' id='word_1_220' title='bbox 2816 1840 2878 1880; x_wconf 91' lang='lat' dir='ltr'><strong>ac</strong></span> <span class='ocrx_word' id='word_1_221' title='bbox 2900 1827 3226 1898; x_wconf 88' lang='lat' dir='ltr'><strong>synodorum</strong></span> <span class='ocrx_word' id='word_1_222' title='bbox 3249 1827 3466 1882; x_wconf 81' lang='lat' dir='ltr'><strong>oracula</strong></span> 
     </span>
    </p>
   </div>
   <div class='ocr_carea' id='block_1_33' title="bbox 171 1912 3469 1994">
    <p class='ocr_par' dir='ltr' id='par_1_33' title="bbox 171 1912 3469 1994">
     <span class='ocr_line' id='line_1_33' title="bbox 171 1912 3469 1994; baseline -0.002 -13"><span class='ocrx_word' id='word_1_223' title='bbox 171 1925 384 1981; x_wconf 87' lang='lat' dir='ltr'><strong>duntur</strong></span> <span class='ocrx_word' id='word_1_224' title='bbox 415 1923 531 1979; x_wconf 84' lang='lat' dir='ltr'><strong>haec</strong></span> <span class='ocrx_word' id='word_1_225' title='bbox 560 1924 677 1994; x_wconf 90' lang='lat' dir='ltr'><strong>ipsa</strong></span> <span class='ocrx_word' id='word_1_226' title='bbox 704 1922 956 1993; x_wconf 89' lang='lat' dir='ltr'><strong>capitula,</strong></span> <span class='ocrx_word' id='word_1_227' title='bbox 981 1938 1100 1994; x_wconf 85' lang='lat' dir='ltr'><strong>quae</strong></span> <span class='ocrx_word' id='word_1_228' title='bbox 1126 1924 1177 1977; x_wconf 92' lang='lat' dir='ltr'><strong>in</strong></span> <span class='ocrx_word' id='word_1_229' title='bbox 1204 1921 1419 1978; x_wconf 91' lang='lat' dir='ltr'><strong>scriniis</strong></span> <span class='ocrx_word' id='word_1_230' title='bbox 1448 1919 1772 1977; x_wconf 87' lang='lat' dir='ltr'><strong>ecclesiasti-</strong></span> <span class='ocrx_word' id='word_1_231' title='bbox 1801 1912 1850 1974; x_wconf 82' lang='grc' dir='ltr'><strong>Β</strong></span> <span class='ocrx_word' id='word_1_232' title='bbox 1881 1923 2226 1977; x_wconf 89' lang='lat' dir='ltr'><strong>transierint?</strong></span> <span class='ocrx_word' id='word_1_233' title='bbox 2257 1930 2325 1976; x_wconf 83' lang='lat' dir='ltr'><strong>At</strong></span> <span class='ocrx_word' id='word_1_234' title='bbox 2356 1921 2439 1976; x_wconf 90' lang='lat' dir='ltr'><strong>hic</strong></span> <span class='ocrx_word' id='word_1_235' title='bbox 2472 1934 2656 1976; x_wconf 89' lang='lat' dir='ltr'><strong>rursus</strong></span> <span class='ocrx_word' id='word_1_236' title='bbox 2687 1920 2962 1990; x_wconf 82' lang='lat' dir='ltr'><strong>pulverem</strong></span> <span class='ocrx_word' id='word_1_237' title='bbox 3000 1922 3236 1976; x_wconf 89' lang='lat' dir='ltr'><strong>excitant</strong></span> <span class='ocrx_word' id='word_1_238' title='bbox 3276 1935 3469 1976; x_wconf 82' lang='lat' dir='ltr'><strong>recen-</strong></span> 
     </span>
    </p>
   </div>
   <div class='ocr_carea' id='block_1_34' title="bbox 171 2013 1773 2086">
    <p class='ocr_par' dir='ltr' id='par_1_34' title="bbox 171 2013 1773 2086">
     <span class='ocr_line' id='line_1_34' title="bbox 171 2013 1773 2086; baseline -0.003 -13"><span class='ocrx_word' id='word_1_239' title='bbox 171 2016 260 2073; x_wconf 85' lang='lat' dir='ltr'><strong>cis</strong></span> <span class='ocrx_word' id='word_1_240' title='bbox 319 2016 682 2083; x_wconf 86' lang='lat' dir='ltr'><strong>continentur,</strong></span> <span class='ocrx_word' id='word_1_241' title='bbox 735 2030 959 2086; x_wconf 74' lang='lat' dir='ltr'><strong>quaeque</strong></span> <span class='ocrx_word' id='word_1_242' title='bbox 1005 2015 1249 2085; x_wconf 74' lang='lat' dir='ltr'><strong>epistolae</strong></span> <span class='ocrx_word' id='word_1_243' title='bbox 1297 2029 1408 2069; x_wconf 68' lang='lat' dir='ltr'><strong>sure</strong></span> <span class='ocrx_word' id='word_1_244' title='bbox 1450 2013 1773 2070; x_wconf 78' lang='lat' dir='ltr'><strong>Coelestinus</strong></span> 
     </span>
    </p>
   </div>
   <div class='ocr_carea' id='block_1_35' title="bbox 181 2107 1774 2179">
    <p class='ocr_par' dir='ltr' id='par_1_35' title="bbox 181 2107 1774 2179">
     <span class='ocr_line' id='line_1_35' title="bbox 181 2107 1774 2179; baseline -0.002 -15"><span class='ocrx_word' id='word_1_245' title='bbox 181 2109 439 2166; x_wconf 80' lang='lat' dir='ltr'><strong>intexuit.</strong></span> <span class='ocrx_word' id='word_1_246' title='bbox 473 2109 602 2178; x_wconf 84' lang='lat' dir='ltr'><strong>Quis</strong></span> <span class='ocrx_word' id='word_1_247' title='bbox 630 2123 865 2179; x_wconf 84' lang='lat' dir='ltr'><strong>unquam</strong></span> <span class='ocrx_word' id='word_1_248' title='bbox 897 2124 965 2164; x_wconf 87' lang='lat' dir='ltr'><strong>ex</strong></span> <span class='ocrx_word' id='word_1_249' title='bbox 997 2109 1152 2164; x_wconf 91' lang='lat' dir='ltr'><strong>nobis</strong></span> <span class='ocrx_word' id='word_1_250' title='bbox 1184 2109 1324 2163; x_wconf 89' lang='lat' dir='ltr'><strong>istud</strong></span> <span class='ocrx_word' id='word_1_251' title='bbox 1356 2108 1608 2178; x_wconf 79' lang='lat' dir='ltr'><strong>negavit?</strong></span> <span class='ocrx_word' id='word_1_252' title='bbox 1637 2107 1774 2162; x_wconf 83' lang='lat' dir='ltr'><strong>fate-</strong></span> 
     </span>
    </p>
   </div>
   <div class='ocr_carea' id='block_1_36' title="bbox 178 2201 1773 2273">
    <p class='ocr_par' dir='ltr' id='par_1_36' title="bbox 178 2201 1773 2273">
     <span class='ocr_line' id='line_1_36' title="bbox 178 2201 1773 2273; baseline -0.001 -15"><span class='ocrx_word' id='word_1_253' title='bbox 178 2217 310 2258; x_wconf 90' lang='lat' dir='ltr'><strong>mur</strong></span> <span class='ocrx_word' id='word_1_254' title='bbox 338 2203 392 2258; x_wconf 92' lang='lat' dir='ltr'><strong>in</strong></span> <span class='ocrx_word' id='word_1_255' title='bbox 422 2204 592 2259; x_wconf 86' lang='lat' dir='ltr'><strong>sancti</strong></span> <span class='ocrx_word' id='word_1_256' title='bbox 616 2202 897 2273; x_wconf 80' lang='lat' dir='ltr'><strong>Augustini</strong></span> <span class='ocrx_word' id='word_1_257' title='bbox 945 2203 1200 2273; x_wconf 90' lang='lat' dir='ltr'><strong>operibus</strong></span> <span class='ocrx_word' id='word_1_258' title='bbox 1232 2202 1318 2256; x_wconf 92' lang='lat' dir='ltr'><strong>illa</strong></span> <span class='ocrx_word' id='word_1_259' title='bbox 1352 2203 1464 2272; x_wconf 90' lang='lat' dir='ltr'><strong>ipsa</strong></span> <span class='ocrx_word' id='word_1_260' title='bbox 1509 2201 1773 2256; x_wconf 89' lang='lat' dir='ltr'><strong>contineri</strong></span> 
     </span>
    </p>
   </div>
   <div class='ocr_carea' id='block_1_37' title="bbox 180 2293 1776 2366">
    <p class='ocr_par' dir='ltr' id='par_1_37' title="bbox 180 2293 1776 2366">
     <span class='ocr_line' id='line_1_37' title="bbox 180 2293 1776 2366; baseline 0.001 -18"><span class='ocrx_word' id='word_1_261' title='bbox 180 2294 494 2366; x_wconf 85' lang='lat' dir='ltr'><strong>acriterque</strong></span> <span class='ocrx_word' id='word_1_262' title='bbox 523 2293 774 2362; x_wconf 90' lang='lat' dir='ltr'><strong>defendi,</strong></span> <span class='ocrx_word' id='word_1_263' title='bbox 803 2310 922 2365; x_wconf 88' lang='lat' dir='ltr'><strong>quae</strong></span> <span class='ocrx_word' id='word_1_264' title='bbox 944 2297 1012 2351; x_wconf 91' lang='lat' dir='ltr'><strong>ab</strong></span> <span class='ocrx_word' id='word_1_265' title='bbox 1037 2294 1275 2350; x_wconf 89' lang='lat' dir='ltr'><strong>Ecclesia</strong></span> <span class='ocrx_word' id='word_1_266' title='bbox 1315 2302 1504 2350; x_wconf 89' lang='lat' dir='ltr'><strong>contra</strong></span> <span class='ocrx_word' id='word_1_267' title='bbox 1529 2295 1776 2364; x_wconf 85' lang='lat' dir='ltr'><strong>Pelagia-</strong></span> 
     </span>
    </p>
   </div>
   <div class='ocr_carea' id='block_1_38' title="bbox 174 2386 1771 2458">
    <p class='ocr_par' dir='ltr' id='par_1_38' title="bbox 174 2386 1771 2458">
     <span class='ocr_line' id='line_1_38' title="bbox 174 2386 1771 2458; baseline -0.001 -16"><span class='ocrx_word' id='word_1_268' title='bbox 174 2401 284 2444; x_wconf 89' lang='lat' dir='ltr'><strong>nos</strong></span> <span class='ocrx_word' id='word_1_269' title='bbox 312 2387 518 2444; x_wconf 88' lang='lat' dir='ltr'><strong>sancita</strong></span> <span class='ocrx_word' id='word_1_270' title='bbox 546 2397 692 2443; x_wconf 88' lang='lat' dir='ltr'><strong>sunt.</strong></span> <span class='ocrx_word' id='word_1_271' title='bbox 729 2389 797 2443; x_wconf 88' lang='lat' dir='ltr'><strong>At</strong></span> <span class='ocrx_word' id='word_1_272' title='bbox 827 2402 1086 2458; x_wconf 81' lang='lat' dir='ltr'><strong>negamus</strong></span> <span class='ocrx_word' id='word_1_273' title='bbox 1127 2387 1272 2442; x_wconf 85' lang='lat' dir='ltr'><strong>aliud</strong></span> <span class='ocrx_word' id='word_1_274' title='bbox 1300 2387 1429 2442; x_wconf 90' lang='lat' dir='ltr'><strong>nihil</strong></span> <span class='ocrx_word' id='word_1_275' title='bbox 1459 2386 1515 2442; x_wconf 89' lang='lat' dir='ltr'><strong>in</strong></span> <span class='ocrx_word' id='word_1_276' title='bbox 1553 2388 1671 2456; x_wconf 91' lang='lat' dir='ltr'><strong>ejus</strong></span> <span class='ocrx_word' id='word_1_277' title='bbox 1704 2387 1771 2441; x_wconf 93' lang='lat' dir='ltr'><strong>li-</strong></span> 
     </span>
    </p>
   </div>
   <div class='ocr_carea' id='block_1_39' title="bbox 179 2478 1778 2552">
    <p class='ocr_par' dir='ltr' id='par_1_39' title="bbox 179 2478 1778 2552">
     <span class='ocr_line' id='line_1_39' title="bbox 179 2478 1778 2552; baseline 0 -18"><span class='ocrx_word' id='word_1_278' title='bbox 179 2478 300 2536; x_wconf 88' lang='lat' dir='ltr'><strong>bris</strong></span> <span class='ocrx_word' id='word_1_279' title='bbox 328 2481 592 2551; x_wconf 89' lang='lat' dir='ltr'><strong>reperiri,</strong></span> <span class='ocrx_word' id='word_1_280' title='bbox 624 2479 887 2551; x_wconf 86' lang='lat' dir='ltr'><strong>nobisque</strong></span> <span class='ocrx_word' id='word_1_281' title='bbox 917 2481 970 2536; x_wconf 94' lang='lat' dir='ltr'><strong>in</strong></span> <span class='ocrx_word' id='word_1_282' title='bbox 1002 2481 1102 2536; x_wconf 90' lang='lat' dir='ltr'><strong>hac</strong></span> <span class='ocrx_word' id='word_1_283' title='bbox 1133 2487 1284 2552; x_wconf 88' lang='lat' dir='ltr'><strong>parte</strong></span> <span class='ocrx_word' id='word_1_284' title='bbox 1324 2481 1638 2536; x_wconf 90' lang='lat' dir='ltr'><strong>IIormisdas</strong></span> <span class='ocrx_word' id='word_1_285' title='bbox 1667 2482 1778 2534; x_wconf 84' lang='lat' dir='ltr'><strong>suf-</strong></span> 
     </span>
    </p>
   </div>
   <div class='ocr_carea' id='block_1_40' title="bbox 179 2573 1775 2644">
    <p class='ocr_par' dir='ltr' id='par_1_40' title="bbox 179 2573 1775 2644">
     <span class='ocr_line' id='line_1_40' title="bbox 179 2573 1775 2644; baseline -0.001 -17"><span class='ocrx_word' id='word_1_286' title='bbox 179 2573 448 2644; x_wconf 88' lang='lat' dir='ltr'><strong>fragatur,</strong></span> <span class='ocrx_word' id='word_1_287' title='bbox 477 2573 605 2630; x_wconf 92' lang='lat' dir='ltr'><strong>dum</strong></span> <span class='ocrx_word' id='word_1_288' title='bbox 630 2574 855 2630; x_wconf 90' lang='lat' dir='ltr'><strong>collecta</strong></span> <span class='ocrx_word' id='word_1_289' title='bbox 883 2590 913 2628; x_wconf 89' lang='lat' dir='ltr'><strong>a</strong></span> <span class='ocrx_word' id='word_1_290' title='bbox 938 2573 1229 2630; x_wconf 68' lang='lat' dir='ltr'><strong>Caelestino</strong></span> <span class='ocrx_word' id='word_1_291' title='bbox 1256 2573 1486 2644; x_wconf 89' lang='lat' dir='ltr'><strong>capitula</strong></span> <span class='ocrx_word' id='word_1_292' title='bbox 1514 2575 1775 2644; x_wconf 86' lang='lat' dir='ltr'><strong>appellat,</strong></span> 
     </span>
    </p>
   </div>
   <div class='ocr_carea' id='block_1_41' title="bbox 179 2664 1772 2737">
    <p class='ocr_par' dir='ltr' id='par_1_41' title="bbox 179 2664 1772 2737">
     <span class='ocr_line' id='line_1_41' title="bbox 179 2664 1772 2737; baseline 0.001 -18"><span class='ocrx_word' id='word_1_293' title='bbox 179 2665 243 2720; x_wconf 87' lang='lat' dir='ltr'><strong>in</strong></span> <span class='ocrx_word' id='word_1_294' title='bbox 269 2666 464 2736; x_wconf 89' lang='lat' dir='ltr'><strong>quibus</strong></span> <span class='ocrx_word' id='word_1_295' title='bbox 489 2664 693 2722; x_wconf 87' lang='lat' dir='ltr'><strong>diserte</strong></span> <span class='ocrx_word' id='word_1_296' title='bbox 722 2667 970 2733; x_wconf 88' lang='lat' dir='ltr'><strong>traditur,</strong></span> <span class='ocrx_word' id='word_1_297' title='bbox 1007 2665 1388 2737; x_wconf 89' lang='lat' dir='ltr'><strong>profundiores</strong></span> <span class='ocrx_word' id='word_1_298' title='bbox 1418 2665 1772 2736; x_wconf 58' lang='lat' dir='ltr'><strong>quaestiones,</strong></span> 
     </span>
    </p>
   </div>
   <div class='ocr_carea' id='block_1_42' title="bbox 174 2757 1777 2829">
    <p class='ocr_par' dir='ltr' id='par_1_42' title="bbox 174 2757 1777 2829">
     <span class='ocr_line' id='line_1_42' title="bbox 174 2757 1777 2829; baseline 0.001 -17"><span class='ocrx_word' id='word_1_299' title='bbox 174 2772 309 2829; x_wconf 69' lang='lat' dir='ltr'><strong>qua:</strong></span> <span class='ocrx_word' id='word_1_300' title='bbox 333 2758 400 2814; x_wconf 89' lang='lat' dir='ltr'><strong>ab</strong></span> <span class='ocrx_word' id='word_1_301' title='bbox 423 2759 721 2829; x_wconf 90' lang='lat' dir='ltr'><strong>Augustino</strong></span> <span class='ocrx_word' id='word_1_302' title='bbox 741 2767 927 2814; x_wconf 86' lang='lat' dir='ltr'><strong>contra</strong></span> <span class='ocrx_word' id='word_1_303' title='bbox 960 2758 1274 2827; x_wconf 81' lang='lat' dir='ltr'><strong>Pelagianos</strong></span> <span class='ocrx_word' id='word_1_304' title='bbox 1303 2758 1592 2812; x_wconf 89' lang='lat' dir='ltr'><strong>dimicante</strong></span> <span class='ocrx_word' id='word_1_305' title='bbox 1616 2757 1777 2813; x_wconf 88' lang='lat' dir='ltr'><strong>latius</strong></span> 
     </span>
    </p>
   </div>
   <div class='ocr_carea' id='block_1_43' title="bbox 177 2850 1780 2923">
    <p class='ocr_par' dir='ltr' id='par_1_43' title="bbox 177 2850 1780 2923">
     <span class='ocr_line' id='line_1_43' title="bbox 177 2850 1780 2923; baseline -0.003 -15"><span class='ocrx_word' id='word_1_306' title='bbox 177 2861 607 2923; x_wconf 85' lang='lat' dir='ltr'><strong>pertractantur,</strong></span> <span class='ocrx_word' id='word_1_307' title='bbox 639 2853 706 2908; x_wconf 93' lang='lat' dir='ltr'><strong>ab</strong></span> <span class='ocrx_word' id='word_1_308' title='bbox 750 2852 990 2909; x_wconf 90' lang='lat' dir='ltr'><strong>Ecclesia</strong></span> <span class='ocrx_word' id='word_1_309' title='bbox 1023 2852 1265 2907; x_wconf 82' lang='lat' dir='ltr'><strong>Romana</strong></span> <span class='ocrx_word' id='word_1_310' title='bbox 1296 2867 1401 2907; x_wconf 91' lang='lat' dir='ltr'><strong>non</strong></span> <span class='ocrx_word' id='word_1_311' title='bbox 1436 2850 1601 2906; x_wconf 88' lang='lat' dir='ltr'><strong>fuisse</strong></span> <span class='ocrx_word' id='word_1_312' title='bbox 1629 2865 1780 2906; x_wconf 91' lang='lat' dir='ltr'><strong>com-</strong></span> 
     </span>
    </p>
   </div>
   <div class='ocr_carea' id='block_1_44' title="bbox 175 2943 1780 3017">
    <p class='ocr_par' dir='ltr' id='par_1_44' title="bbox 175 2943 1780 3017">
     <span class='ocr_line' id='line_1_44' title="bbox 175 2943 1780 3017; baseline -0.001 -17"><span class='ocrx_word' id='word_1_313' title='bbox 175 2947 460 3016; x_wconf 87' lang='lat' dir='ltr'><strong>probatas.</strong></span> <span class='ocrx_word' id='word_1_314' title='bbox 495 2964 516 2998; x_wconf 76' lang='grc' dir='ltr'><strong><em>ι</em></strong></span> <span class='ocrx_word' id='word_1_315' title='bbox 553 2943 751 3003; x_wconf 86' lang='lat' dir='ltr'><strong>Verum</strong></span> <span class='ocrx_word' id='word_1_316' title='bbox 782 2946 902 3017; x_wconf 90' lang='lat' dir='ltr'><strong>quis</strong></span> <span class='ocrx_word' id='word_1_317' title='bbox 928 2945 1296 3002; x_wconf 89' lang='lat' dir='ltr'><strong>ecclesiastica</strong></span> <span class='ocrx_word' id='word_1_318' title='bbox 1325 2944 1528 3001; x_wconf 90' lang='lat' dir='ltr'><strong>scrinia</strong></span> <span class='ocrx_word' id='word_1_319' title='bbox 1556 2944 1780 3000; x_wconf 88' lang='lat' dir='ltr'><strong>Decam-</strong></span> 
     </span>
    </p>
   </div>
   <div class='ocr_carea' id='block_1_45' title="bbox 175 3037 1777 3109">
    <p class='ocr_par' dir='ltr' id='par_1_45' title="bbox 175 3037 1777 3109">
     <span class='ocr_line' id='line_1_45' title="bbox 175 3037 1777 3109; baseline -0.001 -17"><span class='ocrx_word' id='word_1_320' title='bbox 175 3039 307 3108; x_wconf 92' lang='lat' dir='ltr'><strong>psio</strong></span> <span class='ocrx_word' id='word_1_321' title='bbox 328 3038 568 3105; x_wconf 89' lang='lat' dir='ltr'><strong>reclusit,</strong></span> <span class='ocrx_word' id='word_1_322' title='bbox 610 3047 670 3093; x_wconf 91' lang='lat' dir='ltr'><strong>ut</strong></span> <span class='ocrx_word' id='word_1_323' title='bbox 698 3046 806 3093; x_wconf 90' lang='lat' dir='ltr'><strong>tam</strong></span> <span class='ocrx_word' id='word_1_324' title='bbox 837 3037 1171 3094; x_wconf 90' lang='lat' dir='ltr'><strong>conﬁdenter</strong></span> <span class='ocrx_word' id='word_1_325' title='bbox 1197 3039 1340 3094; x_wconf 90' lang='lat' dir='ltr'><strong>scire</strong></span> <span class='ocrx_word' id='word_1_326' title='bbox 1371 3039 1606 3109; x_wconf 91' lang='lat' dir='ltr'><strong>potuerit</strong></span> <span class='ocrx_word' id='word_1_327' title='bbox 1638 3037 1777 3092; x_wconf 86' lang='lat' dir='ltr'><strong>lior-</strong></span> 
     </span>
    </p>
   </div>
   <div class='ocr_carea' id='block_1_46' title="bbox 175 3131 1779 3201">
    <p class='ocr_par' dir='ltr' id='par_1_46' title="bbox 175 3131 1779 3201">
     <span class='ocr_line' id='line_1_46' title="bbox 175 3131 1779 3201; baseline -0.001 -15"><span class='ocrx_word' id='word_1_328' title='bbox 175 3131 418 3186; x_wconf 89' lang='lat' dir='ltr'><strong>misdam</strong></span> <span class='ocrx_word' id='word_1_329' title='bbox 446 3131 666 3186; x_wconf 90' lang='lat' dir='ltr'><strong>nomine</strong></span> <span class='ocrx_word' id='word_1_330' title='bbox 709 3132 1066 3201; x_wconf 82' lang='lat' dir='ltr'><strong>capitulorum</strong></span> <span class='ocrx_word' id='word_1_331' title='bbox 1102 3132 1220 3187; x_wconf 88' lang='lat' dir='ltr'><strong>illas</strong></span> <span class='ocrx_word' id='word_1_332' title='bbox 1249 3131 1523 3188; x_wconf 71' lang='lat' dir='ltr'><strong>Coelestini</strong></span> <span class='ocrx_word' id='word_1_333' title='bbox 1563 3140 1779 3187; x_wconf 90' lang='lat' dir='ltr'><strong>senten-</strong></span> 
     </span>
    </p>
   </div>
   <div class='ocr_carea' id='block_1_47' title="bbox 179 3222 1772 3281">
    <p class='ocr_par' dir='ltr' id='par_1_47' title="bbox 179 3222 1772 3281">
     <span class='ocr_line' id='line_1_47' title="bbox 179 3222 1772 3281; baseline -0.001 -3"><span class='ocrx_word' id='word_1_334' title='bbox 179 3224 290 3278; x_wconf 86' lang='lat' dir='ltr'><strong>tias</strong></span> <span class='ocrx_word' id='word_1_335' title='bbox 316 3223 688 3279; x_wconf 83' lang='lat' dir='ltr'><strong>intellexisse?</strong></span> <span class='ocrx_word' id='word_1_336' title='bbox 722 3222 873 3281; x_wconf 88' lang='lat' dir='ltr'><strong>Unde</strong></span> <span class='ocrx_word' id='word_1_337' title='bbox 901 3224 1052 3279; x_wconf 89' lang='lat' dir='ltr'><strong>novit</strong></span> <span class='ocrx_word' id='word_1_338' title='bbox 1075 3239 1144 3279; x_wconf 89' lang='lat' dir='ltr'><strong>ex</strong></span> <span class='ocrx_word' id='word_1_339' title='bbox 1180 3223 1426 3279; x_wconf 74' lang='lat' dir='ltr'><strong>universa</strong></span> <span class='ocrx_word' id='word_1_340' title='bbox 1454 3223 1628 3279; x_wconf 88' lang='lat' dir='ltr'><strong>sancti</strong></span> <span class='ocrx_word' id='word_1_341' title='bbox 1654 3226 1772 3279; x_wconf 87' lang='lat' dir='ltr'><strong>Au-</strong></span> 
     </span>
    </p>
   </div>
   <div class='ocr_carea' id='block_1_48' title="bbox 1878 2013 3470 2085">
    <p class='ocr_par' dir='ltr' id='par_1_48' title="bbox 1878 2013 3470 2085">
     <span class='ocr_line' id='line_1_48' title="bbox 1878 2013 3470 2085; baseline 0.001 -16"><span class='ocrx_word' id='word_1_342' title='bbox 1878 2015 2064 2077; x_wconf 89' lang='lat' dir='ltr'><strong>tiorcs,</strong></span> <span class='ocrx_word' id='word_1_343' title='bbox 2086 2029 2193 2084; x_wconf 89' lang='lat' dir='ltr'><strong>quo</strong></span> <span class='ocrx_word' id='word_1_344' title='bbox 2223 2022 2369 2069; x_wconf 89' lang='lat' dir='ltr'><strong>tanta</strong></span> <span class='ocrx_word' id='word_1_345' title='bbox 2398 2015 2698 2085; x_wconf 91' lang='lat' dir='ltr'><strong>Augustino</strong></span> <span class='ocrx_word' id='word_1_346' title='bbox 2724 2014 2916 2069; x_wconf 68' lang='lat' dir='ltr'><strong>delata:</strong></span> <span class='ocrx_word' id='word_1_347' title='bbox 2939 2013 3271 2068; x_wconf 87' lang='lat' dir='ltr'><strong>auctoritatis</strong></span> <span class='ocrx_word' id='word_1_348' title='bbox 3300 2015 3470 2084; x_wconf 86' lang='lat' dir='ltr'><strong>gloria</strong></span> 
     </span>
    </p>
   </div>
   <div class='ocr_carea' id='block_1_49' title="bbox 1877 2107 3472 2178">
    <p class='ocr_par' dir='ltr' id='par_1_49' title="bbox 1877 2107 3472 2178">
     <span class='ocr_line' id='line_1_49' title="bbox 1877 2107 3472 2178; baseline 0.003 -17"><span class='ocrx_word' id='word_1_349' title='bbox 1877 2107 2215 2162; x_wconf 90' lang='lat' dir='ltr'><strong>obscuretur.</strong></span> <span class='ocrx_word' id='word_1_350' title='bbox 2247 2108 2457 2162; x_wconf 88' lang='lat' dir='ltr'><strong>Clamat</strong></span> <span class='ocrx_word' id='word_1_351' title='bbox 2496 2111 2736 2162; x_wconf 89' lang='lat' dir='ltr'><strong>Annatus</strong></span> <span class='ocrx_word' id='word_1_352' title='bbox 2767 2121 2886 2178; x_wconf 88' lang='lat' dir='ltr'><strong>cap.</strong></span> <span class='ocrx_word' id='word_1_353' title='bbox 2918 2107 2981 2173; x_wconf 75' lang='lat'><strong>6,</strong></span> <span class='ocrx_word' id='word_1_354' title='bbox 3011 2121 3129 2177; x_wconf 86' lang='lat' dir='ltr'><strong>pag.</strong></span> <span class='ocrx_word' id='word_1_355' title='bbox 3159 2107 3266 2162; x_wconf 73' lang='lat'><strong>903</strong></span> <span class='ocrx_word' id='word_1_356' title='bbox 3299 2125 3313 2160; x_wconf 89' lang='lat'>:</span> <span class='ocrx_word' id='word_1_357' title='bbox 3348 2125 3367 2158; x_wconf 86' lang='grc'><em>‹</em></span> <span class='ocrx_word' id='word_1_358' title='bbox 3404 2107 3472 2165; x_wconf 80' lang='lat' dir='ltr'><strong>Et</strong></span> 
     </span>
    </p>
   </div>
   <div class='ocr_carea' id='block_1_50' title="bbox 1879 2198 3472 2269">
    <p class='ocr_par' dir='ltr' id='par_1_50' title="bbox 1879 2198 3472 2269">
     <span class='ocr_line' id='line_1_50' title="bbox 1879 2198 3472 2269; baseline -0.001 -14"><span class='ocrx_word' id='word_1_359' title='bbox 1879 2200 2050 2264; x_wconf 85' lang='lat' dir='ltr'><strong>Felix,</strong></span> <span class='ocrx_word' id='word_1_360' title='bbox 2071 2214 2227 2269; x_wconf 84' lang='lat' dir='ltr'><strong>quem</strong></span> <span class='ocrx_word' id='word_1_361' title='bbox 2257 2201 2417 2254; x_wconf 89' lang='lat' dir='ltr'><strong>etiam</strong></span> <span class='ocrx_word' id='word_1_362' title='bbox 2446 2198 2688 2254; x_wconf 85' lang='lat' dir='ltr'><strong>referunt</strong></span> <span class='ocrx_word' id='word_1_363' title='bbox 2713 2199 2891 2252; x_wconf 84' lang='lat' dir='ltr'><strong>Baiani</strong></span> <span class='ocrx_word' id='word_1_364' title='bbox 2923 2200 3063 2252; x_wconf 89' lang='lat' dir='ltr'><strong>inter</strong></span> <span class='ocrx_word' id='word_1_365' title='bbox 3087 2199 3472 2268; x_wconf 71' lang='lat' dir='ltr'><strong>approbatur-es</strong></span> 
     </span>
    </p>
   </div>
   <div class='ocr_carea' id='block_1_51' title="bbox 1877 2292 3470 2362">
    <p class='ocr_par' dir='ltr' id='par_1_51' title="bbox 1877 2292 3470 2362">
     <span class='ocr_line' id='line_1_51' title="bbox 1877 2292 3470 2362; baseline -0.003 -15"><span class='ocrx_word' id='word_1_366' title='bbox 1877 2293 2162 2362; x_wconf 78' lang='lat' dir='ltr'><strong>Augustini</strong></span> <span class='ocrx_word' id='word_1_367' title='bbox 2184 2333 2199 2355; x_wconf 86' lang='lat'><strong>,</strong></span> <span class='ocrx_word' id='word_1_368' title='bbox 2230 2300 2515 2362; x_wconf 89' lang='lat' dir='ltr'><strong>propterea</strong></span> <span class='ocrx_word' id='word_1_369' title='bbox 2559 2292 2702 2361; x_wconf 91' lang='lat' dir='ltr'><strong>quod</strong></span> <span class='ocrx_word' id='word_1_370' title='bbox 2734 2305 2972 2347; x_wconf 89' lang='lat' dir='ltr'><strong>canones</strong></span> <span class='ocrx_word' id='word_1_371' title='bbox 3004 2293 3348 2346; x_wconf 68' lang='lat' dir='ltr'><strong>Arausicanas</strong></span> <span class='ocrx_word' id='word_1_372' title='bbox 3376 2304 3470 2360; x_wconf 83' lang='lat' dir='ltr'><strong>sy-</strong></span> 
     </span>
    </p>
   </div>
   <div class='ocr_carea' id='block_1_52' title="bbox 1879 2382 3472 2454">
    <p class='ocr_par' dir='ltr' id='par_1_52' title="bbox 1879 2382 3472 2454">
     <span class='ocr_line' id='line_1_52' title="bbox 1879 2382 3472 2454; baseline -0.004 -12"><span class='ocrx_word' id='word_1_373' title='bbox 1879 2386 2003 2442; x_wconf 89' lang='lat' dir='ltr'><strong>nodi</strong></span> <span class='ocrx_word' id='word_1_374' title='bbox 2035 2393 2311 2441; x_wconf 87' lang='lat' dir='ltr'><strong>extractos</strong></span> <span class='ocrx_word' id='word_1_375' title='bbox 2355 2400 2422 2438; x_wconf 85' lang='lat' dir='ltr'><strong>ex</strong></span> <span class='ocrx_word' id='word_1_376' title='bbox 2470 2384 2622 2438; x_wconf 91' lang='lat' dir='ltr'><strong>libris</strong></span> <span class='ocrx_word' id='word_1_377' title='bbox 2665 2383 2980 2454; x_wconf 82' lang='lat' dir='ltr'><strong>Augustini,</strong></span> <span class='ocrx_word' id='word_1_378' title='bbox 3013 2392 3068 2438; x_wconf 93' lang='lat' dir='ltr'><strong>et</strong></span> <span class='ocrx_word' id='word_1_379' title='bbox 3111 2383 3278 2452; x_wconf 89' lang='lat' dir='ltr'><strong>ipsius</strong></span> <span class='ocrx_word' id='word_1_380' title='bbox 3311 2382 3472 2437; x_wconf 89' lang='lat' dir='ltr'><strong>etiam</strong></span> 
     </span>
    </p>
   </div>
   <div class='ocr_carea' id='block_1_53' title="bbox 1878 2475 3474 2545">
    <p class='ocr_par' dir='ltr' id='par_1_53' title="bbox 1878 2475 3474 2545">
     <span class='ocr_line' id='line_1_53' title="bbox 1878 2475 3474 2545; baseline -0.003 -13"><span class='ocrx_word' id='word_1_381' title='bbox 1878 2477 2056 2532; x_wconf 79' lang='lat' dir='ltr'><strong>verbis</strong></span> <span class='ocrx_word' id='word_1_382' title='bbox 2083 2483 2376 2545; x_wconf 88' lang='lat' dir='ltr'><strong>conceptos</strong></span> <span class='ocrx_word' id='word_1_383' title='bbox 2405 2475 2471 2530; x_wconf 90' lang='lat' dir='ltr'><strong>ad</strong></span> <span class='ocrx_word' id='word_1_384' title='bbox 2503 2475 2788 2545; x_wconf 90' lang='lat' dir='ltr'><strong>episcopos</strong></span> <span class='ocrx_word' id='word_1_385' title='bbox 2820 2475 3007 2531; x_wconf 85' lang='lat' dir='ltr'><strong>Galliae</strong></span> <span class='ocrx_word' id='word_1_386' title='bbox 3039 2475 3268 2539; x_wconf 89' lang='lat' dir='ltr'><strong>miserit,</strong></span> <span class='ocrx_word' id='word_1_387' title='bbox 3294 2481 3474 2529; x_wconf 86' lang='lat' dir='ltr'><strong>extra-</strong></span> 
     </span>
    </p>
   </div>
   <div class='ocr_carea' id='block_1_54' title="bbox 1881 2567 3474 2635">
    <p class='ocr_par' dir='ltr' id='par_1_54' title="bbox 1881 2567 3474 2635">
     <span class='ocr_line' id='line_1_54' title="bbox 1881 2567 3474 2635; baseline 0 -12"><span class='ocrx_word' id='word_1_388' title='bbox 1881 2570 2058 2624; x_wconf 89' lang='lat' dir='ltr'><strong>ctione</strong></span> <span class='ocrx_word' id='word_1_389' title='bbox 2088 2569 2178 2623; x_wconf 92' lang='lat' dir='ltr'><strong>illa</strong></span> <span class='ocrx_word' id='word_1_390' title='bbox 2207 2568 2530 2622; x_wconf 88' lang='lat' dir='ltr'><strong>monstravit</strong></span> <span class='ocrx_word' id='word_1_391' title='bbox 2552 2567 2678 2635; x_wconf 89' lang='lat' dir='ltr'><strong>quid</strong></span> <span class='ocrx_word' id='word_1_392' title='bbox 2705 2575 2850 2623; x_wconf 87' lang='lat' dir='ltr'><strong>esset</strong></span> <span class='ocrx_word' id='word_1_393' title='bbox 2881 2581 3103 2622; x_wconf 81' lang='lat' dir='ltr'><strong>necesse</strong></span> <span class='ocrx_word' id='word_1_394' title='bbox 3128 2567 3195 2622; x_wconf 86' lang='lat' dir='ltr'><strong>ab</strong></span> <span class='ocrx_word' id='word_1_395' title='bbox 3223 2567 3474 2623; x_wconf 89' lang='lat' dir='ltr'><strong>omnibus</strong></span> 
     </span>
    </p>
   </div>
   <div class='ocr_carea' id='block_1_55' title="bbox 1881 2659 3475 2731">
    <p class='ocr_par' dir='ltr' id='par_1_55' title="bbox 1881 2659 3475 2731">
     <span class='ocr_line' id='line_1_55' title="bbox 1881 2659 3475 2731; baseline -0.001 -16"><span class='ocrx_word' id='word_1_396' title='bbox 1881 2661 2046 2731; x_wconf 89' lang='lat' dir='ltr'><strong>recipi</strong></span> <span class='ocrx_word' id='word_1_397' title='bbox 2075 2677 2144 2716; x_wconf 89' lang='lat' dir='ltr'><strong>ex</strong></span> <span class='ocrx_word' id='word_1_398' title='bbox 2176 2663 2426 2715; x_wconf 89' lang='lat' dir='ltr'><strong>universa</strong></span> <span class='ocrx_word' id='word_1_399' title='bbox 2460 2659 2602 2714; x_wconf 88' lang='lat' dir='ltr'><strong>illius</strong></span> <span class='ocrx_word' id='word_1_400' title='bbox 2628 2659 2892 2728; x_wconf 86' lang='lat' dir='ltr'><strong>doctrina,</strong></span> <span class='ocrx_word' id='word_1_401' title='bbox 2913 2674 3104 2728; x_wconf 89' lang='lat' dir='ltr'><strong>nempe</strong></span> <span class='ocrx_word' id='word_1_402' title='bbox 3135 2660 3186 2714; x_wconf 93' lang='lat' dir='ltr'><strong>id</strong></span> <span class='ocrx_word' id='word_1_403' title='bbox 3215 2660 3356 2729; x_wconf 88' lang='lat' dir='ltr'><strong>quod</strong></span> <span class='ocrx_word' id='word_1_404' title='bbox 3383 2675 3475 2713; x_wconf 88' lang='lat' dir='ltr'><strong>ca-</strong></span> 
     </span>
    </p>
   </div>
   <div class='ocr_carea' id='block_1_56' title="bbox 1881 2751 3474 2822">
    <p class='ocr_par' dir='ltr' id='par_1_56' title="bbox 1881 2751 3474 2822">
     <span class='ocr_line' id='line_1_56' title="bbox 1881 2751 3474 2822; baseline 0.001 -14"><span class='ocrx_word' id='word_1_405' title='bbox 1881 2753 2112 2808; x_wconf 91' lang='lat' dir='ltr'><strong>nonibus</strong></span> <span class='ocrx_word' id='word_1_406' title='bbox 2156 2752 2265 2807; x_wconf 87' lang='lat' dir='ltr'><strong>illis</strong></span> <span class='ocrx_word' id='word_1_407' title='bbox 2303 2751 2640 2821; x_wconf 87' lang='lat' dir='ltr'><strong>exprimitur,</strong></span> <span class='ocrx_word' id='word_1_408' title='bbox 2676 2753 2938 2821; x_wconf 83' lang='lat' dir='ltr'><strong>permissa</strong></span> <span class='ocrx_word' id='word_1_409' title='bbox 2974 2753 3261 2807; x_wconf 89' lang='lat' dir='ltr'><strong>lectoribus</strong></span> <span class='ocrx_word' id='word_1_410' title='bbox 3287 2751 3474 2822; x_wconf 76' lang='lat' dir='ltr'><strong>judicii</strong></span> 
     </span>
    </p>
   </div>
   <div class='ocr_carea' id='block_1_57' title="bbox 1883 2844 3474 2915">
    <p class='ocr_par' dir='ltr' id='par_1_57' title="bbox 1883 2844 3474 2915">
     <span class='ocr_line' id='line_1_57' title="bbox 1883 2844 3474 2915; baseline -0.002 -14"><span class='ocrx_word' id='word_1_411' title='bbox 1883 2847 2131 2901; x_wconf 89' lang='lat' dir='ltr'><strong>libertate</strong></span> <span class='ocrx_word' id='word_1_412' title='bbox 2158 2846 2301 2900; x_wconf 89' lang='lat' dir='ltr'><strong>circa</strong></span> <span class='ocrx_word' id='word_1_413' title='bbox 2330 2854 2578 2910; x_wconf 62' lang='lat' dir='ltr'><strong>caeteras,</strong></span> <span class='ocrx_word' id='word_1_414' title='bbox 2599 2859 2720 2915; x_wconf 70' lang='lat' dir='ltr'><strong>quae</strong></span> <span class='ocrx_word' id='word_1_415' title='bbox 2748 2844 3133 2912; x_wconf 90' lang='lat' dir='ltr'><strong>intercurrunt,</strong></span> <span class='ocrx_word' id='word_1_416' title='bbox 3162 2855 3474 2901; x_wconf 79' lang='lat' dir='ltr'><strong>controver-</strong></span> 
     </span>
    </p>
   </div>
   <div class='ocr_carea' id='block_1_58' title="bbox 1881 2937 3476 3007">
    <p class='ocr_par' dir='ltr' id='par_1_58' title="bbox 1881 2937 3476 3007">
     <span class='ocr_line' id='line_1_58' title="bbox 1881 2937 3476 3007; baseline 0 -15"><span class='ocrx_word' id='word_1_417' title='bbox 1881 2939 2008 2992; x_wconf 89' lang='lat' dir='ltr'><strong>sias.</strong></span> <span class='ocrx_word' id='word_1_418' title='bbox 2042 2957 2060 2989; x_wconf 84' lang='grc'><strong>›</strong></span> <span class='ocrx_word' id='word_1_419' title='bbox 2095 2937 2241 2993; x_wconf 85' lang='lat' dir='ltr'><strong>Belle</strong></span> <span class='ocrx_word' id='word_1_420' title='bbox 2268 2952 2330 2992; x_wconf 89' lang='lat' dir='ltr'><strong>ac</strong></span> <span class='ocrx_word' id='word_1_421' title='bbox 2360 2939 2498 2993; x_wconf 90' lang='lat' dir='ltr'><strong>bene</strong></span> <span class='ocrx_word' id='word_1_422' title='bbox 2535 2955 2547 2988; x_wconf 91' lang='lat'><strong>:</strong></span> <span class='ocrx_word' id='word_1_423' title='bbox 2581 2938 2744 3007; x_wconf 81' lang='lat' dir='ltr'><strong>igitur</strong></span> <span class='ocrx_word' id='word_1_424' title='bbox 2775 2953 2881 2991; x_wconf 92' lang='lat' dir='ltr'><strong>non</strong></span> <span class='ocrx_word' id='word_1_425' title='bbox 2915 2951 3106 2992; x_wconf 88' lang='lat' dir='ltr'><strong>novem</strong></span> <span class='ocrx_word' id='word_1_426' title='bbox 3135 2938 3476 2992; x_wconf 89' lang='lat' dir='ltr'><strong>solummodo</strong></span> 
     </span>
    </p>
   </div>
   <div class='ocr_carea' id='block_1_59' title="bbox 1883 3031 3476 3102">
    <p class='ocr_par' dir='ltr' id='par_1_59' title="bbox 1883 3031 3476 3102">
     <span class='ocr_line' id='line_1_59' title="bbox 1883 3031 3476 3102; baseline -0.001 -14"><span class='ocrx_word' id='word_1_427' title='bbox 1883 3031 2158 3088; x_wconf 88' lang='lat' dir='ltr'><strong>Goelestini</strong></span> <span class='ocrx_word' id='word_1_428' title='bbox 2183 3032 2464 3088; x_wconf 72' lang='lat' dir='ltr'><strong>sententia)</strong></span> <span class='ocrx_word' id='word_1_429' title='bbox 2487 3047 2552 3086; x_wconf 86' lang='lat' dir='ltr'><strong>ex</strong></span> <span class='ocrx_word' id='word_1_430' title='bbox 2569 3032 2971 3101; x_wconf 86' lang='lat' dir='ltr'><strong>Augustinianis</strong></span> <span class='ocrx_word' id='word_1_431' title='bbox 2991 3031 3144 3087; x_wconf 89' lang='lat' dir='ltr'><strong>libris</strong></span> <span class='ocrx_word' id='word_1_432' title='bbox 3165 3031 3476 3102; x_wconf 83' lang='lat' dir='ltr'><strong>approbatae</strong></span> 
     </span>
    </p>
   </div>
   <div class='ocr_carea' id='block_1_60' title="bbox 1882 3124 3478 3194">
    <p class='ocr_par' dir='ltr' id='par_1_60' title="bbox 1882 3124 3478 3194">
     <span class='ocr_line' id='line_1_60' title="bbox 1882 3124 3478 3194; baseline 0.002 -16"><span class='ocrx_word' id='word_1_433' title='bbox 1882 3135 2028 3190; x_wconf 88' lang='lat' dir='ltr'><strong>sunt,</strong></span> <span class='ocrx_word' id='word_1_434' title='bbox 2058 3124 2203 3194; x_wconf 90' lang='lat' dir='ltr'><strong>quod</strong></span> <span class='ocrx_word' id='word_1_435' title='bbox 2234 3125 2300 3179; x_wconf 90' lang='lat' dir='ltr'><strong>ad</strong></span> <span class='ocrx_word' id='word_1_436' title='bbox 2332 3138 2590 3180; x_wconf 84' lang='lat' dir='ltr'><strong>nauseam</strong></span> <span class='ocrx_word' id='word_1_437' title='bbox 2622 3138 2793 3194; x_wconf 91' lang='lat' dir='ltr'><strong>usque</strong></span> <span class='ocrx_word' id='word_1_438' title='bbox 2825 3124 3127 3189; x_wconf 85' lang='lat' dir='ltr'><strong>inculcatis,</strong></span> <span class='ocrx_word' id='word_1_439' title='bbox 3157 3127 3250 3180; x_wconf 88' lang='lat' dir='ltr'><strong>sed</strong></span> <span class='ocrx_word' id='word_1_440' title='bbox 3292 3134 3367 3181; x_wconf 90' lang='lat' dir='ltr'><strong>tot</strong></span> <span class='ocrx_word' id='word_1_441' title='bbox 3398 3128 3478 3181; x_wconf 82' lang='lat' dir='ltr'><strong>in-</strong></span> 
     </span>
    </p>
   </div>
   <div class='ocr_carea' id='block_1_61' title="bbox 1884 3218 3479 3291">
    <p class='ocr_par' dir='ltr' id='par_1_61' title="bbox 1884 3218 3479 3291">
     <span class='ocr_line' id='line_1_61' title="bbox 1884 3218 3479 3291; baseline -0.003 -15"><span class='ocrx_word' id='word_1_442' title='bbox 1884 3237 2042 3291; x_wconf 89' lang='lat' dir='ltr'><strong>super</strong></span> <span class='ocrx_word' id='word_1_443' title='bbox 2085 3221 2188 3276; x_wconf 87' lang='lat' dir='ltr'><strong>alia</strong></span> <span class='ocrx_word' id='word_1_444' title='bbox 2230 3220 2483 3289; x_wconf 85' lang='lat' dir='ltr'><strong>dogmata</strong></span> <span class='ocrx_word' id='word_1_445' title='bbox 2506 3260 2520 3287; x_wconf 93' lang='lat'><strong>,</strong></span> <span class='ocrx_word' id='word_1_446' title='bbox 2551 3233 2746 3290; x_wconf 92' lang='lat' dir='ltr'><strong>nempe</strong></span> <span class='ocrx_word' id='word_1_447' title='bbox 2779 3219 2969 3289; x_wconf 89' lang='lat' dir='ltr'><strong>viginti</strong></span> <span class='ocrx_word' id='word_1_448' title='bbox 3001 3220 3240 3289; x_wconf 85' lang='lat' dir='ltr'><strong>quinque</strong></span> <span class='ocrx_word' id='word_1_449' title='bbox 3281 3218 3479 3290; x_wconf 81' lang='lat' dir='ltr'><strong>quibus</strong></span> 
     </span>
    </p>
   </div>
   <div class='ocr_carea' id='block_1_62' title="bbox 176 3309 3474 3388">
    <p class='ocr_par' dir='ltr' id='par_1_62' title="bbox 176 3309 3474 3388">
     <span class='ocr_line' id='line_1_62' title="bbox 176 3309 3474 3388; baseline -0.002 -16"><span class='ocrx_word' id='word_1_450' title='bbox 176 3316 391 3388; x_wconf 84' lang='lat' dir='ltr'><strong>gustini</strong></span> <span class='ocrx_word' id='word_1_451' title='bbox 419 3316 664 3372; x_wconf 92' lang='lat' dir='ltr'><strong>doctrina</strong></span> <span class='ocrx_word' id='word_1_452' title='bbox 712 3330 906 3372; x_wconf 90' lang='lat' dir='ltr'><strong>novem</strong></span> <span class='ocrx_word' id='word_1_453' title='bbox 951 3317 1294 3372; x_wconf 92' lang='lat' dir='ltr'><strong>solummodo</strong></span> <span class='ocrx_word' id='word_1_454' title='bbox 1321 3315 1599 3372; x_wconf 74' lang='lat' dir='ltr'><strong>Ctelestini</strong></span> <span class='ocrx_word' id='word_1_455' title='bbox 1630 3316 1776 3385; x_wconf 90' lang='lat' dir='ltr'><strong>capi-</strong></span> <span class='ocrx_word' id='word_1_456' title='bbox 1805 3309 1850 3372; x_wconf 90' lang='lat' dir='ltr'><strong><em>C</em></strong></span> <span class='ocrx_word' id='word_1_457' title='bbox 1883 3314 2137 3384; x_wconf 81' lang='lat' dir='ltr'><strong>refragari</strong></span> <span class='ocrx_word' id='word_1_458' title='bbox 2162 3312 2428 3382; x_wconf 88' lang='lat' dir='ltr'><strong>piaculum</strong></span> <span class='ocrx_word' id='word_1_459' title='bbox 2451 3312 2539 3368; x_wconf 86' lang='lat' dir='ltr'><strong>sit.</strong></span> <span class='ocrx_word' id='word_1_460' title='bbox 2562 3312 2667 3370; x_wconf 86' lang='lat' dir='ltr'><strong>Sed</strong></span> <span class='ocrx_word' id='word_1_461' title='bbox 2697 3313 2954 3368; x_wconf 86' lang='lat' dir='ltr'><strong>reclamat</strong></span> <span class='ocrx_word' id='word_1_462' title='bbox 2974 3312 3215 3366; x_wconf 88' lang='lat' dir='ltr'><strong>Aunatus</strong></span> <span class='ocrx_word' id='word_1_463' title='bbox 3240 3312 3436 3368; x_wconf 88' lang='lat' dir='ltr'><strong>ibidem</strong></span> <span class='ocrx_word' id='word_1_464' title='bbox 3461 3329 3474 3366; x_wconf 89' lang='lat'><strong>:</strong></span> 
     </span>
    </p>
   </div>
   <div class='ocr_carea' id='block_1_63' title="bbox 180 3411 1781 3483">
    <p class='ocr_par' dir='ltr' id='par_1_63' title="bbox 180 3411 1781 3483">
     <span class='ocr_line' id='line_1_63' title="bbox 180 3411 1781 3483; baseline -0.001 -17"><span class='ocrx_word' id='word_1_465' title='bbox 180 3411 307 3466; x_wconf 86' lang='lat' dir='ltr'><strong>tula</strong></span> <span class='ocrx_word' id='word_1_466' title='bbox 339 3411 393 3466; x_wconf 92' lang='lat' dir='ltr'><strong>in</strong></span> <span class='ocrx_word' id='word_1_467' title='bbox 421 3411 808 3469; x_wconf 87' lang='lat' dir='ltr'><strong>ecclesiasticis</strong></span> <span class='ocrx_word' id='word_1_468' title='bbox 839 3411 1052 3468; x_wconf 88' lang='lat' dir='ltr'><strong>scriniis</strong></span> <span class='ocrx_word' id='word_1_469' title='bbox 1079 3411 1246 3468; x_wconf 89' lang='lat' dir='ltr'><strong>fuisse</strong></span> <span class='ocrx_word' id='word_1_470' title='bbox 1271 3411 1541 3483; x_wconf 84' lang='lat' dir='ltr'><strong>seposita?</strong></span> <span class='ocrx_word' id='word_1_471' title='bbox 1571 3411 1781 3466; x_wconf 90' lang='lat' dir='ltr'><strong>Scimus</strong></span> 
     </span>
    </p>
   </div>
   <div class='ocr_carea' id='block_1_64' title="bbox 175 3504 1781 3577">
    <p class='ocr_par' dir='ltr' id='par_1_64' title="bbox 175 3504 1781 3577">
     <span class='ocr_line' id='line_1_64' title="bbox 175 3504 1781 3577; baseline -0.002 -17"><span class='ocrx_word' id='word_1_472' title='bbox 175 3514 437 3562; x_wconf 86' lang='lat' dir='ltr'><strong>sanctum</strong></span> <span class='ocrx_word' id='word_1_473' title='bbox 479 3506 716 3563; x_wconf 90' lang='lat' dir='ltr'><strong>Leonem</strong></span> <span class='ocrx_word' id='word_1_474' title='bbox 770 3507 1038 3577; x_wconf 83' lang='lat' dir='ltr'><strong>Magnum,</strong></span> <span class='ocrx_word' id='word_1_475' title='bbox 1067 3508 1158 3577; x_wconf 89' lang='lat' dir='ltr'><strong>qui</strong></span> <span class='ocrx_word' id='word_1_476' title='bbox 1184 3507 1375 3564; x_wconf 86' lang='lat' dir='ltr'><strong>tertius</strong></span> <span class='ocrx_word' id='word_1_477' title='bbox 1422 3521 1453 3561; x_wconf 91' lang='lat' dir='ltr'><strong>a</strong></span> <span class='ocrx_word' id='word_1_478' title='bbox 1483 3504 1781 3561; x_wconf 70' lang='lat' dir='ltr'><strong>leesﬁno</strong></span> 
     </span>
    </p>
   </div>
   <div class='ocr_carea' id='block_1_65' title="bbox 177 3595 1783 3668">
    <p class='ocr_par' dir='ltr' id='par_1_65' title="bbox 177 3595 1783 3668">
     <span class='ocr_line' id='line_1_65' title="bbox 177 3595 1783 3668; baseline 0 -15"><span class='ocrx_word' id='word_1_479' title='bbox 177 3598 434 3668; x_wconf 86' lang='lat' dir='ltr'><strong>pontifex</strong></span> <span class='ocrx_word' id='word_1_480' title='bbox 467 3598 629 3667; x_wconf 89' lang='lat' dir='ltr'><strong>sedit,</strong></span> <span class='ocrx_word' id='word_1_481' title='bbox 660 3599 713 3654; x_wconf 93' lang='lat' dir='ltr'><strong>in</strong></span> <span class='ocrx_word' id='word_1_482' title='bbox 743 3599 974 3668; x_wconf 90' lang='lat' dir='ltr'><strong>epistola</strong></span> <span class='ocrx_word' id='word_1_483' title='bbox 1008 3598 1077 3654; x_wconf 87' lang='lat' dir='ltr'><strong>ad</strong></span> <span class='ocrx_word' id='word_1_484' title='bbox 1108 3608 1349 3653; x_wconf 90' lang='lat' dir='ltr'><strong>nostrum</strong></span> <span class='ocrx_word' id='word_1_485' title='bbox 1388 3595 1783 3667; x_wconf 89' lang='lat' dir='ltr'><strong>metropolitam</strong></span> 
     </span>
    </p>
   </div>
   <div class='ocr_carea' id='block_1_66' title="bbox 179 3689 1784 3761">
    <p class='ocr_par' dir='ltr' id='par_1_66' title="bbox 179 3689 1784 3761">
     <span class='ocr_line' id='line_1_66' title="bbox 179 3689 1784 3761; baseline -0.002 -14"><span class='ocrx_word' id='word_1_486' title='bbox 179 3689 632 3761; x_wconf 82' lang='lat' dir='ltr'><strong>Aquileiensem,</strong></span> <span class='ocrx_word' id='word_1_487' title='bbox 690 3690 798 3746; x_wconf 91' lang='lat' dir='ltr'><strong>duo</strong></span> <span class='ocrx_word' id='word_1_488' title='bbox 849 3691 1054 3760; x_wconf 89' lang='lat' dir='ltr'><strong>integra</strong></span> <span class='ocrx_word' id='word_1_489' title='bbox 1093 3691 1270 3760; x_wconf 86' lang='lat' dir='ltr'><strong>capita</strong></span> <span class='ocrx_word' id='word_1_490' title='bbox 1313 3705 1383 3745; x_wconf 88' lang='lat' dir='ltr'><strong>ex</strong></span> <span class='ocrx_word' id='word_1_491' title='bbox 1429 3689 1568 3744; x_wconf 90' lang='lat' dir='ltr'><strong>libro</strong></span> <span class='ocrx_word' id='word_1_492' title='bbox 1612 3689 1784 3744; x_wconf 86' lang='lat' dir='ltr'><strong>sancti</strong></span> 
     </span>
    </p>
   </div>
   <div class='ocr_carea' id='block_1_67' title="bbox 178 3784 1780 3860">
    <p class='ocr_par' dir='ltr' id='par_1_67' title="bbox 178 3784 1780 3860">
     <span class='ocr_line' id='line_1_67' title="bbox 178 3784 1780 3860; baseline -0.004 -15"><span class='ocrx_word' id='word_1_493' title='bbox 178 3789 477 3860; x_wconf 84' lang='lat' dir='ltr'><strong>Augustini</strong></span> <span class='ocrx_word' id='word_1_494' title='bbox 501 3796 691 3845; x_wconf 91' lang='lat' dir='ltr'><strong>contra</strong></span> <span class='ocrx_word' id='word_1_495' title='bbox 721 3787 1037 3858; x_wconf 86' lang='lat' dir='ltr'><strong>Pelagianos</strong></span> <span class='ocrx_word' id='word_1_496' title='bbox 1063 3786 1128 3841; x_wconf 91' lang='lat' dir='ltr'><strong>ad</strong></span> <span class='ocrx_word' id='word_1_497' title='bbox 1153 3785 1377 3842; x_wconf 88' lang='lat' dir='ltr'><strong>verbum</strong></span> <span class='ocrx_word' id='word_1_498' title='bbox 1401 3784 1780 3854; x_wconf 85' lang='lat' dir='ltr'><strong>exscripsissc.</strong></span> 
     </span>
    </p>
   </div>
   <div class='ocr_carea' id='block_1_68' title="bbox 175 3875 1785 3951">
    <p class='ocr_par' dir='ltr' id='par_1_68' title="bbox 175 3875 1785 3951">
     <span class='ocr_line' id='line_1_68' title="bbox 175 3875 1785 3951; baseline -0.002 -15"><span class='ocrx_word' id='word_1_499' title='bbox 175 3881 298 3936; x_wconf 82' lang='lat' dir='ltr'><strong>Cur</strong></span> <span class='ocrx_word' id='word_1_500' title='bbox 340 3897 448 3937; x_wconf 92' lang='lat' dir='ltr'><strong>non</strong></span> <span class='ocrx_word' id='word_1_501' title='bbox 502 3882 602 3936; x_wconf 89' lang='lat' dir='ltr'><strong>ista</strong></span> <span class='ocrx_word' id='word_1_502' title='bbox 644 3882 846 3951; x_wconf 90' lang='lat' dir='ltr'><strong>pariter</strong></span> <span class='ocrx_word' id='word_1_503' title='bbox 895 3879 1208 3935; x_wconf 79' lang='lat' dir='ltr'><strong>Hormisdas</strong></span> <span class='ocrx_word' id='word_1_504' title='bbox 1251 3878 1529 3947; x_wconf 85' lang='lat' dir='ltr'><strong>appellat?</strong></span> <span class='ocrx_word' id='word_1_505' title='bbox 1573 3875 1785 3932; x_wconf 89' lang='lat' dir='ltr'><strong>Scimus</strong></span> 
     </span>
    </p>
   </div>
   <div class='ocr_carea' id='block_1_69' title="bbox 178 3971 1785 4044">
    <p class='ocr_par' dir='ltr' id='par_1_69' title="bbox 178 3971 1785 4044">
     <span class='ocr_line' id='line_1_69' title="bbox 178 3971 1785 4044; baseline -0.002 -16"><span class='ocrx_word' id='word_1_506' title='bbox 178 3983 438 4030; x_wconf 83' lang='lat' dir='ltr'><strong>sanctum</strong></span> <span class='ocrx_word' id='word_1_507' title='bbox 473 3971 746 4030; x_wconf 86' lang='lat' dir='ltr'><strong>Gelasium</strong></span> <span class='ocrx_word' id='word_1_508' title='bbox 792 3987 983 4044; x_wconf 88' lang='lat' dir='ltr'><strong>papam</strong></span> <span class='ocrx_word' id='word_1_509' title='bbox 1032 3972 1098 4028; x_wconf 87' lang='lat' dir='ltr'><strong>ad</strong></span> <span class='ocrx_word' id='word_1_510' title='bbox 1133 3971 1425 4026; x_wconf 89' lang='lat' dir='ltr'><strong>Honorium</strong></span> <span class='ocrx_word' id='word_1_511' title='bbox 1468 3971 1785 4040; x_wconf 90' lang='lat' dir='ltr'><strong>episcopum</strong></span> 
     </span>
    </p>
   </div>
   <div class='ocr_carea' id='block_1_70' title="bbox 179 4063 1787 4137">
    <p class='ocr_par' dir='ltr' id='par_1_70' title="bbox 179 4063 1787 4137">
     <span class='ocr_line' id='line_1_70' title="bbox 179 4063 1787 4137; baseline -0.005 -15"><span class='ocrx_word' id='word_1_512' title='bbox 179 4075 385 4122; x_wconf 89' lang='lat' dir='ltr'><strong>contra</strong></span> <span class='ocrx_word' id='word_1_513' title='bbox 414 4066 730 4137; x_wconf 86' lang='lat' dir='ltr'><strong>Pelagianos</strong></span> <span class='ocrx_word' id='word_1_514' title='bbox 755 4065 1064 4136; x_wconf 87' lang='lat' dir='ltr'><strong>scripsisse,</strong></span> <span class='ocrx_word' id='word_1_515' title='bbox 1098 4074 1259 4135; x_wconf 89' lang='lat' dir='ltr'><strong>atque</strong></span> <span class='ocrx_word' id='word_1_516' title='bbox 1294 4063 1624 4119; x_wconf 89' lang='lat' dir='ltr'><strong>mentionem</strong></span> <span class='ocrx_word' id='word_1_517' title='bbox 1653 4076 1787 4130; x_wconf 89' lang='lat' dir='ltr'><strong>quo-</strong></span> 
     </span>
    </p>
   </div>
   <div class='ocr_carea' id='block_1_71' title="bbox 179 4155 1786 4228">
    <p class='ocr_par' dir='ltr' id='par_1_71' title="bbox 179 4155 1786 4228">
     <span class='ocr_line' id='line_1_71' title="bbox 179 4155 1786 4228; baseline -0.005 -10"><span class='ocrx_word' id='word_1_518' title='bbox 179 4161 441 4218; x_wconf 88' lang='lat' dir='ltr'><strong>rumdam</strong></span> <span class='ocrx_word' id='word_1_519' title='bbox 467 4161 825 4228; x_wconf 75' lang='lat' dir='ltr'><strong>capitulorum</strong></span> <span class='ocrx_word' id='word_1_520' title='bbox 858 4159 1051 4216; x_wconf 83' lang='lat' dir='ltr'><strong>fecisse</strong></span> <span class='ocrx_word' id='word_1_521' title='bbox 1080 4177 1092 4212; x_wconf 90' lang='lat'><strong>:</strong></span> <span class='ocrx_word' id='word_1_522' title='bbox 1127 4180 1149 4212; x_wconf 74' lang='lat' dir='ltr'><strong>c</strong></span> <span class='ocrx_word' id='word_1_523' title='bbox 1187 4158 1263 4213; x_wconf 87' lang='lat' dir='ltr'><strong>De</strong></span> <span class='ocrx_word' id='word_1_524' title='bbox 1290 4156 1508 4228; x_wconf 88' lang='lat' dir='ltr'><strong>quibus,</strong></span> <span class='ocrx_word' id='word_1_525' title='bbox 1533 4156 1724 4226; x_wconf 89' lang='lat' dir='ltr'><strong>inquit,</strong></span> <span class='ocrx_word' id='word_1_526' title='bbox 1750 4155 1786 4210; x_wconf 92' lang='lat' dir='ltr'><strong>ii</strong></span> 
     </span>
    </p>
   </div>
   <div class='ocr_carea' id='block_1_72' title="bbox 179 4253 1788 4329">
    <p class='ocr_par' dir='ltr' id='par_1_72' title="bbox 179 4253 1788 4329">
     <span class='ocr_line' id='line_1_72' title="bbox 179 4253 1788 4329; baseline -0.004 -16"><span class='ocrx_word' id='word_1_527' title='bbox 179 4273 331 4329; x_wconf 87' lang='lat' dir='ltr'><strong>quos</strong></span> <span class='ocrx_word' id='word_1_528' title='bbox 357 4267 446 4313; x_wconf 85' lang='lat' dir='ltr'><strong>tua</strong></span> <span class='ocrx_word' id='word_1_529' title='bbox 470 4257 706 4314; x_wconf 85' lang='lat' dir='ltr'><strong>charitas</strong></span> <span class='ocrx_word' id='word_1_530' title='bbox 739 4256 1051 4324; x_wconf 89' lang='lat' dir='ltr'><strong>destinavit,</strong></span> <span class='ocrx_word' id='word_1_531' title='bbox 1077 4257 1122 4311; x_wconf 91' lang='lat' dir='ltr'><strong>si</strong></span> <span class='ocrx_word' id='word_1_532' title='bbox 1150 4255 1358 4325; x_wconf 89' lang='lat' dir='ltr'><strong>plenius</strong></span> <span class='ocrx_word' id='word_1_533' title='bbox 1383 4254 1575 4309; x_wconf 90' lang='lat' dir='ltr'><strong>instrui</strong></span> <span class='ocrx_word' id='word_1_534' title='bbox 1602 4253 1788 4308; x_wconf 90' lang='lat' dir='ltr'><strong>volue-</strong></span> 
     </span>
    </p>
   </div>
   <div class='ocr_carea' id='block_1_73' title="bbox 181 4348 1788 4424">
    <p class='ocr_par' dir='ltr' id='par_1_73' title="bbox 181 4348 1788 4424">
     <span class='ocr_line' id='line_1_73' title="bbox 181 4348 1788 4424; baseline -0.004 -16"><span class='ocrx_word' id='word_1_535' title='bbox 181 4356 324 4419; x_wconf 92' lang='lat' dir='ltr'><strong>rint,</strong></span> <span class='ocrx_word' id='word_1_536' title='bbox 354 4362 642 4424; x_wconf 88' lang='lat' dir='ltr'><strong>sequentes</strong></span> <span class='ocrx_word' id='word_1_537' title='bbox 674 4353 812 4408; x_wconf 87' lang='lat' dir='ltr'><strong>tituli</strong></span> <span class='ocrx_word' id='word_1_538' title='bbox 861 4367 983 4407; x_wconf 92' lang='lat' dir='ltr'><strong>cum</strong></span> <span class='ocrx_word' id='word_1_539' title='bbox 1025 4350 1136 4406; x_wconf 90' lang='lat' dir='ltr'><strong>suis</strong></span> <span class='ocrx_word' id='word_1_540' title='bbox 1176 4348 1618 4420; x_wconf 90' lang='lat' dir='ltr'><strong>responsionibus</strong></span> <span class='ocrx_word' id='word_1_541' title='bbox 1662 4348 1788 4402; x_wconf 90' lang='lat' dir='ltr'><strong>inti-</strong></span> 
     </span>
    </p>
   </div>
   <div class='ocr_carea' id='block_1_74' title="bbox 184 4441 1789 4514">
    <p class='ocr_par' dir='ltr' id='par_1_74' title="bbox 184 4441 1789 4514">
     <span class='ocr_line' id='line_1_74' title="bbox 184 4441 1789 4514; baseline -0.006 -10"><span class='ocrx_word' id='word_1_542' title='bbox 184 4449 443 4504; x_wconf 88' lang='lat' dir='ltr'><strong>mabunt.</strong></span> <span class='ocrx_word' id='word_1_543' title='bbox 477 4465 495 4500; x_wconf 72' lang='grc' dir='ltr'><strong><em>ι</em></strong></span> <span class='ocrx_word' id='word_1_544' title='bbox 522 4448 698 4514; x_wconf 92' lang='lat' dir='ltr'><strong>Quare</strong></span> <span class='ocrx_word' id='word_1_545' title='bbox 728 4445 1042 4502; x_wconf 84' lang='lat' dir='ltr'><strong>ilormisdas</strong></span> <span class='ocrx_word' id='word_1_546' title='bbox 1076 4446 1189 4498; x_wconf 73' lang='lat' dir='ltr'><strong>haec</strong></span> <span class='ocrx_word' id='word_1_547' title='bbox 1218 4442 1484 4499; x_wconf 89' lang='lat' dir='ltr'><strong>insinuata</strong></span> <span class='ocrx_word' id='word_1_548' title='bbox 1510 4456 1536 4495; x_wconf 89' lang='lat' dir='ltr'><strong>a</strong></span> <span class='ocrx_word' id='word_1_549' title='bbox 1569 4441 1789 4498; x_wconf 86' lang='lat' dir='ltr'><strong>Gelasio</strong></span> 
     </span>
    </p>
   </div>
   <div class='ocr_carea' id='block_1_75' title="bbox 181 4533 1790 4610">
    <p class='ocr_par' dir='ltr' id='par_1_75' title="bbox 181 4533 1790 4610">
     <span class='ocr_line' id='line_1_75' title="bbox 181 4533 1790 4610; baseline -0.006 -14"><span class='ocrx_word' id='word_1_550' title='bbox 181 4540 373 4610; x_wconf 85' lang='lat' dir='ltr'><strong>capita</strong></span> <span class='ocrx_word' id='word_1_551' title='bbox 403 4553 510 4595; x_wconf 93' lang='lat' dir='ltr'><strong>non</strong></span> <span class='ocrx_word' id='word_1_552' title='bbox 537 4537 836 4594; x_wconf 83' lang='lat' dir='ltr'><strong>intellexit?</strong></span> <span class='ocrx_word' id='word_1_553' title='bbox 859 4539 940 4593; x_wconf 89' lang='lat' dir='ltr'><strong>An</strong></span> <span class='ocrx_word' id='word_1_554' title='bbox 969 4537 1045 4592; x_wconf 91' lang='lat' dir='ltr'><strong>nil</strong></span> <span class='ocrx_word' id='word_1_555' title='bbox 1092 4535 1235 4591; x_wconf 90' lang='lat' dir='ltr'><strong>aliud</strong></span> <span class='ocrx_word' id='word_1_556' title='bbox 1259 4536 1512 4589; x_wconf 89' lang='lat' dir='ltr'><strong>statuisse</strong></span> <span class='ocrx_word' id='word_1_557' title='bbox 1542 4533 1790 4589; x_wconf 88' lang='lat' dir='ltr'><strong>Gelasius</strong></span> 
     </span>
    </p>
   </div>
   <div class='ocr_carea' id='block_1_76' title="bbox 183 4623 1789 4701">
    <p class='ocr_par' dir='ltr' id='par_1_76' title="bbox 183 4623 1789 4701">
     <span class='ocr_line' id='line_1_76' title="bbox 183 4623 1789 4701; baseline -0.008 -12"><span class='ocrx_word' id='word_1_558' title='bbox 183 4631 506 4689; x_wconf 85' lang='lat' dir='ltr'><strong>credendus</strong></span> <span class='ocrx_word' id='word_1_559' title='bbox 532 4639 636 4700; x_wconf 81' lang='lat' dir='ltr'><strong>est,</strong></span> <span class='ocrx_word' id='word_1_560' title='bbox 666 4645 826 4701; x_wconf 89' lang='lat' dir='ltr'><strong>quam</strong></span> <span class='ocrx_word' id='word_1_561' title='bbox 859 4629 947 4684; x_wconf 91' lang='lat' dir='ltr'><strong>illa</strong></span> <span class='ocrx_word' id='word_1_562' title='bbox 981 4643 1098 4698; x_wconf 69' lang='lat' dir='ltr'><strong>quae</strong></span> <span class='ocrx_word' id='word_1_563' title='bbox 1137 4626 1238 4682; x_wconf 85' lang='lat' dir='ltr'><strong>sub</strong></span> <span class='ocrx_word' id='word_1_564' title='bbox 1270 4626 1488 4682; x_wconf 88' lang='lat' dir='ltr'><strong>nomine</strong></span> <span class='ocrx_word' id='word_1_565' title='bbox 1517 4623 1789 4681; x_wconf 72' lang='lat' dir='ltr'><strong>Coelestini</strong></span> 
     </span>
    </p>
   </div>
   <div class='ocr_carea' id='block_1_77' title="bbox 1893 3405 3480 3477">
    <p class='ocr_par' dir='ltr' id='par_1_77' title="bbox 1893 3405 3480 3477">
     <span class='ocr_line' id='line_1_77' title="bbox 1893 3405 3480 3477; baseline 0.001 -18"><span class='ocrx_word' id='word_1_566' title='bbox 1893 3425 1912 3459; x_wconf 77' lang='grc' dir='ltr'>ι</span> <span class='ocrx_word' id='word_1_567' title='bbox 1948 3408 2087 3477; x_wconf 88' lang='lat' dir='ltr'><strong>Ergo</strong></span> <span class='ocrx_word' id='word_1_568' title='bbox 2113 3406 2164 3461; x_wconf 89' lang='lat' dir='ltr'><strong>vi</strong></span> <span class='ocrx_word' id='word_1_569' title='bbox 2196 3406 2355 3476; x_wconf 90' lang='lat' dir='ltr'><strong>hujus</strong></span> <span class='ocrx_word' id='word_1_570' title='bbox 2384 3407 2792 3477; x_wconf 82' lang='lat' dir='ltr'><strong>approbatiouis</strong></span> <span class='ocrx_word' id='word_1_571' title='bbox 2823 3406 2970 3460; x_wconf 89' lang='lat' dir='ltr'><strong>nulla</strong></span> <span class='ocrx_word' id='word_1_572' title='bbox 3001 3406 3116 3459; x_wconf 91' lang='lat' dir='ltr'><strong>ﬁeri</strong></span> <span class='ocrx_word' id='word_1_573' title='bbox 3149 3405 3314 3460; x_wconf 86' lang='lat' dir='ltr'><strong>debet</strong></span> <span class='ocrx_word' id='word_1_574' title='bbox 3345 3419 3480 3460; x_wconf 91' lang='lat' dir='ltr'><strong>con-</strong></span> 
     </span>
    </p>
   </div>
   <div class='ocr_carea' id='block_1_78' title="bbox 1891 3499 3482 3570">
    <p class='ocr_par' dir='ltr' id='par_1_78' title="bbox 1891 3499 3482 3570">
     <span class='ocr_line' id='line_1_78' title="bbox 1891 3499 3482 3570; baseline -0.001 -13"><span class='ocrx_word' id='word_1_575' title='bbox 1891 3502 2152 3558; x_wconf 90' lang='lat' dir='ltr'><strong>troversia</strong></span> <span class='ocrx_word' id='word_1_576' title='bbox 2187 3502 2252 3556; x_wconf 89' lang='lat' dir='ltr'><strong>iis</strong></span> <span class='ocrx_word' id='word_1_577' title='bbox 2281 3501 2372 3570; x_wconf 90' lang='lat' dir='ltr'><strong>qui</strong></span> <span class='ocrx_word' id='word_1_578' title='bbox 2403 3502 2576 3570; x_wconf 89' lang='lat' dir='ltr'><strong>capita</strong></span> <span class='ocrx_word' id='word_1_579' title='bbox 2607 3501 2692 3555; x_wconf 91' lang='lat' dir='ltr'><strong>illa</strong></span> <span class='ocrx_word' id='word_1_580' title='bbox 2723 3500 2925 3556; x_wconf 89' lang='lat' dir='ltr'><strong>seiccta</strong></span> <span class='ocrx_word' id='word_1_581' title='bbox 2956 3500 3238 3568; x_wconf 90' lang='lat' dir='ltr'><strong>recipiunt,</strong></span> <span class='ocrx_word' id='word_1_582' title='bbox 3271 3499 3482 3556; x_wconf 85' lang='lat' dir='ltr'><strong>etiamsi</strong></span> 
     </span>
    </p>
   </div>
   <div class='ocr_carea' id='block_1_79' title="bbox 1888 3593 3482 3666">
    <p class='ocr_par' dir='ltr' id='par_1_79' title="bbox 1888 3593 3482 3666">
     <span class='ocr_line' id='line_1_79' title="bbox 1888 3593 3482 3666; baseline -0.002 -16"><span class='ocrx_word' id='word_1_583' title='bbox 1888 3596 1988 3651; x_wconf 88' lang='lat' dir='ltr'><strong>alia</strong></span> <span class='ocrx_word' id='word_1_584' title='bbox 2015 3596 2259 3666; x_wconf 70' lang='lat' dir='ltr'><strong>qutedam</strong></span> <span class='ocrx_word' id='word_1_585' title='bbox 2290 3595 2553 3664; x_wconf 87' lang='lat' dir='ltr'><strong>rejiciant.</strong></span> <span class='ocrx_word' id='word_1_586' title='bbox 2580 3615 2598 3648; x_wconf 73' lang='grc' dir='ltr'><strong>ι</strong></span> <span class='ocrx_word' id='word_1_587' title='bbox 2623 3593 2759 3649; x_wconf 83' lang='lat' dir='ltr'><strong>Nolo</strong></span> <span class='ocrx_word' id='word_1_588' title='bbox 2790 3594 2876 3649; x_wconf 84' lang='lat' dir='ltr'><strong>liic</strong></span> <span class='ocrx_word' id='word_1_589' title='bbox 2906 3594 3178 3664; x_wconf 83' lang='lat' dir='ltr'><strong>disputare</strong></span> <span class='ocrx_word' id='word_1_590' title='bbox 3203 3609 3269 3647; x_wconf 90' lang='lat' dir='ltr'><strong>an</strong></span> <span class='ocrx_word' id='word_1_591' title='bbox 3297 3608 3482 3649; x_wconf 89' lang='lat' dir='ltr'><strong>recen-</strong></span> 
     </span>
    </p>
   </div>
   <div class='ocr_carea' id='block_1_80' title="bbox 1891 3687 3483 3761">
    <p class='ocr_par' dir='ltr' id='par_1_80' title="bbox 1891 3687 3483 3761">
     <span class='ocr_line' id='line_1_80' title="bbox 1891 3687 3483 3761; baseline 0 -18"><span class='ocrx_word' id='word_1_592' title='bbox 1891 3689 2058 3746; x_wconf 89' lang='lat' dir='ltr'><strong>tiores</strong></span> <span class='ocrx_word' id='word_1_593' title='bbox 2093 3691 2162 3744; x_wconf 88' lang='lat' dir='ltr'><strong>ita</strong></span> <span class='ocrx_word' id='word_1_594' title='bbox 2201 3704 2440 3745; x_wconf 89' lang='lat' dir='ltr'><strong>canones</strong></span> <span class='ocrx_word' id='word_1_595' title='bbox 2471 3689 2895 3761; x_wconf 87' lang='lat' dir='ltr'><strong>Augustinianos</strong></span> <span class='ocrx_word' id='word_1_596' title='bbox 2929 3689 3206 3743; x_wconf 68' lang='lat' dir='ltr'><strong>Arausicse</strong></span> <span class='ocrx_word' id='word_1_597' title='bbox 3240 3687 3483 3743; x_wconf 85' lang='lat' dir='ltr'><strong>ﬁrmatos</strong></span> 
     </span>
    </p>
   </div>
   <div class='ocr_carea' id='block_1_81' title="bbox 1889 3781 3480 3854">
    <p class='ocr_par' dir='ltr' id='par_1_81' title="bbox 1889 3781 3480 3854">
     <span class='ocr_line' id='line_1_81' title="bbox 1889 3781 3480 3854; baseline -0.002 -16"><span class='ocrx_word' id='word_1_598' title='bbox 1889 3783 2168 3852; x_wconf 81' lang='lat' dir='ltr'><strong>recipiant,</strong></span> <span class='ocrx_word' id='word_1_599' title='bbox 2201 3783 2329 3853; x_wconf 92' lang='lat' dir='ltr'><strong>quin</strong></span> <span class='ocrx_word' id='word_1_600' title='bbox 2359 3784 2610 3838; x_wconf 89' lang='lat' dir='ltr'><strong>violentis</strong></span> <span class='ocrx_word' id='word_1_601' title='bbox 2635 3782 2954 3854; x_wconf 88' lang='lat' dir='ltr'><strong>quandoque</strong></span> <span class='ocrx_word' id='word_1_602' title='bbox 2982 3781 3480 3850; x_wconf 85' lang='lat' dir='ltr'><strong>interpretamentis</strong></span> 
     </span>
    </p>
   </div>
   <div class='ocr_carea' id='block_1_82' title="bbox 1889 3870 3484 3942">
    <p class='ocr_par' dir='ltr' id='par_1_82' title="bbox 1889 3870 3484 3942">
     <span class='ocr_line' id='line_1_82' title="bbox 1889 3870 3484 3942; baseline -0.004 -11"><span class='ocrx_word' id='word_1_603' title='bbox 1889 3875 2093 3932; x_wconf 81' lang='lat' dir='ltr'><strong>eisdem</strong></span> <span class='ocrx_word' id='word_1_604' title='bbox 2117 3876 2225 3930; x_wconf 88' lang='lat' dir='ltr'><strong>vim</strong></span> <span class='ocrx_word' id='word_1_605' title='bbox 2259 3873 2674 3941; x_wconf 88' lang='lat' dir='ltr'><strong>iuferant,unde</strong></span> <span class='ocrx_word' id='word_1_606' title='bbox 2698 3873 2768 3928; x_wconf 81' lang='lat' dir='ltr'><strong>ab</strong></span> <span class='ocrx_word' id='word_1_607' title='bbox 2793 3872 3018 3929; x_wconf 88' lang='lat' dir='ltr'><strong>eruditis</strong></span> <span class='ocrx_word' id='word_1_608' title='bbox 3041 3873 3163 3942; x_wconf 88' lang='lat' dir='ltr'><strong>jure</strong></span> <span class='ocrx_word' id='word_1_609' title='bbox 3190 3870 3484 3940; x_wconf 78' lang='lat' dir='ltr'><strong>reprelien-</strong></span> 
     </span>
    </p>
   </div>
   <div class='ocr_carea' id='block_1_83' title="bbox 1887 3964 3484 4038">
    <p class='ocr_par' dir='ltr' id='par_1_83' title="bbox 1887 3964 3484 4038">
     <span class='ocr_line' id='line_1_83' title="bbox 1887 3964 3484 4038; baseline -0.003 -14"><span class='ocrx_word' id='word_1_610' title='bbox 1887 3970 2107 4024; x_wconf 90' lang='lat' dir='ltr'><strong>duntur.</strong></span> <span class='ocrx_word' id='word_1_611' title='bbox 2154 3968 2332 4023; x_wconf 86' lang='lat' dir='ltr'><strong>Mitius</strong></span> <span class='ocrx_word' id='word_1_612' title='bbox 2381 3967 2657 4023; x_wconf 88' lang='lat' dir='ltr'><strong>vobiscum</strong></span> <span class='ocrx_word' id='word_1_613' title='bbox 2707 3981 2882 4038; x_wconf 85' lang='lat' dir='ltr'><strong>agam.</strong></span> <span class='ocrx_word' id='word_1_614' title='bbox 2929 3964 3084 4033; x_wconf 90' lang='lat' dir='ltr'><strong>Quod</strong></span> <span class='ocrx_word' id='word_1_615' title='bbox 3126 3965 3484 4020; x_wconf 84' lang='lat' dir='ltr'><strong>Arausicanos</strong></span> 
     </span>
    </p>
   </div>
   <div class='ocr_carea' id='block_1_84' title="bbox 1889 4058 3485 4130">
    <p class='ocr_par' dir='ltr' id='par_1_84' title="bbox 1889 4058 3485 4130">
     <span class='ocr_line' id='line_1_84' title="bbox 1889 4058 3485 4130; baseline -0.001 -14"><span class='ocrx_word' id='word_1_616' title='bbox 1889 4075 2154 4128; x_wconf 88' lang='lat' dir='ltr'><strong>canones,</strong></span> <span class='ocrx_word' id='word_1_617' title='bbox 2187 4071 2244 4116; x_wconf 93' lang='lat' dir='ltr'><strong>ut</strong></span> <span class='ocrx_word' id='word_1_618' title='bbox 2284 4061 2434 4127; x_wconf 89' lang='lat' dir='ltr'><strong>libet,</strong></span> <span class='ocrx_word' id='word_1_619' title='bbox 2465 4069 2524 4116; x_wconf 88' lang='lat' dir='ltr'><strong>ut</strong></span> <span class='ocrx_word' id='word_1_620' title='bbox 2561 4060 2709 4116; x_wconf 89' lang='lat' dir='ltr'><strong>lubet</strong></span> <span class='ocrx_word' id='word_1_621' title='bbox 2747 4059 3059 4130; x_wconf 85' lang='lat' dir='ltr'><strong>explicatis,</strong></span> <span class='ocrx_word' id='word_1_622' title='bbox 3089 4058 3285 4114; x_wconf 88' lang='lat' dir='ltr'><strong>nullam</strong></span> <span class='ocrx_word' id='word_1_623' title='bbox 3332 4058 3485 4115; x_wconf 88' lang='lat' dir='ltr'><strong>vobis</strong></span> 
     </span>
    </p>
   </div>
   <div class='ocr_carea' id='block_1_85' title="bbox 1886 4151 3485 4224">
    <p class='ocr_par' dir='ltr' id='par_1_85' title="bbox 1886 4151 3485 4224">
     <span class='ocr_line' id='line_1_85' title="bbox 1886 4151 3485 4224; baseline -0.001 -17"><span class='ocrx_word' id='word_1_624' title='bbox 1886 4154 2242 4224; x_wconf 59' lang='lat' dir='ltr'><strong>quaestionem</strong></span> <span class='ocrx_word' id='word_1_625' title='bbox 2276 4153 2538 4220; x_wconf 82' lang='lat' dir='ltr'><strong>facimus,</strong></span> <span class='ocrx_word' id='word_1_626' title='bbox 2573 4153 2668 4208; x_wconf 83' lang='lat' dir='ltr'><strong>sed</strong></span> <span class='ocrx_word' id='word_1_627' title='bbox 2711 4153 2855 4222; x_wconf 90' lang='lat' dir='ltr'><strong>quod</strong></span> <span class='ocrx_word' id='word_1_628' title='bbox 2897 4151 2999 4205; x_wconf 89' lang='lat' dir='ltr'><strong>alia</strong></span> <span class='ocrx_word' id='word_1_629' title='bbox 3031 4151 3318 4220; x_wconf 87' lang='lat' dir='ltr'><strong>Augustini</strong></span> <span class='ocrx_word' id='word_1_630' title='bbox 3349 4151 3485 4222; x_wconf 89' lang='lat' dir='ltr'><strong>dog-</strong></span> 
     </span>
    </p>
   </div>
   <div class='ocr_carea' id='block_1_86' title="bbox 1892 4246 3486 4318">
    <p class='ocr_par' dir='ltr' id='par_1_86' title="bbox 1892 4246 3486 4318">
     <span class='ocr_line' id='line_1_86' title="bbox 1892 4246 3486 4318; baseline -0.002 -16"><span class='ocrx_word' id='word_1_631' title='bbox 1892 4256 2030 4303; x_wconf 82' lang='lat' dir='ltr'><strong>mata</strong></span> <span class='ocrx_word' id='word_1_632' title='bbox 2063 4249 2339 4318; x_wconf 81' lang='lat' dir='ltr'><strong>rejiciatis,</strong></span> <span class='ocrx_word' id='word_1_633' title='bbox 2360 4252 2467 4318; x_wconf 91' lang='lat' dir='ltr'><strong>pati</strong></span> <span class='ocrx_word' id='word_1_634' title='bbox 2493 4247 2641 4303; x_wconf 91' lang='lat' dir='ltr'><strong>nullo</strong></span> <span class='ocrx_word' id='word_1_635' title='bbox 2665 4246 2825 4301; x_wconf 92' lang='lat' dir='ltr'><strong>modo</strong></span> <span class='ocrx_word' id='word_1_636' title='bbox 2854 4255 3333 4315; x_wconf 86' lang='lat' dir='ltr'><strong>possumus,atquc</strong></span> <span class='ocrx_word' id='word_1_637' title='bbox 3358 4260 3486 4300; x_wconf 91' lang='lat' dir='ltr'><strong>con-</strong></span> 
     </span>
    </p>
   </div>
   <div class='ocr_carea' id='block_1_87' title="bbox 1893 4339 3486 4410">
    <p class='ocr_par' dir='ltr' id='par_1_87' title="bbox 1893 4339 3486 4410">
     <span class='ocr_line' id='line_1_87' title="bbox 1893 4339 3486 4410; baseline -0.003 -14"><span class='ocrx_word' id='word_1_638' title='bbox 1893 4350 1970 4397; x_wconf 90' lang='lat' dir='ltr'><strong>tra</strong></span> <span class='ocrx_word' id='word_1_639' title='bbox 2003 4357 2101 4397; x_wconf 92' lang='lat' dir='ltr'><strong>vos</strong></span> <span class='ocrx_word' id='word_1_640' title='bbox 2132 4343 2531 4398; x_wconf 84' lang='lat' dir='ltr'><strong>accusationem</strong></span> <span class='ocrx_word' id='word_1_641' title='bbox 2577 4355 2851 4410; x_wconf 86' lang='lat' dir='ltr'><strong>paramus,</strong></span> <span class='ocrx_word' id='word_1_642' title='bbox 2884 4355 2989 4394; x_wconf 92' lang='lat' dir='ltr'><strong>non</strong></span> <span class='ocrx_word' id='word_1_643' title='bbox 3033 4341 3174 4408; x_wconf 84' lang='lat' dir='ltr'><strong>quod</strong></span> <span class='ocrx_word' id='word_1_644' title='bbox 3207 4339 3486 4408; x_wconf 87' lang='lat' dir='ltr'><strong>apostolici</strong></span> 
     </span>
    </p>
   </div>
   <div class='ocr_carea' id='block_1_88' title="bbox 1891 4432 3489 4506">
    <p class='ocr_par' dir='ltr' id='par_1_88' title="bbox 1891 4432 3489 4506">
     <span class='ocr_line' id='line_1_88' title="bbox 1891 4432 3489 4506; baseline -0.003 -14"><span class='ocrx_word' id='word_1_645' title='bbox 1891 4437 2118 4502; x_wconf 87' lang='lat' dir='ltr'><strong>decreti,</strong></span> <span class='ocrx_word' id='word_1_646' title='bbox 2147 4438 2241 4493; x_wconf 88' lang='lat' dir='ltr'><strong>sed</strong></span> <span class='ocrx_word' id='word_1_647' title='bbox 2272 4437 2414 4506; x_wconf 91' lang='lat' dir='ltr'><strong>quod</strong></span> <span class='ocrx_word' id='word_1_648' title='bbox 2445 4436 2680 4505; x_wconf 85' lang='lat' dir='ltr'><strong>exempli</strong></span> <span class='ocrx_word' id='word_1_649' title='bbox 2710 4444 3112 4502; x_wconf 87' lang='lat' dir='ltr'><strong>contemptores</strong></span> <span class='ocrx_word' id='word_1_650' title='bbox 3141 4434 3278 4488; x_wconf 83' lang='lat' dir='ltr'><strong>sitis.</strong></span> <span class='ocrx_word' id='word_1_651' title='bbox 3306 4432 3489 4488; x_wconf 83' lang='lat' dir='ltr'><strong>Enim-</strong></span> 
     </span>
    </p>
   </div>
   <div class='ocr_carea' id='block_1_89' title="bbox 1891 4525 3487 4595">
    <p class='ocr_par' dir='ltr' id='par_1_89' title="bbox 1891 4525 3487 4595">
     <span class='ocr_line' id='line_1_89' title="bbox 1891 4525 3487 4595; baseline -0.005 -9"><span class='ocrx_word' id='word_1_652' title='bbox 1891 4548 2022 4586; x_wconf 88' lang='lat' dir='ltr'><strong>vero</strong></span> <span class='ocrx_word' id='word_1_653' title='bbox 2052 4533 2095 4584; x_wconf 92' lang='lat' dir='ltr'><strong>si</strong></span> <span class='ocrx_word' id='word_1_654' title='bbox 2128 4531 2406 4585; x_wconf 88' lang='lat' dir='ltr'><strong>universas</strong></span> <span class='ocrx_word' id='word_1_655' title='bbox 2435 4528 2556 4584; x_wconf 87' lang='lat' dir='ltr'><strong>lites</strong></span> <span class='ocrx_word' id='word_1_656' title='bbox 2583 4527 2652 4583; x_wconf 92' lang='lat' dir='ltr'><strong>de</strong></span> <span class='ocrx_word' id='word_1_657' title='bbox 2679 4526 2856 4582; x_wconf 90' lang='lat' dir='ltr'><strong>divina</strong></span> <span class='ocrx_word' id='word_1_658' title='bbox 2891 4525 3060 4595; x_wconf 89' lang='lat' dir='ltr'><strong>gratia</strong></span> <span class='ocrx_word' id='word_1_659' title='bbox 3093 4527 3143 4578; x_wconf 92' lang='lat' dir='ltr'><strong>in</strong></span> <span class='ocrx_word' id='word_1_660' title='bbox 3177 4525 3364 4580; x_wconf 89' lang='lat' dir='ltr'><strong>Galliis</strong></span> <span class='ocrx_word' id='word_1_661' title='bbox 3389 4539 3487 4579; x_wconf 84' lang='lat' dir='ltr'><strong>ex-</strong></span> 
     </span>
    </p>
   </div>
   <div class='ocr_carea' id='block_1_90' title="bbox 1892 4616 3486 4693">
    <p class='ocr_par' dir='ltr' id='par_1_90' title="bbox 1892 4616 3486 4693">
     <span class='ocr_line' id='line_1_90' title="bbox 1892 4616 3486 4693; baseline -0.007 -12"><span class='ocrx_word' id='word_1_662' title='bbox 1892 4636 2039 4681; x_wconf 91' lang='lat' dir='ltr'><strong>ortas</strong></span> <span class='ocrx_word' id='word_1_663' title='bbox 2071 4623 2363 4693; x_wconf 91' lang='lat' dir='ltr'><strong>apostolica</strong></span> <span class='ocrx_word' id='word_1_664' title='bbox 2407 4621 2564 4676; x_wconf 89' lang='lat' dir='ltr'><strong>sedes</strong></span> <span class='ocrx_word' id='word_1_665' title='bbox 2611 4629 2670 4674; x_wconf 89' lang='lat' dir='ltr'><strong>ut</strong></span> <span class='ocrx_word' id='word_1_666' title='bbox 2719 4620 2875 4673; x_wconf 78' lang='lat' dir='ltr'><strong>unius</strong></span> <span class='ocrx_word' id='word_1_667' title='bbox 2920 4617 3196 4687; x_wconf 77' lang='lat' dir='ltr'><strong>Augustini</strong></span> <span class='ocrx_word' id='word_1_668' title='bbox 3246 4616 3486 4670; x_wconf 88' lang='lat' dir='ltr'><strong>doctrina</strong></span> 
     </span>
    </p>
   </div>
   <div class='ocr_carea' id='block_1_91' title="bbox 183 4707 3488 4794">
    <p class='ocr_par' dir='ltr' id='par_1_91' title="bbox 183 4707 3488 4794">
     <span class='ocr_line' id='line_1_91' title="bbox 183 4707 3488 4794; baseline -0.006 -15"><span class='ocrx_word' id='word_1_669' title='bbox 183 4726 413 4794; x_wconf 87' lang='lat' dir='ltr'><strong>vulgata</strong></span> <span class='ocrx_word' id='word_1_670' title='bbox 461 4723 627 4778; x_wconf 83' lang='lat' dir='ltr'><strong>sunt?</strong></span> <span class='ocrx_word' id='word_1_671' title='bbox 667 4724 800 4791; x_wconf 90' lang='lat' dir='ltr'><strong>Quis</strong></span> <span class='ocrx_word' id='word_1_672' title='bbox 837 4724 940 4776; x_wconf 90' lang='lat' dir='ltr'><strong>hoc</strong></span> <span class='ocrx_word' id='word_1_673' title='bbox 983 4723 1100 4776; x_wconf 91' lang='lat' dir='ltr'><strong>sine</strong></span> <span class='ocrx_word' id='word_1_674' title='bbox 1151 4728 1288 4775; x_wconf 86' lang='lat' dir='ltr'><strong>teste</strong></span> <span class='ocrx_word' id='word_1_675' title='bbox 1334 4718 1532 4773; x_wconf 88' lang='lat' dir='ltr'><strong>dicenti</strong></span> <span class='ocrx_word' id='word_1_676' title='bbox 1562 4717 1787 4772; x_wconf 87' lang='lat' dir='ltr'><strong>credat?</strong></span> <span class='ocrx_word' id='word_1_677' title='bbox 1821 4713 1867 4771; x_wconf 83' lang='grc' dir='ltr'><strong>Ι)</strong></span> <span class='ocrx_word' id='word_1_678' title='bbox 1892 4715 2289 4781; x_wconf 72' lang='lat' dir='ltr'><strong>componendas</strong></span> <span class='ocrx_word' id='word_1_679' title='bbox 2325 4713 2498 4780; x_wconf 91' lang='lat' dir='ltr'><strong>duxit,</strong></span> <span class='ocrx_word' id='word_1_680' title='bbox 2529 4711 2738 4780; x_wconf 87' lang='lat' dir='ltr'><strong>insigne</strong></span> <span class='ocrx_word' id='word_1_681' title='bbox 2773 4709 3008 4779; x_wconf 83' lang='lat' dir='ltr'><strong>posteris</strong></span> <span class='ocrx_word' id='word_1_682' title='bbox 3038 4708 3341 4777; x_wconf 89' lang='lat' dir='ltr'><strong>exemplum</strong></span> <span class='ocrx_word' id='word_1_683' title='bbox 3371 4707 3488 4761; x_wconf 90' lang='lat' dir='ltr'><strong>edi-</strong></span> 
     </span>
    </p>
   </div>
   <div class='ocr_carea' id='block_1_92' title="bbox 185 4813 1790 4884">
    <p class='ocr_par' dir='ltr' id='par_1_92' title="bbox 185 4813 1790 4884">
     <span class='ocr_line' id='line_1_92' title="bbox 185 4813 1790 4884; baseline -0.007 -8"><span class='ocrx_word' id='word_1_684' title='bbox 185 4820 417 4877; x_wconf 84' lang='lat' dir='ltr'><strong>Scimus</strong></span> <span class='ocrx_word' id='word_1_685' title='bbox 447 4820 693 4875; x_wconf 90' lang='lat' dir='ltr'><strong>eumdem</strong></span> <span class='ocrx_word' id='word_1_686' title='bbox 728 4817 996 4873; x_wconf 89' lang='lat' dir='ltr'><strong>Gelasium</strong></span> <span class='ocrx_word' id='word_1_687' title='bbox 1046 4816 1099 4870; x_wconf 93' lang='lat' dir='ltr'><strong>in</strong></span> <span class='ocrx_word' id='word_1_688' title='bbox 1140 4814 1367 4884; x_wconf 90' lang='lat' dir='ltr'><strong>epistola</strong></span> <span class='ocrx_word' id='word_1_689' title='bbox 1411 4813 1477 4866; x_wconf 90' lang='lat' dir='ltr'><strong>ad</strong></span> <span class='ocrx_word' id='word_1_690' title='bbox 1509 4814 1790 4881; x_wconf 89' lang='lat' dir='ltr'><strong>episcopos</strong></span> 
     </span>
    </p>
   </div>
   <div class='ocr_carea' id='block_1_93' title="bbox 189 4903 1791 4984">
    <p class='ocr_par' dir='ltr' id='par_1_93' title="bbox 189 4903 1791 4984">
     <span class='ocr_line' id='line_1_93' title="bbox 189 4903 1791 4984; baseline -0.01 -14"><span class='ocrx_word' id='word_1_691' title='bbox 189 4928 299 4984; x_wconf 89' lang='lat' dir='ltr'><strong>per</strong></span> <span class='ocrx_word' id='word_1_692' title='bbox 323 4913 578 4968; x_wconf 89' lang='lat' dir='ltr'><strong>Picenum</strong></span> <span class='ocrx_word' id='word_1_693' title='bbox 607 4921 716 4965; x_wconf 91' lang='lat' dir='ltr'><strong>tres</strong></span> <span class='ocrx_word' id='word_1_694' title='bbox 737 4918 1043 4980; x_wconf 88' lang='lat' dir='ltr'><strong>quatuorve</strong></span> <span class='ocrx_word' id='word_1_695' title='bbox 1071 4907 1240 4962; x_wconf 90' lang='lat' dir='ltr'><strong>sancti</strong></span> <span class='ocrx_word' id='word_1_696' title='bbox 1268 4903 1551 4974; x_wconf 86' lang='lat' dir='ltr'><strong>Augustini</strong></span> <span class='ocrx_word' id='word_1_697' title='bbox 1575 4912 1791 4958; x_wconf 85' lang='lat' dir='ltr'><strong>senten-</strong></span> 
     </span>
    </p>
   </div>
   <div class='ocr_carea' id='block_1_94' title="bbox 195 4998 1792 5074">
    <p class='ocr_par' dir='ltr' id='par_1_94' title="bbox 195 4998 1792 5074">
     <span class='ocr_line' id='line_1_94' title="bbox 195 4998 1792 5074; baseline -0.01 -12"><span class='ocrx_word' id='word_1_698' title='bbox 195 5007 336 5074; x_wconf 83' lang='lat' dir='ltr'><strong>tias,</strong></span> <span class='ocrx_word' id='word_1_699' title='bbox 371 5015 426 5059; x_wconf 84' lang='grc' dir='ltr'>ιιι</span> <span class='ocrx_word' id='word_1_700' title='bbox 453 5005 703 5074; x_wconf 90' lang='lat' dir='ltr'><strong>superius</strong></span> <span class='ocrx_word' id='word_1_701' title='bbox 733 5002 1089 5066; x_wconf 86' lang='lat' dir='ltr'><strong>ostendimus,</strong></span> <span class='ocrx_word' id='word_1_702' title='bbox 1126 4998 1416 5060; x_wconf 87' lang='lat' dir='ltr'><strong>inculcare,</strong></span> <span class='ocrx_word' id='word_1_703' title='bbox 1449 5009 1582 5066; x_wconf 88' lang='lat' dir='ltr'><strong>quas</strong></span> <span class='ocrx_word' id='word_1_704' title='bbox 1606 5007 1792 5048; x_wconf 87' lang='lat' dir='ltr'><strong>recen-</strong></span> 
     </span>
    </p>
   </div>
   <div class='ocr_carea' id='block_1_95' title="bbox 189 5087 1794 5168">
    <p class='ocr_par' dir='ltr' id='par_1_95' title="bbox 189 5087 1794 5168">
     <span class='ocr_line' id='line_1_95' title="bbox 189 5087 1794 5168; baseline -0.009 -13"><span class='ocrx_word' id='word_1_705' title='bbox 189 5101 373 5156; x_wconf 87' lang='lat' dir='ltr'><strong>tiores</strong></span> <span class='ocrx_word' id='word_1_706' title='bbox 420 5097 823 5168; x_wconf 86' lang='lat' dir='ltr'><strong>repreheuduut</strong></span> <span class='ocrx_word' id='word_1_707' title='bbox 850 5139 865 5167; x_wconf 87' lang='lat'><strong>,</strong></span> <span class='ocrx_word' id='word_1_708' title='bbox 901 5109 963 5150; x_wconf 89' lang='lat' dir='ltr'><strong>ac</strong></span> <span class='ocrx_word' id='word_1_709' title='bbox 1006 5093 1200 5148; x_wconf 85' lang='lat' dir='ltr'><strong>furenti</strong></span> <span class='ocrx_word' id='word_1_710' title='bbox 1243 5098 1430 5146; x_wconf 90' lang='lat' dir='ltr'><strong>contra</strong></span> <span class='ocrx_word' id='word_1_711' title='bbox 1482 5087 1794 5156; x_wconf 89' lang='lat' dir='ltr'><strong>Pelagianos</strong></span> 
     </span>
    </p>
   </div>
   <div class='ocr_carea' id='block_1_96' title="bbox 190 5179 1794 5263">
    <p class='ocr_par' dir='ltr' id='par_1_96' title="bbox 190 5179 1794 5263">
     <span class='ocr_line' id='line_1_96' title="bbox 190 5179 1794 5263; baseline -0.011 -14"><span class='ocrx_word' id='word_1_712' title='bbox 190 5191 508 5263; x_wconf 75' lang='lat' dir='ltr'><strong>Augustino</strong></span> <span class='ocrx_word' id='word_1_713' title='bbox 533 5189 800 5246; x_wconf 81' lang='lat' dir='ltr'><strong>excidisse</strong></span> <span class='ocrx_word' id='word_1_714' title='bbox 826 5187 1343 5248; x_wconf 91' lang='lat' dir='ltr'><strong>comminiscuntur;</strong></span> <span class='ocrx_word' id='word_1_715' title='bbox 1378 5181 1522 5236; x_wconf 87' lang='lat' dir='ltr'><strong>unde</strong></span> <span class='ocrx_word' id='word_1_716' title='bbox 1558 5179 1794 5234; x_wconf 85' lang='lat' dir='ltr'><strong>credibi-</strong></span> 
     </span>
    </p>
   </div>
   <div class='ocr_carea' id='block_1_97' title="bbox 191 5273 1795 5353">
    <p class='ocr_par' dir='ltr' id='par_1_97' title="bbox 191 5273 1795 5353">
     <span class='ocr_line' id='line_1_97' title="bbox 191 5273 1795 5353; baseline -0.011 -12"><span class='ocrx_word' id='word_1_717' title='bbox 191 5288 308 5342; x_wconf 88' lang='lat' dir='ltr'><strong>lius</strong></span> <span class='ocrx_word' id='word_1_718' title='bbox 338 5294 421 5341; x_wconf 84' lang='lat' dir='ltr'><strong>est</strong></span> <span class='ocrx_word' id='word_1_719' title='bbox 449 5285 543 5339; x_wconf 87' lang='lat' dir='ltr'><strong>has</strong></span> <span class='ocrx_word' id='word_1_720' title='bbox 569 5296 783 5353; x_wconf 85' lang='lat' dir='ltr'><strong>quoque</strong></span> <span class='ocrx_word' id='word_1_721' title='bbox 813 5283 955 5336; x_wconf 66' lang='lat' dir='ltr'><strong>inter</strong></span> <span class='ocrx_word' id='word_1_722' title='bbox 986 5279 1106 5334; x_wconf 89' lang='lat' dir='ltr'><strong>illos</strong></span> <span class='ocrx_word' id='word_1_723' title='bbox 1138 5278 1322 5332; x_wconf 90' lang='lat' dir='ltr'><strong>titulos</strong></span> <span class='ocrx_word' id='word_1_724' title='bbox 1352 5291 1380 5329; x_wconf 88' lang='lat' dir='ltr'><strong>a</strong></span> <span class='ocrx_word' id='word_1_725' title='bbox 1415 5273 1631 5329; x_wconf 88' lang='lat' dir='ltr'><strong>Gelasio</strong></span> <span class='ocrx_word' id='word_1_726' title='bbox 1667 5287 1795 5327; x_wconf 89' lang='lat' dir='ltr'><strong>con-</strong></span> 
     </span>
    </p>
   </div>
   <div class='ocr_carea' id='block_1_98' title="bbox 192 5364 1796 5444">
    <p class='ocr_par' dir='ltr' id='par_1_98' title="bbox 192 5364 1796 5444">
     <span class='ocr_line' id='line_1_98' title="bbox 192 5364 1796 5444; baseline -0.009 -13"><span class='ocrx_word' id='word_1_727' title='bbox 192 5383 548 5440; x_wconf 82' lang='lat' dir='ltr'><strong>numeratas,</strong></span> <span class='ocrx_word' id='word_1_728' title='bbox 592 5388 753 5444; x_wconf 89' lang='lat' dir='ltr'><strong>quam</strong></span> <span class='ocrx_word' id='word_1_729' title='bbox 809 5373 930 5427; x_wconf 91' lang='lat' dir='ltr'><strong>illas</strong></span> <span class='ocrx_word' id='word_1_730' title='bbox 975 5378 1180 5425; x_wconf 90' lang='lat' dir='ltr'><strong>tantum</strong></span> <span class='ocrx_word' id='word_1_731' title='bbox 1227 5366 1528 5423; x_wconf 69' lang='lat' dir='ltr'><strong>leestini.</strong></span> <span class='ocrx_word' id='word_1_732' title='bbox 1582 5364 1796 5420; x_wconf 87' lang='lat' dir='ltr'><strong>Scimus</strong></span> 
     </span>
    </p>
   </div>
   <div class='ocr_carea' id='block_1_99' title="bbox 193 5458 1794 5527">
    <p class='ocr_par' dir='ltr' id='par_1_99' title="bbox 193 5458 1794 5527">
     <span class='ocr_line' id='line_1_99' title="bbox 193 5458 1794 5527; baseline -0.011 0"><span class='ocrx_word' id='word_1_733' title='bbox 193 5473 440 5527; x_wconf 80' lang='lat' dir='ltr'><strong>Felicem</strong></span> <span class='ocrx_word' id='word_1_734' title='bbox 487 5470 553 5525; x_wconf 84' lang='lat' dir='ltr'><strong>IV</strong></span> <span class='ocrx_word' id='word_1_735' title='bbox 596 5469 662 5522; x_wconf 90' lang='lat' dir='ltr'><strong>ad</strong></span> <span class='ocrx_word' id='word_1_736' title='bbox 715 5468 900 5522; x_wconf 80' lang='lat' dir='ltr'><strong>Patres</strong></span> <span class='ocrx_word' id='word_1_737' title='bbox 944 5463 1306 5520; x_wconf 83' lang='lat' dir='ltr'><strong>Arausicanos</strong></span> <span class='ocrx_word' id='word_1_738' title='bbox 1349 5475 1414 5514; x_wconf 90' lang='lat' dir='ltr'><strong>ex</strong></span> <span class='ocrx_word' id='word_1_739' title='bbox 1460 5458 1632 5513; x_wconf 83' lang='lat' dir='ltr'><strong>sancti</strong></span> <span class='ocrx_word' id='word_1_740' title='bbox 1681 5458 1794 5512; x_wconf 87' lang='lat' dir='ltr'><strong>An-</strong></span> 
     </span>
    </p>
   </div>
   <div class='ocr_carea' id='block_1_100' title="bbox 189 5551 1797 5636">
    <p class='ocr_par' dir='ltr' id='par_1_100' title="bbox 189 5551 1797 5636">
     <span class='ocr_line' id='line_1_100' title="bbox 189 5551 1797 5636; baseline -0.009 -16"><span class='ocrx_word' id='word_1_741' title='bbox 189 5565 402 5636; x_wconf 84' lang='lat' dir='ltr'><strong>gustini</strong></span> <span class='ocrx_word' id='word_1_742' title='bbox 447 5561 598 5618; x_wconf 86' lang='lat' dir='ltr'><strong>libris</strong></span> <span class='ocrx_word' id='word_1_743' title='bbox 653 5569 934 5628; x_wconf 83' lang='lat' dir='ltr'><strong>excerptas</strong></span> <span class='ocrx_word' id='word_1_744' title='bbox 989 5558 1057 5613; x_wconf 93' lang='lat' dir='ltr'><strong>de</strong></span> <span class='ocrx_word' id='word_1_745' title='bbox 1111 5556 1290 5611; x_wconf 88' lang='lat' dir='ltr'><strong>divina</strong></span> <span class='ocrx_word' id='word_1_746' title='bbox 1342 5551 1514 5623; x_wconf 88' lang='lat' dir='ltr'><strong>gratia</strong></span> <span class='ocrx_word' id='word_1_747' title='bbox 1577 5561 1797 5606; x_wconf 82' lang='lat' dir='ltr'><strong>sentcn-</strong></span> 
     </span>
    </p>
   </div>
   <div class='ocr_carea' id='block_1_101' title="bbox 189 5646 1797 5726">
    <p class='ocr_par' dir='ltr' id='par_1_101' title="bbox 189 5646 1797 5726">
     <span class='ocr_line' id='line_1_101' title="bbox 189 5646 1797 5726; baseline -0.011 -10"><span class='ocrx_word' id='word_1_748' title='bbox 189 5666 302 5717; x_wconf 83' lang='lat' dir='ltr'><strong>tias</strong></span> <span class='ocrx_word' id='word_1_749' title='bbox 331 5669 523 5716; x_wconf 90' lang='lat' dir='ltr'><strong>contra</strong></span> <span class='ocrx_word' id='word_1_750' title='bbox 553 5655 1044 5726; x_wconf 79' lang='lat' dir='ltr'><strong>Serui-Pelagianos</strong></span> <span class='ocrx_word' id='word_1_751' title='bbox 1067 5651 1457 5719; x_wconf 85' lang='lat' dir='ltr'><strong>transmisisse,</strong></span> <span class='ocrx_word' id='word_1_752' title='bbox 1486 5656 1540 5703; x_wconf 85' lang='lat' dir='ltr'><strong>et</strong></span> <span class='ocrx_word' id='word_1_753' title='bbox 1564 5646 1648 5702; x_wconf 71' lang='lat' dir='ltr'><strong>hze</strong></span> <span class='ocrx_word' id='word_1_754' title='bbox 1677 5646 1797 5717; x_wconf 92' lang='lat' dir='ltr'><strong>qui—</strong></span> 
     </span>
    </p>
   </div>
   <div class='ocr_carea' id='block_1_102' title="bbox 187 5742 1798 5824">
    <p class='ocr_par' dir='ltr' id='par_1_102' title="bbox 187 5742 1798 5824">
     <span class='ocr_line' id='line_1_102' title="bbox 187 5742 1798 5824; baseline -0.009 -13"><span class='ocrx_word' id='word_1_755' title='bbox 187 5759 324 5811; x_wconf 82' lang='lat' dir='ltr'><strong>dem</strong></span> <span class='ocrx_word' id='word_1_756' title='bbox 351 5757 407 5810; x_wconf 91' lang='lat' dir='ltr'><strong>in</strong></span> <span class='ocrx_word' id='word_1_757' title='bbox 439 5753 628 5824; x_wconf 83' lang='lat' dir='ltr'><strong>viginti</strong></span> <span class='ocrx_word' id='word_1_758' title='bbox 656 5753 893 5822; x_wconf 88' lang='lat' dir='ltr'><strong>quinque</strong></span> <span class='ocrx_word' id='word_1_759' title='bbox 925 5762 1163 5805; x_wconf 83' lang='lat' dir='ltr'><strong>canones</strong></span> <span class='ocrx_word' id='word_1_760' title='bbox 1207 5746 1433 5818; x_wconf 72' lang='lat' dir='ltr'><strong>digestae</strong></span> <span class='ocrx_word' id='word_1_761' title='bbox 1459 5753 1583 5799; x_wconf 86' lang='lat' dir='ltr'><strong>sunt</strong></span> <span class='ocrx_word' id='word_1_762' title='bbox 1611 5761 1621 5795; x_wconf 93' lang='lat'>:</span> <span class='ocrx_word' id='word_1_763' title='bbox 1649 5742 1798 5797; x_wconf 90' lang='lat' dir='ltr'><strong>inve-</strong></span> 
     </span>
    </p>
   </div>
   <div class='ocr_carea' id='block_1_103' title="bbox 188 5836 1799 5920">
    <p class='ocr_par' dir='ltr' id='par_1_103' title="bbox 188 5836 1799 5920">
     <span class='ocr_line' id='line_1_103' title="bbox 188 5836 1799 5920; baseline -0.007 -15"><span class='ocrx_word' id='word_1_764' title='bbox 188 5853 357 5906; x_wconf 77' lang='lat' dir='ltr'><strong>nitne</strong></span> <span class='ocrx_word' id='word_1_765' title='bbox 406 5844 647 5920; x_wconf 85' lang='lat' dir='ltr'><strong>pontifex</strong></span> <span class='ocrx_word' id='word_1_766' title='bbox 691 5848 872 5901; x_wconf 80' lang='lat' dir='ltr'><strong>omnia</strong></span> <span class='ocrx_word' id='word_1_767' title='bbox 921 5844 1014 5899; x_wconf 85' lang='lat' dir='ltr'><strong>illa</strong></span> <span class='ocrx_word' id='word_1_768' title='bbox 1067 5848 1273 5898; x_wconf 86' lang='lat' dir='ltr'><strong>asserta</strong></span> <span class='ocrx_word' id='word_1_769' title='bbox 1319 5840 1372 5894; x_wconf 92' lang='lat' dir='ltr'><strong>in</strong></span> <span class='ocrx_word' id='word_1_770' title='bbox 1418 5836 1799 5894; x_wconf 89' lang='lat' dir='ltr'><strong>ecclesiasticis</strong></span> 
     </span>
    </p>
   </div>
   <div class='ocr_carea' id='block_1_104' title="bbox 189 5930 1799 6013">
    <p class='ocr_par' dir='ltr' id='par_1_104' title="bbox 189 5930 1799 6013">
     <span class='ocr_line' id='line_1_104' title="bbox 189 5930 1799 6013; baseline -0.009 -11"><span class='ocrx_word' id='word_1_771' title='bbox 189 5944 444 6013; x_wconf 86' lang='lat' dir='ltr'><strong>scriniis,</strong></span> <span class='ocrx_word' id='word_1_772' title='bbox 474 5940 560 5998; x_wconf 86' lang='lat' dir='ltr'><strong>vel</strong></span> <span class='ocrx_word' id='word_1_773' title='bbox 585 5953 706 5997; x_wconf 91' lang='lat' dir='ltr'><strong>cum</strong></span> <span class='ocrx_word' id='word_1_774' title='bbox 737 5939 831 5996; x_wconf 84' lang='lat' dir='ltr'><strong>illa</strong></span> <span class='ocrx_word' id='word_1_775' title='bbox 863 5945 1065 5994; x_wconf 88' lang='lat' dir='ltr'><strong>tantum</strong></span> <span class='ocrx_word' id='word_1_776' title='bbox 1096 5948 1290 5992; x_wconf 89' lang='lat' dir='ltr'><strong>novem</strong></span> <span class='ocrx_word' id='word_1_777' title='bbox 1331 5947 1361 5988; x_wconf 87' lang='lat' dir='ltr'><strong>a</strong></span> <span class='ocrx_word' id='word_1_778' title='bbox 1387 5930 1682 5989; x_wconf 67' lang='lat' dir='ltr'><strong>Caelestino</strong></span> <span class='ocrx_word' id='word_1_779' title='bbox 1706 5944 1799 5988; x_wconf 84' lang='lat' dir='ltr'><strong>se-</strong></span> 
     </span>
    </p>
   </div>
   <div class='ocr_carea' id='block_1_105' title="bbox 1894 4799 3489 4879">
    <p class='ocr_par' dir='ltr' id='par_1_105' title="bbox 1894 4799 3489 4879">
     <span class='ocr_line' id='line_1_105' title="bbox 1894 4799 3489 4879; baseline -0.008 -14"><span class='ocrx_word' id='word_1_780' title='bbox 1894 4812 1991 4876; x_wconf 90' lang='lat' dir='ltr'><strong>dit,</strong></span> <span class='ocrx_word' id='word_1_781' title='bbox 2011 4818 2070 4864; x_wconf 94' lang='lat' dir='ltr'><strong>ut</strong></span> <span class='ocrx_word' id='word_1_782' title='bbox 2099 4810 2141 4863; x_wconf 88' lang='lat' dir='ltr'><strong>si</strong></span> <span class='ocrx_word' id='word_1_783' title='bbox 2169 4807 2386 4879; x_wconf 86' lang='lat' dir='ltr'><strong>quando</strong></span> <span class='ocrx_word' id='word_1_784' title='bbox 2413 4805 2601 4862; x_wconf 89' lang='lat' dir='ltr'><strong>eadem</strong></span> <span class='ocrx_word' id='word_1_785' title='bbox 2633 4803 2685 4857; x_wconf 93' lang='lat' dir='ltr'><strong>in</strong></span> <span class='ocrx_word' id='word_1_786' title='bbox 2715 4817 2873 4858; x_wconf 88' lang='lat' dir='ltr'><strong>causa</strong></span> <span class='ocrx_word' id='word_1_787' title='bbox 2905 4801 2974 4856; x_wconf 91' lang='lat' dir='ltr'><strong>de</strong></span> <span class='ocrx_word' id='word_1_788' title='bbox 3003 4801 3171 4868; x_wconf 87' lang='lat' dir='ltr'><strong>gratia</strong></span> <span class='ocrx_word' id='word_1_789' title='bbox 3205 4801 3397 4854; x_wconf 91' lang='lat' dir='ltr'><strong>iterum</strong></span> <span class='ocrx_word' id='word_1_790' title='bbox 3429 4799 3489 4853; x_wconf 89' lang='lat' dir='ltr'><strong>Ii-</strong></span> 
     </span>
    </p>
   </div>
   <div class='ocr_carea' id='block_1_106' title="bbox 1897 4891 3490 4973">
    <p class='ocr_par' dir='ltr' id='par_1_106' title="bbox 1897 4891 3490 4973">
     <span class='ocr_line' id='line_1_106' title="bbox 1897 4891 3490 4973; baseline -0.009 -15"><span class='ocrx_word' id='word_1_791' title='bbox 1897 4903 2020 4973; x_wconf 88' lang='lat' dir='ltr'><strong>tigia</strong></span> <span class='ocrx_word' id='word_1_792' title='bbox 2049 4907 2415 4969; x_wconf 88' lang='lat' dir='ltr'><strong>erumperent,</strong></span> <span class='ocrx_word' id='word_1_793' title='bbox 2439 4897 2505 4951; x_wconf 87' lang='lat' dir='ltr'><strong>ad</strong></span> <span class='ocrx_word' id='word_1_794' title='bbox 2535 4894 2776 4965; x_wconf 88' lang='lat' dir='ltr'><strong>ejusdem</strong></span> <span class='ocrx_word' id='word_1_795' title='bbox 2801 4893 2972 4946; x_wconf 82' lang='lat' dir='ltr'><strong>sancti</strong></span> <span class='ocrx_word' id='word_1_796' title='bbox 3005 4892 3262 4946; x_wconf 87' lang='lat' dir='ltr'><strong>antistitis</strong></span> <span class='ocrx_word' id='word_1_797' title='bbox 3291 4891 3490 4946; x_wconf 85' lang='lat' dir='ltr'><strong>doctri-</strong></span> 
     </span>
    </p>
   </div>
   <div class='ocr_carea' id='block_1_107' title="bbox 1899 4983 3491 5062">
    <p class='ocr_par' dir='ltr' id='par_1_107' title="bbox 1899 4983 3491 5062">
     <span class='ocr_line' id='line_1_107' title="bbox 1899 4983 3491 5062; baseline -0.007 -14"><span class='ocrx_word' id='word_1_798' title='bbox 1899 5010 2018 5048; x_wconf 86' lang='lat' dir='ltr'><strong>nam</strong></span> <span class='ocrx_word' id='word_1_799' title='bbox 2052 4992 2428 5062; x_wconf 85' lang='lat' dir='ltr'><strong>confugerent,</strong></span> <span class='ocrx_word' id='word_1_800' title='bbox 2457 5003 2522 5044; x_wconf 86' lang='lat' dir='ltr'><strong>ex</strong></span> <span class='ocrx_word' id='word_1_801' title='bbox 2553 4985 2834 5057; x_wconf 88' lang='lat' dir='ltr'><strong>Augustini</strong></span> <span class='ocrx_word' id='word_1_802' title='bbox 2867 4983 3018 5040; x_wconf 89' lang='lat' dir='ltr'><strong>libris</strong></span> <span class='ocrx_word' id='word_1_803' title='bbox 3045 4983 3366 5039; x_wconf 86' lang='lat' dir='ltr'><strong>sententiam</strong></span> <span class='ocrx_word' id='word_1_804' title='bbox 3397 4997 3491 5038; x_wconf 87' lang='lat' dir='ltr'><strong>au-</strong></span> 
     </span>
    </p>
   </div>
   <div class='ocr_carea' id='block_1_108' title="bbox 1899 5077 3487 5152">
    <p class='ocr_par' dir='ltr' id='par_1_108' title="bbox 1899 5077 3487 5152">
     <span class='ocr_line' id='line_1_108' title="bbox 1899 5077 3487 5152; baseline -0.005 -12"><span class='ocrx_word' id='word_1_805' title='bbox 1899 5087 2100 5149; x_wconf 87' lang='lat' dir='ltr'><strong>dirent,</strong></span> <span class='ocrx_word' id='word_1_806' title='bbox 2131 5084 2221 5138; x_wconf 90' lang='lat' dir='ltr'><strong>uni</strong></span> <span class='ocrx_word' id='word_1_807' title='bbox 2248 5083 2552 5152; x_wconf 81' lang='lat' dir='ltr'><strong>Augustino</strong></span> <span class='ocrx_word' id='word_1_808' title='bbox 2582 5080 2946 5144; x_wconf 81' lang='lat' dir='ltr'><strong>adharrerent,</strong></span> <span class='ocrx_word' id='word_1_809' title='bbox 2969 5077 3112 5143; x_wconf 90' lang='lat' dir='ltr'><strong>quod</strong></span> <span class='ocrx_word' id='word_1_810' title='bbox 3143 5094 3172 5131; x_wconf 89' lang='lat' dir='ltr'><strong>a</strong></span> <span class='ocrx_word' id='word_1_811' title='bbox 3205 5078 3487 5132; x_wconf 83' lang='lat' dir='ltr'><strong>Clemente</strong></span> 
     </span>
    </p>
   </div>
   <div class='ocr_carea' id='block_1_109' title="bbox 1905 5169 3487 5245">
    <p class='ocr_par' dir='ltr' id='par_1_109' title="bbox 1905 5169 3487 5245">
     <span class='ocr_line' id='line_1_109' title="bbox 1905 5169 3487 5245; baseline -0.007 -12"><span class='ocrx_word' id='word_1_812' title='bbox 1905 5178 2013 5234; x_wconf 85' lang='lat' dir='ltr'><strong>VIII</strong></span> <span class='ocrx_word' id='word_1_813' title='bbox 2038 5177 2204 5231; x_wconf 86' lang='lat' dir='ltr'><strong>veteri</strong></span> <span class='ocrx_word' id='word_1_814' title='bbox 2231 5175 2490 5245; x_wconf 88' lang='lat' dir='ltr'><strong>religione</strong></span> <span class='ocrx_word' id='word_1_815' title='bbox 2510 5185 2761 5240; x_wconf 89' lang='lat' dir='ltr'><strong>novoque</strong></span> <span class='ocrx_word' id='word_1_816' title='bbox 2782 5169 3033 5239; x_wconf 83' lang='lat' dir='ltr'><strong>exemplo</strong></span> <span class='ocrx_word' id='word_1_817' title='bbox 3057 5169 3351 5238; x_wconf 77' lang='lat' dir='ltr'><strong>praestitum</strong></span> <span class='ocrx_word' id='word_1_818' title='bbox 3371 5169 3487 5224; x_wconf 90' lang='lat' dir='ltr'><strong>fuit.</strong></span> 
     </span>
    </p>
   </div>
   <div class='ocr_carea' id='block_1_110' title="bbox 1899 5262 3490 5339">
    <p class='ocr_par' dir='ltr' id='par_1_110' title="bbox 1899 5262 3490 5339">
     <span class='ocr_line' id='line_1_110' title="bbox 1899 5262 3490 5339; baseline -0.005 -15"><span class='ocrx_word' id='word_1_819' title='bbox 1899 5271 2098 5339; x_wconf 87' lang='lat' dir='ltr'><strong>Quare,</strong></span> <span class='ocrx_word' id='word_1_820' title='bbox 2125 5283 2242 5323; x_wconf 90' lang='lat' dir='ltr'><strong>cum</strong></span> <span class='ocrx_word' id='word_1_821' title='bbox 2272 5265 2566 5320; x_wconf 84' lang='lat' dir='ltr'><strong>adversarii</strong></span> <span class='ocrx_word' id='word_1_822' title='bbox 2595 5264 2646 5317; x_wconf 94' lang='lat' dir='ltr'><strong>in</strong></span> <span class='ocrx_word' id='word_1_823' title='bbox 2679 5262 2948 5332; x_wconf 89' lang='lat' dir='ltr'><strong>plerisque</strong></span> <span class='ocrx_word' id='word_1_824' title='bbox 2975 5276 3168 5317; x_wconf 87' lang='lat' dir='ltr'><strong>recens</strong></span> <span class='ocrx_word' id='word_1_825' title='bbox 3194 5262 3398 5317; x_wconf 82' lang='lat' dir='ltr'><strong>exortis</strong></span> <span class='ocrx_word' id='word_1_826' title='bbox 3423 5263 3490 5316; x_wconf 88' lang='lat' dir='ltr'><strong>de</strong></span> 
     </span>
    </p>
   </div>
   <div class='ocr_carea' id='block_1_111' title="bbox 1899 5355 3493 5431">
    <p class='ocr_par' dir='ltr' id='par_1_111' title="bbox 1899 5355 3493 5431">
     <span class='ocr_line' id='line_1_111' title="bbox 1899 5355 3493 5431; baseline -0.006 -13"><span class='ocrx_word' id='word_1_827' title='bbox 1899 5364 2077 5418; x_wconf 86' lang='lat' dir='ltr'><strong>divina</strong></span> <span class='ocrx_word' id='word_1_828' title='bbox 2125 5362 2296 5431; x_wconf 88' lang='lat' dir='ltr'><strong>gratia</strong></span> <span class='ocrx_word' id='word_1_829' title='bbox 2339 5355 2722 5413; x_wconf 86' lang='lat' dir='ltr'><strong>controversiis</strong></span> <span class='ocrx_word' id='word_1_830' title='bbox 2752 5365 2896 5409; x_wconf 86' lang='lat' dir='ltr'><strong>stare</strong></span> <span class='ocrx_word' id='word_1_831' title='bbox 2927 5369 2986 5409; x_wconf 87' lang='lat' dir='ltr'><strong>se</strong></span> <span class='ocrx_word' id='word_1_832' title='bbox 3017 5364 3206 5410; x_wconf 89' lang='lat' dir='ltr'><strong>contra</strong></span> <span class='ocrx_word' id='word_1_833' title='bbox 3239 5357 3493 5426; x_wconf 83' lang='lat' dir='ltr'><strong>Augusti-</strong></span> 
     </span>
    </p>
   </div>
   <div class='ocr_carea' id='block_1_112' title="bbox 1901 5445 3494 5524">
    <p class='ocr_par' dir='ltr' id='par_1_112' title="bbox 1901 5445 3494 5524">
     <span class='ocr_line' id='line_1_112' title="bbox 1901 5445 3494 5524; baseline -0.007 -14"><span class='ocrx_word' id='word_1_834' title='bbox 1901 5473 2026 5511; x_wconf 82' lang='lat' dir='ltr'><strong>llllm</strong></span> <span class='ocrx_word' id='word_1_835' title='bbox 2061 5454 2445 5524; x_wconf 82' lang='lat' dir='ltr'><strong>proﬁteantur,</strong></span> <span class='ocrx_word' id='word_1_836' title='bbox 2476 5447 2671 5503; x_wconf 88' lang='lat' dir='ltr'><strong>Felicis</strong></span> <span class='ocrx_word' id='word_1_837' title='bbox 2698 5445 2763 5501; x_wconf 85' lang='lat' dir='ltr'><strong>IV</strong></span> <span class='ocrx_word' id='word_1_838' title='bbox 2789 5445 2995 5515; x_wconf 88' lang='lat' dir='ltr'><strong>judicio</strong></span> <span class='ocrx_word' id='word_1_839' title='bbox 3026 5446 3314 5518; x_wconf 71' lang='lat' dir='ltr'><strong>refragari,</strong></span> <span class='ocrx_word' id='word_1_840' title='bbox 3349 5451 3494 5516; x_wconf 83' lang='lat' dir='ltr'><strong>ejus-</strong></span> 
     </span>
    </p>
   </div>
   <div class='ocr_carea' id='block_1_113' title="bbox 1899 5537 3490 5614">
    <p class='ocr_par' dir='ltr' id='par_1_113' title="bbox 1899 5537 3490 5614">
     <span class='ocr_line' id='line_1_113' title="bbox 1899 5537 3490 5614; baseline -0.013 -9"><span class='ocrx_word' id='word_1_841' title='bbox 1899 5550 2022 5605; x_wconf 87' lang='lat' dir='ltr'><strong>dem</strong></span> <span class='ocrx_word' id='word_1_842' title='bbox 2060 5545 2363 5614; x_wconf 79' lang='lat' dir='ltr'><strong>exemplum</strong></span> <span class='ocrx_word' id='word_1_843' title='bbox 2408 5540 2559 5612; x_wconf 87' lang='lat' dir='ltr'><strong>parvi</strong></span> <span class='ocrx_word' id='word_1_844' title='bbox 2602 5537 2804 5604; x_wconf 88' lang='lat' dir='ltr'><strong>facere,</strong></span> <span class='ocrx_word' id='word_1_845' title='bbox 2823 5547 2995 5607; x_wconf 83' lang='lat' dir='ltr'><strong>atque</strong></span> <span class='ocrx_word' id='word_1_846' title='bbox 3023 5538 3126 5592; x_wconf 84' lang='lat' dir='ltr'><strong>alia</strong></span> <span class='ocrx_word' id='word_1_847' title='bbox 3159 5554 3381 5607; x_wconf 75' lang='lat' dir='ltr'><strong>prorsus</strong></span> <span class='ocrx_word' id='word_1_848' title='bbox 3417 5540 3490 5589; x_wconf 72' lang='lat' dir='ltr'><strong>ii.</strong></span> 
     </span>
    </p>
   </div>
   <div class='ocr_carea' id='block_1_114' title="bbox 1902 5633 3493 5713">
    <p class='ocr_par' dir='ltr' id='par_1_114' title="bbox 1902 5633 3493 5713">
     <span class='ocr_line' id='line_1_114' title="bbox 1902 5633 3493 5713; baseline -0.014 -12"><span class='ocrx_word' id='word_1_849' title='bbox 1902 5646 1970 5701; x_wconf 89' lang='lat' dir='ltr'><strong>ab</strong></span> <span class='ocrx_word' id='word_1_850' title='bbox 1999 5641 2385 5713; x_wconf 86' lang='lat' dir='ltr'><strong>Augustiniana</strong></span> <span class='ocrx_word' id='word_1_851' title='bbox 2415 5639 2482 5694; x_wconf 83' lang='lat' dir='ltr'><strong>ad</strong></span> <span class='ocrx_word' id='word_1_852' title='bbox 2513 5635 2798 5694; x_wconf 84' lang='lat' dir='ltr'><strong>veritatem</strong></span> <span class='ocrx_word' id='word_1_853' title='bbox 2830 5633 3050 5691; x_wconf 76' lang='lat' dir='ltr'><strong>eosdem</strong></span> <span class='ocrx_word' id='word_1_854' title='bbox 3083 5648 3303 5702; x_wconf 78' lang='lat' dir='ltr'><strong>repere,</strong></span> <span class='ocrx_word' id='word_1_855' title='bbox 3340 5647 3493 5682; x_wconf 70' lang='grc' dir='ltr'><strong>ιιρηιυ</strong></span> 
     </span>
    </p>
   </div>
   <div class='ocr_carea' id='block_1_115' title="bbox 1902 5735 2201 5794">
    <p class='ocr_par' dir='ltr' id='par_1_115' title="bbox 1902 5735 2201 5794">
     <span class='ocr_line' id='line_1_115' title="bbox 1902 5735 2201 5794; baseline -0.017 0"><span class='ocrx_word' id='word_1_856' title='bbox 1902 5755 2008 5794; x_wconf 88' lang='lat' dir='ltr'><strong>non</strong></span> <span class='ocrx_word' id='word_1_857' title='bbox 2040 5735 2201 5792; x_wconf 80' lang='lat' dir='ltr'><strong>videt.</strong></span> 
     </span>
    </p>
   </div>
   <div class='ocr_carea' id='block_1_116' title="bbox 1975 5812 3536 5886">
    <p class='ocr_par' dir='ltr' id='par_1_116' title="bbox 1975 5812 3536 5886">
     <span class='ocr_line' id='line_1_116' title="bbox 1975 5812 3536 5886; baseline -0.014 0"><span class='ocrx_word' id='word_1_858' title='bbox 1975 5830 2204 5886; x_wconf 88' lang='lat' dir='ltr'><strong>Doluere</strong></span> <span class='ocrx_word' id='word_1_859' title='bbox 2237 5836 2410 5882; x_wconf 90' lang='lat' dir='ltr'><strong>tamen</strong></span> <span class='ocrx_word' id='word_1_860' title='bbox 2445 5823 2842 5882; x_wconf 86' lang='lat' dir='ltr'><strong>recentioribus</strong></span> <span class='ocrx_word' id='word_1_861' title='bbox 2867 5819 3045 5886; x_wconf 84' lang='lat' dir='ltr'><strong>oculi,</strong></span> <span class='ocrx_word' id='word_1_862' title='bbox 3075 5831 3196 5874; x_wconf 89' lang='lat' dir='ltr'><strong>cum</strong></span> <span class='ocrx_word' id='word_1_863' title='bbox 3232 5830 3325 5883; x_wconf 63' lang='lat' dir='ltr'><strong>im</strong></span> <span class='ocrx_word' id='word_1_864' title='bbox 3357 5812 3494 5868; x_wconf 60' lang='lat' dir='ltr'><strong>Follv</strong></span> <span class='ocrx_word' id='word_1_865' title='bbox 3533 5823 3536 5826; x_wconf 74' lang='lat'><strong><em>&#39;</em></strong></span> 
     </span>
    </p>
   </div>
   <div class='ocr_carea' id='block_1_117' title="bbox 1903 5907 3494 6002">
    <p class='ocr_par' dir='ltr' id='par_1_117' title="bbox 1903 5907 3494 6002">
     <span class='ocr_line' id='line_1_117' title="bbox 1903 5907 3494 6002; baseline -0.011 -18"><span class='ocrx_word' id='word_1_866' title='bbox 1903 5941 2021 5984; x_wconf 79' lang='lat' dir='ltr'><strong>cent</strong></span> <span class='ocrx_word' id='word_1_867' title='bbox 2075 5924 2137 5983; x_wconf 78' lang='lat' dir='ltr'><strong>IV</strong></span> <span class='ocrx_word' id='word_1_868' title='bbox 2182 5931 2235 5983; x_wconf 86' lang='lat' dir='ltr'><strong>et</strong></span> <span class='ocrx_word' id='word_1_869' title='bbox 2283 5923 2669 5980; x_wconf 77' lang='lat' dir='ltr'><strong>Arausicanam</strong></span> <span class='ocrx_word' id='word_1_870' title='bbox 2717 5917 2982 6002; x_wconf 73' lang='lat' dir='ltr'><strong>synodum</strong></span> <span class='ocrx_word' id='word_1_871' title='bbox 3028 5921 3233 5974; x_wconf 74' lang='lat' dir='ltr'><strong>mnum</strong></span> <span class='ocrx_word' id='word_1_872' title='bbox 3281 5907 3494 5973; x_wconf 73' lang='lat' dir='ltr'><strong>honoris</strong></span> 
     </span>
    </p>
   </div>
  </div>
