3962 6346
519 363 629 421 799

1378 346 1941 411 SUPPLEMENTUM
1976 346 2073 405 AD
2109 341 2341 404 OPERA
2378 341 2437 399 S.
2479 338 2871 401 AUGUSTINI.

3716 334 3819 391 800

522 480 928 555 Angustiniante
954 475 1213 533 doctrinae
1240 472 1479 531 delatum
1504 472 1691 529 videre
1723 486 1738 525 :
1769 484 1937 541 quare
1965 468 2111 539 glos-
2139 466 2194 529 Α
2219 462 2377 518 nibus
2407 460 2678 528 Patribus,
2707 459 2806 555 hos
2840 460 3001 555 enim
3051 458 3212 555 idea:
3241 455 3497 555 concordi
3540 455 3817 555 sententia

521 585 785 634 sematum
813 572 1093 628 ruderibus
1124 570 1276 624 illum
1304 569 1539 625 obruere
1570 573 1896 639 pertentant,
1924 563 2111 619 dicen-

524 678 603 724 tes
643 666 935 724 Ecclesiam
983 665 1037 719 in
1077 662 1299 735 synodis
1328 661 1612 733 Augustini
1642 659 1925 717 sententiis
1953 672 2107 715 usam

523 759 687 815 fuisse
716 773 817 812 non
848 773 910 811 ea:
936 756 1255 821 necessitate,
1277 754 1366 809 sed
1393 769 1456 808 ea:
1481 752 1805 818 auctoritate,
1831 750 1908 805 uti
1936 749 2107 821 magi-

521 861 702 916 stram,
720 865 822 904 non
845 848 918 902 uti
941 846 1268 914 discipulam.
1284 847 1513 900 Acutum
1535 843 1727 899 Adami
1748 850 2111 899 commentum

522 957 643 1012 cap.
675 941 728 1005 9,
757 955 878 1011 pag.
907 938 1033 995 655.
1056 938 1191 994 Vide
1226 938 1493 1010 quomodo
1524 952 1584 992 se
1613 937 1783 1007 ipsam
1815 934 2113 1005 strangulet

524 1035 640 1091 haec
685 1032 989 1104 responsio.
1022 1030 1258 1087 lntendit
1292 1028 1632 1085 adversarius
1674 1027 1845 1082 sancti
1876 1025 2113 1082 doctoris

523 1129 898 1186 auctoritatem
948 1128 1310 1197 imminuere,
1354 1135 1409 1182 et
1456 1124 1698 1181 eamdem
1748 1131 1907 1194 auget
1951 1138 2111 1194 quam

528 1223 783 1279 maxime.
810 1220 979 1275 Nemo
1010 1220 1258 1288 miratur,
1279 1233 1401 1275 cum
1423 1217 1574 1274 videt
1601 1216 1918 1287 discipulum
1945 1216 2113 1287 magi-

523 1320 624 1375 stri
656 1333 815 1374 voces
842 1316 1102 1383 reddere;
1132 1325 1189 1372 at
1227 1316 1544 1386 magistrum
1584 1311 1908 1369 sententiam
1942 1311 2113 1366 dictu-

524 1430 666 1479 rum,
693 1429 797 1469 non
825 1413 927 1469 nisi
954 1411 1202 1482 discipuli
1229 1424 1322 1465 ore
1348 1408 1491 1478 loqui
1514 1406 1674 1473 velle,
1700 1405 1803 1460 hoc
1831 1405 1989 1475 plane
2014 1403 2115 1459 mi-

526 1507 696 1562 rabile
726 1516 996 1571 censetur,
1016 1514 1175 1575 atque
1206 1503 1260 1557 in
1291 1500 1539 1570 discipuli
1563 1498 1816 1554 eximiam
1847 1496 2114 1554 excellen-

528 1599 654 1653 tiam
688 1600 853 1653 venit.
889 1596 1091 1669 Synodi
1119 1610 1182 1650 ac
1218 1592 1449 1649 Romani
1494 1590 1772 1661 pontifices
1803 1598 2113 1645 sanctorum

524 1690 739 1745 Patrum
772 1688 1068 1744 sententias
1112 1701 1331 1757 semper
1360 1686 1530 1740 secuti
1572 1692 1730 1751 sunt,
1764 1692 1823 1738 ut
1852 1698 1918 1739 ex
1949 1682 2115 1738 tradi—

525 1782 668 1836 tione
715 1781 971 1837 Ecclesizn
1028 1779 1298 1836 credenda
1356 1777 1669 1834 orthodoxis
1724 1786 2108 1848 proponerent.

2216 556 2473 613 docentes
2500 553 2805 611 necessario
2839 551 2895 607 in
2927 549 3149 623 synodis
3174 548 3411 605 Ecclesia
3442 548 3595 618 sequi
3623 546 3813 612 debet,

2212 647 2443 719 quippe,
2475 661 2592 718 quae
2632 661 2701 703 ex
2739 644 2964 700 Patrum
2998 642 3285 698 traditione
3309 641 3558 712 dogmata
3587 640 3814 705 deﬁnit,

2214 757 2322 798 non
2349 755 2481 797 vero
2512 739 2773 811 privatum
2806 738 3085 794 doctorem
3102 776 3117 803 ,
3138 735 3314 807 qualis
3344 742 3429 791 est
3451 736 3811 804 Augustinus.

2213 833 2318 891 Sed
2340 847 2514 903 neque
2534 831 2635 887 hoc
2660 841 2712 887 te
2732 829 2984 900 effugium
3004 830 3154 899 juvat
3180 845 3195 881 :
3224 842 3347 883 nam
3369 826 3501 882 dum
3523 826 3813 881 contendis

2216 929 2446 986 Felicem
2472 944 2661 999 papam
2682 937 2737 984 et
2757 926 3116 982 Arausicanos
3138 924 3326 980 Patres
3346 923 3505 979 unius
3525 922 3814 992 Augustini

2163 1051 2166 1054 θ
2214 1024 2507 1081 sententias
2538 1031 2753 1078 secutos
2780 1035 2903 1077 esse
2928 1035 2992 1074 ea:
3018 1018 3348 1084 auctoritate,
3374 1033 3477 1071 non
3504 1031 3571 1070 ea:
3597 1014 3816 1068 necessi-

2215 1128 2554 1189 tate,qua:so
2598 1125 2672 1183 te,
2707 1113 2796 1169 vel
2842 1113 3014 1169 secuti
3064 1121 3189 1167 sunt
3225 1110 3583 1181 Augustinum
3628 1115 3813 1161 contra

2215 1214 2349 1270 alios
2388 1212 2573 1268 Patres
2612 1211 2892 1267 docentem
2911 1247 2931 1278 ,
2960 1208 3049 1265 vel
3079 1223 3202 1263 cum
3234 1206 3360 1262 aliis
3386 1203 3641 1260 Patribus
3670 1202 3811 1257 idem

2215 1304 2572 1361 sentientem?
2609 1302 2666 1360 Si
2710 1302 2945 1373 primum
2977 1300 3160 1368 dicas,
3187 1299 3241 1356 id
3272 1313 3381 1354 non
3414 1314 3478 1353 ea;
3506 1297 3813 1351 auctoritate

2216 1398 2419 1465 fecere;
2454 1412 2577 1454 nam
2610 1412 2717 1453 non
2749 1405 2927 1467 potest
2966 1396 3174 1467 privata
3212 1393 3374 1449 unius
3413 1392 3655 1448 hominis
3695 1405 3812 1446 seo—

2217 1491 2382 1546 tentia
2412 1498 2664 1559 tanquam
2694 1489 2762 1544 de
2791 1488 2896 1545 fide
2923 1487 3170 1554 deﬁniri,
3198 1487 3245 1541 si
3276 1492 3490 1542 constet
3530 1483 3811 1539 universos

2216 1584 2404 1641 Patres
2434 1586 2736 1656 oppositum
2771 1582 3090 1650 tradidisse,
3123 1589 3300 1652 potest
3336 1589 3518 1635 tamen
3560 1578 3633 1634 ob
3663 1592 3812 1633 sum-

2216 1694 2358 1736 mam
2384 1679 2543 1736 unius
2571 1678 2744 1734 sancti
2766 1677 3006 1734 doctoris
3035 1676 3413 1733 excellentiam
3436 1674 3701 1744 judicium
3729 1688 3811 1728 su-

2217 1772 2426 1844 spendi,
2458 1787 2523 1829 ac
2549 1780 2741 1828 neutra
2770 1771 3037 1827 sententia
3067 1768 3307 1835 deﬁniri,
3332 1766 3478 1839 quod
3509 1766 3578 1822 de
3603 1767 3809 1837 privata

522 1872 804 1942 Colligitur
834 1874 934 1928 hoc
980 1888 1048 1928 ex
1088 1870 1315 1943 epistola
1345 1871 1517 1927 sancti
1547 1869 1746 1926 Leonis
1775 1868 1842 1924 ad
1874 1869 2110 1927 Leonem
2138 1871 2189 1933 B
2215 1866 2501 1939 Augustini
2529 1867 2784 1938 opinione
2824 1865 2893 1922 de
2937 1864 3261 1920 simultanea
3305 1877 3490 1919 rerum
3538 1861 3812 1916 creatione

521 1969 842 2039 Augustum,
866 1966 959 2023 ubi
1002 1967 1247 2038 pluribus
1276 1972 1587 2022 sanctorum
1618 1964 1837 2020 Patrum
1871 1964 2116 2020 testimo-

522 2062 627 2118 niis
668 2060 944 2125 adductis,
972 2060 1113 2115 inter
1140 2074 1259 2130 qua:
1305 2058 1463 2113 etiam
1510 2057 1675 2112 sancti
1704 2056 1977 2127 Augustini
2006 2057 2115 2125 epi-

522 2156 665 2227 scopi
718 2153 1064 2226 Hipponensis
1124 2152 1279 2223 plura
1339 2160 1729 2219 numerantur,
1781 2149 2053 2206 concludit
2096 2168 2111 2204 :

529 2241 559 2301 t'
588 2248 713 2303 llaec
753 2263 853 2303 nos
899 2248 1054 2317 sequi
1102 2247 1267 2304 verba
1313 2246 1596 2313 debemus,
1624 2244 1709 2300 his
1740 2258 1841 2299 nos
1866 2243 2116 2300 convenit

524 2343 897 2414 obtemperare
919 2342 1280 2415 dogmatibus.
1303 2363 1322 2396 ι
1348 2343 1405 2397 In
1426 2340 1855 2398 Chalcedonensi
1882 2338 2113 2412 synodo,

524 2444 630 2491 act.
662 2436 714 2503 l,
742 2445 864 2507 post
892 2435 1169 2491 recitatam
1211 2436 1369 2491 fidem
1410 2434 1625 2491 concilii
1666 2433 1900 2500 Nicaeni,
1932 2434 2116 2489 Patres

524 2528 712 2585 dixere
742 2548 757 2583 :
788 2528 1165 2586 Necessarium
1195 2528 1368 2585 visum
1395 2537 1479 2585 est
1508 2535 1815 2583 sanctorum
1846 2534 1898 2581 et
1927 2524 2116 2580 catho-

525 2622 750 2679 licorum
804 2623 1026 2679 Patrum
1070 2622 1316 2694 proferre
1367 2623 1692 2690 testimonia,
1726 2636 1846 2692 quae
1894 2626 2119 2690 possunt

526 2714 880 2785 satisfacere,
931 2716 1384 2787 quemadmodum
1428 2730 1548 2772 eam
1596 2714 2013 2779 intellexerunt,
2063 2721 2118 2769 et

528 2807 822 2878 prtedicare
864 2809 1052 2865 confisi
1098 2818 1261 2875 sunt,
1307 2818 1571 2878 quatenus
1620 2823 1684 2864 ex
1734 2806 2019 2862 manifesto
2063 2812 2119 2859 et

526 2913 714 2955 omnes
742 2908 943 2956 rectam
974 2909 1032 2956 et
1056 2900 1452 2955 immaculatam
1480 2898 1638 2954 fidem
1669 2897 1929 2953 habentes
1959 2896 2036 2952 sic
2064 2904 2119 2953 et

526 2993 849 3065 intelligant,
874 3002 929 3050 et
957 2994 1400 3063 interpretentur,
1426 3003 1479 3048 et
1511 2991 1801 3063 praedicent
1826 3005 1968 3047 eam.
1999 3008 2019 3042 ι
2055 2989 2121 3044 Et

528 3101 635 3148 act.
666 3090 723 3158 2,
756 3089 938 3145 statim
982 3096 1103 3158 post
1144 3086 1353 3143 initium
1399 3105 1411 3139 :
1455 3106 1474 3138 ί
1515 3086 1819 3141 Docuerunt
1846 3085 1988 3143 enim
2021 3084 2121 3139 Pa-

532 3193 665 3251 tres,
698 3190 753 3237 et
779 3183 833 3236 in
864 3180 1080 3251 scriptis
1107 3180 1504 3248 custodiuntur,
1531 3194 1651 3251 quae
1680 3179 1747 3235 ab
1775 3179 1853 3234 eis
1881 3188 2005 3234 sunt
2029 3195 2121 3234 ex-

2216 1960 2544 2018 recentiores
2588 1958 2876 2016 afﬁrmant.
2920 1957 2978 2014 Si
3025 1971 3156 2013 vero
3198 1955 3426 2013 alterum
3478 1955 3678 2025 eligas,
3705 1954 3810 2024 jam

2215 2056 2365 2112 vides
2408 2070 2476 2111 ex
2513 2056 2836 2112 necessitate
2877 2053 3280 2125 approbandam
3326 2066 3449 2109 esse
3490 2052 3808 2107 sententiam

2217 2152 2285 2206 ab
2320 2150 2567 2207 omnibus
2598 2150 2844 2206 Patribus
2884 2156 3167 2215 assertam,
3198 2148 3243 2204 si
3284 2161 3349 2202 ea
3391 2145 3463 2201 de
3502 2160 3565 2201 re
3612 2152 3807 2200 rectum

2212 2244 2475 2317 judicium
2517 2244 2753 2300 dandum
2797 2245 2887 2299 sit.
2916 2243 3185 2299 Praeterea
3226 2240 3467 2298 Ecclesia
3498 2240 3568 2295 de
3596 2250 3807 2295 contro-

2218 2337 2409 2394 versiis
2450 2337 2573 2393 fidei
2619 2336 2942 2393 sententiam
2973 2336 3177 2390 dictura
3223 2350 3286 2389 ea:
3328 2332 3634 2387 necessitate
3673 2332 3806 2386 illam

2218 2440 2456 2502 partem,
2486 2432 2539 2487 in
2569 2447 2671 2502 qua
2701 2432 2899 2487 veritas
2930 2440 3046 2496 est,
3076 2430 3302 2486 deﬁnire
3328 2429 3531 2495 debet,
3562 2443 3690 2484 cum
3720 2427 3809 2483 fal-

2217 2527 2429 2582 sitatem
2462 2527 2603 2581 inter
2632 2526 2877 2597 dogmata
2922 2524 3045 2580 ﬁdei
3086 2525 3287 2580 referre
3317 2523 3467 2578 nullo
3500 2522 3668 2580 modo
3695 2538 3807 2592 pos-

2218 2623 2308 2677 sit.
2336 2621 2546 2688 Quare,
2576 2635 2697 2676 cum
2747 2619 2893 2676 Felix
2942 2628 2997 2675 et
3042 2619 3355 2675 Arausicani
3406 2618 3604 2673 Patres
3650 2618 3805 2676 sancti

2219 2715 2503 2787 Augustini
2537 2714 2833 2771 sententias
2861 2712 2940 2769 uti
2968 2711 3262 2769 catholicas
3289 2710 3628 2775 deﬁnierint,
3648 2726 3711 2763 ex
3732 2727 3802 2763 ne-

2220 2809 2450 2864 cessitate
2477 2822 2571 2864 eas
2602 2807 2773 2863 secuti
2806 2816 2932 2861 sunt
2952 2847 2967 2869 ,
2996 2813 3057 2861 ut
3083 2805 3359 2876 oppositas
3388 2802 3804 2872 Semi—Pelagia-

2220 2918 2412 2960 norum
2445 2901 2729 2973 Opiniones
2760 2915 3016 2957 erroneas
3059 2900 3209 2970 sequi
3250 2896 3477 2953 minime
3524 2898 3801 2967 potuerint.

2221 2998 2373 3054 Felix
2404 2997 2620 3067 quidem
2654 2996 2827 3067 potuit
2855 2995 3137 3066 Augustini
3167 2993 3466 3050 sententias
3494 2992 3564 3047 ad
3598 2993 3830 3047 verbum'

2222 3105 2329 3145 non
2360 3089 2690 3155 exscribere,
2720 3088 2796 3143 uti
2826 3089 3162 3158 exscripsere
3192 3086 3448 3156 Prosper,
3483 3085 3802 3157 Fulgentius,

2224 3184 2546 3240 Prudentius
2576 3184 2774 3254 aliique
2800 3199 2867 3239 ex
2903 3183 3291 3255 Augustiniana
3320 3183 3504 3239 schola
3537 3183 3801 3247 doctores;

533 3277 730 3348 posita,
754 3286 807 3329 et
836 3274 969 3330 citra
996 3289 1060 3329 ea
1089 3274 1269 3329 dicere
1295 3288 1401 3329 non
1430 3286 1733 3344 possumus.
1768 3291 1785 3325 ι
1818 3273 1882 3327 Et
1910 3280 2016 3327 act.
2042 3272 2074 3325 5
2100 3289 2116 3327 :
2148 3261 2194 3325 C
2225 3275 2317 3331 sed
2349 3290 2455 3330 non
2486 3275 2659 3345 potuit
2688 3289 2907 3331 sensum
2932 3274 3244 3329 earumdem
3269 3288 3335 3329 ex
3362 3274 3697 3329 necessitate
3716 3289 3803 3329 non

538 3390 557 3424 ι
611 3371 909 3440 Sequentes
955 3369 1117 3439 igitur
1160 3377 1379 3423 sanctos
1427 3366 1639 3434 Patres,
1682 3384 1701 3417 ι
1751 3375 1855 3421 etc.
1892 3364 2119 3421 Sanctus

533 3468 741 3536 Agatho
772 3479 905 3537 papa
925 3505 939 3528 ,
964 3464 1018 3519 in
1045 3463 1270 3533 epistola
1298 3461 1366 3516 ad
1391 3460 1801 3517 Constantinum
1830 3461 2121 3529 imperato-

533 3575 670 3623 rem,
697 3573 816 3627 quae
844 3556 1073 3612 habetur
1102 3555 1154 3610 in
1185 3553 1395 3626 synodo
1422 3569 1493 3617 vr,
1516 3561 1631 3608 act.
1652 3552 1710 3619 4,
1732 3552 1991 3608 adversus
2017 3552 2123 3607 Mo-

534 3651 843 3721 nothelitas,
867 3656 1176 3705 sanctorum
1210 3648 1427 3704 Patrum
1460 3646 1785 3703 testimoniis
1819 3644 2119 3717 productis,

537 3748 624 3801 ubi
660 3744 905 3800 laudatur
934 3741 1264 3813 AuguStinus
1299 3750 1551 3810 tanquam
1579 3752 1861 3794 venturis
1899 3740 2123 3808 pruden-

536 3837 757 3892 tissimus
795 3849 1144 3891 PREDICATOR
1179 3842 1226 3887 et
1263 3830 1713 3902 praestantissimus
1752 3843 1981 3895 noc'ron,
2008 3830 2123 3884 haec

538 3931 696 3985 habet
743 3948 756 3984 :
804 3947 823 3981 ‹
884 3928 1056 3995 Ecce,
1100 3926 1342 3997 piissime
1385 3924 1613 3981 Domine
1659 3924 1771 3989 ﬁli,
1813 3934 2121 3980 sanctorum

537 4024 755 4079 Patrum
780 4021 1101 4078 testimoniis
1123 4030 1378 4091 tanquam
1407 4018 1573 4076 radiis
1596 4018 1924 4089 spiritalibus
1950 4017 2126 4073 Eccle-

535 4120 627 4174 sia:
674 4116 952 4173 catholicae
1001 4122 1165 4187 atque
1212 4112 1525 4184 apostolicae
1570 4111 1815 4167 doctrina
1863 4110 2122 4165 illustrata

536 4222 637 4276 est,
674 4229 694 4264 ι
730 4222 873 4277 etc.,
912 4210 1003 4265 ubi
1037 4209 1198 4265 etiam
1229 4208 1415 4263 scribit
1443 4205 1775 4262 damnandos
1806 4202 2124 4260 Monotheli-

538 4314 619 4359 tas
659 4314 907 4375 tanquam
949 4320 1055 4357 non
1094 4311 1387 4357 sanctorum
1430 4301 1647 4355 Patrum
1693 4301 2011 4371 pedisequos.
2055 4301 2125 4354 At

540 4388 752 4455 actione
794 4397 862 4452 10
890 4396 1070 4451 omnia
1108 4394 1198 4449 illa
1229 4394 1446 4451 Patrum
1477 4392 1781 4448 testimonia
1821 4392 1875 4446 in
1918 4390 2122 4464 synodo

539 4491 736 4547 relecta
768 4496 917 4555 sunt,
941 4495 995 4543 et
1022 4502 1143 4542 cum
1171 4485 1322 4542 libris
1350 4484 1811 4555 Constantinopoli
1840 4484 2121 4539 existenti-

536 4582 637 4638 bus
683 4581 923 4646 collata,
967 4586 1022 4634 et
1064 4585 1170 4633 act.
1217 4575 1251 4630 8
1299 4575 1536 4649 synodus
1585 4576 1781 4631 litteris
1827 4576 2121 4647 Agathonis

2224 3372 2470 3437 tradere,
2498 3386 2620 3427 cum
2647 3370 2761 3442 jam
2793 3370 2915 3427 illas
2945 3380 3071 3427 ante
3105 3370 3319 3426 concilii
3350 3370 3699 3427 definitiones
3728 3386 3803 3426 ve-

2227 3482 2316 3524 ras
2358 3467 2522 3522 fuisse
2561 3476 2769 3523 certum
2811 3467 2903 3533 sit,
2936 3482 3058 3523 cum
3100 3466 3207 3523 nisi
3248 3467 3302 3522 id
3340 3466 3486 3538 quod
3519 3482 3701 3522 verum
3735 3475 3804 3521 est

2223 3560 2396 3631 possit
2418 3559 2486 3613 ab
2514 3558 2756 3615 Ecclesia
2783 3559 3017 3615 deﬁniri.

2295 3651 2498 3707 Eadem
2528 3651 2780 3708 facilitate
2814 3652 3073 3708 refutatur
3097 3652 3238 3721 quod
3277 3651 3509 3715 addunt,
3552 3650 3802 3722 synodum

2224 3745 2611 3801 Arausicanam
2629 3744 2911 3814 Augustini
2939 3744 3235 3800 sententias
3264 3744 3583 3799 adhibuisse
3608 3746 3682 3798 uti
3701 3760 3801 3796 ma-

2224 3837 2468 3909 gistram,
2499 3854 2603 3892 non
2651 3844 2896 3907 tanquam
2936 3837 3264 3908 discipulam.
3311 3836 3566 3892 Profecto
3630 3835 3801 3889 mirum

2226 3929 2433 3999 dicunt,
2480 3929 2605 3985 dum
2634 3930 2821 3987 volunt
2859 3930 3217 3987 Arausicanos
3248 3930 3459 3997 Patres,
3490 3931 3584 4000 qui
3615 3930 3802 3999 integro

2226 4023 2294 4078 ab
2344 4022 2629 4093 Augustini
2676 4031 2853 4079 morte
2896 4023 3099 4079 saeculo
3128 4024 3333 4090 vixere,
3367 4022 3656 4093 Augustini
3696 4036 3800 4075 nta-

2226 4115 2423 4186 gistros
2449 4130 2568 4172 esse
2598 4117 2859 4188 potuisse,
2897 4131 2928 4171 a
2961 4117 3158 4185 quibus
3197 4117 3288 4172 ille
3318 4131 3419 4172 nec
3464 4125 3577 4172 tota
3607 4115 3799 4185 quidem

2225 4208 2407 4264 doceri
2457 4208 2649 4279 potuit.
2680 4209 2821 4266 Sane
2861 4209 3119 4280 magister
3161 4208 3252 4265 ille
3279 4216 3363 4265 est
3392 4208 3485 4279 qui
3516 4208 3691 4275 docet,
3725 4206 3797 4261 di—

2227 4300 2462 4371 scipulus
2496 4302 2587 4370 qui
2631 4300 2888 4367 docetur;
2919 4313 2974 4357 et
3003 4301 3096 4372 qui
3146 4301 3247 4357 hoc
3301 4301 3499 4370 nescit,
3534 4301 3715 4357 mirum
3759 4299 3796 4355 si

2226 4394 2521 4465 discipulus
2559 4409 2665 4449 non
2708 4396 2869 4451 modo
2910 4395 3113 4464 fuerit,
3140 4396 3234 4452 sed
3265 4396 3346 4452 vel
3390 4410 3519 4453 esse
3570 4396 3795 4466 potuerit.

2226 4488 2327 4557 Qui
2376 4503 2504 4545 vero
2548 4489 2763 4556 doceat,
2821 4491 2912 4560 qui
2966 4489 3245 4559 doceatur,
3305 4489 3705 4559 Augustinusne
3741 4503 3795 4541 an

2228 4583 2559 4638 Arausicana
2608 4582 2867 4655 synodus,
2900 4598 2996 4640 vos
3046 4584 3263 4639 videtis.
3294 4584 3434 4640 Olim
3467 4585 3683 4655 quidem
3706 4584 3796 4637 Au-

535 4687 857 4731 consensum
888 4670 1056 4736 dedit,
1093 4667 1236 4739 quod
1278 4676 1586 4724 sanctorum
1618 4667 1832 4723 Patrum
1866 4667 2124 4723 doctrinae
2149 4656 2204 4719 D
2228 4675 2475 4749 gustinus
2514 4676 2770 4733 Ecclesia,
2808 4677 3102 4747 discipulus
3131 4677 3253 4743 fuit,
3284 4692 3349 4733 ac
3379 4679 3550 4734 talem
3580 4694 3639 4735 se
3663 4676 3794 4748 pmﬁ.

535 4768 841 4823 conformes
870 4771 1073 4821 essent.
1105 4762 1258 4820 Unde
1293 4761 1577 4832 Georgius,
1602 4762 1826 4816 antistes
1854 4760 2124 4816 Constan-

536 4860 939 4933 tinopolitanus,
962 4856 1132 4913 dixit:
1162 4874 1182 4908 ‹
1215 4843 1471 4911 Scrutans
1501 4862 1807 4910 sanctorum
1839 4867 1903 4907 ac
1934 4851 2127 4921 proba-

538 4956 725 5012 bilium
755 4954 1001 5020 Patrum,
1031 4949 1123 5021 qui
1164 4948 1389 5019 repositi
1432 4956 1558 5003 sunt
1596 4948 1649 5002 in
1690 4946 1980 5002 venerabili
2027 4960 2124 5016 pa-

538 5047 828 5119 triarchio,
879 5045 1062 5102 inveni
1109 5052 1299 5099 cuncta
1348 5041 1657 5098 testimonia
1708 5050 2016 5097 sanctorum
2064 5055 2125 5096 ac

542 5141 898 5211 probabilium
928 5138 1168 5205 Patrum,
1194 5151 1314 5209 quae
1352 5137 1408 5191 in
1447 5135 1652 5191 eisdem
1698 5135 2128 5207 suggestionibus

537 5237 915 5302 continentur,
948 5229 1328 5295 consonantia,
1357 5236 1414 5284 et
1442 5229 1493 5284 in
1526 5227 1675 5283 nullo
1705 5227 2065 5298 discrepantia
2095 5242 2126 5282 a

538 5325 738 5381 sanctis
765 5338 829 5380 ac
851 5323 1217 5395 probabilibus
1246 5321 1491 5378 Patribus
1508 5361 1523 5385 ,
1546 5328 1601 5376 et
1626 5320 1905 5375 consentio
1929 5321 2040 5388 eis,
2073 5330 2125 5376 et

539 5419 623 5475 sic
646 5417 908 5473 conﬁteor
931 5424 987 5473 et
1009 5415 1191 5472 credo.
1214 5408 1245 5466 ἰ
1276 5415 1450 5482 Quam
1480 5411 1801 5468 sententiam
1828 5411 2009 5466 caeteri
2037 5411 2126 5466 ibi-

539 5511 664 5568 dem
711 5506 1100 5578 subscripsere.
1132 5507 1359 5562 Possent
1397 5504 1609 5561 inﬁnita
1650 5503 1719 5558 ad
1762 5504 1862 5559 hoc
1902 5503 2126 5558 demon-

539 5602 820 5662 strandum
849 5599 1152 5657 testimonia
1181 5597 1409 5666 adduci,
1440 5597 1495 5653 in
1523 5597 1718 5668 quibus
1745 5611 1811 5651 ea:
1835 5594 2131 5651 necessitate

540 5701 734 5776 synodi
771 5707 1080 5756 sanctorum
1110 5698 1329 5755 Patrum
1359 5696 1659 5755 doctrinam
1687 5710 1748 5754 se
1775 5696 2032 5769 amplecti
2062 5710 2128 5754 ac

540 5795 693 5867 sequi
722 5792 980 5865 professa:
1009 5799 1156 5848 sunt.

616 5892 685 5947 At
712 5890 921 5961 inquies
939 5887 1095 5972 loqui
1120 5894 1175 5945 te
1198 5886 1269 5947 de
1296 5900 1405 5945 uno
1430 5886 1750 5955 Augustino,
1778 5900 1884 5942 non
1914 5884 1983 5942 de
2010 5899 2158 5961 (νηι-⁸

2232 4770 2462 4838 tebatur,
2488 4770 2617 4826 dum
2644 4770 2711 4825 ad
2739 4770 3067 4828 Bonifacium
3092 4787 3284 4843 papam
3313 4773 3593 4828 scribebat
3616 4773 3795 4826 mittere

2231 4879 2328 4920 sua
2364 4864 2561 4935 scripta
2604 4879 2711 4921 non
2741 4872 2847 4919 tam
2880 4864 3139 4920 discenda
3183 4881 3337 4934 quam
3380 4865 3741 4927 examinanda,
3762 4868 3796 4915 rt

2230 4958 2317 5012 ubi
2345 4958 2562 5028 forsitan
2591 4957 2787 5028 aliquid
2816 4957 3156 5029 displicuerit,
3180 4956 3528 5021 emendanda,
3548 4958 3645 5014 lib.
3667 4970 3796 5012 Icon-

2232 5058 2316 5103 tra
2342 5048 2479 5104 duas
2504 5047 2758 5118 epistolas
2788 5047 2970 5118 Pelag.
2993 5046 3061 5103 ad
3093 5046 3297 5113 Bonif.,
3321 5062 3447 5118 cap.
3476 5049 3533 5103 i.
3562 5046 3795 5104 Caeterum

2230 5141 2373 5212 quod
2402 5156 2432 5196 a
2459 5141 2569 5197 Deo
2595 5140 3003 5196 illuminationis
3029 5139 3259 5212 gratiam
3289 5140 3358 5195 ad
3382 5140 3695 5197 docendum
3733 5154 3799 5195 as-

2228 5242 2448 5287 secutus
2476 5240 2582 5299 est,
2614 5242 2674 5286 ut
2700 5231 2777 5286 ait
2819 5238 3040 5287 sanctus
3084 5230 3421 5301 Fulgentius,
3452 5241 3510 5287 et
3537 5246 3677 5287 unus
3701 5230 3797 5284 uni-

2230 5338 2417 5380 versas
2439 5324 2846 5394 Pelagianorum
2890 5323 3170 5378 machinas
3199 5323 3483 5394 perfregit,
3516 5334 3717 5381 tantum
3741 5320 3798 5376 illi

2231 5417 2470 5473 Ecclesia
2517 5416 2729 5483 detulit,
2772 5422 2830 5470 ut
2858 5414 3030 5486 ipsius
3053 5415 3311 5472 Ecclesiae
3341 5431 3443 5486 per
3473 5415 3797 5487 apostolicam

2233 5511 2415 5567 sedem
2448 5509 2701 5578 magister
2726 5518 3080 5565 consecratus
3109 5507 3293 5566 fuerit.
3316 5506 3459 5565 Hinc
3478 5508 3795 5569 C(elesﬁnus,

2236 5604 2289 5658 in
2315 5602 2541 5674 epistola
2572 5603 2730 5657 toties
2760 5617 2789 5655 a
2814 5600 3211 5657 recentioribus
3249 5600 3543 5667 inculcata,
3572 5598 3794 5671 Augusti-

2233 5713 2360 5755 num
2388 5698 2693 5769 magistrum
2713 5705 2943 5752 nostrum
2965 5696 3189 5753 honoris
3205 5710 3371 5753 causa
3400 5706 3691 5769 nuncupat,
3712 5693 3793 5750 Ge-

2232 5790 2400 5846 lasius
2439 5790 2493 5845 in
2542 5788 2767 5859 epistola
2816 5788 2884 5843 ad
2926 5788 3219 5845 Honorium
3267 5789 3521 5846 eumdem
3578 5786 3792 5843 Ecclesia

2230 5882 2536 5953 magistrum
2564 5882 2714 5948 dicit,
2736 5891 2788 5940 et
2827 5881 3061 5939 Joannes
3099 5882 3163 5949 ll,
3204 5890 3263 5938 ut
3288 5898 3414 5944 mox
3446 5883 3694 5948 dicemus,
3728 5877 3787 5933 de
