3962 6346
190 467 295 523 801

186 582 497 655 Augustino
526 577 733 646 scribit,
765 579 918 651 cujus
948 576 1237 631 doctrinam
1269 571 1547 627 secundum
1576 567 1771 640 prwde-
1805 568 1859 628 Α

184 690 451 730 cessurum
492 688 721 727 meorum
755 679 951 725 statuta
983 669 1220 723 Romana
1261 666 1490 735 sequitur
1526 671 1574 718 et
1617 667 1779 715 servat

195 767 448 822 Ecclesia.
495 764 778 833 Profecto,
825 764 873 819 si
924 761 1165 818 Ecclesia
1213 759 1452 814 Romana
1496 751 1778 824 Augustini

187 859 498 913 doctrinam
552 857 812 927 sequitur,
859 853 1186 925 Augustinus
1240 849 1479 921 ejusdem
1524 844 1783 902 Ecclesia:

187 950 458 1021 magister
498 947 758 1004 dicendus
786 954 889 1013 est,
923 946 999 1001 uti
1035 943 1328 1013 discipulos
1367 939 1537 997 sancti
1563 938 1784 994 Thomae

189 1052 290 1098 aut
338 1042 487 1099 Secti
516 1056 612 1098 eos
640 1039 996 1111 appellamus,
1023 1037 1112 1108 qui
1153 1032 1463 1092 eorumdem
1504 1031 1785 1087 doctorum

189 1137 493 1193 sententias
534 1142 852 1205 sequuntur.
887 1132 997 1188 Cur
1023 1138 1201 1186 autem
1232 1128 1336 1183 hoc
1372 1126 1565 1181 mirum
1595 1123 1783 1178 videa-

193 1232 321 1287 tur?
345 1230 531 1285 Nonne
572 1229 700 1285 olim
752 1242 980 1298 magnus
1010 1227 1100 1282 ille
1130 1226 1369 1295 Aquinas
1412 1223 1555 1278 inter
1584 1221 1788 1276 tirones

195 1325 256 1381 in
279 1325 480 1381 scholis
513 1323 679 1391 sedit,
708 1324 797 1393 qui
841 1330 1025 1392 postea
1069 1332 1311 1375 summus
1342 1313 1786 1371 scholasticorum

195 1420 459 1490 magister
482 1417 689 1475 evasit?
733 1416 957 1471 Laudati
986 1413 1279 1478 antistites,
1308 1412 1435 1466 dum
1478 1413 1532 1465 in
1580 1406 1788 1481 synodo

197 1509 626 1567 Chalcedonensi
676 1516 733 1564 et
782 1505 1381 1575 Constantinopolitana
1424 1510 1640 1556 sanctos
1684 1500 1791 1555 Pa-

202 1612 319 1659 tres
346 1604 494 1674 sequi
523 1617 585 1658 se
612 1600 885 1666 dicebant,
913 1600 1225 1655 earumdem
1253 1612 1312 1652 se
1339 1594 1630 1665 discipulos
1666 1607 1790 1662 pro-

200 1695 515 1760 ﬁtebantur,
539 1707 773 1763 quorum
800 1691 1062 1745 doctrinis
1089 1704 1210 1746 sese
1240 1686 1585 1743 instruendos
1614 1683 1792 1740 trade-

199 1786 365 1851 bant;
400 1786 475 1841 illi
519 1786 680 1856 igitur
723 1783 953 1851 Leones,
985 1782 1215 1843 Felices,
1243 1779 1546 1847 Athanasii,
1581 1777 1788 1845 Hilarii,

200 1878 515 1948 Augustini,
540 1875 747 1948 Cyrilli,
775 1876 1038 1945 Gregorii,
1071 1875 1234 1933 aliive
1266 1888 1403 1944 quos
1430 1871 1631 1927 ibidem
1670 1884 1792 1941 pro-

200 1969 431 2035 ducunt,
452 1969 782 2041 synodorum
808 1968 1045 2040 magistri
1077 1967 1250 2023 fuere.
1269 1968 1451 2035 Quare
1477 1981 1599 2022 cum
1622 1966 1794 2020 Arau-

1915 1968 2091 2019 iecne,
2122 1966 2189 2005 an
2232 1946 2410 2019 potius
2458 1947 2765 2013 spectarent

198 2063 450 2118 sicannm
500 2062 790 2118 concilium
839 2078 1007 2117 unum
1035 2061 1392 2132 Augustinum
1422 2068 1662 2116 secutum
1704 2058 1794 2123 sit,

202 2171 379 2211 unum
409 2158 766 2227 Augustinum
794 2155 1106 2226 magistrum
1129 2153 1339 2210 habuit.

280 2246 426 2304 lnter
451 2249 622 2304 sancti
636 2247 919 2318 Augustini
947 2245 1306 2303 eneomiastas
1338 2244 1529 2300 merito
1552 2258 1800 2299 numera-

198 2352 295 2399 tur
325 2344 485 2399 etiam
532 2352 751 2399 sanctus
778 2340 1013 2398 Joannes
1041 2340 1111 2407 ΙΙ,
1142 2339 1195 2394 in
1235 2340 1395 2409 epist.
1422 2337 1454 2390 5
1482 2337 1549 2393 ad
1579 2349 1799 2394 senato-

196 2453 297 2495 res
328 2454 345 2492 :
378 2438 602 2494 Sanctus
630 2436 967 2508 Augustinus,
1002 2434 1100 2502 ait,
1125 2436 1275 2505 cujus
1295 2434 1583 2487 doctrinam
1621 2449 1801 2488 secun-

199 2532 783 2606 dumpraedecessorum
807 2543 1040 2584 meorum
1061 2535 1251 2581 statuta
1277 2525 1521 2581 Romana
1569 2525 1803 2596 sequitur

198 2638 257 2683 et
291 2636 457 2681 servat
480 2625 736 2680 Ecclesia.
764 2624 968 2691 Quibus
1004 2622 1181 2679 verbis
1217 2621 1453 2691 pontifex
1486 2634 1594 2676 non
1623 2620 1801 2675 solum

198 2722 387 2779 sancti
425 2720 708 2791 Augustini
748 2719 1049 2775 doctrinam
1100 2715 1460 2781 consecravit,
1497 2714 1594 2771 sed
1641 2715 1804 2772 etiam

202 2813 462 2869 eamdem
490 2812 783 2883 antiquitus
808 2826 839 2865 a
880 2810 993 2867 suis
1022 2809 1401 2865 decessoribus
1449 2808 1803 2879 approbatam

202 2912 378 2969 fuisse
407 2910 658 2965 affirmat.
701 2908 809 2965 Sed
832 2924 898 2964 en
934 2908 1112 2962 statim
1143 2905 1506 2962 recentiorum
1534 2904 1804 2974 interpre-

204 3004 469 3059 tationes.
516 3001 655 3058 Audi
706 2998 1103 3068 Decampsium,
1152 2996 1249 3078 lib.
1302 3011 1363 3051 ιιι
1411 2996 1530 3064 cit.,
1576 2993 1719 3064 disp.
1754 2996 1805 3065 l,

203 3110 338 3167 cap.
363 3093 418 3161 4,
439 3110 585 3150 ηυω.
620 3092 724 3149 12:
761 3112 781 3145 ι
800 3092 934 3148 Cum
967 3091 1127 3162 igitur
1152 3090 1208 3145 in
1238 3089 1337 3144 hac
1358 3089 1583 3160 epistola
1610 3103 1710 3143 nec
1740 3086 1810 3143 de

206 3190 393 3246 sancti
422 3186 706 3260 Augustini
746 3186 991 3243 doctrina
1025 3191 1212 3239 contra
1241 3182 1557 3252 Pelagianos
1598 3189 1807 3252 agatur,

206 3300 322 3342 nec
346 3284 486 3340 ullus
516 3300 583 3340 ex
608 3282 762 3338 libris
790 3280 1090 3352 appelletur
1111 3277 1304 3349 quibus
1333 3291 1428 3333 eos
1457 3274 1805 3346 impugnavit,

1380 446 1702 508 νιΝΒιοιιΕ
1744 436 2304 503 AUGUSTINIANAE.

3357 408 3464 468 802

1883 559 2098 617 auxiliis
2122 554 2319 612 divinis
2345 542 2742 606 controversias
2768 537 2837 594 ad
2880 529 3111 592 tribunal
3156 526 3331 586 sancti
3353 528 3463 582 An-

1882 651 2077 727 gustini
2124 642 2510 717 expendendas
2552 636 2751 709 jussit,
2798 644 2906 704 quo
2950 628 3081 684 olim
3132 621 3464 681 recentiores

1882 713 2053 822 pressi
2102 713 2249 805 sunt,
2296 739 2444 794 hisce
2493 732 2653 790 modo
2700 724 2937 797 strophis
2982 719 3206 779 eludunt
3238 732 3255 773 :
3290 713 3463 769 «Nam

1883 806 2048 913 quod,
2091 828 2391 905 inquiunt,
2436 827 2678 898 objicere
2728 817 2893 890 aliqui
2944 814 3161 882 solent,
3220 806 3466 911 Clemen-

1885 898 1992 993 tem
2017 898 2131 988 \illl
2156 898 2382 1000 j-ussisse
2404 931 2646 990 tempore
2671 910 3095 984 disputationum
3133 903 3203 960 de
3232 898 3463 966 auxiliis,

1886 1038 1946 1084 ut
1973 991 2254 1095 Auguslini
2285 1015 2623 1089 potissimum
2661 1004 2927 1064 sententia
2962 999 3358 1071 exquireretur,
3392 991 3471 1047 fa-

1887 1119 1989 1176 cile
2016 1086 2266 1174 solvitur.
2287 1086 2480 1179 Neque
2506 1102 2729 1161 enimid
2751 1096 3009 1170 praecepit
3037 1107 3106 1150 eo
3134 1086 3469 1163 praejndicio,

1888 1211 2039 1282 quasi
2061 1207 2213 1265 nefas
2236 1205 2456 1260 duceret
2478 1197 2583 1254 ulla
2608 1196 2663 1251 in
2681 1208 2739 1249 re
2767 1189 3053 1247 dissentire
3073 1184 3140 1242 ab
3154 1179 3472 1253 Augustino,

1890 1275 2170 1373 repudiata
2198 1298 2358 1353 etiam
2385 1286 2663 1349 leestini
2692 1282 3037 1340 distinctione
3065 1276 3152 1333 illa
3183 1275 3331 1329 inter
3357 1283 3475 1341 pro-

1893 1394 2186 1468 positiones
2237 1402 2371 1460 quas
2417 1391 2585 1451 esset,
2638 1386 2694 1436 et
2741 1390 2873 1446 quas
2898 1388 3008 1429 non
3061 1376 3206 1426 esset
3248 1375 3477 1421 necesse

1892 1456 2155 1544 astruere.
2184 1456 2368 1552 Neque
2415 1478 2556 1534 idem
2589 1481 2675 1530 est
2702 1469 2866 1537 velle,
2892 1476 2952 1523 ut
2980 1464 3317 1535 disputantes
3368 1456 3479 1511 An-

1892 1580 2092 1654 gustini
2136 1573 2457 1633 sententiam
2502 1567 2799 1639 inquirant,
2822 1569 2878 1617 et
2919 1557 3056 1613 velle
3096 1551 3315 1610 omnino
3341 1554 3400 1602 ut
3424 1544 3478 1599 in

1895 1636 2144 1730 Zmnibns
2172 1684 2290 1724 eam
2319 1636 2634 1736 sequantur.
2656 1677 2676 1710 ›
2715 1658 2919 1712 ltursus
2944 1668 2958 1706 :
2989 1669 3008 1702 ι
3036 1641 3356 1717 lnquirenda
3378 1636 3483 1693 fuit

1895 1764 2180 1840 Augustini
2211 1760 2501 1825 sententia,
2526 1765 2582 1813 ut
2614 1751 3005 1821 intelligeretur
3042 1751 3223 1799 utrum
3266 1752 3330 1793 ea
3359 1747 3483 1805 qua:

1896 1830 2309 1930 disputabantur
2354 1856 2637 1922 tangerent
2696 1842 2989 1899 constituta
3037 1835 3149 1907 jam
3206 1830 3483 1901 dogmata,

2806 1934 2873 1988 ad
2900 1931 3223 2002 quaestiones
3269 1918 3484 1977 inditis-

1898 2018 2099 2107 rentes.
2129 2018 2281 2101 Adde
2300 2054 2421 2095 cum
2452 2042 2665 2092 constet
2691 2046 2759 2086 ex
2778 2033 2966 2083 mente
2996 2019 3166 2077 sancti
3204 2018 3487 2072 Bonaven-

1900 2152 2035 2198 tura:
2054 2135 2409 2209 Augustinum
2451 2124 2741 2197 aliquando
2771 2121 2950 2176 minus
2978 2115 3237 2175 voluisse,
3280 2117 3336 2165 et
3364 2106 3486 2177 plus

1899 2234 2131 2299 dixisse,
2162 2229 2325 2284 fuisse
2353 2239 2451 2281 cur
2495 2222 2709 2291 juberet
2739 2226 2983 2273 summus
3015 2206 3257 2281 pontifex
3288 2211 3347 2257 ut
3369 2198 3489 2270 ejus

1900 2324 2167 2385 sententia
2192 2319 2628 2389 investigaretur,
2660 2323 2855 2379 nempe
2881 2314 2939 2361 ut
2976 2302 3321 2364 retineretur,
3347 2290 3491 2364 quod

1902 2420 2244 2494 perspicuum
2293 2419 2441 2470 esset
2482 2409 2633 2466 illum
2676 2400 2936 2466 voluisse,
2970 2412 3077 2454 non
3126 2402 3307 2448 autem
3336 2386 3493 2458 quid-

1903 2482 2030 2586 quid
2079 2514 2373 2573 constaret,
2423 2518 2545 2559 eum
2595 2498 2863 2553 dixisse.»
2900 2487 3099 2547 Annali
3150 2482 3315 2541 verba
3368 2482 3494 2533 sunt

1904 2573 2000 2671 lib.
2026 2626 2139 2677 Vill,
2171 2622 2292 2677 cap.
2323 2604 2378 2670 4,
2411 2603 2464 2657 in
2507 2598 2633 2653 ﬁne.
2666 2593 2858 2650 Nullus
2905 2588 3183 2654 hucusque
3229 2573 3498 2677 dubitavit

1906 2708 1961 2763 in
1988 2701 2322 2762 sessionibus
2348 2697 2415 2761 de
2444 2691 2659 2750 auxiliis
2687 2700 2871 2744 coram
2907 2682 3182 2739 Clemente
3212 2671 3325 2730 Vill
3354 2668 3499 2725 cele-

1908 2761 2072 2856 bratis
2104 2794 2314 2851 Molinae
2342 2787 2642 2844 doctrinam
2686 2780 2753 2835 ad
2802 2772 3206 2847 Augustinianae
3240 2761 3500 2821 doctrinae

1909 2889 2168 2947 amussim
2200 2892 2468 2940 vocatam.
2498 2874 2717 2933 Interim
2748 2870 2967 2927 audiant
3004 2864 3229 2922 Paulum
3264 2858 3501 2915 Leonar-

1912 2987 2063 3054 dum,
2090 2995 2219 3038 vere
2256 2976 2592 3045 Scerlogum,
2626 2970 2679 3025 in
2711 2962 2972 3036 Apologia
3016 2953 3255 3014 scientiae
3284 2948 3499 3012 mediae,

1913 3040 2142 3147 parun,
2177 3085 2329 3126 num.
2356 3040 2471 3123 ’ὀθῖ
2505 3083 2523 3115 ι
2545 3058 2827 3131 Equidem,
2862 3052 3055 3125 inquit,
3086 3049 3141 3104 in
3183 3040 3504 3115 disputatio-

1914 3130 2074 3225 bibus
2101 3130 2288 3221 lioms:
2316 3157 2529 3230 agitatis
2559 3168 2744 3209 coram
2776 3146 3062 3205 sanctitate
3077 3136 3372 3197 Clementis
3385 3130 3505 3188 Vlll

1915 3224 1971 3316 et
2001 3257 2152 3313 Pauli
2179 3255 2245 3322 γ,
2276 3224 2418 3322 saepe
2469 3254 2524 3303 et
2563 3246 2847 3314 diligenter
2893 3239 3280 3304 interrogatum
3324 3233 3409 3282 est
3436 3224 3505 3280 de

207 3327 322 3342 ,ην
349 3327 486 3340 -..μυ
517 3327 583 3340 ω.
610 3327 761 3338 ην..-
791 3327 1081 3352 -τ,,--.----
1115 3327 1300 3349 νην-
1339 3327 1425 3333 ,η
1457 3327 1672 3346 ---τηρ
1698 3327 1703 3329 .

207 3393 317 3434 cur
350 3377 479 3433 inde
498 3374 811 3431 Janseniani
853 3372 1132 3443 speciatim
1176 3369 1463 3439 colligunt,
1491 3368 1564 3423 ita
1597 3366 1808 3437 probari
1841 3368 1887 3431 C
1921 3361 2099 3410 mente
2129 3347 2299 3404 δθηαιί
2320 3340 2622 3414 Augustini,
2655 3336 2797 3409 (ἰυοά
2825 3349 2890 3391 θο
2912 3328 3193 3403 specuum
3219 3327 3276 3381 in
3303 3331 3503 3395 εθπθτθ

2405 3439 2416 3443 -
2785 3438 2797 3443 -
2863 3427 2877 3443 ι
2930 3426 2981 3443 n,
3034 3422 3220 3443 ,_.:...-
3250 3410 3477 3443 ..-ΑΓΛ-...ἶ

206 3470 287 3525 ab
316 3468 613 3540 apostolica
645 3466 773 3522 sede
800 3479 1135 3535 quaecunque
1162 3463 1217 3516 in
1247 3461 1534 3533 Augustini
1559 3460 1810 3531 cperibus

206 3561 597 3627 continentur,
632 3567 692 3614 ut
715 3558 783 3613 ab
811 3556 897 3612 his
929 3556 1014 3611 vel
1039 3554 1307 3610 tantillum
1341 3552 1597 3608 recedere
1623 3552 1692 3607 sit
1719 3566 1813 3606 nc-

209 3654 339 3709 fas?
362 3673 381 3706 s
417 3652 578 3709 Addit
604 3650 893 3718 Moraines,
910 3650 1051 3720 disp.
1083 3649 1150 3702 12
1181 3646 1507 3711 Anti-Jans.,
1534 3661 1680 3700 num.
1709 3643 1808 3700 50:

234 3768 260 3801 ε
284 3750 418 3817 Quae
443 3747 589 3803 addit
617 3762 683 3804 ex
703 3746 906 3801 Joanne
929 3744 972 3798 ll
1001 3751 1056 3798 et
1080 3741 1358 3798 Clemente
1374 3738 1492 3795 Vill
1516 3737 1817 3809 praeceden-

233 3842 389 3899 tibus
435 3841 630 3897 similia
678 3848 826 3904 sunt,
860 3837 1101 3908 nihilque
1131 3836 1360 3906 amplius
1401 3832 1650 3904 probant.
1676 3831 1819 3887 Tan-

227 3945 351 3991 tum
382 3934 527 3991 enim
569 3932 839 3988 afﬁrmant
895 3929 1191 3985 Ecclesiam
1236 3926 1537 3982 Romanam
1579 3937 1817 3987 scrvare,

140 4068 145 4071 Α
218 4038 288 4086 et
330 4028 484 4099 sequi
513 4026 815 4083 doctrinam
846 4022 1125 4094 Augustini
1173 4019 1275 4075 sibi
1318 4018 1471 4088 quasi
1511 4017 1691 4072 dotem
1736 4030 1824 4072 re-

224 4121 445 4187 lictam,
478 4134 639 4191 quam
666 4127 844 4174 tamen
871 4132 981 4173 non
1011 4116 1066 4171 in
1090 4113 1339 4170 omnibus
1380 4110 1642 4181 sequitur,
1667 4129 1685 4161 ι
1714 4117 1822 4165 etc.

223 4215 367 4272 Haec
397 4216 497 4271 illi.
530 4215 746 4270 Scimus
777 4227 896 4269 eam
928 4209 1097 4273 sancti
1124 4207 1350 4265 Joannis
1388 4205 1675 4275 epistolam
1706 4218 1828 4259 esse

224 4323 425 4370 contra
449 4297 817 4376 Nestorianos,
838 4324 948 4365 non
972 4306 1319 4379 Pelagianos;
1350 4300 1446 4357 sed
1477 4300 1678 4355 scimus
1706 4312 1831 4368 quo-

227 4422 343 4479 que
384 4405 729 4463 Nestorianos
771 4418 837 4459 ex
882 4399 1184 4472 Pelagianis
1237 4395 1522 4468 prodiisse,
1572 4402 1831 4463 utrosque

228 4508 429 4556 mutuo
482 4513 543 4555 se
597 4498 843 4553 foventes
893 4492 1033 4564 apud
1092 4489 1365 4561 Ephesum
1414 4484 1827 4551 condemnatos,

229 4596 454 4666 utrique
497 4592 694 4650 haeresi
724 4591 866 4647 idem
912 4603 943 4644 a
973 4587 1243 4656 Prospero
1295 4581 1627 4654 epitaphium
1681 4580 1835 4650 igno-

232 4689 425 4747 minias
470 4702 632 4744 causa
684 4685 1023 4754 inscriptum.
1056 4677 1390 4750 Opponimus
1447 4685 1626 4729 tamen
1666 4672 1833 4727 Joan-

233 4798 367 4840 nem
424 4782 557 4838 inihi
614 4795 676 4836 ea
727 4776 897 4835 sancti
946 4773 1185 4830 doctoris
1233 4768 1509 4826 volumina
1557 4764 1830 4830 laudasse,

241 4879 445 4951 quibus
476 4892 585 4932 non
613 4882 823 4931 tantum
867 4868 1207 4927 auctoritatis
1236 4866 1398 4931 inest,
1441 4870 1698 4933 quantum
1744 4857 1837 4913 tri-

243 4975 438 5027 butum
464 4980 547 5025 est
570 4968 637 5023 ab
665 4964 963 5038 apostolica
1006 4962 1138 5018 sede
1178 4958 1333 5014 libris
1363 4963 1552 5012 contra
1597 4951 1840 5022 Pelagia-

247 5080 352 5121 nos
380 5062 619 5133 scriptis.
649 5060 782 5117 Cum
810 5058 954 5114 enim
982 5057 1039 5111 in
1068 5054 1172 5109 illis
1201 5061 1429 5107 caeteros
1453 5056 1575 5119 post
1602 5060 1662 5102 se
1682 5045 1841 5116 longo

244 5156 542 5213 intervallo
587 5152 886 5223 reliquerit,
913 5150 971 5205 in
1018 5148 1136 5203 istis
1181 5144 1363 5215 seipso
1408 5154 1622 5212 quoque
1670 5135 1844 5206 major

244 5250 423 5308 evasit
438 5246 620 5319 {unde
640 5248 687 5301 si
716 5243 1074 5316 Augustinum
1104 5239 1345 5293 Romana
1372 5232 1617 5291 Ecclesia
1643 5229 1842 5285 docen-

248 5353 364 5399 tem
398 5339 663 5412 sequitur,
697 5336 788 5393 ubi
831 5333 1031 5391 minori
1062 5330 1223 5387 laude
1249 5336 1473 5385 ornatus
1512 5323 1633 5387 fuit,
1662 5319 1840 5377 eidem

250 5434 567 5508 religiosius
591 5431 909 5498 adhaerebit,
941 5427 1035 5484 ubi
1058 5432 1138 5482 tot
1166 5424 1532 5479 Romanorum
1558 5412 1844 5487 praesulem

252 5507 522 5589 encomiis
542 5534 804 5597 exceptus
838 5523 958 5578 luit;
988 5521 1229 5577 Romana
1257 5514 1500 5573 Ecclesia
1527 5524 1637 5567 non
1666 5507 1848 5564 solum

254 5624 614 5698 Augustinum
644 5621 928 5677 docentem
957 5614 1188 5680 inaudit,
1220 5611 1317 5698 sed
1356 5598 1726 5678 impugnatum
1754 5599 1852 5657 de-

258 5694 455 5785 fendit,
487 5725 546 5771 ut
573 5715 662 5769 illa
703 5708 986 5784 Augustini
1026 5694 1405 5764 auctoritatem
1455 5701 1851 5769 propugnante,

258 5812 444 5868 oleum
465 5817 520 5865 et
548 5821 771 5878 operam
792 5800 1056 5874 perdituri
1080 5800 1190 5855 sint
1229 5793 1584 5857 recentiores,
1606 5788 1699 5860 qui
1722 5800 1851 5842 con-

266 5918 348 5963 tra
374 5902 621 5981 eamdem
654 5901 959 5969 insurgunt.
1314 5940 1317 5943 λ
1382 5942 1388 5947 ,
1442 5942 1453 5947 λ.
1540 5948 1544 5952 _

339 5980 633 6052 Clementis
674 6006 804 6050 vero
830 5989 948 6046 Vlll
989 5987 1292 6052 decretum,
1319 5995 1429 6054 quo
1459 5978 1739 6036 universas
1781 5972 1853 6029 de

1915 3447 2270 3522 quaestionum
2297 3410 2634 3509 exploratum
2658 3438 2805 3488 esset
2830 3427 2898 3484 ab
2928 3426 2994 3482 iis
3023 3422 3224 3494 optima
3250 3410 3504 3490 proferri,

1920 3511 2007 3600 cui
2031 3548 2209 3597 tantus
2226 3535 2428 3592 divinae
2448 3529 2635 3602 gratiae
2665 3521 3065 3598 byperaspistes
3084 3518 3307 3572 faveret.
3331 3511 3509 3579 Quare

1926 3649 2066 3690 anno
2093 3630 2234 3688 1602
2274 3634 2557 3684 tractatum
2591 3639 2604 3675 :
2640 3619 2767 3686 Quis
2797 3616 3018 3686 majores
3045 3613 3174 3667 vires
3214 3609 3280 3663 ad
3320 3606 3512 3661 bonum

1931 3728 2088 3783 libero
2129 3722 2341 3777 arbitrio
2392 3716 2618 3772 tribuat?
2671 3712 2752 3766 An
2791 3704 3146 3780 Augustinus?
3176 3719 3242 3756 an
3272 3696 3513 3754 Matina?

1920 3819 2241 3874 Continetur
2286 3812 2378 3873 ille
2429 3806 2688 3864 articulus
2737 3810 2946 3873 septem
2997 3794 3404 3869 quaestionibus,
3455 3788 3513 3845 in

1923 3910 2115 3983 quibus
2148 3904 2373 3975 singulis
2400 3903 2468 3957 de
2498 3908 2678 3955 mente
2718 3891 2998 3965 Augustini
3021 3890 3350 3957 disceptatur
3388 3896 3512 3938 cum

1926 3981 2149 4065 Molina,
2178 4009 2283 4055 etc.
2318 3997 2393 4051 De
2413 3992 2608 4063 quibus
2642 3988 2810 4059 liquet
2838 3981 3204 4040 altercationis
3232 3990 3370 4050 pene
3398 3989 3516 4031 om-

1934 4110 2057 4152 nem
2087 4106 2331 4162 scopum,
2364 4086 2617 4159 quidnam
2649 4079 2979 4151 Augustinus
3019 4072 3279 4130 sentiret?
3302 4090 3323 4123 ι
3354 4069 3518 4124 Com-

1929 4184 2128 4259 pendio
2176 4197 2264 4238 res
2315 4185 2584 4250 ageretur,
2618 4174 2661 4230 si
2710 4175 2899 4228 liceret
2941 4176 3059 4223 acta
3104 4165 3195 4220 illa
3226 4174 3520 4233 congrega-

1932 4281 2159 4341 tionum,
2217 4272 2305 4327 vel
2356 4274 2615 4339 integram
2671 4260 2961 4320 Clementis
3009 4258 3123 4313 Vlll
3176 4255 3521 4321 orationem,

1932 4384 2092 4442 quam
2148 4360 2599 4437 disputationibus
2645 4356 2755 4412 illis
2804 4352 3083 4425 praemisit,
3136 4348 3383 4405 recitare.
3415 4342 3524 4403 Sed

1933 4440 2150 4535 quando
2202 4452 2498 4514 recentiori
2531 4451 2774 4507 llomano
2802 4448 3025 4536 decrelo
3068 4443 3121 4498 id
3168 4440 3389 4497 vetitum
3418 4445 3526 4508 est,

1935 4571 2056 4613 cum
2107 4549 2390 4621 dispendio
2433 4560 2610 4602 causa:
2656 4557 2817 4613 quam
2864 4531 3121 4602 defendo,
3168 4531 3527 4589 necessariam

1938 4648 2308 4705 defensionem
2356 4640 2568 4699 omitto.
2606 4639 2671 4694 Et
2708 4635 2926 4707 quidem
2968 4632 3086 4703 plus
3132 4629 3273 4684 forte
3316 4624 3529 4681 caeteris

1860 4772 1912 4833 Ι)
1940 4742 2166 4799 meliora
2213 4740 2396 4794 dicere
2447 4747 2687 4804 possem,
2721 4745 2845 4786 cum
2900 4726 3122 4797 legerim
3169 4721 3351 4779 omnia
3394 4720 3527 4776 Mss.

1946 4832 2187 4906 Gregorii
2214 4828 2407 4901 Nugnii
2436 4824 2693 4893 Coronel,
2726 4817 3102 4892 Augustiniani
3144 4812 3407 4879 Lusitani,
3437 4811 3531 4883 qui

1948 4933 2364 4985 memoratarum
2411 4917 2887 4989 congregationum
2940 4910 3041 4966 fuit
3078 4923 3109 4963 a
3158 4907 3404 4965 secretis.
3437 4902 3533 4959 Pio

1948 5017 2164 5075 silentio
2204 5013 2452 5085 religioni
2496 5010 2613 5066 lito.
2646 5010 2906 5077 Repetam
2951 5012 3130 5059 tamen
3174 5000 3529 5070 fragmentum

1950 5114 2177 5170 laudatae
2208 5110 2469 5168 orationis
2511 5103 2803 5164 Clementis
2833 5100 2964 5168 Vill,
2994 5097 3140 5169 quod
3187 5110 3287 5153 suo
3333 5092 3536 5151 Eucbo-

1955 5206 2127 5278 logico
2146 5220 2173 5258 a
2188 5202 2599 5273 congregatione
2620 5208 2868 5269 suprema
2893 5194 2951 5251 S.
2965 5191 3031 5247 R.
3054 5188 3417 5261 lnquisitionis
3444 5201 3537 5260 ap-

1952 5298 2179 5370 probato
2208 5297 2437 5354 inseruit
2464 5293 2524 5349 P.
2555 5291 2773 5347 Macedo
2815 5289 2956 5344 inter
2997 5284 3173 5356 elogia
3199 5281 3539 5354 pontificum,

1953 5408 2073 5465 quae
2103 5391 2293 5447 recitat
2321 5387 2391 5444 ad
2431 5386 2575 5442 diem
2597 5383 2670 5439 28
2699 5380 2949 5452 Augusti,
2990 5392 3112 5449 pag.
3153 5375 3281 5431 406.
3302 5373 3541 5441 «Quam-
3602 5446 3603 5449 η

1956 5489 2062 5553 vis,
2093 5484 2287 5555 inquit,
2317 5482 2419 5538 nisi
2442 5479 2556 5536 Deo
2587 5476 2851 5533 rationem
2874 5471 3107 5529 reddere
3135 5470 3360 5527 debeam
3388 5478 3539 5522 mea-
3600 5468 3621 5485 κ

1959 5595 2077 5637 rum
2110 5578 2404 5644 actionum,
2432 5572 2608 5629 dicam
2639 5579 2817 5625 tamen
2858 5564 3341 5635 impraesentiarum
3371 5559 3539 5615 ratio-

1960 5688 2058 5731 nes
2115 5678 2333 5742 propter
2379 5682 2513 5739 quas
2572 5674 2902 5721 asrntscnse
2948 5672 3141 5714 STATUI
3191 5663 3355 5711 totam
3404 5651 3541 5705 hanc

1957 5765 2380 5837 disputationem
2426 5777 2494 5817 an
2536 5773 2751 5815 nonum
2803 5768 3077 5813 oneratus:
3126 5763 3318 5807 SANCTI
3366 5747 3544 5801 Ausu-

1959 5874 2099 5917 STlNl
2119 5861 2185 5913 de
2212 5856 2403 5929 gratia.
2434 5853 2612 5910 Prima
2639 5860 2724 5907 est
2750 5849 2890 5920 quod
2914 5847 2982 5915 si,
3016 5852 3153 5901 teste
3179 5841 3241 5896 Β.
3276 5839 3543 5906 Prospero

1960 5962 2076 6020 fere
2111 5960 2264 6018 initio
2300 5957 2420 6016 libri
2462 5964 2648 6013 contra
2691 5952 3027 6018 collatorem,
3058 5943 3246 6017 viginti
3272 5950 3540 5997 annorum
3590 5936 3643 5975 ιν
