3962 6346
461 308 570 372 803

1364 308 1929 371 SUPPLEMENTUM
1972 309 2063 367 Al)
2103 306 2338 368 OPERA
2378 307 2437 367 S.
2480 309 2879 368 AUGUSTINI.

3652 310 3773 370 804

457 432 633 506 spatio
683 432 830 489 acies
882 430 1167 488 catholica:
1207 426 1464 487 Ecclesia:
1505 433 1583 488 ita
1631 430 1909 488 dimicavit
1956 444 2051 501 pro
2078 435 2128 498 Α
2157 446 2299 488 nunc
2365 432 2463 488 sibi
2508 432 2736 489 liberum
2795 440 3022 501 putant,
3083 446 3152 488 ne
3194 431 3409 502 quidem
3477 432 3763 489 arbitrum

461 530 632 599 gratia
657 536 846 582 contra
884 524 1221 596 Pelagianos,
1258 535 1315 581 ut
1345 524 1561 581 tandem
1593 525 1892 597 Augustino
1919 525 2056 580 duce

459 625 668 691 vicerit,
700 630 913 693 Oportet
962 621 1123 677 etiam
1172 630 1230 676 ut
1277 621 1332 676 in
1362 635 1525 677 causa
1568 620 1785 676 consilii
1838 633 2055 675 nouus!

460 740 635 780 nucsn
684 733 1026 779 acnoscauus
1068 736 1135 775 ετ
1177 734 1474 782 εεριςλιωιι.
1499 718 1750 775 Secunda
1791 726 1875 773 est
1914 716 2057 787 quod

459 818 601 873 idem
632 825 851 871 sanctus
871 815 1002 869 nihil
1035 813 1249 869 videtur
1275 814 1689 884 praetermisisse
1718 826 1908 868 eorum
1935 825 2057 882 quae

458 907 528 964 ad
582 918 877 980 praesentes
935 907 1336 963 controversias
1385 906 1678 977 pertinent,
1729 913 1835 961 etc.
1873 903 2056 959 Tertia

457 1000 674 1057 tandem
704 1002 843 1055 ratio
869 1009 951 1055 est
982 998 1128 1070 quod
1169 1013 1289 1054 curn
1323 998 1474 1055 multi
1508 998 1786 1069 pontiﬁces
1826 1006 1881 1053 et
1920 1011 2059 1069 prte-

456 1096 775 1151 decessores
828 1093 999 1151 nostri
1062 1091 1330 1148 doetrinaa
1381 1093 1554 1148 sancti
1606 1090 1894 1161 Augustini
1950 1097 2057 1144 tam

456 1201 612 1242 acres
643 1183 847 1241 fuerint
887 1192 1192 1239 assertores
1237 1198 1301 1239 ac
1328 1184 1597 1248 vindices,
1623 1194 1680 1237 ut
1703 1182 1859 1252 quasi
1886 1181 2058 1239 hare-

456 1276 653 1332 ditario
698 1277 822 1347 jure
880 1290 997 1331 eam
1052 1276 1107 1330 in
1160 1276 1399 1332 Ecclesia
1460 1275 1695 1347 relinqui
1761 1276 2056 1345 voluerint,

456 1384 671 1441 aequum
704 1383 813 1423 non
853 1377 937 1424 est
981 1378 1039 1423 ut
1067 1366 1238 1438 patiar
1282 1367 1427 1422 illam
1463 1369 1564 1423 hac
1604 1367 1922 1425 haereditate
1951 1370 2061 1439 pri-

456 1460 625 1518 vari.»
654 1459 970 1517 Orationem
999 1460 1138 1516 hanc
1166 1458 1336 1532 ipsius
1356 1459 1649 1517 Clementis
1672 1474 1837 1516 manu
1867 1475 2060 1518 exara-

459 1563 571 1610 tam
607 1551 846 1609 ostendit
889 1552 1048 1609 nobis
1077 1551 1475 1609 illustrissimus
1505 1552 1566 1606 D.
1610 1551 1890 1624 Philippus
1919 1554 2060 1610 vice-

460 1663 645 1705 conies
691 1645 1140 1716 Mediolanensis,
1196 1648 1486 1720 episcopus
1535 1647 1869 1714 Catacensis,
1915 1648 2059 1719 quod

459 1741 624 1797 etiam
679 1748 934 1797 testatum
987 1740 1207 1812 reliquit
1236 1740 1294 1796 in
1326 1740 1467 1796 notis
1511 1740 1639 1796 Mss.
1670 1741 1736 1796 ad
1774 1754 1895 1812 cap.
1933 1742 1967 1797 ι
1996 1741 2061 1797 li-

2162 527 2510 583 honorarium
2562 528 2616 582 in
2659 526 2779 582 aliis
2831 527 2981 582 illum
3026 525 3377 582 admittere.»
3417 525 3534 583 Heu
3579 540 3761 597 quam

2161 619 2265 675 ima
2324 620 2548 676 summis
2600 628 2714 675 atra
2744 619 2862 676 dies
2900 619 3154 675 miscuit!
3209 619 3563 690 Augustinum
3611 617 3761 673 olim

2161 709 2411 769 Clemens
2444 712 2687 782 pontifex
2719 712 2772 767 in
2799 711 3174 767 controversia
3200 710 3267 766 de
3279 710 3495 767 auxiliis
3513 709 3769 781 judicem

2162 804 2460 870 constituit,
2485 804 2648 859 modo
2675 815 2855 860 autem
2897 805 3249 870 recentiores,
3278 811 3339 859 ut
3384 802 3563 873 palam
3596 802 3769 857 fateri

2164 910 2270 953 non
2291 896 2647 963 erubescunt;
2697 898 2952 953 eumdem
2984 913 3048 952 ne
3076 898 3281 975 quidem
3299 896 3553 951 arbitrum
3587 898 3770 951 Miso-

2136 992 2361 1046 .rarium
2386 991 2767 1046 admittunt.Et
2790 992 2870 1047 illi
2899 992 3113 1062 quidem
3135 1006 3412 1058 excessus,
3445 991 3768 1063 antilogias,

2165 1099 2381 1142 errores
2409 1084 2715 1155 ebjieiendo
2756 1100 2863 1141 non
2894 1086 3054 1140 modo
3090 1095 3336 1141 sanctum
3361 1084 3645 1142 doctorem
3673 1098 3770 1139 su-

2165 1190 2407 1249 spectum
2424 1178 2657 1248 judicent
2680 1178 2971 1248 publicant,
2984 1178 3081 1234 sed
3097 1178 3259 1235 veluti
3274 1192 3426 1234 reum
3446 1177 3765 1246 traducunt,

2164 1280 2224 1328 ut
2236 1271 2492 1342 longioris
2522 1271 2745 1343 hujusce
2765 1271 3099 1329 defensionis
3135 1272 3485 1329 instituendas
3514 1270 3768 1328 necessi-

2166 1374 2332 1424 tatem
2359 1368 2514 1424 nobis
2553 1369 2861 1437 impositam
2889 1380 3050 1424 nemo
3077 1367 3372 1438 negaverit.
3396 1367 3463 1423 Et
3491 1367 3598 1423 hoc
3628 1364 3767 1438 quid

2169 1462 2313 1517 aliud
2365 1470 2449 1517 est
2492 1477 2653 1533 quam
2682 1462 3039 1534 Augustinum
3068 1477 3138 1519 ex
3187 1462 3444 1519 cathedra
3472 1462 3529 1518 in
3556 1477 3667 1534 qua
3698 1462 3768 1518 ab

2175 1555 2474 1627 apostolica
2498 1554 2627 1613 sede
2648 1558 2857 1628 positus
2879 1555 3001 1623 fuit,
3025 1565 3187 1627 atque
3205 1570 3272 1612 ex
3295 1555 3485 1612 eadem
3506 1555 3767 1612 caelestes

2170 1652 2446 1709 doctrinas
2496 1651 2828 1720 edisserens,
2857 1650 3137 1724 hucusque
3184 1665 3392 1707 summa
3442 1650 3708 1721 religione
3734 1664 3767 1705 a

2168 1744 2453 1801 catholicis
2476 1752 2733 1815 tanquam
2762 1743 3055 1801 orthodoxi
3080 1744 3348 1817 dogmatis
3372 1743 3628 1815 magister
3654 1756 3761 1797 au-

459 1834 543 1891 bri
589 1850 688 1892 Vill
727 1835 1014 1908 Augustini
1068 1834 1367 1905 vindicati,
1414 1834 1557 1906 quod
1616 1836 1877 1893 volumen
1919 1836 2061 1907 apud
2090 1842 2140 1905 Β
2167 1838 2310 1894 ditus
2365 1838 2493 1904 iuit,
2546 1838 2814 1897 violenter
2850 1837 3181 1896 extrahere?
3234 1835 3280 1893 0
3326 1836 3548 1908 superi!
3602 1835 3766 1891 mites

459 1943 549 1985 me
574 1937 680 1985 εει.

533 2021 652 2078 Νοιι
700 2036 922 2093 possum
968 2022 1057 2078 hic
1104 2036 1213 2077 non
1258 2021 1523 2094 indignari
1558 2023 1792 2091 Annato,
1825 2025 1915 2095 qui
1954 2025 2063 2081 illis

465 2120 523 2176 in
580 2118 1034 2191 disputationibus
1058 2119 1125 2176 de
1173 2118 1412 2189 auxiliis,
1447 2135 1556 2175 non
1584 2132 1741 2176 suum
1786 2120 2058 2188 Molinam,

462 2211 562 2271 sed
588 2221 833 2269 nostrum
857 2214 1217 2286 Augustinum
1241 2214 1293 2267 in
1318 2226 1556 2269 examen
1589 2222 1835 2270 vocatum
1880 2215 2061 2283 tingit;

462 2322 591 2363 nam
622 2322 714 2364 cas
755 2308 1041 2364 sessiones.
1073 2306 1286 2363 habitas
1317 2308 1504 2364 scribit
1530 2326 1543 2363 :
1580 2327 1599 2360 ι
1632 2307 1699 2365 Ut
1731 2309 2061 2382 (Augustini)

463 2400 729 2457 sententia
782 2399 1220 2474 investigaretur,
1247 2415 1444 2471 nempe
1479 2410 1536 2457 ut
1574 2403 1902 2458 retineretur
1921 2403 2064 2475 quod

464 2497 807 2569 perspicuum
840 2506 984 2555 esset
1016 2497 1172 2554 illum
1220 2498 1481 2563 voluisse,
1531 2513 1640 2553 non
1682 2508 1861 2554 autem
1913 2497 2065 2568 quid—

464 2588 596 2661 quid
635 2598 909 2646 constaret
944 2605 1068 2646 eum
1090 2588 1317 2647 dixisse.
1343 2609 1362 2643 ›
1400 2591 1516 2661 Qua
1547 2606 1678 2648 sane
1701 2591 1910 2648 ratione
1940 2606 2061 2647 san-

464 2693 586 2739 ctus
612 2682 824 2753 doctor,
856 2697 1017 2755 quem
1040 2683 1335 2756 apostolica
1369 2684 1530 2741 sedes
1568 2699 1744 2741 causa:
1769 2684 1820 2740 id
1853 2695 2063 2755 tempo—

468 2776 545 2833 ris
587 2777 803 2847 agitatze
846 2776 1081 2849 judicem
1132 2779 1525 2851 pronuntiavit,
1560 2780 1671 2835 suis
1701 2794 1733 2836 e
1762 2781 1914 2836 libris
1944 2796 2065 2835 sen-

470 2873 693 2929 tentiam
718 2870 1011 2942 dicturum,
1033 2873 1103 2929 ab
1132 2876 1345 2929 Annato
1374 2874 1610 2930 examini
1635 2882 1764 2929 tunc
1786 2873 2065 2945 subjectus

475 2963 643 3023 fuisse
669 2965 886 3034 dicitur,
917 2966 1021 3024 hac
1055 2966 1122 3022 de
1162 2966 1352 3023 eodem
1396 2968 1662 3024 sententia
1694 2969 2065 3039 pronuntiata,

2163 1946 2443 1987 animos...

2238 2027 2344 2082 Sed
2372 2027 2503 2097 quid
2553 2025 2621 2082 de
2678 2026 3053 2083 recentissimo
3099 2022 3391 2082 Alexandri
3426 2021 3520 2079 Vll
3562 2021 3763 2092 elogio,

2165 2136 2271 2191 quo
2302 2120 2648 2177 decessorum
2679 2118 2921 2190 vestigiis
2949 2118 3245 2184 inbuens,
3266 2117 3444 2174 sancti
3469 2112 3761 2186 Augustini

2166 2216 2472 2271 doctrinam
2502 2215 2863 2281 consecravit,
2917 2213 3249 2269 recentiores
3275 2211 3574 2278 biatercnt,
3600 2223 3766 2280 expo-

2166 2311 2401 2364 nendum
2426 2319 2532 2364 est.
2564 2308 2698 2363 Cum
2748 2317 2898 2377 pater
2926 2306 3266 2362 Christianus
3295 2305 3479 2373 Lupus
3506 2302 3766 2373 Augusti-

2168 2403 2377 2467 nianus,
2412 2401 2635 2471 insignis
2676 2401 2866 2456 doctor
2894 2398 3267 2465 Lovaniensis,
3321 2396 3491 2454 Roma
3538 2396 3596 2450 in
3656 2394 3769 2450 Bei-

2166 2494 2313 2565 gium
2343 2493 2679 2563 proiecturus
2709 2501 2873 2561 esset,
2926 2492 3234 2548 Alexander
3258 2489 3511 2546 laudatus
3562 2488 3768 2544 litteras

2165 2588 2343 2644 eidem
2368 2586 2435 2641 ad
2458 2601 2670 2641 sacram
2699 2586 3061 2655 theologicam
3091 2583 3515 2639 Losaniensium
3544 2582 3769 2637 faculta-

2164 2691 2277 2736 tem
2304 2680 2625 2737 deferendas
2651 2679 2891 2735 tradidit.
2923 2679 3094 2736 Porro
3134 2677 3337 2735 ibidem
3360 2685 3661 2748 paternum
3683 2688 3767 2732 er-

2164 2788 2235 2844 ga
2259 2773 2398 2829 bene
2425 2773 2649 2829 meritos
2672 2774 2810 2828 ﬁlios
2830 2787 3068 2828 amorem
3093 2780 3343 2839 testatur,
3373 2770 3443 2825 ad
3465 2770 3649 2825 sancti
3673 2770 3771 2823 Ao-

2166 2866 2367 2937 gustini
2396 2868 2625 2937 ejusque
2656 2864 2908 2936 discipuli
2937 2864 3109 2921 sancti
3154 2862 3379 2920 “omne
3430 2863 3762 2928 doctrinam,

2169 2971 2229 3016 nt
2254 2976 2323 3017 eo
2350 2975 2521 3030 usque
2550 2974 2761 3015 summa
2790 2975 2911 3016 cum
2950 2958 3108 3015 laude
3138 2958 3401 3024 fecerant,
3430 2972 3585 3014 novo
3641 2956 3771 3011 utri-
3807 2986 3812 2990 -

469 3069 527 3114 ut
555 3059 861 3113 retineretur
908 3059 1047 3130 quod
1086 3060 1415 3130 perspicuum
1462 3069 1591 3115 esset
1635 3058 1781 3115 illum
1824 3059 2064 3130 coluisse,
2168 3070 2275 3125 que
2296 3064 2483 3110 sancto
2503 3054 2717 3111 doctori
2760 3054 2939 3125 elogio
2965 3054 3231 3123 inscripto
3262 3052 3558 3109 tenendam
3590 3050 3772 3108 deten-

467 3164 573 3207 non
599 3162 772 3207 autem
817 3152 1069 3223 quidquid
1110 3163 1363 3207 constaret
1411 3170 1527 3206 eum
1570 3154 1779 3209 dixisse.
1813 3154 1986 3221 Quod,
2012 3163 2067 3207 ut
2130 3208 2131 3211 η
2168 3146 2515 3219 dendamqne
2540 3148 2820 3204 animavit.
2858 3168 2878 3202 ‹
2914 3148 2993 3204 De
3046 3148 3278 3219 reliquo,
3324 3147 3612 3219 inquiens,
3671 3162 3773 3203 non

471 3242 672 3299 ibidem
694 3245 787 3310 ait,
816 3244 1104 3315 aliquando
1134 3244 1463 3315 Augustinus
1496 3259 1594 3315 per
1615 3259 1895 3302 excessum
1925 3248 2068 3301 locu-
2098 3236 2145 3301 C
2172 3244 2481 3298 dubitamus
2532 3258 2628 3300 vos
2680 3258 2778 3314 pro
2807 3243 3067 3315 singulari
3122 3244 3391 3312 scientiae,
3448 3242 3773 3314 pietatisque

473 3346 561 3394 tus
587 3346 691 3408 est,
714 3337 806 3408 qui
836 3338 1057 3409 quidem
1089 3352 1343 3395 excessus
1376 3340 1431 3394 in
1478 3338 1585 3395 illis
1613 3340 2068 3410 disputationibus
2172 3335 2349 3392 studio
2380 3351 2563 3390 sanam
2596 3346 2651 3391 BI
2682 3338 3072 3406 incorruptam.
3101 3336 3319 3405 qualem
3347 3346 3429 3393 ιοι
3458 3337 3771 3408 εροςίοιίαε

472 3446 537 3485 ne
565 3431 866 3487 retineretur
908 3430 1171 3487 Clementi
1204 3430 1325 3486 Vill
1368 3431 1633 3487 sententia
1679 3432 1799 3487 fuit.
1832 3431 1948 3488 lloc
1976 3447 2070 3487 au-
2166 3429 2315 3485 sedis
2342 3429 2759 3496 declarationes,
2782 3438 2839 3487 et
2859 3434 3171 3487 sanctorum
3200 3430 3421 3487 Patrum
3452 3430 3772 3488 traditiones

474 3534 585 3581 tem
634 3523 765 3596 quid
818 3524 964 3580 aliud
1023 3535 1108 3582 est
1160 3540 1321 3595 quam
1374 3526 1730 3596 Augustinum
1776 3542 1841 3581 ex
1887 3526 2070 3596 judice
2170 3522 2473 3592 requirunt,
2498 3521 2801 3578 doctrinam
2827 3538 3045 3593 semper
3071 3523 3399 3595 amplexuri,
3434 3534 3495 3582 et
3518 3526 3772 3583 adversus

472 3632 628 3673 reum
658 3616 872 3674 facere?
899 3616 1084 3689 Neque
1134 3631 1290 3674 secus
1338 3619 1540 3675 sentire
1568 3621 1835 3675 Annatum
1863 3619 2068 3689 judico,
2170 3617 2490 3671 orthodoxae
2518 3616 2795 3687 religionis
2836 3617 3024 3675 hostes
3050 3617 3329 3676 defensuri
3359 3619 3505 3691 sitis,
3540 3636 3646 3677 nec
3673 3636 3771 3677 non

473 3714 671 3770 clamat
695 3714 840 3769 enim
883 3714 936 3770 in
987 3714 1094 3772 line
1121 3728 1241 3786 cap.
1275 3714 1331 3782 2,
1373 3731 1497 3789 pag.
1525 3716 1668 3772 804:
1708 3735 1727 3769 ι
1754 3717 2070 3789 Sepelienda

2174 3708 2722 3779 praeclarissimorum
2756 3710 3017 3767 Ecclesia:
3073 3710 3356 3768 doctorum
3390 3713 3683 3784 Augusrini
3724 3722 3771 3769 et

471 3807 796 3865 scholastica
839 3818 942 3876 est,
976 3818 1031 3864 ut
1079 3825 1219 3865 unus
1252 3821 1441 3881 regnet
1485 3814 1836 3883 Augusninus,
1867 3830 1932 3868 an
1964 3820 2071 3869 Au-

474 3900 727 3973 gustinus
757 3901 1015 3974 legendus
1054 3902 1121 3958 ad
1155 3903 1331 3961 lucem
1372 3905 1735 3973 scholasticae,
1770 3916 1824 3963 et
1852 3910 1917 3963 ad
1956 3910 2073 3980 ejus

477 3993 739 4049 antussim
781 3992 1155 4066 exigendus?»
1188 3993 1450 4052 Neutrum
1500 3996 1658 4053 nobis
1697 3997 1753 4053 in
1784 4000 1922 4055 votis
1966 4008 2070 4068 est,

476 4085 574 4144 sed
626 4088 810 4159 vigere
864 4089 1247 4147 scholasticam
1286 4102 1560 4163 optamus,
1594 4110 1822 4165 eamque
1869 4096 1935 4152 ad
1967 4097 2075 4152 Au-

439 4167 445 4175 ’
477 4180 679 4251 gustini
704 4184 962 4238 amussim
994 4184 1162 4255 exigi,
1195 4196 1248 4241 et
1296 4200 1404 4242 non
1431 4202 1461 4241 e
1485 4196 1691 4255 contra,
1718 4197 1776 4243 ut
1799 4189 1915 4259 ipse
1952 4205 2071 4245 con-

480 4271 678 4328 tendis.
718 4273 1007 4344 PerSpicua
1048 4288 1133 4333 est
1173 4276 1467 4336 Clementis
1506 4281 1797 4349 sententia,
1830 4297 1887 4337 se
1937 4284 2075 4340 velle

482 4365 702 4434 exigere
729 4366 854 4422 lites
894 4369 1335 4427 scholasticorum
1369 4372 1437 4428 de
1483 4372 1703 4429 auxiliis
1736 4390 1801 4432 an
1858 4391 2075 4432 nonum

480 4472 759 4516 possmus;
790 4473 977 4517 SANCTI
1012 4460 1331 4531 Aucusrnu,
1366 4464 1560 4535 quibus
1585 4481 1743 4537 quam
1777 4466 1919 4524 belle
1948 4484 2077 4524 con-

481 4565 646 4609 sonas
677 4568 835 4609 nemo
876 4568 981 4611 non
1007 4554 1174 4624 videt,
1199 4555 1326 4611 dum
1357 4556 1641 4628 Augustini
1672 4559 1970 4618 doctrinam
2007 4564 2072 4618 ad

2168 3801 2395 3857 Thoma:
2429 3802 2713 3873 Aquinatis
2743 3806 3063 3859 inconcussa
3121 3804 3503 3876 tutissimaque
3528 3806 3770 3877 dogmata

2174 3896 2331 3966 sequi
2370 3910 2606 3965 semper,
2640 3905 2699 3951 ut
2721 3897 2986 3963 asseritis,
3009 3912 3071 3951 ac
3099 3897 3343 3967 impense
3372 3899 3619 3956 revereri
3652 3900 3770 3957 veli-

2176 3996 2267 4048 tis.
2300 3994 2541 4060 Quorum
2580 3992 2825 4064 proiecto
2849 3992 3313 4049 sanctissimorum
3332 3996 3583 4049 virorum
3614 4010 3766 4066 penes

2176 4088 2471 4144 catholicos
2501 4088 2781 4143 universos
2812 4085 3047 4159 ingentia
3101 4095 3156 4143 et
3182 4102 3399 4143 omnem
3424 4088 3643 4144 laudem
3682 4104 3765 4144 su-

2176 4196 2459 4253 pergressa
2487 4182 2705 4237 nomina
2734 4180 2867 4236 novi
2890 4181 3146 4251 praeconii
3173 4180 3653 4238 commendatione
3669 4197 3765 4237 non

2177 4284 2358 4348 egent,
2392 4285 2497 4330 etc.
2526 4274 2719 4330 Datum
2752 4275 2936 4329 Romae
2966 4273 3107 4347 apud
3133 4274 3388 4332 Sanctam
3414 4273 3644 4333 Mariam
3670 4275 3765 4331 Ma-

2173 4370 2349 4442 juretn
2380 4372 2480 4425 sub
2527 4369 2727 4426 annulo
2756 4370 3071 4439 Piscatoris,
3122 4369 3210 4427 die
3250 4370 3280 4423 7
3337 4372 3574 4442 Augusti
3602 4370 3765 4437 1600;

2178 4462 2520 4534 pontiﬁcatus
2544 4463 2718 4519 nostri
2750 4479 2894 4519 anno
2920 4466 2971 4518 7.
3015 4482 3034 4517 ι
3064 4462 3341 4521 Profectus
3367 4465 3548 4521 Roma
3578 4468 3766 4536 Lupus,

2180 4574 2245 4613 ac
2292 4558 2516 4613 Pisauro
2560 4559 2854 4624 transiens,
2916 4558 3004 4615 ubi
3057 4559 3199 4631 apud
3249 4568 3527 4617 nostrates
3578 4560 3767 4618 schoiz

482 4644 928 4703 scholasticorum
984 4649 1233 4703 amussim
1289 4649 1470 4721 exigis.
1526 4648 1772 4708 Profecto
1825 4654 2074 4725 Magister
2100 4637 2156 4700 D
2181 4651 2499 4724 theologica:
2518 4652 2569 4705 id
2604 4652 2864 4721 temporis
2893 4652 3206 4723 prasiectum
3235 4654 3487 4724 agebam,
3521 4662 3765 4727 quantum

480 4740 901 4811 Sententiarum,
956 4743 1044 4815 qui
1082 4745 1290 4814 primus
1336 4744 1718 4801 scholasticam
1770 4749 1821 4802 in
1866 4755 2075 4806 metho-

481 4833 611 4892 dttm
663 4836 907 4904 deduxit,
940 4852 1009 4894 ex
1058 4837 1277 4893 Patrum
1327 4853 1391 4894 ac
1441 4838 1727 4910 AuguStini
1773 4845 2073 4913 praesertim

478 4927 766 4986 sententiis
817 4930 964 4987 illam
1009 4930 1297 4997 conﬂavit;
1342 4930 1483 4987 unde
1513 4932 1755 4988 Ecclesia
1803 4934 1915 5005 ipsa
1968 4936 2074 4993 llo-

480 5037 637 5079 mana
670 5022 813 5080 inter
840 5037 1061 5094 precum
1108 5023 1308 5091 cilicia,
1338 5038 1457 5094 quae
1483 5023 1768 5096 Augustini
1820 5027 1905 5083 dic
1939 5028 2075 5085 festa

483 5116 760 5185 persolvit,
793 5116 868 5174 ait
907 5117 978 5173 de
1029 5116 1221 5173 eodem
1256 5133 1270 5170 :
1308 5135 1327 5168 ι
1357 5116 1527 5186 Quem
1572 5117 1625 5173 in
1670 5122 1858 5192 primis
1906 5122 2077 5178 secuti
2112 5140 2122 5155 ο

484 5217 630 5274 sunt,
665 5211 754 5280 qui
804 5219 989 5277 postea
1028 5208 1386 5281 theologicam
1417 5208 1758 5281 disciplinam
1805 5212 1887 5267 via
1914 5222 1967 5268 et
1994 5230 2078 5269 ra.

486 5301 633 5356 tione
684 5302 1079 5359 tradiderunt.»
1142 5302 1312 5376 Igitur
1355 5302 1663 5361 scholastici
1714 5306 1778 5361 ad
1826 5307 2082 5379 Augusti-

485 5393 662 5447 nianaa
717 5392 979 5451 doctrinae
1016 5397 1275 5452 amussim
1326 5410 1454 5455 suas
1500 5398 1741 5470 ipsorum
1784 5404 2080 5459 sententias
2135 5388 2138 5390 ⁷

487 5494 803 5556 exegerunt,
828 5502 1003 5556 neque
1033 5489 1308 5547 veteribus
1352 5490 1459 5548 illis
1487 5492 1727 5563 ejusdem
1777 5493 2078 5565 disciplinae

488 5578 620 5634 viris
645 5578 976 5649 principibus
1002 5581 1226 5638 verbum
1271 5582 1441 5639 ullum
1482 5594 1670 5640 contra
1718 5586 2079 5658 Augustinum
2132 5584 2135 5585 ⁷

490 5669 714 5728 excidit.
739 5671 909 5729 Secus
930 5675 1328 5734 recentioribus
1356 5678 1531 5735 visum
1559 5688 1663 5749 est,
1692 5694 1921 5751 quorum
1943 5697 2082 5738 unus

489 5762 759 5822 Moraines
793 5764 850 5822 in
879 5768 1194 5838 praefatione
1230 5770 1317 5826 sui
1348 5770 1746 5828 Anti—Jansenii
1791 5774 1899 5829 ait:
1937 5793 1954 5826 ι
1977 5775 2081 5845 Qui

496 5855 644 5929 prius
663 5856 1015 5931 Augustinum
1046 5861 1101 5921 in
1129 5861 1380 5921 omnibus
1406 5864 1774 5936 deposcehant
1823 5867 2078 5936 iudicem,

2181 4759 2361 4799 secum
2392 4745 2443 4797 in
2475 4743 2720 4813 Belgium
2777 4744 3089 4799 thesaurum
3123 4744 3288 4801 ferret
3333 4746 3469 4801 mihi
3504 4746 3764 4818 signiﬁca-

2182 4838 2290 4905 vit;
2316 4837 2406 4894 ubi
2440 4853 2569 4894 vero
2598 4838 2895 4895 Lovanium
2927 4839 3093 4904 venit,
3126 4854 3190 4894 ac
3232 4839 3543 4909 pontiﬁeias
3576 4840 3767 4896 litteras

2180 4932 2552 5002 theologorum
2586 4933 2797 4988 senatui
2839 4933 3080 5000 tradidit,
3100 4937 3295 4989 mirum
3324 4945 3410 4990 est
3439 4944 3646 5005 quanta
3667 4946 3767 4989 cas-

2183 5022 2305 5077 dem
2336 5021 2520 5078 laetitia
2545 5024 2781 5079 universi
2835 5034 2889 5080 et
2919 5023 3117 5095 singuli
3149 5026 3482 5095 exceperint.
3514 5026 3763 5083 Indicium

2184 5113 2547 5185 theologicam
2598 5116 2883 5183 iustitium
2919 5158 2934 5183 ,
3016 5115 3290 5186 publicum
3356 5118 3411 5172 in
3483 5120 3765 5191 gratiarum

2183 5211 2450 5267 actionem
2473 5225 2684 5267 sacrum
2714 5210 3043 5277 intimatum,
3066 5226 3132 5267 ac
3160 5223 3259 5282 pro
3286 5212 3666 5272 incolumitate
3688 5213 3769 5268 bc-

2185 5303 2591 5361 nclicentissimi
2622 5304 2887 5375 pontiﬁcis
2937 5307 3197 5375 imperata
3226 5303 3579 5374 supplicatio.
3615 5301 3768 5361 Edicti

2186 5414 2215 5454 a
2238 5399 2445 5458 decano
2488 5399 2856 5457 universitatis
2886 5400 3147 5471 publicati
3170 5409 3489 5472 excerptum
3514 5402 3763 5464 exi-ibeo;

2185 5494 2452 5564 integrum
2480 5494 2642 5550 donat
2666 5494 2732 5549 P.
2776 5494 2998 5552 Gabriel
3030 5510 3058 5550 a
3090 5495 3295 5553 Sancto
3318 5495 3615 5555 Vincentio
3655 5510 3763 5552 mox

2187 5586 2318 5643 mihi
2340 5586 2685 5643 laudandus:
2723 5606 2743 5642 i
2785 5588 2855 5645 Ut
2897 5588 3148 5646 intersint
3172 5588 3404 5647 solemni
3450 5593 3639 5647 missa:
3682 5604 3763 5660 per

2185 5680 2427 5735 eamdem
2453 5679 2761 5738 iacultatem
2785 5682 2985 5740 ibidem
3018 5683 3357 5741 celebrandae
3380 5698 3488 5754 pro
3541 5685 3755 5754 longaeva

2184 5775 2555 5834 incolumitate
2604 5791 2667 5833 ac
2722 5776 2865 5846 felici
2916 5778 3177 5849 regimine
3229 5777 3558 5835 sanctissimi
3602 5779 3662 5833 ἰ).
3697 5775 3750 5829 Ν.

2186 5869 2475 5929 Alexandri
2533 5870 2714 5930 divina
2747 5872 3085 5941 providentia
3112 5887 3264 5947 papa:
3296 5872 3407 5941 VII,
3441 5874 3534 5946 qui
3578 5880 3747 5939 praeter
