3962 6346
146 408 263 474 ἳοῦ

1335 406 1663 470 νιΝῡιοιΑῑ
1703 408 2261 472 ΑυαυετιΝιΑΝΑε.

3338 413 3444 478 θω

143 536 257 591 alia
290 544 529 607 paterna:
558 548 667 590 suae
689 544 817 605 erga
834 530 1078 589 eamdem
1109 528 1488 602 (academiam)
1512 530 1757 588 benevo-
1780 534 1837 597 Δ
1861 551 1985 594 cum
2007 534 2390 609 Augustiniana
2418 537 2619 595 familia
2649 536 3136 605 obsecrationibu,
3164 539 3318 610 queis
3374 540 3443 597 ad

141 627 333 684 lentiae
362 632 678 700 argumenta
703 626 1001 698 apostolico
1031 624 1299 696 rescripto
1328 623 1382 679 in
1431 623 1602 681 forma
1624 624 1749 681 bre-

141 721 233 777 vis
264 721 331 777 ad
362 721 603 792 ejusdem
636 732 825 792 preces
880 733 1000 775 eam
1054 717 1312 775 decorare
1359 715 1609 787 dignatus
1647 723 1751 785 est,

146 829 265 885 quo
296 814 672 870 sanctissimos
718 811 1077 885 Augustinum
1125 815 1178 866 et
1218 808 1481 865 Thomam
1514 807 1754 880 Aquina-

144 915 262 961 tem
293 905 495 961 scholm
526 903 799 961 facultatis
820 910 1077 976 patronos
1098 909 1152 959 et
1174 901 1486 974 magistros,
1515 901 1594 958 uti
1618 916 1755 973 prte-

141 1000 482 1057 clarissimos
513 996 773 1056 Ecclesiae
819 998 1105 1055 catholicm
1132 995 1385 1053 doctores
1405 994 1753 1068 depraadicat,

143 1109 449 1167 eorumque
470 1095 719 1167 dogmata
743 1098 994 1165 tanquam
1019 1092 1333 1149 inconcussa
1359 1090 1753 1163 tutissimaque,

144 1199 207 1246 et
236 1188 467 1261 proinde
498 1200 714 1259 semper
742 1186 1019 1259 sequenda
1079 1192 1134 1243 et
1163 1186 1409 1256 impense
1457 1182 1758 1243 reverenda

144 1280 519 1350 commendat,
568 1280 902 1353 subjungens
944 1294 1113 1353 penes
1141 1274 1445 1337 catholicos
1474 1280 1758 1338 universos

143 1377 392 1449 ingentia
423 1385 477 1431 et
499 1390 718 1431 omnem
760 1373 975 1430 laudem
1030 1385 1375 1445 supergressa
1398 1372 1616 1427 nomina
1666 1384 1759 1428 eo-

143 1469 401 1525 rumdem
427 1468 897 1524 sanctissimorum
947 1464 1073 1522 novi
1100 1464 1357 1537 praeconii
1406 1463 1758 1522 commenda-

147 1565 305 1622 tione
356 1579 462 1621 uon
504 1572 704 1636 egere,
756 1570 862 1618 etc.
920 1558 1110 1618 Datum
1166 1558 1199 1617 6
1245 1557 1576 1616 Novembris
1633 1560 1758 1615 anni

149 1656 323 1714 1660.
363 1677 384 1710 ι

232 1750 364 1808 Haec
398 1748 615 1822 quidem
646 1754 905 1821 quantum
937 1745 1137 1804 laetitiae
1170 1741 1559 1802 sincerissimis
1589 1741 1759 1800 sancti

148 1846 443 1918 Augustini
484 1842 766 1915 discipulis
794 1842 1090 1914 ingessero,
1123 1848 1332 1897 tantum
1362 1840 1631 1905 maeroris,
1654 1850 1762 1894 non

1854 631 1908 690 id
1936 632 2274 698 movebatur,
2315 632 2614 702 recensitis,
2652 633 2768 689 hzec
2822 632 3067 690 addidit:
3098 652 3118 688 ι
3151 632 3289 690 Tum
3315 650 3443 691 vero

1855 723 2215 796 (confidenter
2270 723 2525 795 dicimus)
2575 736 2773 782 nostra:
2804 740 2929 797 erga
2968 727 3032 783 Β.
3086 727 3446 798 Augustinum

1855 816 2257 872 sanctissimum
2289 817 2573 889 theologim
2629 820 2945 888 magistrum
2972 833 3003 875 a
3035 820 3334 891 majoribus
3364 836 3450 877 se-

1853 910 2091 965 cundum
2124 922 2341 965 carnem
2380 922 2478 980 per
2507 924 2699 967 manus
2724 911 2878 982 quasi
2914 913 3129 981 tradita,
3173 924 3229 971 et
3282 929 3449 985 pecu-

1858 1001 2007 1057 liaris
2026 1002 2094 1057 ab
2114 997 2485 1059 adolescentia
2511 1018 2636 1075 erga
2666 1004 2808 1061 hunc
2836 1005 2955 1077 ejus
2977 1005 3249 1063 alumnum
3281 1023 3449 1066 vene-

1856 1096 1997 1152 ratio
2024 1102 2207 1165 t,etc.
2249 1095 2375 1151 Hinc
2424 1096 2557 1152 tanti
2606 1099 2876 1167 pontilicis
2933 1097 3275 1157 haereditaria
3324 1116 3451 1173 erga

1858 1188 2239 1243 sanctissimum
2263 1184 2533 1259 theologia
2578 1188 2878 1261 magistrum
2932 1188 3150 1248 devotio
3202 1191 3455 1248 omnibus

1858 1287 1988 1335 nota
2018 1289 2158 1346 erat,
2190 1279 2333 1336 unde
2361 1281 2415 1335 in
2449 1279 2639 1336 eodem
2670 1293 2930 1338 consessu
2961 1281 3283 1341 Franciscus
3304 1285 3456 1341 Albi-

1860 1370 1988 1440 tius,
2020 1379 2431 1441 purpuratorum
2462 1372 2677 1428 Patrum
2720 1372 2906 1441 decus,
2942 1375 3159 1432 eximia:
3189 1378 3453 1434 eruditio-

1861 1464 1949 1521 nis
1968 1464 2221 1535 princeps
2266 1477 2329 1520 ac
2374 1473 2563 1522 nostro
2606 1468 2882 1537 praeconio
2908 1469 3102 1539 major,
3134 1470 3453 1527 sententiam

1861 1568 2085 1631 rogatus
2137 1558 2317 1615 dixit:
2351 1578 2373 1612 ι
2415 1558 2726 1618 Protractus
2774 1571 2882 1633 est,
2932 1562 3243 1619 beatissime
3273 1562 3453 1631 Pater,

1860 1664 1971 1709 non
2002 1653 2120 1710 sine
2149 1651 2384 1724 Spiritus
2408 1655 2583 1710 sancti
2626 1655 2882 1713 instinctu
2932 1659 3010 1713 rei
3055 1657 3243 1715 ardua:
3295 1668 3459 1730 atque

1859 1743 2201 1802 difﬁcillimae
2222 1744 2418 1813 exitus,
2451 1756 2510 1802 ut
2529 1748 2868 1805 annctilate
2896 1762 3095 1818 vestra,
3125 1767 3246 1823 qua:
3274 1761 3458 1822 patrn-

1864 1854 1993 1895 num
2041 1848 2098 1897 et
2153 1849 2515 1911 protectorem
2564 1842 2807 1913 agnoscit
2863 1843 3241 1916 Augustinum,
3290 1845 3458 1902 Filius

149 1939 306 1994 enim
341 1934 515 1994 dicam
564 1936 783 2003 invidis,
826 1933 923 1992 sed
981 1930 1188 2005 pridem
1220 1946 1348 2006 erga
1400 1932 1757 2004 Augustinum
1788 1932 2146 2005 BAugustini
2189 1935 2245 1990 in
2293 1944 2601 1992 sanctorum
2658 1953 2883 1995 numero
2930 1940 3247 1996 collocetur.
3292 1959 3311 1994 ι
3344 1939 3458 2012 Ego

154 2043 267 2084 non
296 2037 407 2084 tam
437 2028 579 2084 bene
633 2026 884 2083 animatis
912 2026 1231 2083 intulerunt.
1267 2024 1486 2085 Etenim
1517 2024 1760 2082 nonnulli

151 2117 211 2175 in
247 2118 485 2175 furorem
510 2115 673 2174 veluti
701 2117 804 2173 acti
836 2118 889 2173 in
944 2116 1140 2187 impias
1173 2117 1338 2173 hasce
1370 2128 1530 2174 voces
1562 2130 1760 2188 erupe-

152 2229 243 2283 re,
276 2213 545 2268 laudatum
577 2210 721 2269 breve
767 2228 856 2283 per
910 2210 1217 2266 diabolicam
1260 2208 1555 2265 machinam
1602 2207 1762 2281 fuisse

151 2306 511 2378 impetratum.
558 2304 764 2361 Horum
816 2305 967 2360 testis
1023 2312 1105 2360 est
1138 2301 1369 2375 ipsemet
1421 2301 1762 2358 Christianus

151 2397 347 2470 Lupus
385 2400 440 2455 in
472 2396 700 2469 epistola
731 2395 1065 2469 apologetica
1091 2394 1161 2451 de
1192 2394 1484 2451 Attritione
1526 2401 1582 2450 et
1634 2406 1762 2449 con-

153 2490 401 2557 tritione,
435 2504 553 2563 cap.
580 2490 636 2559 5,
660 2486 728 2546 ad
758 2498 992 2546 accusat.
1024 2487 1112 2557 ll,
1144 2502 1266 2560 pag.
1291 2486 1382 2550 49,
1402 2501 1563 2559 quam
1589 2484 1764 2542 Leva-

151 2584 235 2638 nii
266 2583 442 2639 edidit
462 2597 605 2639 anno
634 2580 793 2649 1667,
843 2581 1108 2653 mihique,
1140 2582 1216 2637 uti
1249 2590 1332 2637 est
1358 2582 1464 2636 mei
1505 2584 1764 2637 amantis-

148 2675 356 2743 simus,
379 2674 602 2732 honoris
623 2676 792 2748 gratia
814 2676 1167 2744 nuncupavit.
1190 2673 1418 2729 Cuinam
1443 2688 1604 2729 voces
1626 2674 1763 2730 adeo

151 2766 875 2839 iuverecundaeexciderint,
892 2765 1139 2840 designat
1150 2765 1463 2823 Vincentius
1476 2766 1760 2836 Baronius,

152 2871 305 2931 part.
352 2874 407 2917 tv
448 2876 665 2919 suorum
696 2862 1096 2933 opusculorum,
1123 2860 1282 2927 lib.t,
1312 2859 1532 2927 sect.2,
1574 2871 1677 2915 art.
1703 2860 1760 2925 5,

154 2950 191 3025 ᾗ
226 2952 283 3008 1.
318 2953 469 3011 Alter
495 2968 628 3011 vero
656 2955 931 3011 recentior
950 2954 1018 3010 de
1048 2954 1263 3011 laudato
1293 2952 1585 3010 Alexandri
1644 2952 1761 3009 elo-

150 3045 256 3116 gio
281 3044 474 3103 scribit
504 3060 774 3102 summum
799 3045 1110 3117 pontificem
1140 3060 1405 3117 nunquam
1448 3044 1597 3101 breue
1620 3044 1760 3100 illud

159 3140 432 3211 privatum
458 3140 666 3197 vidisse.
698 3139 757 3196 ld
788 3147 963 3196 autem
995 3147 1227 3196 testatur
1251 3153 1312 3195 se
1344 3152 1378 3194 a
1398 3140 1521 3196 viro
1554 3140 1638 3197 sui
1668 3154 1762 3197 so-

155 3230 339 3289 dalitii
361 3235 659 3304 accepisse,
692 3242 745 3289 et
767 3247 876 3305 quo
906 3234 1165 3304 majorem
1201 3232 1350 3290 dicte
1373 3232 1537 3289 ﬁdem
1580 3233 1758 3300 iaciat,

1857 2025 2079 2098 quidem
2102 2026 2347 2098 pluribus
2396 2027 2543 2083 illius
2588 2030 2910 2087 recentioris
2959 2030 3104 2087 dicta
3145 2032 3459 2089 confutave-

1862 2128 2005 2189 ram,
2029 2136 2151 2193 qua
2179 2130 2360 2179 tamen
2394 2123 2570 2193 magni
2603 2124 2702 2178 viri
2727 2124 2957 2195 imperio
2997 2126 3180 2195 jussus
3232 2126 3457 2194 omitto;

1864 2216 2003 2271 adeo
2028 2217 2174 2272 enim
2198 2217 2431 2273 absurda
2459 2225 2606 2283 sunt,
2641 2226 2699 2273 ut
2734 2217 2907 2274 satius
2928 2218 3001 2275 sit
3025 2219 3215 2276 eadem
3240 2220 3460 2278 silentio

1867 2309 2165 2380 obducere,
2192 2325 2351 2382 quam
2378 2311 2658 2382 prolixiori
2716 2311 3123 2384 impugnatione
3148 2313 3306 2372 latius
3358 2314 3461 2371 dif-

1864 2402 2091 2460 fumare.

2467 2516 2701 2576 CAPUT
2731 2517 2844 2576 VII.

1864 2647 2258 2725 Augustiniuna:
2300 2648 2550 2725 doctrinm
2573 2658 2781 2725 _cantra
2832 2649 3143 2725 Pelagianos
3160 2670 3258 2725 per
3285 2654 3460 2711 sedem

1938 2720 2278 2796 apostolicam
2307 2721 2623 2796 approbatio
2648 2740 2680 2778 a
2699 2720 3038 2779 recentiorum
3085 2720 3257 2796 prauis
3303 2729 3461 2783 inter-

1936 2792 2265 2862 pretamentis
2284 2792 2593 2861 defenditur.

1939 2928 2231 3000 [lucusque
2263 2928 2525 2985 nobiliora
2538 2928 2900 2988 Romanorum
2916 2933 3206 3003 prtesulum
3221 2936 3462 2992 testimo-

1866 3022 1955 3077 nia
1968 3022 2033 3076 de
2045 3021 2452 3094 Augustinianae
2464 3022 2722 3079 doctrinae
2738 3033 2928 3081 contra
2945 3024 3261 3099 Pelagianos
3284 3029 3463 3085 excel-

1865 3115 2032 3173 lentia
2044 3132 2075 3173 a
2088 3116 2321 3174 sinistris
2334 3118 2699 3184 recentiorum
2712 3118 3145 3189 oppositionibus
3160 3121 3459 3178 vindicavi—

1865 3226 2011 3279 mus,
2048 3210 2252 3281 singula
2306 3212 2621 3280 pontiﬁcum
2669 3211 2841 3283 elogia
2902 3213 3205 3284 Augustino
3257 3215 3463 3286 integra

154 3328 243 3383 ait
268 3346 281 3381 :
316 3327 530 3384 Sincere
557 3328 785 3401 afﬁrmo,
818 3343 883 3383 se
904 3336 1082 3386 sancte
1094 3330 1239 3400 jura.
1264 3329 1419 3384 llunc
1445 3328 1607 3384 etiam
1633 3328 1763 3384 scri-

1874 3312 2180 3362 astruentes
2209 3322 2223 3358 :
2256 3304 2419 3361 modo
2476 3304 2605 3377 quid
2636 3304 2883 3363 homines
2934 3305 3011 3360 illi
3045 3306 3331 3378 Augustini
3360 3324 3460 3379 ap-

154 3429 377 3491 ptorem
399 3423 679 3479 nominare
704 3423 853 3490 nolo,
885 3423 1033 3495 quod
1062 3437 1317 3495 magnum
1348 3430 1636 3493 patronum
1667 3422 1764 3477 ba-

155 3512 313 3581 beat,
342 3514 499 3585 cujus
529 3515 646 3585 ipse
665 3514 829 3572 etiam
860 3515 1160 3588 patrocinio
1180 3516 1365 3581 laetor;
1399 3515 1552 3572 illum
1578 3524 1762 3572 tamet)

154 3607 415 3678 pluribus
430 3609 768 3681 impugnavit
789 3610 872 3666 vir
893 3610 1236 3667 doctissimus
1250 3609 1315 3665 P.
1336 3607 1555 3667 Gabriel
1574 3624 1606 3665 a
1629 3608 1767 3666 San-

150 3713 257 3759 cto
283 3701 568 3762 Vincentio
591 3706 645 3760 in
676 3704 810 3760 libro
850 3705 921 3762 de
950 3704 1223 3762 Remediis
1253 3703 1592 3776 ignorantite,
1622 3702 1763 3775 disp.

159 3794 264 3865 14,
297 3795 464 3852 dubio
492 3796 550 3865 9,
572 3812 724 3853 num.
751 3796 875 3864 149,
908 3799 1157 3869 inquiens
1185 3813 1202 3854 :
1242 3818 1261 3851 ι
1293 3797 1603 3854 Cardinalis
1626 3798 1767 3855 Ner—

155 3890 273 3947 lius
300 3900 431 3948 tunc
460 3893 717 3963 temporis
763 3892 1088 3949 secretarius
1117 3892 1361 3948 brevium
1394 3890 1526 3947 dixit
1550 3890 1765 3946 cuidam

155 3986 285 4041 viro
307 3986 623 4057 gravissimo
654 3986 795 4057 quod
823 3989 928 4043 hoc
955 3987 1117 4045 breve
1174 3988 1291 4056 ipse
1338 3984 1645 4057 composuit
1700 4002 1767 4043 ex

155 4078 554 4136 commissione
582 4080 714 4137 dicti
741 4079 1036 4136 Alexandri
1087 4078 1199 4145 Vll,
1228 4087 1287 4136 et
1336 4078 1478 4150 quod
1522 4078 1766 4149 pontifex

164 4170 307 4225 illud
341 4178 547 4227 attente
567 4172 719 4243 legit,
745 4181 799 4229 et
823 4172 1055 4243 sigillum
1086 4171 1237 4228 dedit
1252 4178 1315 4226 ut
1342 4184 1408 4226 eo
1446 4170 1766 4242 signaretur,

160 4273 221 4321 et
255 4263 325 4319 ad
354 4263 555 4320 dictam
578 4265 995 4322 Universitatem
1024 4265 1419 4323 Luvaniensem
1440 4264 1764 4321 mitteretur.

156 4352 237 4406 Et
268 4354 373 4410 iste
405 4354 487 4408 vir
518 4354 868 4424 gravissimus
917 4356 999 4411 sic
1027 4363 1172 4411 tacto
1203 4365 1422 4425 pectore
1451 4353 1769 4411 testiﬁcatus

158 4454 273 4502 est.
315 4465 335 4498 ι
370 4444 503 4502 Haec
527 4447 743 4517 quidem
769 4448 829 4505 P.
850 4447 1073 4505 Gabriel
1102 4447 1300 4504 litteris
1323 4446 1682 4519 consignavit,
1705 4457 1771 4502 ac

160 4540 334 4610 paulo
367 4548 487 4610 post
512 4556 542 4597 e
573 4541 681 4597 vita
698 4542 952 4599 discessit
994 4552 1208 4599 summo
1236 4541 1319 4598 sui
1364 4540 1641 4598 desiderio
1680 4553 1770 4595 re-

158 4632 321 4703 licto,
350 4642 476 4690 erat
499 4634 644 4689 enim
673 4629 1003 4691 Carmelitici
1061 4633 1337 4705 rigidieris
1362 4632 1663 4703 disciplina
1690 4633 1771 4688 ἰηι-

1872 3399 2172 3471 probationi
2202 3415 2299 3471 per
2324 3400 2620 3457 Ecclesiam
2650 3399 2943 3458 universim
2969 3398 3248 3470 objiciant,
3274 3401 3465 3457 viden-

1867 3492 1998 3549 dum
2029 3502 2131 3549 est.
2157 3493 2285 3548 Levi
2323 3492 2377 3548 id
2408 3493 2621 3563 quidem
2648 3493 2869 3549 brachio
2898 3493 3216 3561 retentabo;
3242 3509 3366 3549 nam
3392 3493 3464 3550 il-

1866 3585 2045 3643 lorum
2092 3586 2381 3643 consilium
2421 3586 2661 3643 imitatus
2712 3586 2802 3656 qui
2853 3585 3031 3641 civilia
3082 3585 3223 3643 inter
3276 3587 3460 3644 hostes

1869 3678 2011 3739 bella
2065 3690 2272 3746 serunt,
2332 3695 2437 3752 quo
2483 3678 2794 3736 domesticis
2862 3676 3105 3735 dissidiis
3176 3688 3463 3738 enervatas

1867 3778 2018 3837 nullo
2044 3786 2231 3849 postea
2253 3768 2473 3847 negotio
2502 3775 2868 3846 suppeditent,
2901 3772 3465 3847 Anti-Augustinianis

1869 3874 2198 3931 domesticos
2223 3880 2387 3927 testes
2441 3884 2726 3941 opponam,
2777 3878 2831 3925 et
2863 3868 2967 3938 pila
2997 3867 3257 3924 minantia
3310 3866 3456 3936 pilis.

1868 3970 2068 4023 Atnou
2100 3964 2221 4021 illos
2268 3962 2484 4034 quidem
2535 3960 2752 4017 novitiis
2789 3960 2907 4015 istis
2930 3974 3110 4031 pares,
3163 3959 3258 4016 sed
3306 3959 3465 4031 longe

1870 4060 2207 4132 superiores,
2260 4058 2457 4130 quibus
2510 4057 2856 4128 loquentibus
2899 4057 3099 4115 nedum
3149 4063 3458 4127 assurgant,

1868 4155 1967 4210 sed
1998 4152 2210 4225 penitus
2260 4156 2660 4216 obmutescam,
2696 4164 2894 4220 nempe
2941 4148 3193 4204 Suarium
3231 4153 3288 4202 et
3327 4146 3465 4201 Vas-

1871 4248 2079 4321 quium.
2108 4247 2154 4302 0
2193 4254 2389 4317 quanta
2419 4242 2622 4299 scholae
2646 4241 2896 4298 nomina!
2930 4239 3114 4311 Itaque
3135 4240 3187 4294 in
3215 4239 3317 4294 hoc
3345 4252 3466 4293 cer-

1872 4342 2074 4399 tamine
2100 4339 2323 4405 sedebo,
2375 4336 2584 4393 duobus
2624 4334 2733 4392 illis
2757 4333 2986 4390 ducibus
3013 4348 3112 4403 pro
3139 4346 3262 4390 meo
3286 4332 3468 4400 Augu-

1871 4435 2017 4493 stino
2048 4434 2100 4489 in
2122 4432 2292 4489 aciem
2319 4436 2507 4487 contra
2554 4441 2794 4498 nuperos
2852 4425 3197 4482 adversarios
3244 4424 3469 4481 descen-

1873 4527 2200 4690 deﬁnite,
2224 4615 2353 4688 quid
2373 4615 2442 4673 de
2464 4614 2867 4685 Augustinianae
2897 4612 3159 4669 doctrinae
3181 4624 3276 4681 per
3292 4608 3468 4665 Eccle-

160 4701 349 4785 stituti
371 4738 768 4798 ornamentum,
795 4732 1061 4801 acceptus
1107 4701 1161 4784 in
1186 4729 1379 4800 primis
1400 4701 1672 4784 Clementi
1722 4725 1771 4781 Χ
1795 4746 1853 4811 ι)
1876 4714 2012 4771 siam
2030 4710 2440 4811 approbatione.
2486 4708 2721 4811 Aniene.
2745 4703 3040 4811 sentiatsi
3061 4717 3182 4775 quae
3208 4701 3468 4805 adversus

160 4831 322 4893 pont.
346 4832 467 4894 opt.
486 4837 637 4880 max.
671 4798 825 4880 Vivet
854 4798 955 4880 ille
972 4798 1232 4881 aeternum
1264 4821 1654 4894 deiAugustini
1674 4821 1773 4877 do-
1795 4798 1846 4811 ν
1879 4824 1998 4865 eam
2030 4806 2220 4874 habes.
2249 4804 2421 4861 libere
2468 4798 2827 4894 Prome???
2862 4798 3161 4894 Οιξξίῆίξηυδ
3208 4798 3407 4865 Primo.
3440 4813 3461 4847 ³

163 4924 348 4978 c‘rina
404 4922 546 4979 bene
578 4924 828 4993 meritus,
858 4921 1017 4994 cujus
1046 4923 1281 4995 glorioso
1322 4920 1525 4977 nomini
1554 4919 1768 4975 theolo-

163 5017 349 5087 gicum
378 5015 633 5081 volumen
658 5014 1006 5085 nuncupavit.
1038 5014 1225 5071 Sciant
1269 5012 1597 5070 recentiores
1644 5011 1772 5069 Ale-

163 5107 440 5163 xandrum
474 5104 569 5161 γη
623 5122 655 5163 e
685 5106 1023 5163 nobilissima
1076 5105 1382 5161 Chisiorum
1429 5112 1588 5178 gente
1641 5118 1762 5175 pro-

164 5200 478 5270 diisse,cui
510 5207 831 5270 perpetuum
880 5212 1008 5269 erga
1042 5197 1324 5269 Augustini
1370 5210 1567 5253 nomen
1612 5194 1774 5251 obse-

164 5296 357 5364 quium
388 5294 791 5351 haereditarium
821 5292 1025 5364 est,ita
1049 5302 1107 5349 ut
1139 5308 1169 5349 a
1213 5294 1473 5348 trecentis
1551 5300 1606 5347 et
1650 5305 1765 5345 «am.

166 5390 312 5459 ptius
343 5390 505 5445 annis
542 5401 713 5446 unum
746 5402 964 5460 seraper
992 5388 1046 5443 in
1076 5387 1273 5443 Chisiis
1294 5386 1557 5458 appeilari
1579 5385 1767 5442 volue-

165 5482 241 5537 rit
274 5483 658 5555 Augustinum.
686 5483 804 5540 Non
851 5482 1016 5540 alium
1046 5481 1338 5551 hujusmei
1394 5479 1528 5535 dicti
1576 5487 1767 5535 teﬂem

166 5588 333 5647 quam
367 5578 660 5648 ipsummet
701 5576 1063 5633 Alexandrum
1114 5574 1460 5644 veio,‘quiin
1514 5571 1769 5642 frequen-

162 5675 390 5731 tissimo
415 5686 833 5747 purpuratorum
857 5676 1070 5731 Patrum
1099 5680 1260 5742 atque
1290 5668 1587 5723 antistitum
1611 5678 1773 5724 sella-

165 5778 250 5835 tn,
286 5785 458 5844 agens
484 5770 551 5827 de
575 5771 919 5829 decernenda
974 5769 1197 5825 Thema:
1251 5762 1589 5820 Villanovani
1642 5772 1769 5832 apo-

166 5862 348 5917 theosi
378 5868 522 5933 regis
546 5863 818 5936 Hispaniae
832 5863 959 5937 “(Ex
1011 5862 1149 5916 Actis
1179 5858 1413 5915 eanoniz.
1446 5855 1507 5912 S.
1565 5851 1772 5911 Thema:

174 5956 496 6028 titionem),
525 5958 876 6028 plurimorum
930 5956 1231 6028 principum
1261 5960 1419 6023 atque
1449 5949 1769 6020 Ρθβυῗοτυηὶ

1872 4903 1951 4958 ait
1981 4901 2073 4957 lib.
2135 4915 2249 4968 vm,
2297 4911 2419 4967 cap.
2453 4893 2507 4959 6,
2540 4907 2659 4965 pag.
2690 4890 2837 4948 902:
2874 4908 2893 4941 ι
2928 4888 3022 4945 Vel
3048 4890 3118 4943 ita
3166 4894 3251 4943 est
3277 4899 3469 4943 conse-

1879 5003 2049 5061 erata,
2075 5003 2132 5048 ut
2161 4989 2489 5063 Augustinus
2527 5002 2560 5044 e
2584 5000 2811 5042 numero
2837 4983 3164 5053 scriptorum
3223 4994 3331 5034 non
3376 4991 3469 5035 ca-

1879 5090 2200 5147 nonicorum
2224 5093 2497 5142 extractus
2538 5081 2809 5138 transierit
2829 5078 2886 5134 in
2911 5089 3192 5133 numerum
3247 5070 3470 5129 canoni-

1878 5198 2065 5242 corum
2094 5181 2178 5238 vel
2201 5195 2327 5237 non.
2362 5178 2419 5235 Si
2462 5176 2717 5248 primum,
2748 5178 2897 5228 errat
2936 5177 3083 5226 totus
3122 5164 3469 5221 Christianis-

1874 5291 2020 5342 mus,
2048 5274 2139 5345 qui
2190 5272 2516 5328 contrarium
2568 5266 2737 5323 sentit
2780 5277 2889 5318 non
2940 5260 3101 5316 modo
3146 5273 3176 5313 a
3229 5266 3471 5326 tempore

1877 5368 2345 5433 scholasticorum,
2384 5363 2479 5420 sed
2505 5378 2536 5418 a
2556 5360 2705 5417 mille
2724 5356 2973 5415 ducentis
2984 5353 3180 5420 annis;
3204 5352 3250 5408 si
3277 5364 3472 5408 secun-

1879 5465 2032 5535 dum,
2062 5476 2192 5534 ergo
2218 5459 2310 5517 illa
2337 5456 2513 5516 omnis
2557 5452 2813 5510 Ecclesiae
2838 5448 3159 5521 approbatio
3216 5440 3473 5515 relinquit

1877 5556 2058 5615 adhuc
2080 5552 2433 5625 Augustinum
2474 5547 2617 5603 intra
2642 5557 2931 5599 numerum
2981 5540 3307 5611 scriptorum
3331 5535 3471 5592 falli-

1878 5650 2089 5715 bilium,
2120 5645 2315 5717 quibus
2346 5642 2466 5698 sine
2491 5638 2789 5710 cuiuspiam
2836 5634 3028 5707 injuria
3050 5644 3355 5705 repugnare
3404 5629 3470 5685 li-

1876 5755 2017 5803 ceat.
2048 5760 2070 5796 ι
2099 5738 2205 5798 Sed
2220 5737 2333 5808 jam
2354 5736 2483 5792 olim
2520 5732 2649 5789 huic
2676 5727 2968 5802 objectioni
2998 5726 3342 5784 satisfecerat
3362 5734 3469 5777 non

1876 5840 2109 5898 Baianus
2131 5833 2347 5907 aliquis,
2367 5830 2461 5889 sed
2474 5839 2725 5885 strenuus
2741 5825 2853 5882 Baii
2867 5828 3203 5896 oppugnator
3225 5816 3466 5875 Suarius.

1877 5936 2029 6010 cujus
2053 5948 2185 5994 sane
2211 5930 2622 6002 responsionem
2653 5933 2900 5998 poterant
2930 5916 3071 5977 domi
3096 5916 3295 5987 legere.
3334 5910 3469 5969 Cum

2873 6116 2947 6128 .-r'
