3962 6346
539 388 642 445 807

1461 385 2024 443 SUPPLEMENTUM
2068 385 2160 439 AD
2197 385 2426 442 OPEllA
2467 385 2528 441 S.
2569 385 2960 442 AUGUSTINI.

3733 381 3841 439 808

536 495 1447 572 Suarius,proleg.6,deGratia,cap.
1461 495 1515 567 6,
1529 500 2000 564 ntun.15,citasset
2014 498 2127 554 haec

2232 492 2351 532 rum
2386 475 2569 532 laudes
2604 476 2995 547 intelliguntur.
3038 473 3105 531 Et
3150 484 3298 532 certe
3347 489 3468 531 cum
3507 474 3713 532 eadem
3768 475 3841 527 sit

534 594 708 652 sancti
722 594 966 665 Prosperi
980 592 1141 648 verba
1155 593 1207 647 in
1223 591 1435 648 laudem
1453 591 1763 664 Augustini:
1785 610 1804 644 ‹
1825 592 1904 648 Tu
1918 600 2116 659 autem,

533 689 882 745 dilectissime
925 695 980 741 et
1013 685 1477 742 venerandissimc
1523 685 1652 740 mihi
1682 685 1868 752 frater,
1900 687 1944 740 si
1999 700 2123 741 vere

533 785 600 840 de
629 785 710 838 his
733 781 1119 854 quaestionibus
1145 778 1339 835 instrui
1367 778 1670 845 desideras,
1717 781 1855 834 sicut
1905 778 2123 834 deside-

530 894 650 934 rare
683 888 734 935 te
760 879 1032 946 convenit,
1060 877 1191 948 ipsis
1228 876 1290 930 B.
1325 875 1616 947 Augustini
1665 873 2122 943 disputationibus

529 972 919 1045 cognoscendis
949 970 1198 1041 impende
1240 985 1448 1038 curam,
1479 979 1538 1024 ut
1588 971 1639 1023 in
1671 967 1977 1024 conﬁtenda
2021 967 2120 1023 Dei

529 1067 702 1135 gratia
720 1062 1194 1121 defaecatissimam
1244 1077 1307 1117 ac
1329 1062 1737 1118 saluberrimam
1794 1060 2120 1131 evangelicae

528 1157 949 1228 apostolicaeque
977 1156 1240 1213 doctrinae
1261 1155 1672 1226 intelligentiam
1691 1155 2060 1224 consequaris,
2093 1173 2112 1206 ι

532 1253 648 1306 haec
679 1251 865 1306 scribit
897 1268 910 1304 :
939 1269 958 1303 ι
993 1249 1110 1306 Non
1153 1258 1333 1305 tamen
1360 1249 1492 1304 dicit
1521 1248 1880 1320 Augustinum
1904 1255 2120 1318 aposto-

531 1344 634 1400 lice
655 1343 955 1414 scripsisse,
1012 1343 1099 1397 vel
1126 1343 1250 1412 quia
1297 1339 1529 1411 scriptor
1586 1342 1880 1396 canonicus
1933 1341 2116 1406 fuerit,

528 1438 616 1493 vel
636 1437 760 1508 quia
791 1435 1132 1492 infallibileni
1180 1425 1426 1490 habuerit
1476 1434 1710 1505 Spiritus
1756 1439 1930 1490 sancti
1987 1434 2121 1491 assi-

530 1534 785 1590 stentiam
814 1533 869 1588 in
895 1530 1205 1597 scribendo,
1235 1531 1374 1586 sicut
1397 1529 1626 1601 apostoli
1668 1529 1991 1599 habuerunt,
2021 1530 2121 1585 hoc

530 1630 675 1687 enim
703 1628 938 1683 alienum
970 1640 1192 1681 asensu
1243 1624 1496 1695 Prosperi
1551 1633 1606 1679 et
1656 1624 1816 1679 totius
1864 1624 2120 1680 Ecclesiae

529 1732 634 1788 est,
666 1722 760 1777 sed
793 1720 923 1775 dicit
949 1719 1248 1788 apostolice
1275 1717 1573 1788 scripsisse,
1601 1716 1686 1771 vel
1717 1717 1842 1788 quia
1868 1732 2020 1772 suam
2052 1717 2120 1772 de

527 1816 696 1885 gratia
718 1813 1019 1869 doctrinam
1052 1827 1119 1867 ex
1167 1811 1414 1882 apostolo
1446 1811 1613 1866 Paulo
1649 1811 1914 1882 praecipue
1967 1826 2117 1867 sum-

528 1909 657 1978 psit,
685 1915 740 1960 et
761 1905 1104 1962 validissimis
1139 1905 1256 1973 ejus
1280 1903 1605 1960 testimoniis
1629 1904 1777 1958 illam
1810 1903 2112 1972 conﬁrmat,
2148 1915 2195 1977 Β

529 2001 614 2055 vel
639 2009 788 2056 certe
814 1999 937 2069 quia
968 2008 1074 2052 tam
1124 2012 1252 2053 vere
1281 2011 1344 2052 ac
1375 1996 1607 2052 ﬁdeliter
1641 1995 1710 2051 de
1767 1997 1937 2066 gratia
1986 1997 2118 2052 scri-

530 2095 660 2165 psit,
689 2106 746 2150 ut
775 2094 1074 2163 apostolica
1103 2092 1260 2149 sedes
1289 2093 1572 2164 Augustini
1602 2092 1901 2148 doctrinam
1930 2094 1983 2148 in
2033 2094 2118 2150 his

529 2204 652 2258 quae
681 2189 747 2244 ad
773 2189 1020 2259 dogmata
1042 2181 1325 2259 pertinent
1371 2201 1525 2243 suam
1565 2186 1803 2243 effecerit
1831 2203 1893 2244 ac
1915 2187 2115 2259 proba-

528 2284 686 2340 verit.
715 2301 733 2335 ι

601 2375 782 2448 Pergit
806 2376 1050 2432 Armatus
1081 2390 1095 2430 :
1132 2374 1471 2445 «.Objicimus
1487 2375 1569 2442 2°,
1589 2375 1806 2431 eosdem
1833 2375 1953 2430 illos
1972 2389 2119 2431 sum-

533 2485 652 2526 mos
679 2468 958 2540 pontiﬁces
986 2465 1389 2538 quifdoctrinam
1405 2467 1689 2538 Augustini
1725 2466 2114 2538 approbarunt,

531 2577 592 2620 ea
624 2561 929 2632 seposuisse
954 2575 1074 2630 qua:
1087 2561 1390 2615 necessaria
1419 2558 1526 2616 illis
1549 2559 1659 2615 visa
1685 2568 1831 2625 sunt,
1861 2560 1993 2615 alias
2020 2575 2118 2614 au-

532 2667 645 2715 tem
673 2657 1001 2737 quaestiones
1033 2657 1458 2712 intercurrentes
1511 2668 1612 2710 nec
1638 2664 1983 2710 contemnere
2018 2667 2119 2708 nec

532 2765 778 2810 astruere
800 2752 1060 2808 voluisse.
1093 2751 1205 2806 Hoc
1231 2749 1376 2806 enim
1403 2747 1729 2804 C(eIestinus
1751 2757 1934 2818 aperte
1962 2746 2119 2818 signi-

531 2846 733 2913 ﬁcavit,
764 2845 1132 2902 utretulimus
1176 2853 1355 2914 antea,
1399 2861 1418 2895 ι
1455 2858 1577 2915 pag.
1625 2842 1752 2898 905.
1798 2841 1941 2897 Idem
1981 2841 2117 2896 Sua-

530 2941 670 3006 rius,
704 2939 971 2995 recensita
1009 2937 1284 2993 Cuelestini
1318 2936 1679 3003 restrictione,
1740 2950 1897 3006 quam
1941 2941 2116 2989 tamen

534 3042 694 3104 negat
725 3048 844 3088 esse
865 3033 1166 3098 leestini,
1204 3041 1263 3086 ut
1293 3031 1491 3099 dicam,
1522 3040 1666 3088 totus
1697 3030 1998 3101 Augustino
2019 3029 2118 3084 ad-

532 3129 702 3180 haeret
733 3126 848 3181 haec
869 3125 1114 3182 scribens
1147 3143 1159 3178 :
1200 3142 1219 3176 ‹
1258 3124 1615 3179 Nihilominus
1645 3134 1821 3179 tamen
1868 3124 2030 3178 etiam
2065 3121 2117 3176 in

535 3220 619 3274 his
647 3220 1042 3290 posterioribus
1096 3219 1167 3274 de
1217 3217 1689 3289 praedestinatione
1732 3217 2118 3288 questionibus

2224 572 2551 642 judiciorum
2601 579 2655 626 et
2703 571 2990 625 affectuum
3033 569 3174 636 alea,
3220 578 3275 624 et
3307 569 3638 640 Augustinus
3676 575 3836 620 tanta

2228 667 2573 721 contentione
2623 672 2823 736 pugnet
2871 673 3060 720 contra
3110 663 3446 734 Pelagianos,
3492 672 3553 718 ut
3579 659 3838 717 obtineat

2228 759 2430 815 nullum
2472 772 2592 814 esse
2631 756 2978 827 quantumvis
3022 764 3296 822 sanctum,
3330 755 3414 810 cui
3445 769 3550 810 non
3581 755 3659 808 sit
3691 767 3834 821 opus

2225 854 2407 912 dicere
2440 870 2454 906 :
2491 852 2703 906 Dimitte
2746 852 2891 906 nobis
2931 850 3101 905 debita
3140 860 3343 916 nostra,
3375 850 3444 906 ob
3471 846 3834 920 quotidianus

2224 946 2515 1002 voluntatis
2540 946 2741 1014 lapsus;
2775 946 2957 1000 nescio
2985 943 3113 1015 quid
3140 943 3352 999 Baianis
3374 943 3436 998 in
3464 950 3712 998 mentem
3742 953 3836 994 ve-

2202 1066 2203 1069 η
2231 1040 2392 1107 nerit,
2425 1049 2483 1093 ut
2511 1037 2881 1108 Augustiniani
2912 1036 3087 1092 videri
3111 1036 3299 1100 velint,
3331 1050 3452 1090 cum
3501 1044 3656 1088 muto
3709 1033 3832 1086 nisu

2225 1131 2554 1202 persuadere
2601 1137 2867 1185 conantur
2911 1141 3030 1183 esse
3077 1126 3286 1197 aliquos
3331 1126 3420 1196 qui
3445 1124 3655 1196 judicio
3689 1137 3831 1177 nun—

2223 1240 2382 1295 quam
2431 1224 2699 1287 labantur,
2735 1242 2752 1274 ι
2792 1237 2984 1291 nempe
3027 1221 3403 1293 Augustinum.
3450 1217 3652 1273 Verum
3707 1214 3831 1283 quis

2226 1318 2430 1375 nesciat
2458 1315 2812 1388 Augustinum
2842 1314 3038 1385 duplici
3065 1314 3232 1381 facto,
3275 1315 3401 1368 dum
3445 1327 3502 1368 se
3543 1311 3690 1366 infra
3724 1325 3832 1365 ca:-

2225 1419 2370 1466 teros
2404 1409 2690 1477 depressit,
2720 1421 2880 1478 supra
2907 1407 3184 1462 universos
3212 1405 3373 1460 altius
3392 1418 3510 1461 sese
3531 1402 3830 1460 evexisse?

2223 1504 2320 1559 Ille
2347 1516 2572 1573 magnus
2607 1501 2862 1556 Ecclesia}
2890 1500 3145 1571 magister
3173 1509 3283 1555 tum
3311 1498 3550 1567 a/fectus,
3597 1506 3719 1552 tum
3739 1499 3831 1566 ju-

2223 1597 2345 1651 dicit
2373 1596 2456 1650 sui
2486 1602 2660 1650 errata
2689 1593 2984 1664 publicavit
3013 1612 3023 1648 :
3064 1593 3178 1650 haac
3204 1591 3417 1664 quidem
3449 1607 3502 1647 In
3529 1591 3690 1647 libris
3725 1589 3830 1644 Re-

2224 1693 2627 1762 tractationum,
2655 1693 2746 1749 illa
2788 1694 2843 1749 in
2888 1692 3042 1748 libris
3084 1691 3520 1758 Confessionum,
3554 1687 3830 1759 singulari

2220 1801 2444 1856 prorsus
2471 1788 2742 1857 exemplo,
2797 1802 2918 1842 cum
2965 1785 3243 1840 videamus
3285 1797 3528 1855 quosque
3555 1791 3662 1835 tum
3697 1794 3831 1848 pro-

2223 1879 2337 1950 pria
2367 1881 2530 1943 dicta,
2566 1891 2676 1936 tum
2708 1880 2848 1935 facta
2871 1880 2938 1936 ab
2967 1879 3243 1934 erroribus
3273 1876 3568 1932 vindicare.
3603 1874 3828 1930 Utinam

2221 1973 2362 2030 hanc
2402 1973 2692 2042 aliquando
2720 1973 2788 2028 de
2818 1973 2980 2027 sociis
3010 1986 3074 2026 ac
3102 1985 3213 2026 suae
3246 1969 3468 2024 familiae
3511 1964 3830 2022 hominibus

2219 2068 2524 2138 Opinionem
2559 2067 2850 2123 adversarii
2883 2066 3126 2132 induant,
3160 2079 3388 2134 quorum
3434 2061 3755 2132 quempiam
3785 2059 3827 2113 si

2219 2160 2485 2230 abfaliquo
2511 2161 2773 2229 scriptore
2804 2160 3103 2229 impetitum
3126 2162 3476 2226 cognoscant,
3507 2152 3660 2206 mille
3692 2164 3826 2218 apo-

2221 2253 2388 2323 logias
2422 2252 2743 2323 procudunt,
2774 2263 2830 2307 ut
2859 2251 2959 2306 soli
2990 2251 3060 2305 ab
3091 2247 3370 2306 erroribus
3399 2247 3676 2301 immunes
3709 2256 3828 2298 esse

2219 2350 2524 2407 videantur.
2552 2348 2735 2419 Itaque
2763 2347 3011 2404 eamdem
3038 2356 3093 2402 et
3121 2343 3342 2400 afl‘ectus
3359 2351 3414 2399 et
3439 2340 3629 2412 judicii
3650 2338 3825 2394 aleam

2223 2446 2426 2503 subivit
2454 2444 2803 2516 Augustinus.
2839 2442 3038 2498 Verum
3088 2440 3213 2494 dum
3248 2438 3411 2494 libros
3443 2444 3640 2491 contra
3678 2431 3826 2487 Pela-

2220 2544 2404 2614 gianos
2433 2548 2687 2596 retractat
2717 2537 2813 2593 lib.
2843 2553 2902 2604 ιι,
2936 2551 3056 2606 cap.
3113 2533 3202 2599 55,
3247 2531 3338 2600 56,
3367 2533 3462 2598 37,
3489 2530 3582 2590 42,
3613 2528 3703 2593 50,
3737 2527 3821 2592 61,

2221 2636 2313 2702 62,
2343 2634 2410 2687 66
2432 2643 2486 2690 et
2513 2632 2602 2699 67,
2628 2631 2827 2687 nullam
2860 2629 3180 2685 sententiam
3204 2627 3317 2682 sive
3338 2627 3404 2680 de
3425 2623 3608 2695 gratia
3629 2621 3744 2676 sive
3765 2620 3824 2674 de

2224 2730 2394 2784 libero
2416 2724 3009 2797 arbitrio.corrigit,lsed
3038 2722 3216 2777 omnia
3239 2722 3334 2774 abs
3361 2733 3419 2774 se
3443 2718 3590 2772 dicta
3616 2714 3820 2786 probat,

2225 2825 2318 2895 qui
2349 2821 2468 2878 aliis
2500 2823 2550 2876 in
2584 2820 2899 2876 tractatibus
2930 2820 3215 2888 plerasque
3240 2816 3420 2872 theses
3450 2822 3697 2868 assertas
3732 2826 3820 2866 ex-

2225 2927 2510 2990 punxerat.
2546 2917 2698 2972 Unde
2739 2924 2959 2971 sanctus
2989 2913 3176 2969 doctor
3215 2925 3481 2982 nusquam
3507 2909 3564 2964 in
3588 2907 3822 2976 Pelagia-

2222 3015 2306 3070 nis
2334 3005 2706 3084 expugnandis
2748 3025 2809 3066 se
2850 3009 3052 3080 judicio
3085 3009 3292 3079 lapsum
3333 3007 3501 3060 fuisse
3532 3002 3820 3074 cognovit;
3892 3028 3895 3031 -

2223 3105 2516 3162 adversarii
2546 3112 2725 3159 autem
2757 3102 2954 3158 misere
2970 3100 3172 3171 judicio
3201 3099 3482 3162 labuntur,
3511 3107 3627 3151 tam
3659 3093 3822 3148 humi-

2224 3197 2347 3252 liter
2377 3197 2446 3252 de
2483 3195 2784 3267 Augustino
2811 3195 3240 3265 pronuntiantes.
3287 3189 3542 3246 Profecto
3580 3185 3823 3258 Augusti-

533 3312 825 3366 auctoritas
850 3311 1128 3380 Augustini
1169 3283 1402 3364 maxima
1432 3319 1514 3365 est
1543 3283 1765 3379 propter
1787 3310 1919 3364 alias
1962 3309 2119 3363 ratio-

2227 3308 2329 3347 nus
2357 3291 2564 3346 futuros
2595 3289 3015 3360 fortegcensores
3041 3286 3365 3359 praevidens,
3417 3285 3472 3338 in
3497 3298 3694 3339 eorum
3733 3283 3821 3336 huc

534 3417 632 3457 nes
652 3417 813 3472 supra
844 3410 1036 3470 tactas,
1062 3411 1118 3459 et
1142 3402 1262 3459 ideo
1283 3418 1497 3474 semper
1524 3419 1554 3458 a
1583 3403 1739 3458 nobis
1763 3405 1974 3459 caeteris
1997 3418 2124 3474 pra:-

535 3494 760 3551 f'erctur.
786 3514 805 3548 ι

609 3590 716 3647 Sed
749 3589 1007 3645 reclamat
1031 3588 1370 3646 adversarius
1404 3607 1416 3644 :
1456 3608 1476 3642 ‹
1505 3591 1820 3661 Objicimus,
1847 3591 1906 3646 δ’
1930 3606 2124 3662 appro-

541 3682 718 3738 batam
743 3683 908 3739 fuisse
937 3683 1221 3755 Augustini
1264 3683 1566 3739 doctrinam
1593 3683 1751 3739 simul
1793 3693 1848 3740 et
1900 3684 2124 3739 aliorum

534 3786 845 3834 sanctorum
870 3778 1113 3848 Patrum,
1148 3777 1290 3834 unde
1331 3780 1573 3849 sequitur
1615 3779 1808 3833 cadere
1853 3778 2123 3849 approba-

541 3876 744 3930 tionem
786 3873 924 3929 hanc
948 3875 1000 3929 in
1031 3874 1085 3930 id
1117 3875 1256 3945 quod
1289 3883 1372 3929 est
1402 3875 1703 3945 Augustino
1725 3889 1846 3930 cum
1869 3873 1989 3929 aliis
2020 3874 2124 3927 Pa-

537 3969 705 4024 tribus
757 3984 1064 4035 commune,
1125 3985 1230 4025 non
1280 3971 1332 4024 in
1364 3970 1418 4025 id
1444 3970 1585 4040 quod
1623 3979 1705 4026 est
1750 3971 2048 4040 proprium,
2081 3970 2128 4025 si

534 4065 660 4132 quid
693 4063 797 4119 tale
818 4065 906 4118 sit.
946 4084 963 4117 ι
994 4064 1216 4121 Ibidem.
1243 4065 1350 4121 Sed
1383 4066 1550 4122 hocce
1582 4067 1742 4122 telum
1771 4065 2125 4138 Augustinum

529 4153 720 4225 clypeo
766 4165 1054 4226 protegens
1094 4156 1363 4227 Vasquius
1420 4160 1638 4230 excepit
1679 4159 1794 4226 1-2,
1829 4159 1969 4229 disp.
2002 4158 2124 4224 190,

535 4259 656 4313 cap.
682 4245 735 4314 6,
766 4263 912 4301 num.
936 4249 1001 4301 ‘57
1034 4267 1043 4300 :
1078 4267 1096 4300 ‹
1127 4251 1405 4316 Quamvis,
1451 4251 1648 4321 inquit,
1679 4252 1860 4307 nullus
1890 4261 2036 4308 esset
2059 4266 2126 4306 ex

537 4337 779 4393 I’atribus
808 4344 1253 4398 commemoratis
1275 4359 1436 4413 quem
1483 4360 1581 4414 pro
1614 4345 1714 4400 hac
1742 4347 2006 4401 sententia
2059 4346 2126 4402 de

532 4429 718 4497 gratiae
770 4432 1093 4488 necessitate
1146 4434 1213 4488 ad
1244 4435 1456 4504 singula
1503 4451 1666 4505 opera
1717 4437 1857 4492 bona
1905 4438 2126 4494 moralia

540 4520 849 4577 scholastici
900 4522 1151 4580 doctores
1194 4525 1432 4596 allegare
1483 4537 1727 4596 possent,
1786 4545 1962 4586 mus'o
1993 4545 2126 4586 δοιο

531 4617 847 4671 AUGUSTINO
870 4616 1096 4688 ejusque
1125 4617 1312 4673 schola
1356 4635 1468 4676 sua:
1499 4622 1767 4691 opinionis
1816 4624 2124 4694 praesidium

2230 3397 2408 3438 meros
2447 3381 2780 3438 correctione
2821 3380 3068 3436 devoluta
3095 3422 3108 3444 ,
3143 3379 3317 3434 minus
3370 3376 3465 3433 illo
3497 3376 3552 3432 in
3583 3375 3820 3432 examine

2230 3493 2412 3535 secum
2443 3478 2569 3548 egit,
2621 3476 3011 3532 recentioribus
3043 3475 3180 3530 hanc
3206 3474 3434 3546 gloriam
3490 3472 3820 3543 relinquens,

2229 3589 2328 3644 qua
2360 3574 2563 3642 jactare
2599 3580 2819 3642 possent
2855 3587 2912 3626 se
2942 3570 3048 3626 illis
3093 3573 3146 3624 in
3177 3568 3331 3625 libris
3360 3577 3555 3624 contra
3588 3567 3820 3637 Pelagia-

2230 3681 2328 3721 nos
2358 3665 2517 3720 editis
2574 3664 2813 3719 maculas
2868 3661 3325 3731 deprehendisse,
3382 3675 3506 3730 qua:
3550 3658 3821 3729 Augustini

2228 3759 2397 3813 aciem
2444 3773 2507 3812 ac
2548 3758 2823 3827 spongiam
2869 3754 3260 3826 subterfugere.
3289 3752 3426 3821 Quid
3453 3753 3556 3817 ais,
3597 3754 3815 3815 Armate,

2228 3851 2583 3922 Augustinum
2617 3850 2778 3904 fuisse
2810 3849 3104 3904 obnoxium
3139 3847 3388 3902 humanis
3418 3844 3745 3909 defectibus,
3772 3853 3816 3897 at

2228 3941 2510 3996 rarioribus
2531 3949 2576 3995 et
2602 3940 2895 4006 levioribus,
2924 3954 2987 3994 ac
3009 3940 3213 4011 judicio
3239 3939 3566 4009 quandoque
3586 3939 3816 4008 lapsum?

2230 4037 2348 4092 Alia
2379 4037 2537 4107 longe
2577 4037 2787 4092 diversa
2817 4037 2914 4091 fuit
2943 4039 3018 4091 tui
3052 4035 3228 4092 Suarii
3255 4035 3546 4102 sententia,
3573 4035 3665 4105 qui
3707 4047 3815 4104 pro-

2231 4129 2334 4198 leg.
2377 4129 2408 4180 6
2438 4129 2507 4184 de
2542 4127 2744 4196 Gratia,
2793 4142 2912 4199 cap.
2960 4127 3014 4198 6,
3066 4144 3215 4182 num.
3260 4127 3350 4194 I7,
3405 4128 3477 4181 ita
3522 4135 3576 4180 et
3608 4139 3730 4180 vere
3764 4131 3813 4178 et

2230 4221 2391 4292 digne
2415 4220 2482 4275 de
2510 4229 2697 4277 sancto
2719 4222 3018 4292 Augustino
3044 4220 3229 4276 scribit
3254 4237 3265 4272 :
3293 4237 3311 4270 ι
3342 4218 3487 4275 Nihil
3518 4228 3628 4273 tam
3659 4217 3810 4272 admi-

2239 4314 2464 4370 randum
2497 4325 2551 4369 et
2579 4315 2980 4385 suspiciendum
3011 4314 3266 4369 Ecclesiae
3297 4312 3537 4368 reddidit
3563 4310 3803 4381 Augusti-

2229 4423 2352 4475 nus,
2378 4423 2539 4479 quatn
2570 4409 2636 4464 de
2681 4409 2852 4478 gratia
2899 4408 3174 4476 doctrina;
3209 4418 3264 4463 at
3295 4408 3341 4463 si
3364 4407 3420 4462 in
3464 4422 3534 4463 ea
3567 4404 3804 4463 tradenda

2229 4513 2285 4560 et
2329 4504 2645 4574 explicanda
2693 4505 2981 4574 aliquando
3022 4504 3207 4560 luisset
3241 4505 3295 4560 in
3331 4520 3580 4561 errorem
3623 4505 3805 4574 lapsus,

2230 4600 2398 4656 multo
2449 4600 2862 4657 labefactaretur
2909 4599 3025 4669 ejus
3067 4599 3400 4669 auctoritas,
3444 4600 3804 4667 immeritoque

533 4705 768 4763 libenter
823 4709 1175 4776 collocarent,
1207 4726 1439 4783 eumque
1495 4715 1594 4769 sibi
1642 4691 1890 4773 sufﬁcere
1929 4720 2122 4774 merito

2234 4691 2470 4748 Ecclesia
2505 4701 2610 4747 tam
2640 4692 2866 4748 ﬁdenter
2890 4692 3149 4763 judicium
3180 4692 3297 4762 ejus
3340 4693 3393 4747 in
3437 4692 3544 4748 hac
3585 4692 3800 4748 doctrina

530 4799 940 4867 arbitrarentur,
977 4804 1118 4873 quod
1149 4821 1333 4861 umcus
1387 4806 1456 4861 sit
1509 4808 1601 4877 qui
1655 4808 1780 4864 dum
1832 4809 2007 4880 agitur
2050 4811 2121 4867 de

529 4895 716 4962 gratiae
739 4896 1082 4963 necessitate,
1112 4897 1252 4952 sicut
1291 4898 1374 4954 sol
1432 4899 1572 4955 inter
1630 4901 1864 4971 reliquos
1907 4902 2124 4972 prmful-

528 4997 673 5058 geat,
702 4988 854 5058 cujus
885 4989 1101 5060 quidem
1136 4991 1396 5047 doctrinae
1427 4995 1702 5065 egregium
1755 4996 2117 5052 testimonium

530 5087 587 5135 et
614 5083 1135 5138 commendationem
1160 5084 1212 5138 in
1257 5086 1487 5155 epistola
1548 5087 1721 5158 prima
1753 5089 2029 5145 leestini
2052 5090 2119 5145 ad

529 5176 812 5244 episcopos
832 5176 1018 5232 Gallia:
1046 5186 1322 5232 exaratam
1363 5178 1647 5235 habemus.
1683 5198 1702 5233 ι
1730 5181 1899 5237 Porro
1918 5181 2119 5237 C(eles-

529 5267 674 5324 tinus
727 5285 894 5326 unum
953 5263 1308 5342 Augustinum
1361 5272 1635 5340 laudavit;
1696 5273 1814 5346 lege
1867 5274 2116 5332 eumdem

509 5371 664 5430 oart.
696 5378 734 5429 ι,
760 5363 906 5433 disp.
937 5364 1028 5432 89,
1060 5379 1181 5435 cap.
1212 5365 1266 5432 4,
1299 5366 1472 5422 initio.

602 5453 672 5506 At
716 5470 819 5509 non
842 5456 987 5512 cedit
1027 5455 1242 5524 Suario,
1275 5475 1383 5515 non
1410 5459 1554 5516 cedit
1584 5460 1820 5530 Vasquio
1850 5461 2116 5531 Armatus,

530 5545 628 5600 sed
660 5561 847 5603 rursus
893 5551 1117 5621 opponit
1157 5567 1278 5623 pag.
1310 5553 1437 5610 902.
1473 5572 1494 5607 ι
1526 5553 1731 5626 Nempe
1754 5554 1864 5626 jam
1898 5571 1995 5611 nos
2021 5557 2118 5611 du-

529 5636 640 5692 cuit
665 5638 875 5695 Gerson
905 5653 959 5696 et
987 5643 1272 5702 Abulensis
1314 5661 1420 5716 quo
1461 5649 1726 5717 pertineat
1770 5649 1885 5704 haec
1925 5664 2118 5720 appro-

530 5729 707 5800 batio;
726 5749 833 5789 non
855 5737 998 5791 enim
1021 5752 1087 5793 eo
1111 5747 1167 5794 ut
1197 5741 1556 5812 intelligamus
1583 5743 1932 5814 Augustinum
1960 5745 2119 5800 nullis

528 5840 649 5882 esse
678 5827 926 5884 humanis
961 5830 1255 5890 defectibus
1301 5835 1635 5903 obnoxium,
1684 5837 1778 5893 sed
1829 5838 2118 5893 rarioribus

529 5930 580 5976 et
611 5921 915 5993 levioribus,
974 5929 1247 5997 quomodo
1275 5938 1596 5988 ceterorum
1644 5946 1859 6001 quoque
1901 5943 2115 5988 sancto~

2229 4797 2372 4845 esset
2419 4797 2625 4856 secuta,
2672 4788 2814 4859 quod
2858 4788 3078 4858 impium
3127 4796 3210 4844 est
3250 4787 3514 4858 cogitare.
3544 4807 3565 4840 ι
3600 4785 3799 4857 Egregie

2229 4884 2332 4941 hoc
2363 4886 2535 4956 ipsum
2569 4883 2765 4939 abhinc
2805 4885 3128 4955 octingentis
3155 4883 3312 4938 annis
3358 4893 3580 4938 notarat
3606 4892 3797 4936 sanctus

2229 4981 2547 5037 Prudentius
2568 4979 2927 5046 Tricassinus,
2959 4979 3014 5034 in
3044 4979 3268 5048 epistola
3297 4978 3364 5033 ad
3397 4977 3724 5035 Hincmarum
3743 4981 3798 5026 et

2229 5071 2553 5138 Pardulum;
2586 5072 2680 5128 sed
2710 5073 2852 5142 quod
2896 5086 3017 5126 cum
3064 5070 3258 5126 Suario
3297 5078 3352 5126 et
3385 5069 3624 5140 Vasquio
3652 5065 3793 5121 veluti

2229 5162 2434 5220 {cedere
2464 5166 2572 5221 icto
2594 5165 2818 5220 aliorum
2845 5165 3106 5235 suppetiis
3131 5162 3394 5229 dimissis,
3419 5174 3609 5219 contra
3627 5174 3793 5218 recen-

2229 5258 2392 5314 tiores
2423 5273 2510 5313 me
2535 5267 2896 5329 pugnaturum
2926 5271 3025 5327 pro
3053 5256 3351 5326 Augustino
3377 5257 3644 5324 pollicitus
3666 5266 3789 5318 sum,

2227 5351 2696 5423 praeclarissimum
2731 5351 2875 5407 illius
2906 5350 3164 5406 antistitis
3195 5349 3571 5406 testimonium
3598 5346 3811 5408 omitto,.;

2225 5444 2350 5501 alibi
2388 5444 2740 5500 recitandum.

2297 5538 2544 5595 Nondum
2588 5539 2834 5594 Annatus
2868 5553 3090 5595 suorum
3122 5538 3344 5595 vocibus
3376 5537 3447 5592 ab
3475 5535 3659 5593 infelici
3682 5545 3790 5588 cer-

2230 5634 2427 5689 tamine
2455 5634 2695 5689 revocari
2727 5635 2898 5703 potuit
2923 5652 2938 5702 ;
2979 5635 3074 5690 sed
3117 5636 3280 5690 instat
3306 5633 3641 5703 obtruditque
3664 5629 3788 5683 hanc

2223 5727 2515 5782 illationem
2551 5745 2563 5780 :
2595 5745 2614 5777 ‹
2654 5728 2796 5797 Ergo
2836 5730 2902 5795 si,
2952 5737 3127 5784 stante
3159 5729 3462 5800 .Augustini
3509 5721 3786 5783 testimonio

2220 5819 2331 5886 illo,
2362 5820 2484 5875 licet
2513 5828 2690 5876 tamen
2721 5820 3042 5891 singularem
3073 5823 3368 5892 cujuSpiam
3398 5837 3464 5877 ex
3495 5821 3605 5875 aliis
3629 5814 3788 5871 Patri-

2220 5913 2319 5971 bus
2348 5914 2723 5984 cogitationem
2755 5914 2810 5971 in
2840 5915 2986 5973 hisce
3017 5915 3465 5988 disputationibus
3497 5930 3592 5970 non
3617 5907 3780 5978 sequi.
