3962 6346
179 352 279 407 809
1350 343 1676 400 VINDICIIE
1716 339 2275 399 AUGUSTINIANIE.
3344 340 3451 400 810

174 466 353 522 licebit
401 463 584 528 etiam,
640 470 814 519 stante
855 462 947 518 illa
994 461 1249 520 Ecclesiae
1295 464 1383 520 vel
1434 478 1767 519 summorum
1801 472 1846 529 Α
1876 459 2218 529 praecognitis
2248 458 2462 528 probat,
2489 464 2545 515 et
2572 458 2714 531 quod
2737 458 2940 529 judicio
2961 458 3133 529 jungit
3163 460 3322 517 laude
3351 477 3457 516 non

171 559 482 631 νοηιεῆουιη
522 557 929 628 approbatione,
978 572 1085 613 non
1134 557 1280 613 omni
1327 556 1604 614 adhaerere
1652 558 1767 613 Au-
1867 549 2078 605 dividit.
2119 569 2137 603 ι
2195 549 2321 606 Hinc
2369 550 2480 606 ille.
2532 552 2967 607 Succenturiatus
3013 552 3063 606 in
3113 553 3308 607 Annali
3352 552 3461 623 jam

172 654 369 725 gustini
417 651 715 707 sententiae.
750 670 769 703 ι
822 652 893 706 At
941 650 1062 706 huic
1101 666 1312 722 quoque
1340 649 1628 721 objectioni
1672 651 1767 705 ob-

174 748 315 803 viam
346 747 481 802 ierat
508 744 890 801 subtilissimus
916 745 1273 801 recentiorum
1300 744 1584 815 Vasquius,
1616 744 1769 814 cujus

174 856 239 897 ex
272 839 391 907 1-9.,
420 838 619 908 disput.
653 838 784 907 190,
818 840 982 895 verba
1015 840 1171 909 paulo
1197 849 1321 895 ante
1346 839 1610 905 dedimus,
1643 840 1768 894 item

174 932 432 1003 praeclare
463 941 596 1001 part.
633 932 687 997 1,
718 931 855 1001 disp.
888 933 981 999 80,
1014 947 1161 987 num.
1190 931 1256 986 21
1296 950 1307 983 :
1343 950 1361 984 ‹
1399 932 1657 1000 Tametsi,
1685 934 1768 987 in-

178 1024 314 1093 quit,
335 1023 559 1078 aliorum
590 1022 807 1079 Patrum
837 1024 1127 1080 auctoritas
1149 1025 1200 1079 in
1231 1024 1374 1079 omni
1406 1024 1772 1080 controversia

175 1116 356 1186 magni
386 1115 639 1185 ponderis
669 1116 808 1185 apud
851 1131 1039 1173 omnes
1081 1132 1203 1172 esse
1233 1117 1446 1183 debeat,
1481 1118 1532 1172 in
1570 1117 1667 1172 bac
1696 1127 1773 1171 ta-

181 1224 331 1276 men,
366 1208 433 1264 de
460 1225 563 1278 qua
589 1225 741 1267 nunc.
760 1208 952 1280 agitur,
978 1223 1110 1265 unus
1140 1224 1240 1264 ano
1266 1224 1461 1264 uuuns
1482 1208 1611 1263 mihi
1634 1223 1773 1265 sem-

184 1318 284 1374 per
314 1304 415 1359 erit
458 1305 817 1373 Aucus'ruvus,
851 1318 956 1359 non
987 1305 1160 1358 solum
1208 1304 1351 1373 quod
1402 1304 1638 1357 omnium
1685 1302 1775 1372 qui

179 1398 318 1452 bene
346 1397 583 1453 sentiunt
605 1397 890 1467 plurimum
914 1399 1166 1460 emineat,
1196 1416 1215 1449 ι
1244 1406 1345 1452 etc.
1383 1398 1447 1452 At
1471 1397 1613 1467 quod
1636 1411 1775 1466 pra:-

178 1492 399 1546 miserat
437 1492 677 1547 Anuatus
706 1493 925 1559 ibidem,
961 1507 1078 1563 pag.
1119 1491 1224 1545 909
1258 1510 1269 1544 :
1310 1510 1328 1543 r
1365 1491 1439 1545 Ex
1470 1491 1661 1560 quibus
1702 1490 1777 1545 li-

178 1585 345 1654 quido
360 1593 566 1640 constat
585 1595 839 1656 quantum
859 1586 1158 1657 Augustino
1177 1584 1517 1639 tribuendum
1540 1584 1775 1638 Ecclesia

184 1678 419 1743 censuit,
438 1687 639 1732 tantum
663 1677 780 1733 aliis
799 1693 1012 1749 quoque
1028 1676 1273 1732 Patribus
1296 1675 1633 1731 tribuendum
1658 1688 1779 1731 esse

180 1769 536 1838 Augustinum
576 1769 748 1839 ipsum
781 1769 1076 1835 censuisse,
1114 1787 1133 1821 ›
1172 1768 1293 1835 hoc,
1329 1769 1543 1837 inquam
1565 1807 1579 1832 ,
1614 1768 1775 1837 plane

1870 644 2067 701 defessi
2114 643 2418 713 praesidium
2460 644 2669 714 prosilit
2713 644 2999 713 Moraines,
3034 644 3247 701 diverso
3282 655 3460 701 tamen

1871 750 2144 791 armorum
2176 750 2373 806 genere
2419 736 2471 791 in
2522 739 2876 807 Augustinum
2930 739 3339 809 impressionem
3390 742 3465 793 la-

1871 830 2042 883 ciens.
2078 828 2289 883 Etenim
2341 843 2447 898 quo
2493 830 2779 899 pontiﬁcis:
2810 832 3213 901 approbationis
3256 822 3501 904 Augus-'

1874 924 1990 979 tino
2022 924 2161 979 data:
2204 923 2545 993 splendorem
2596 926 2895 992 imminuat,
2928 943 3034 983 non
3065 930 3291 1000 quidem
3325 931 3464 985 invi-

1874 1018 2065 1073 darum
2100 1018 2607 1088 interpretationum
2639 1021 2862 1076 nebulas
2905 1024 3147 1092 opponit,
3178 1024 3271 1079 sed
3314 1024 3467 1079 nobi-
3510 1004 3523 1036 ς’

1876 1116 2010 1171 liora
2038 1116 2105 1171 ab
2132 1116 2426 1186 apostolica
2458 1116 2587 1172 sede
2616 1117 2737 1171 aliis
2772 1118 3016 1174 Patribus
3047 1120 3239 1176 tradita
3266 1136 3468 1190 praeco-

1876 1206 1962 1261 nia
1998 1207 2262 1277 proponit,
2310 1222 2537 1278 quorum
2586 1212 2991 1278 comparatione
3040 1212 3128 1267 illa
3173 1215 3471 1285 Augustino

1877 1300 2052 1356 delata
2093 1303 2299 1356 minora
2330 1301 2489 1374 longe
2520 1312 2877 1371 censeantur;
2911 1320 3015 1376 quo
3046 1321 3175 1361 sane
3207 1318 3361 1375 pacto
3388 1310 3471 1362 sol

1882 1410 1988 1450 non
2019 1396 2222 1450 umbris
2252 1396 2492 1465 quidem,
2524 1396 2617 1451 sed
2646 1399 2905 1453 immensa
2936 1400 3320 1468 propemodum
3354 1401 3473 1457 luce

1879 1502 2309 1557 quaquaversum
2362 1488 2654 1544 irradiante
2703 1488 2983 1543 minimum
3031 1491 3267 1545 candela:
3296 1492 3474 1560 splen-

1880 1578 2065 1634 dorem
2099 1580 2344 1646 suﬁ‘ocat,
2380 1581 2695 1651 nullumque
2724 1598 2861 1651 pene
2893 1582 3039 1640 facit.
3076 1583 3264 1639 Altiori
3298 1585 3475 1653 itaque

1881 1688 2013 1730 voce
2042 1675 2259 1730 insultat
2293 1678 2558 1733 Moraines
2588 1678 2641 1732 in
2671 1677 2987 1747 praafatione
3009 1678 3075 1733 ad
3099 1677 3432 1733 orthodoxos
3458 1695 3473 1731 :

1889 1786 1907 1819 ‹
1938 1769 2164 1836 Quando
2189 1769 2389 1824 dictum
2418 1780 2501 1827 est
2530 1771 2598 1826 de
2630 1772 2847 1842 scriptis
2890 1773 3171 1844 Augustini
3202 1774 3268 1827 ab
3297 1774 3477 1844 aliquo

185 1862 378 1918 falsum
410 1872 531 1929 est;
568 1880 687 1918 nam
735 1865 857 1920 licet
886 1864 937 1919 in
984 1865 1136 1919 libris
1182 1874 1366 1920 contra
1398 1865 1662 1920 lulianum
1705 1879 1772 1919 ex
1804 1873 1853 1933 Β
1884 1863 2136 1930 pontifice
2184 1864 2355 1931 legem
2399 1865 2695 1932 sanciente,
2747 1867 2889 1935 quod
2937 1866 3071 1922 dixit
3114 1868 3364 1923 Gelasius
3410 1868 3477 1923 de

180 1956 383 2011 sanctis
414 1955 662 2010 Patribus
698 1966 971 2027 peccatum
1015 1958 1273 2027 originale
1321 1958 1487 2013 fusius
1529 1972 1778 2027 compro-

182 2047 417 2115 baverit,
447 2049 682 2120 itemque
714 2050 764 2104 in
812 2049 948 2104 libro
978 2048 1046 2105 de
1092 2048 1272 2106 Gratia
1304 2048 1503 2103 Christi
1535 2049 1775 2117 ejusdem

184 2143 371 2211 gratia:
402 2143 799 2209 necessitatem,
832 2152 1064 2198 attamen
1097 2142 1621 2212 praedestinationem
1653 2151 1778 2197 ante

185 2239 417 2304 praevisa
462 2238 652 2292 merita
700 2238 1024 2292 instantibus
1071 2236 1510 2302 Massiliensibus,
1555 2245 1609 2290 et
1637 2236 1780 2291 nolle

186 2341 245 2382 se
276 2328 425 2383 illam
458 2330 675 2384 credere
698 2328 1106 2395 alﬁrmantibus,
1139 2329 1238 2384 nisi
1272 2338 1513 2384 veterum
1541 2344 1602 2384 ea
1629 2328 1697 2384 de
1722 2344 1781 2385 re

187 2423 497 2479 testimonia
526 2424 868 2494 produceret,
894 2422 1173 2493 respondit
1204 2421 1296 2477 lib.
1328 2424 1394 2477 de
1424 2422 1779 2477 Praedestina-

182 2518 339 2571 tione
376 2526 701 2584 sanctorum,
735 2533 857 2586 cap.
889 2518 957 2571 14
986 2534 999 2569 :
1040 2534 1059 2568 ε
1095 2514 1233 2583 Quid
1262 2515 1422 2587 igitur
1449 2531 1584 2585 opus
1612 2525 1693 2571 est
1724 2525 1781 2569 ut

183 2625 373 2666 eorum
405 2624 704 2667 scrutemur
754 2612 1008 2681 opuscula
1039 2612 1151 2681 qui,
1186 2610 1491 2681 priusquam
1521 2610 1621 2664 ista
1667 2609 1780 2663 bae-

194 2704 338 2756 resis
379 2704 629 2768 oriretur,
680 2719 787 2758 non
835 2703 1136 2758 habuerunt
1178 2704 1551 2759 necessitatem
1582 2703 1634 2756 in
1681 2702 1782 2757 hac

187 2795 398 2851 difﬁcili
422 2797 485 2851 ad
512 2797 826 2853 solvendum
857 2797 1152 2867 quaestione
1172 2796 1398 2861 versari,
1422 2795 1562 2866 quod
1594 2796 1781 2866 procul

185 2887 356 2943 dubio
404 2888 639 2945 facerent
677 2888 720 2943 si
770 2889 1097 2959 respondere
1142 2890 1335 2945 talibus
1381 2898 1719 2959 cogerentur.
1755 2906 1773 2939 ›

184 2980 253 3035 At
300 2997 425 3053 cap.
459 2982 526 3038 19
563 2983 630 3037 de
663 2982 813 3037 Dono
863 2982 1275 3051 perseverantiae
1320 2996 1418 3051 pro
1464 2997 1523 3037 se
1562 2981 1779 3036 adducit

184 3072 533 3130 Ambrosium
565 3083 621 3130 et
664 3072 1006 3146 Cyprianum,
1059 3089 1127 3130 ex
1183 3074 1372 3144 quibus
1417 3086 1521 3129 non
1566 3074 1780 3128 disertis

184 3166 393 3231 verbis,
422 3166 516 3221 sed
548 3181 642 3237 per
694 3167 1049 3222 necessariam
1081 3165 1369 3221 illationem
1417 3180 1566 3219 suam
1609 3165 1778 3234 ipsius

1882 1954 2114 2008 mirabili
2143 1954 2232 2008 illa
2264 1956 2490 2024 epistola
2523 1956 2718 2012 Leonis
2748 1957 2919 2028 Magni
2951 1959 3017 2013 ad
3048 1959 3389 2026 Flavianum,
3421 1969 3480 2015 ut

1882 2047 1929 2099 si
1975 2045 2093 2115 quis
2133 2046 2278 2101 illam
2331 2063 2434 2102 non
2467 2048 2775 2104 admitteret
2822 2064 2991 2121 usque
3030 2052 3097 2107 ad
3140 2068 3303 2108 unum
3345 2054 3473 2120 iota,

1883 2137 2167 2194 anathema
2199 2140 2390 2196 esset?
2429 2159 2449 2193 ι
2484 2141 2679 2196 Verum
2722 2143 2842 2212 quis
2887 2159 2993 2198 non
3029 2144 3208 2201 videat
3250 2147 3478 2203 eximias

1885 2231 2006 2286 illas
2032 2232 2100 2287 de
2130 2232 2327 2288 Leonis
2371 2234 2560 2289 litteris
2592 2236 2779 2291 laudes
2824 2236 2875 2289 in
2920 2238 3276 2308 Augustinum
3326 2240 3481 2308 plene

1884 2322 2138 2380 devolvi?
2165 2326 2443 2381 Celebrem
2476 2326 2621 2382 illam
2648 2326 2841 2383 Leonis
2867 2329 3148 2398 epistolam
3178 2331 3244 2385 ad
3274 2332 3483 2388 Flavia-

1884 2433 2010 2473 num
2040 2432 2069 2473 a
2099 2428 2286 2475 sancto
2315 2420 2584 2491 Prospero
2611 2422 2890 2491 Augustini
2920 2423 3185 2493 discipulo
3217 2426 3484 2498 composi-

1885 2519 1993 2566 tam
2042 2510 2209 2566 fuisse
2253 2520 2510 2567 constans
2556 2528 2661 2567 non
2709 2513 2870 2569 modo
2913 2512 3248 2585 Latinorum,
3296 2533 3481 2573 verum

1882 2604 2044 2658 etiam
2089 2604 2399 2660 Graecorum
2444 2604 2626 2674 opinio
2673 2613 2775 2660 est.
2831 2605 3093 2662 Baronius
3135 2607 3384 2663 audiatur
3431 2611 3483 2664 in

1886 2697 2029 2753 notis
2061 2697 2449 2769 Martyrologii,
2500 2699 2563 2753 ad
2608 2697 2750 2753 diem
2797 2697 2868 2754 25
2897 2698 3066 2767 Junii,
3098 2701 3187 2756 ubi
3224 2700 3293 2755 de
3322 2699 3477 2757 Pros-

1886 2804 2016 2858 pero
2060 2789 2172 2844 ait:
2214 2809 2233 2842 ‹
2274 2791 2391 2845 Ado
2442 2790 2766 2845 Viennensis
2814 2801 2869 2847 et
2916 2792 3008 2847 alii
3068 2793 3284 2849 tradunt
3338 2796 3481 2849 hunc

1884 2880 2046 2937 fuisse
2091 2883 2158 2938 ab
2206 2883 2448 2953 epistolis
2502 2892 2687 2940 sancto
2740 2884 2905 2941 Leoni
2956 2901 3146 2956 papae,
3198 2888 3267 2943 ab
3310 2903 3483 2959 eoque

1884 2975 2085 3043 scripta
2118 2974 2287 3030 fertur
2333 2975 2691 3031 famosissima
2719 2977 2804 3031 illa
2833 2978 3055 3048 cpistola
3087 2980 3255 3035 sancti
3285 2980 3483 3036 Leonis

1884 3067 1952 3122 ad
1982 3066 2291 3123 Flavianum
2322 3068 2388 3124 de
2422 3068 2799 3125 lncarnatione
2830 3069 3015 3140 Verbi,
3048 3072 3191 3141 quod
3224 3089 3329 3128 non
3359 3082 3480 3129 tau-

1887 3171 1997 3216 tum
2027 3162 2359 3230 Gennadius,
2393 3163 2659 3219 Honorius
2691 3172 2747 3219 et
2790 3165 2878 3219 alii
2924 3164 3261 3234 Latinorum,
3305 3168 3398 3222 sed
3431 3178 3484 3224 et

184 3260 518 3315 sententiam
568 3258 800 3330 colligit.
850 3258 1033 3329 Igitur,
1078 3257 1259 3328 judice
1305 3259 1620 3327 Augustino,
1677 3273 1780 3312 non
1810 3258 1856 3323 ρ
1887 3252 2224 3308 Marcellinus
2273 3268 2458 3308 comes
2500 3262 2729 3309 testatur
2773 3255 2827 3309 in
2858 3255 3129 3312 Chronico
3156 3258 3258 3313 sub
3286 3274 3485 3315 consu-

184 3366 317 3421 opus
349 3361 421 3405 est
451 3360 507 3405 ut
534 3367 711 3407 eorum
735 3351 954 3407 Patrum
981 3357 1268 3405 scrutemur
1297 3351 1562 3421 opuscula,
1598 3349 1686 3405 ubi
1716 3349 1784 3405 de

184 3444 419 3513 gratuita
474 3444 943 3513 praedestinatione
998 3443 1306 3499 disseritur.
1366 3445 1437 3496 At
1494 3442 1659 3498 libros
1715 3442 1783 3498 de

186 3534 672 3592 Pmdestinatione
715 3543 1021 3591 sanctorum
1053 3543 1108 3591 et
1148 3534 1217 3590 de
1248 3535 1399 3589 Dono
1430 3548 1781 3604 perseveran-

188 3628 273 3684 tiae
308 3628 626 3684 Hormisdas
655 3629 1074 3699 commendavit,
1106 3630 1173 3684 ad
1205 3643 1297 3684 eos
1328 3644 1425 3685 nos
1453 3629 1669 3684 remisit
1696 3644 1785 3701 sy-

190 3722 374 3776 nodus
402 3722 763 3778 Sardiniensis
791 3722 1034 3777 exsulum
1077 3722 1453 3791 episcoporum
1482 3736 1547 3776 ex
1580 3720 1782 3787 Africa,

191 3814 452 3871 Clemens
478 3815 639 3871 etiam
672 3814 791 3871 VIII
818 3814 1137 3870 sententiam
1171 3814 1380 3869 Molinae
1411 3814 1478 3869 de
1508 3814 1786 3884 praedesti—

189 3907 416 3962 natione
463 3907 606 3969 iuxta
655 3907 828 3962 sancti
869 3906 1105 3962 doctoris
1149 3906 1341 3976 dogma
1372 3907 1783 3961 examinandam

186 3997 389 4068 jussit;
422 4013 527 4053 non
568 3998 726 4069 igitur
751 4012 811 4054 ea
859 3999 909 4052 in
953 3998 1247 4068 quaestione
1292 4006 1495 4053 tantum
1540 3998 1789 4068 Augusti-

190 4109 296 4149 nus
333 4092 518 4148 tribuit
545 4092 661 4148 aliis
700 4090 974 4161 Patribus,
1004 4100 1262 4163 quantum
1292 4092 1394 4163 ipsi
1424 4090 1665 4149 Ecclesia
1697 4093 1788 4147 de-

188 4187 329 4242 tulit.

262 4300 371 4355 His
427 4300 641 4357 tandem
701 4309 970 4372 postremo
1037 4301 1239 4372 impetu
1293 4308 1479 4356 contra
1535 4300 1787 4355 librorum

193 4394 374 4449 sancti
424 4393 705 4465 Augustini
747 4393 1186 4465 approbationem
1230 4392 1371 4448 idem
1411 4395 1655 4447 Annatus
1696 4391 1791 4446 de-

194 4495 397 4551 certat,
426 4502 546 4559 pag.
575 4489 670 4544 911
708 4489 1041 4559 contendens
1072 4504 1087 4542 :
1120 4506 1138 4540 ι
1175 4487 1435 4543 Omnibus
1466 4488 1572 4543 illis
1600 4503 1792 4558 appro-

190 4580 503 4637 bationibus
548 4595 681 4650 quas
709 4580 1005 4637 obtendunt
1034 4580 1566 4652 Nov-Augustiniani,
1598 4581 1795 4636 doctri~

1890 3347 2001 3401 latu
2031 3347 2234 3418 Olybrii
2269 3359 2322 3401 et
2353 3348 2583 3403 Rustici.
2620 3367 2639 3401 ι
2678 3348 2776 3404 Hic
2806 3356 2889 3405 est
2917 3350 3006 3406 ille
3037 3351 3290 3422 PrOSper,
3324 3369 3482 3423 quem

1886 3439 2129 3495 Annatus
2172 3442 2283 3508 ipse
2316 3441 2408 3494 lib.
2445 3457 2500 3507 η,
2527 3456 2646 3512 cap.
2681 3441 2733 3507 5,
2766 3441 2876 3512 52,
2906 3458 3026 3514 pag.
3060 3444 3182 3512 I79,
3215 3462 3235 3497 ι
3271 3444 3482 3502 Prima-

1885 3532 2023 3588 rium
2072 3549 2135 3589 ac
2168 3534 2468 3603 proximum
2502 3535 2787 3603 Augustini
2831 3535 3175 3606 discipulum,
3206 3538 3297 3608 qui
3338 3538 3484 3593 visus

1887 3638 1970 3686 est
2001 3630 2142 3686 illius
2170 3642 2224 3687 et
2250 3647 2396 3687 arma
2430 3641 2484 3688 et
2509 3634 2652 3688 vices
2679 3635 2913 3704 gessisse
2940 3636 3007 3690 ad
3043 3638 3292 3693 tuendam
3323 3654 3481 3709 quam

1887 3722 2055 3777 veluti
2079 3723 2326 3793 deposito
2357 3733 2638 3794 acceperat
2665 3726 2780 3795 ejus
2804 3727 3127 3785 doctrinam.
3154 3749 3173 3782 ι
3200 3729 3329 3797 Quis
3354 3746 3484 3786 vero

1890 3824 2049 3885 neget
2090 3815 2296 3870 delatas
2326 3817 2590 3886 discipulo
2643 3818 2830 3875 laudes
2874 3820 2926 3874 in
2978 3821 3293 3891 magistrum
3341 3823 3487 3879 deri-

1890 3906 2061 3961 vare?
2092 3906 2355 3975 Profecto,
2384 3909 2428 3963 si
2460 3919 2677 3965 sanctus
2707 3912 2952 3967 Gelasius
2975 3912 3170 3970 Leonis
3200 3916 3481 3985 epistolam

1891 4009 2061 4067 usque
2090 3998 2155 4051 ad
2181 3999 2459 4054 minimum
2492 4000 2598 4056 iota
2627 4002 2989 4072 recipiendam
3020 4006 3175 4074 dixit,
3208 4007 3350 4064 idem
3384 4026 3485 4067 nec

1896 4102 2057 4142 unum
2084 4088 2191 4143 iota
2225 4090 2629 4161 Augustinianae
2668 4093 2932 4149 doctrinae
2970 4094 3317 4168 improbavit,
3354 4101 3485 4170 imo,

1891 4190 1951 4236 ut
1979 4196 2123 4252 saepe
2152 4182 2205 4237 in
2235 4182 2424 4239 faciem
2454 4184 2843 4243 recentioribus
2872 4187 3070 4244 illisum
3114 4200 3218 4258 est,
3260 4192 3345 4249 vel
3380 4194 3486 4249 illae

1895 4274 2179 4343 Augustini
2210 4278 2512 4345 sententiae,
2543 4295 2661 4349 quae
2686 4279 2834 4336 falsa:
2865 4298 2960 4337 seu
2993 4284 3142 4338 durae
3169 4285 3273 4339 illis
3296 4286 3485 4344 viden-

1896 4374 2005 4431 tur,
2037 4366 2105 4422 ab
2134 4382 2199 4423 eo
2227 4370 2483 4439 pontiﬁce
2512 4371 2770 4429 Ecclesia:
2812 4375 3091 4432 inculcata:
3122 4388 3268 4448 sunt,
3297 4382 3391 4449 qui
3422 4396 3488 4437 ex

1895 4458 2133 4529 Vasquio
2161 4459 2259 4515 fuit
2285 4477 2375 4531 per
2412 4464 2584 4517 omnia
2614 4465 3044 4537 Augustinianus.

1970 4576 2154 4643 Quatit
2213 4592 2399 4631 rursus
2455 4564 2724 4636 Moraines
2784 4582 2985 4638 ibidem
3050 4584 3491 4653 Augustinianam

192 4692 315 4732 nam
350 4676 630 4745 Augustini
662 4674 948 4731 universim
970 4674 1277 4746 approbari,
1306 4675 1505 4730 nullam
1528 4689 1654 4730 vero
1675 4690 1797 4730 esse
1823 4645 1877 4711 Β
1904 4670 2281 4725 auctoritatem
2338 4670 2537 4739 duplici
2597 4674 2766 4729 ariete
2821 4673 3144 4729 Alexandria
3190 4678 3416 4734 advecto
3474 4699 3486 4733 :

191 4787 315 4843 qua:
371 4771 527 4827 cadat
571 4771 623 4825 in
669 4772 844 4825 omnia
891 4778 947 4825 et
988 4770 1191 4839 singula
1223 4770 1339 4839 ejus
1381 4771 1593 4840 placita.
1637 4789 1656 4822 ι
1694 4772 1795 4825 Re-

192 4875 410 4922 coetam
456 4864 1035 4934 Semi-Pelagianorum
1081 4864 1349 4919 crambem
1392 4863 1645 4932 reponit:
1678 4875 1794 4920 ete-

192 4962 307 5014 nim
350 4971 473 5012 cum
517 4965 735 5012 sanctus
764 4954 1088 5012 Ctelestinus
1119 4956 1285 5011 libros
1317 4955 1486 5011 sancti
1517 4955 1794 5025 Augustini

193 5050 497 5114 laudasset,
531 5048 607 5102 illi
638 5062 757 5103 eam
785 5047 1306 5104 commendationem
1336 5047 1615 5118 Augustini
1645 5048 1793 5104 libris

193 5141 492 5198 universim
541 5149 747 5197 tantum
796 5141 1043 5195 traditam
1093 5140 1364 5206 dicebant,
1414 5154 1573 5209 quam
1611 5149 1788 5197 tamen

194 5234 494 5305 prioribus,
545 5247 651 5289 non
683 5241 808 5288 Item
835 5232 1120 5303 postremis
1152 5233 1394 5304 ejusdem
1423 5233 1785 5289 voluminibus

192 5325 436 5381 delatam
485 5340 605 5381 esse
660 5324 1092 5392 contendebant,
1146 5333 1332 5381 contra
1386 5341 1520 5394 quos
1569 5334 1789 5381 sanctus

195 5414 437 5485 Prosper
478 5414 691 5486 egregie
726 5415 781 5469 in
812 5416 919 5471 ﬁne
947 5415 1063 5471 libri
1092 5424 1276 5472 contra
1304 5416 1646 5481 Collatorem,
1678 5432 1796 5487 cap.

196 5505 296 5573 42,
320 5509 443 5562 haec
466 5507 690 5562 scribit:
722 5526 740 5559 ‹
770 5506 1076 5578 Agnoscant
1095 5508 1509 5564 calumniatores
1531 5510 1802 5578 superﬂuo

196 5614 258 5654 se
288 5600 536 5669 objicere
569 5598 713 5669 quod
760 5599 846 5654 bis
888 5598 1040 5655 libris
1090 5614 1195 5656 non
1227 5601 1460 5669 speciale
1490 5615 1662 5670 neque
1692 5600 1803 5655 dis-

195 5699 417 5748 eretum
443 5689 805 5746 testimonium
835 5690 906 5745 sit
928 5690 1273 5760 perbibitum,
1307 5705 1533 5761 quorum
1559 5692 1611 5745 in
1640 5706 1804 5748 cunc-

200 5786 273 5840 tis
326 5783 691 5839 voluminibus
743 5796 929 5838 norma
980 5784 1273 5848 laudatur;
1322 5784 1618 5855 apostolica
1664 5785 1806 5839 enim

196 5880 393 5945 sedes,
423 5878 562 5948 quod
603 5892 631 5930 a
682 5876 1025 5948 priecognitis
1066 5877 1171 5933 sibi
1220 5892 1325 5933 non
1374 5878 1641 5947 discrepat
1685 5892 1804 5933 cum

496 5997 770 6054 Pauor.
820 5990 1073 6053 XLVII.

1910 4781 1929 4815 ι
1964 4764 2094 4830 Quis
2120 4778 2379 4833 unquam,
2413 4772 2508 4830 ait,
2540 4765 2727 4819 habuit
2778 4766 2961 4837 Cyrilli
3011 4769 3358 4825 Alexandrini
3398 4787 3491 4826 au-
3533 4752 3548 4797 ι’

1903 4858 2211 4913 ctoritatem
2233 4857 2285 4912 in
2309 4862 2597 4914 scribendo
2622 4872 2730 4914 non
2762 4866 2967 4914 tantum
3029 4860 3081 4915 in
3129 4863 3333 4931 synodo
3363 4881 3490 4935 pro-

1902 4950 2117 5004 vinciali
2146 4958 2240 5005 aut
2269 4950 2553 5015 nationali,
2582 4951 2678 5006 sed
2709 4951 2761 5005 in
2786 4952 3017 5008 concilio
3041 4956 3276 5024 generali
3308 4957 3491 5027 Ephe-

1905 5042 2046 5108 sino,
2070 5050 2129 5097 ut
2159 5042 2274 5113 ipse
2296 5057 2393 5113 per
2415 5057 2477 5099 se
2492 5044 2757 5100 scriberet
2773 5043 3284 5116 Anatbematismos,
3303 5063 3492 5108 contra

1903 5151 2038 5207 quos
2068 5138 2270 5192 sentire
2314 5151 2379 5191 ac
2418 5137 2656 5193 scribere
2700 5135 2843 5193 idem
2876 5153 3043 5208 prope
3084 5151 3398 5199 censeretur
3430 5160 3493 5201 ac

1906 5228 2029 5283 fidei
2056 5226 2372 5298 refragare?
2401 5230 2602 5284 Audire
2628 5229 2759 5283 mihi
2788 5228 2972 5285 videor
3005 5231 3165 5286 alium
3188 5233 3277 5303 qui
3300 5234 3446 5291 dicat
3476 5250 3491 5295 :

1905 5319 2044 5388 Quid
2071 5320 2236 5391 ergo?
2262 5320 2587 5376 Athanasius
2612 5321 2772 5376 etiam
2801 5321 2891 5377 ille
2913 5338 3136 5392 magnus
3157 5325 3326 5382 eritne
3357 5343 3495 5384 unus

1908 5412 1976 5469 de
2022 5428 2248 5469 numero
2297 5413 2528 5467 ﬁliorum
2559 5423 2614 5469 et
2657 5414 3040 5483 discipulorum
3070 5416 3377 5488 Augustini,
3402 5421 3495 5491 qui

1910 5509 2107 5565 dicitur
2131 5509 2249 5563 sine
2278 5508 2593 5578 exceptione
2620 5507 2780 5563 Pater
2806 5508 3043 5578 Patrum,
3092 5511 3279 5567 doctor
3303 5519 3495 5568 doctu-

1907 5615 2047 5664 rum,
2082 5608 2307 5654 caeteros
2333 5613 2521 5654 omnes
2548 5598 2716 5654 instar
2743 5600 2897 5669 primi
2925 5602 3096 5672 angeli
3118 5618 3216 5658 sua
3238 5604 3360 5660 luce
3379 5603 3496 5658 col-

1906 5691 2172 5745 lustrans?
2203 5710 2223 5743 ι
2247 5691 2386 5746 Sane
2415 5692 2603 5759 ingens
2637 5692 2913 5748 turbarum
2966 5696 3117 5765 origo
3146 5710 3280 5766 quas
3310 5696 3493 5764 Ephe-

1909 5784 2026 5837 siua
2078 5782 2315 5853 synodus
2363 5783 2431 5837 ab
2458 5783 2666 5839 Joanne
2693 5783 2992 5841 Antiochia:
3018 5789 3291 5857 episcOpo,
3322 5785 3495 5841 'I‘lieu-

1912 5876 2103 5932 doreto
2132 5885 2183 5931 et
2214 5876 2434 5946 collegis
2458 5878 2749 5949 episcopis,
2769 5889 2929 5951 atque
2949 5882 3015 5935 ab
3039 5882 3151 5951 ipso
3172 5881 3495 5950 imperatore

3018 5995 3091 6051 '26
