3962 6346
483 403 585 493 an

1388 399 1952 459 SUPPLEMENTL‘M
1991 397 2082 454 AD
2118 397 2348 458 OPERA
2386 399 2446 456 S.
2488 398 2882 457 AUGUSTINI.

3671 391 3788 449 812

481 519 790 580 Theodosio
818 533 973 591 passa
1006 526 1109 585 est,
1140 516 1268 573 inde
1309 516 1411 573 fuit
1438 517 1581 589 quod
1608 516 1911 575 Orientales
1954 515 2067 586 epl-
2094 518 2145 578 A
2176 533 2302 574 num
2331 519 2594 573 doctorem
2620 518 2909 584 doctorum,
2931 515 3108 587 palam
3142 515 3394 572 Patribus
3420 511 3787 571 contradicit.

483 618 637 686 scopi
670 612 861 682 privati
888 609 1125 666 hominis
1149 610 1471 665 auctoritate
1497 618 1726 665 statutos
1752 611 2077 664 Anathema-

483 708 675 763 tismos
700 702 1045 759 subscribere
1067 701 1414 769 recusabant,
1447 717 1608 773 quam
1652 709 1829 756 tamen
1859 708 2078 756 senten-

491 802 620 856 tiam
656 808 844 867 postea
872 796 1198 866 deposuere.
1228 795 1336 853 Sed
1358 796 1425 853 de
1450 794 1750 869 Augustino
1772 797 2072 867 loquamur.

485 892 586 947 ilic
611 890 681 946 ob
697 889 1019 960 sapientiam
1037 888 1415 945 Africanorum
1442 890 1796 947 conciliorum
1817 889 2076 961 ingenium

483 982 791 1054 appellatus
822 980 940 1037 fulti
968 980 1115 1037 idem
1147 984 1396 1038 universa
1414 995 1531 1039 acta
1555 983 1769 1038 concilii
1791 980 2079 1047 Numidiae,

487 1076 729 1145 itemque
783 1071 1248 1143 Carthaginensis,
1290 1074 1374 1127 cui
1424 1072 1785 1142 quidemfuon
1812 1071 2077 1138 adfuerat,

485 1182 553 1224 ex
586 1166 805 1223 Patrum
855 1164 1076 1220 decreto
1104 1162 1158 1219 in
1186 1161 1606 1220 commentarios
1643 1162 1843 1219 retulit.
1891 1162 1966 1217 De
1988 1161 2082 1217 illo

486 1259 676 1315 scribit
703 1257 937 1327 Prosper
964 1255 1019 1311 in
1050 1256 1156 1311 fine
1178 1254 1300 1312 libri
1328 1266 1516 1311 contra
1560 1255 1906 1323 Collatorem,
1939 1253 2083 1325 quod

486 1350 798 1406 Bonifacius
828 1363 988 1419 papa,
1022 1367 1041 1400 ι
1076 1364 1199 1403 cum
1240 1356 1385 1403 esset
1427 1347 1794 1416 doctissimus,
1825 1347 2084 1402 adversus

490 1443 659 1499 libros
717 1453 895 1497 tamen
951 1440 1361 1512 Pelagianorum
1406 1440 1467 1495 Β.
1518 1439 1802 1513 Augustini
1844 1438 2084 1510 episcopi

488 1550 750 1606 responsa
804 1535 1079 1604 poscebat.
1120 1554 1139 1586 ι
1174 1530 1460 1605 Augustini
1513 1534 1795 1591 sententiae
1848 1547 2085 1590 canones

489 1626 682 1700 synodi
705 1624 1051 1681 Arausicante
1070 1640 1133 1679 ac
1150 1622 1517 1680 Romanorum
1538 1627 1850 1696 pontificum
1870 1626 2086 1681 decreta

488 1736 746 1786 evasere;
779 1718 847 1775 de
873 1735 977 1789 qua
1018 1735 1078 1775 re
1135 1719 1440 1790 Decampsii
1484 1718 1706 1775 Jesuitae
1750 1721 1912 1775 verba
1961 1720 2085 1774 red-

483 1814 610 1871 dam
646 1833 658 1867 :
696 1832 713 1865 ι
753 1812 900 1879 Fuit,
944 1812 1140 1883 inquit,
1197 1812 1529 1883 Augustinus
1560 1811 1957 1880 quodammodo
1986 1810 2088 1866 Ec-

2183 614 2372 667 Doceri
2405 628 2465 667 se
2495 613 2563 668 ab
2588 612 2889 683 Augustino
2918 610 3086 667 voluit
3101 609 3439 676 Bonifacius;
3458 610 3789 682 magistrtus

2180 720 2413 763 nostrum
2436 708 2791 778 Augustinum
2817 705 3145 776 nuncupavit
3170 711 3387 759 sanctus
3414 701 3786 766 Celestinus;

2178 803 2248 859 ad
2263 803 2619 874 Augustinum
2636 800 2939 857 Orientales
2954 800 3169 857 remisit
3183 806 3403 855 sanctus
3418 794 3786 853 Hormisdas:

2180 907 2237 954 et
2260 912 2389 954 sane
2415 911 2572 953 suum
2596 896 2870 951 doctorem
2895 894 3135 951 Ecclesia
3156 889 3785 965 RomanaAugustinum

2178 990 2438 1061 appellat.
2494 989 2752 1045 Sanctum
2809 986 3075 1043 Thomam
3130 984 3413 1058 Augustini
3464 983 3786 1041 doctrinam

2178 1073 2426 1138 Secutum
2453 1094 2575 1138 esse
2597 1081 2759 1136 tradit
2785 1080 3036 1136 Urbanus
3058 1078 3100 1133 ν
3134 1079 3189 1134 in
3238 1076 3382 1133 bulla
3423 1077 3493 1134 de
3520 1074 3790 1132 Transis.

2183 1178 2330 1233 tione
2359 1177 2530 1232 sancti
2560 1175 2803 1230 Thema.
2855 1173 2933 1228 De
2983 1172 3149 1229 Scuto
3203 1170 3322 1226 haec
3358 1169 3559 1226 habent
3587 1168 3789 1222 Patres

2187 1269 2408 1340 Hispani
2460 1268 2747 1333 Minoritaa,
2777 1267 2829 1321 in
2862 1264 3045 1320 libello
3071 1262 3303 1333 supplici
3336 1263 3474 1333 apud
3503 1259 3789 1317 Patr-unis

2185 1362 2406 1430 Campo,
2440 1370 2585 1414 torno
2618 1360 2793 1428 primo
2823 1357 3075 1413 Historiae
3111 1356 3366 1425 August.,
3414 1353 3509 1408 lib.
3544 1368 3637 1418 tu,
3663 1366 3786 1420 cap.

2186 1458 2255 1513 50
2288 1475 2303 1511 :
2345 1474 2363 1507 ι
2403 1456 2554 1511 Adeo
2585 1451 2990 1523 Augustiniana:
3012 1449 3275 1505 doctrinae
3296 1447 3541 1502 addictus
3568 1444 3703 1511 fuit,
3739 1452 3790 1497 ut

2188 1550 2244 1604 in
2292 1547 2424 1603 solis
2481 1544 2798 1615 theologicis
2861 1542 3261 1597 commentariis
3308 1538 3674 1609 octingenties
3733 1549 3789 1589 ac

2187 1640 2504 1711 quindecies
2526 1646 2772 1692 sanctum
2802 1636 3161 1706 Augustinum
3192 1634 3245 1687 in
3273 1644 3491 1686 suarum
3524 1627 3791 1683 assertio-

2188 1749 2317 1791 num
2350 1742 2543 1788 testem
2577 1728 2879 1799 protulerit,
2912 1728 3071 1783 enixe
3099 1740 3209 1796 prae
3238 1722 3448 1780 caeteris
3474 1719 3790 1777 doctoribus

2190 1841 2445 1901 satagens
2485 1827 2633 1882 illius
2680 1831 2914 1879 mentem
2961 1820 3201 1876 intimius
3250 1827 3557 1889 penetrare,
3605 1832 3623 1866 ι
3672 1821 3787 1868 etc.

486 1908 667 1965 clesiaa
696 1915 1021 1978 praecentor,
1046 1922 1169 1961 cum
1196 1905 1453 1959 Romanis
1500 1903 1844 1975 pontificibus
1864 1913 1921 1960 et
1948 1919 2081 1959 con-
2111 1908 2161 1977 Β
2187 1925 2358 1993 Neget
2416 1922 2578 1992 igitur
2632 1916 2899 1974 Μοι-είηεε
2940 1915 3183 1978 Scotum,
3240 1920 3486 1967 sanctum
3517 1907 3787 1963 Thomam

487 2002 626 2057 ciliis
652 2016 748 2056 ore
779 1998 1009 2068 praeivit,
1035 1997 1180 2069 quod
1212 1999 1278 2053 de
1303 1996 1687 2067 superbissima
1727 1996 1918 2052 haeresi
1943 1996 2089 2067 judi-

489 2106 702 2151 carunt.
750 2092 874 2149 Fuit
925 2092 1103 2163 lingua
1159 2090 1437 2159 Ecclesiae,
1470 2106 1591 2145 cum
1621 2090 1739 2160 ejus
1767 2089 1945 2146 verbis
1994 2090 2089 2144 de-

492 2198 641 2243 creta
682 2195 942 2256 concepta
968 2194 1116 2251 sunt,
1146 2195 1200 2240 et
1223 2200 1342 2254 qua:
1368 2184 1517 2254 prius
1549 2183 1759 2239 fuerant
1805 2182 2089 2253 Augustini

493 2294 676 2340 voces,
711 2279 945 2349 Spiritus
990 2278 1167 2333 sancti
1222 2276 1441 2333 oracula
1484 2292 1604 2333 esse
1633 2287 1935 2347 cmperunt.
1969 2275 2091 2331 Fuit

492 2372 587 2428 ille
617 2370 972 2428 conciliorum
1004 2368 1112 2424 dux
1145 2377 1306 2440 atque
1334 2369 1634 2439 ingenium,
1681 2384 1803 2424 cum
1832 2369 1895 2424 iis
1926 2368 2091 2422 ratio-

493 2481 593 2522 nes
620 2474 675 2521 et
700 2473 1015 2535 argumenta
1067 2462 1515 2530 subministravit,
1568 2463 1762 2533 quibus
1815 2463 2089 2534 Pelagium

494 2557 722 2628 ejusque
752 2554 1045 2625 complices
1076 2556 1371 2627 fregerunt,
1397 2575 1415 2608 ι
1442 2567 1549 2611 etc.
1581 2556 1674 2611 His
1695 2556 1919 2627 collega:
1934 2555 2092 2611 dictis

492 2650 540 2704 si
570 2649 765 2715 credis,
787 2648 898 2719 jam
949 2648 1307 2718 Augustinum
1342 2644 1548 2719 Cyrillo
1574 2663 1758 2719 parem
1789 2649 2080 2718 conspicis.

493 2740 835 2797 Theodosius
862 2755 1001 2795 sane
1030 2738 1326 2809 imperator
1376 2754 1556 2808 parem
1588 2736 1792 2809 Cyrillo
1836 2738 2092 2809 Augusti-

492 2848 619 2888 num
643 2831 926 2903 judicavit,
959 2831 1088 2886 dum
1117 2832 1184 2885 ad
1211 2841 1497 2901 utrumque
1524 2833 1743 2887 Sacram
1777 2832 2090 2902 (imperato-

490 2924 567 2980 ris
596 2923 800 2980 lltteras
832 2924 904 2978 ita
924 2920 1214 2992 vocabant)
1245 2921 1463 2978 direxit.
1503 2920 1613 2977 lmo
1663 2922 1821 2994 longe
1850 2923 1971 2993 plus
1992 2921 2093 2997 ho-

491 3017 641 3074 noris
683 3017 989 3089 Augustino
1049 3016 1307 3070 tributum
1337 3030 1367 3068 a
1410 3014 1652 3085 principe
1698 3014 1837 3080 fuit;
1870 3028 1993 3069 nam
2023 3012 2092 3068 ad

492 3110 759 3183 Cyrillum
810 3109 890 3163 uti
939 3106 1341 3179 metropolitam
1396 3107 1636 3178 scripsit,
1685 3123 1792 3178 quo
1822 3107 2092 3180 synodum

498 3204 797 3277 cogendam
842 3201 1111 3273 episcopis
1162 3202 1516 3273 suifraganeis
1559 3202 1864 3269 intimaret;
1893 3208 1950 3256 at
1970 3216 2092 3255 cum

495 3298 566 3355 ad
617 3297 818 3356 Africa:
857 3297 1142 3368 primatem
1196 3295 1679 3367 Carthaginiensem
1726 3295 1915 3351 eadem
1948 3295 2016 3350 de
2038 3309 2096 3351 re
2122 3286 2169 3363 ζ]

496 3390 703 3462 pariter
721 3389 1152 3461 perscripsisset,
1170 3389 1411 3460 privatas
1441 3398 1615 3443 tamen
1644 3388 1712 3442 ad
1736 3388 2093 3458 Augustinum

498 3481 711 3539 litteras
741 3483 913 3550 misit,
938 3481 1102 3536 enixe
1125 3480 1373 3536 eumdem
1402 3494 1598 3551 rogans
1627 3490 1684 3535 ut
1706 3479 1914 3551 synodo
1936 3478 2095 3538 ades-

498 3583 605 3642 set,
651 3572 718 3631 de
764 3590 869 3645 qua
898 3589 959 3631 re
996 3571 1051 3630 in
1102 3572 1338 3628 Historia
1370 3570 1660 3644 Pelagiana
1688 3570 1927 3627 diximus
1955 3569 2095 3626 libro

498 3664 698 3741 primo,
731 3666 798 3723 ad
830 3680 1029 3721 annum
1058 3662 1185 3722 451.
1220 3664 1333 3721 1ωο
1366 3675 1605 3720 veterum
1638 3662 1959 3736 scriptorum
1989 3661 2096 3718 fide

496 3768 711 3820 constat
742 3758 1002 3833 Cyrillum
1061 3757 1495 3815 Alexandrinum
1536 3757 1712 3828 egisse
1753 3772 1849 3829 per
1887 3755 2095 3811 litteras

500 3868 623 3912 cum
665 3852 993 3920 Theodosio,
1042 3862 1103 3907 ut
1132 3860 1353 3907 sanctus
1379 3851 1713 3921 Augustinus
1735 3850 1801 3906 ad
1829 3848 2095 3921 synodum

497 3946 825 4019 Ephesiuam
858 3961 919 4002 se
947 3943 1221 4001 conferret
1255 3959 1269 3998 :
1300 3940 1518 3999 videbat
1562 3944 1704 3998 enim
1762 3950 1963 4013 quanto
1993 3940 2096 3998 sibi

498 4040 763 4098 adversus
794 4039 1149 4095 Nestorianos
1189 4036 1504 4108 adjumento
1538 4036 1747 4092 futurus
1788 4046 1930 4091 esset
1977 4050 2095 4089 ma-

498 4148 637 4205 gnus
666 4131 758 4187 ille
786 4130 895 4186 dux
924 4145 989 4186 ex
1040 4128 1310 4185 continuis
1356 4137 1541 4184 contra
1577 4128 1865 4183 haereticos
1896 4124 2094 4197 praeliis

502 4228 701 4284 erectis
730 4227 987 4296 trephaeis
1009 4233 1121 4281 toto
1141 4222 1272 4281 orbe
1298 4222 1707 4280 celeberrimus.
1732 4220 1904 4278 Porro
1932 4221 2096 4279 Atha-

506 4320 718 4375 nasium
750 4334 1003 4389 magnum
1051 4317 1201 4373 illum
1231 4317 1344 4372 Arii
1390 4318 1783 4388 antagonlstam
1811 4316 2097 4387 Augustini

504 4413 824 4484 discipulum
854 4412 1162 4483 neutiquam
1195 4410 1445 4479 facimus,
1471 4413 1565 4467 sed
1594 4418 1797 4466 motum
1826 4413 1893 4467 ab
1923 4411 2096 4466 Atha-

505 4510 659 4564 nasio
683 4508 941 4563 adversus
963 4506 1192 4561 Arianos
1218 4504 1440 4570 bellum,
1463 4506 1530 4561 ab
1549 4507 1849 4577 Augustino
1873 4504 2099 4562 feliciter

501 4598 719 4657 tandem
753 4597 1091 4669 profligatum
1124 4596 1434 4652 aSserimus.
1491 4595 1725 4652 Joannes
1761 4595 1947 4651 Rivius
1977 4592 2091 4652 Bel-

2194 2030 2378 2088 totque
2409 2016 2667 2071 Romanae
2691 2011 2953 2067 Ecclesiae
2982 2006 3268 2079 pontifices
3296 2004 3468 2060 sancti
3493 2000 3788 2071 Augustini

2193 2109 2486 2181 discipulos
2518 2108 2684 2161 fuisse
2707 2104 2982 2167 doctores,
3031 2114 3100 2154 ne
3128 2096 3456 2166 Augustinus
3484 2093 3595 2149 dici
3616 2092 3791 2162 possit

2194 2184 2373 2259 doctor
2404 2204 2690 2255 doctorum.
2724 2196 2895 2251 Video
2928 2203 3107 2249 tamen
3157 2191 3330 2263 ipsum
3376 2203 3484 2244 non
3539 2187 3649 2256 pati
3688 2185 3794 2239 sine

2194 2299 2491 2369 exceptione
2514 2293 2869 2365 Augustinum
2889 2288 2997 2345 dici
3016 2288 3297 2343 doctorem
3318 2284 3626 2339 doctorum.
3640 2279 3792 2335 Scias

2196 2368 2380 2460 itaque
2408 2396 2652 2444 sanctum
2701 2381 3061 2453 Augustinum
3112 2379 3167 2433 in
3216 2372 3680 2447 disputationibus
3730 2368 3793 2424 de

2193 2483 2403 2539 auxiliis
2449 2481 2637 2552 gratiae
2693 2492 2815 2533 esse
2865 2476 3143 2530 doctorem
3198 2472 3504 2533 doctorum,
3560 2465 3656 2521 sed
3690 2479 3790 2519 non

2194 2578 2477 2634 omnium:
2508 2588 2611 2629 non
2640 2571 2860 2643 quidem
2889 2584 3079 2626 eorum
3128 2566 3221 2635 qui
3271 2564 3449 2635 ipsum
3501 2572 3794 2633 praeesse-

2195 2682 2343 2740 runt,
2372 2683 2549 2740 neque
2571 2669 2714 2724 enim
2747 2665 2919 2736 potuit
2952 2664 3069 2717 illos
3110 2660 3330 2726 docere,
3380 2673 3563 2727 neque
3615 2665 3793 2726 poste-

2194 2766 2420 2827 riorum,
2454 2761 2546 2830 qui
2572 2760 2641 2815 ab
2666 2760 2783 2828 ipso
2811 2756 2999 2811 doceri
3027 2753 3336 2815 noluerunt,
3360 2764 3483 2818 quae
3506 2748 3609 2803 fuit
3627 2745 3793 2802 Semi-

2193 2855 2605 2924 Pelsgianorum
2634 2850 2898 2906 obdurata
2926 2845 3197 2916 superbia,
3230 2857 3291 2898 ac
3334 2851 3619 2911 conceptae
3669 2838 3793 2893 olim

2194 2946 2468 3018 opinionis
2517 2941 2868 2999 defendenda
2911 2938 3147 2996 effrenis
3178 2934 3395 2999 lubido;
3440 2943 3496 2988 at
3540 2932 3634 3002 qui
3662 2944 3795 2999 pra-

2194 3047 2480 3096 cesserunt
2511 3036 2870 3107 Augustinum
2914 3033 3103 3088 Patres
3150 3045 3257 3085 non
3302 3036 3433 3083 sunt
3471 3026 3725 3085 doctores
3746 3023 3795 3077 in
3879 3027 3884 3031 '

2200 3134 2424 3190 materia
2461 3131 2531 3187 de
2562 3130 2736 3200 gratia
2765 3142 2887 3183 cum
2943 3125 3241 3195 Augustino
3290 3118 3634 3187 conferendi,
3687 3117 3789 3187 qui,

2200 3235 2337 3284 teste
2354 3225 2652 3297 Augustino
2680 3238 2804 3292 cap.
2836 3221 2903 3277 14
2937 3219 3006 3276 de
3053 3215 3542 3273 Praedestinatione
3590 3220 3797 3267 sancto-

2201 3338 2344 3389 rum,
2370 3323 2435 3376 de
2454 3321 2624 3393 gratia
2650 3316 2750 3375 Dei
2773 3317 2901 3388 quid
2941 3316 3211 3381 sentirent,
3260 3313 3477 3368 breviter
3501 3310 3796 3379 quibusdam

2196 3415 2509 3484 scriptorum
2550 3428 2761 3468 suorum
2791 3409 2917 3465 locis
2944 3418 2994 3465 et
3021 3414 3349 3463 transeunter
3383 3405 3691 3475 attigerant.
3739 3402 3795 3457 Et

2203 3505 2462 3563 ridendus
2490 3504 2581 3560 ille
2606 3513 2753 3560 esset
2773 3503 2888 3573 qui.
2921 3501 3170 3571 sepositis
3192 3499 3481 3569 Augustini
3506 3496 3680 3561 libris,
3694 3495 3793 3550 vel-

2198 3602 2270 3657 let
2297 3598 2652 3671 quaastionum
2681 3597 2750 3654 tle
2776 3598 2943 3668 gratia
2972 3595 3300 3650 solutionem
3345 3601 3537 3662 petere
3567 3590 3640 3645 ab
3663 3588 3796 3643 Hila-

2200 3697 2283 3751 rio
2310 3694 2396 3750 vel
2429 3693 2757 3755 Athanasio;
2790 3689 2937 3746 unde
2963 3688 3056 3758 qui
3108 3688 3180 3743 de
3220 3686 3408 3741 divina
3458 3683 3635 3754 gratia
3668 3680 3795 3735 seri—

2200 3788 2390 3842 beutes
2416 3784 2711 3840 Ecclesiam
2741 3782 3095 3845 illustrarunt,
3112 3792 3301 3833 omnes
3313 3776 3491 3833 sancti
3518 3771 3794 3843 Augustini

2198 3878 2447 3949 discipuli
2504 3877 2675 3942 fuere,
2725 3875 2813 3946 qui
2845 3874 3048 3945 primus
3089 3879 3397 3926 sanctorum
3457 3867 3704 3930 Patrum,
3744 3872 3793 3918 et

2199 3973 2415 4046 quidem
2463 3973 2516 4029 in
2570 3970 2819 4028 doctrina
2857 3977 3063 4025 tantum
3110 3965 3179 4022 de
3226 3963 3398 4036 gratia
3426 3961 3673 4017 scholam
3700 3957 3792 4014 sibi

2199 4068 2349 4135 fecit,
2375 4067 2463 4124 cui
2485 4079 2684 4122 nomen
2713 4063 2914 4120 dedere
2944 4062 3198 4130 Prosper.
3230 4053 3573 4126 Fulgentius,
3607 4053 3787 4107 Petrus

2200 4162 2487 4226 Diaconus,
2522 4158 2856 4229 Eugyppius,
2884 4153 3173 4217 Caesarius,
3207 4148 3555 4211 Prudentius,
3580 4146 3785 4214 aliique,

2200 4261 2259 4309 ut
2280 4265 2405 4309 vero
2430 4249 2624 4307 doctor
2650 4248 2935 4305 doctorum
2968 4244 3179 4301 dicatur
3200 4241 3557 4314 Augustinus.
3585 4238 3786 4293 Illorum

2198 4358 2331 4402 vero
2360 4342 2725 4399 recentiorum
2782 4340 3059 4396 doctorem
3116 4328 3477 4405 Augustinum
3530 4341 3787 4400 nunquam

2205 4434 2698 4509 pronuntiabimus,
2758 4432 2850 4503 qui
2900 4431 3140 4503 ejusdem
3193 4427 3447 4498 discipuli
3497 4439 3623 4482 esse
3656 4421 3787 4478 dedi-

2200 4538 2454 4602 gnantur.
2488 4526 2846 4597 Augustinum
2900 4522 3115 4594 quidem
3150 4522 3351 4591 legunt,
3384 4531 3495 4573 non
3530 4526 3586 4571 ut
3615 4514 3785 4569 durent

2201 4622 2351 4677 illum
2375 4621 2624 4687 habeant,
2660 4617 2756 4675 sed
2776 4625 2836 4672 ut
2864 4622 3249 4687 praeconcepta'.
3276 4627 3389 4667 sure
3411 4609 3655 4681 ipsorum
3674 4603 3777 4674 opi—

499 4708 586 4766 ῧθν
617 4693 712 4750 “b'
741 4704 795 4749 Ν
823 4692 894 4748 de
924 4690 1047 4747 Vm
1076 4690 1249 4747 sane“
1280 4688 1591 4761 Augusu'm
1622 4705 1739 4760 cap'
1760 4688 1814 4757 θ’
1843 4688 1869 4761 5
1898 4690 1950 4757 δ’
1978 4690 2093 4760 ph"
2122 4684 2178 4750 Ῑ)
2205 4715 2439 4773 nationis
2468 4684 2789 4771 sectatorem
2822 4684 3089 4767 volentem
3117 4684 3395 4762 nulentem
3447 4700 3665 4765 faciant,
3700 4694 3782 4749 ad.

499 4787 650 4844 ribus
681 4785 845 4842 tradit
872 4799 1036 4841 unum
1070 4783 1430 4854 Augustinum
1462 4784 1829 4854 Arianismum
1855 4799 1882 4837 a
1908 4781 2099 4838 funda-

507 4879 706 4935 mentis
733 4877 1018 4945 evertisse,
1047 4876 1190 4947 quod
1220 4882 1344 4931 ante
1372 4874 1546 4944 ipsum
1598 4874 1735 4931 adeo
1765 4886 1952 4932 exacte
1981 4878 2099 4931 nul-

502 4971 589 5027 lus
615 4969 835 5027 Patrum
860 4970 1132 5041 praestitit.
1160 4968 1227 5025 Et
1250 4984 1381 5025 sane
1406 4980 1593 5025 contra
1618 4971 1847 5027 Arianos
1868 4979 1922 5026 et
1947 4972 2097 5027 libris

505 5075 562 5121 et
591 5065 759 5121 sacris
791 5063 1281 5121 declamationibus
1312 5078 1376 5119 ex
1407 5063 1648 5133 professo
1667 5072 1885 5120 sanctus
1908 5065 2097 5120 doctor

500 5159 792 5225 insudavit,
824 5174 928 5230 qua
960 5155 1027 5213 de
1057 5172 1115 5213 re
1144 5153 1423 5212 Possidius
1474 5164 1588 5211 toto
1629 5169 1748 5225 cap.
1785 5154 1851 5211 l7
1880 5158 1949 5212 de
1980 5156 2099 5212 Vita

503 5252 809 5323 Augustini.
832 5250 1035 5320 Quare,
1063 5252 1109 5307 si
1137 5259 1453 5321 argumenta
1478 5263 1541 5305 ac
1565 5250 1879 5305 testimonia
1902 5250 2097 5320 quibus

504 5342 623 5400 Arii
649 5352 851 5400 sectam
881 5343 1214 5415 Augustinus
1265 5341 1591 5413 expugnavit
1634 5342 1685 5396 in
1712 5340 2098 5397 consideratio-

502 5450 630 5496 nem
675 5438 914 5504 veniant,
948 5437 1250 5494 anteriores
1300 5435 1488 5491 Patres
1519 5443 1738 5491 sauctus
1768 5436 1954 5491 doctor
1982 5450 2095 5492 orn-

507 5530 659 5589 nlun.
686 5530 1018 5587 eruditorum
1044 5528 1248 5602 judicio
1290 5529 1446 5585 facile
1472 5529 1762 5600 superavit.

574 5624 743 5681 Instat
789 5638 977 5680 rursus
1024 5624 1334 5680 Moraines:
1377 5642 1395 5677 ι
1430 5622 1569 5691 Quid
1625 5624 1691 5679 de
1732 5623 2096 5697 Hieronymo?

499 5718 691 5777 Eritne
722 5718 887 5777 etiam
914 5717 1007 5775 ille
1031 5718 1312 5789 Augustini
1360 5718 1655 5789 discipulus
1685 5716 1765 5775 vel
1796 5719 1862 5777 de
1888 5719 2096 5791 angelis

498 5808 890 5870 inferioribus?
928 5829 947 5865 ›
986 5809 1092 5869 Sed
1122 5812 1300 5882 capite
1332 5812 1656 5881 prascedenti
1691 5812 1793 5868 hoc
1822 5812 2090 5885 objectum

492 5909 870 5966 refutavimus.
900 5909 1056 5978 Quod
1090 5924 1219 5965 vero
1250 5907 1383 5963 ttulit
1411 5909 1679 5966 Moraiues
1707 5911 1813 5966 dici
1834 5914 2091 5983 Augusti~

2201 4810 2365 4867 motis
2393 4808 2555 4864 etiam
2608 4815 2690 4861 tot
2734 4805 3089 4875 violentarum
3145 4793 3650 4867 interpretatloiium
3685 4802 3783 4843 ma-

2182 4903 2401 4977 ,chinis.
2421 4901 2668 4957 Armatus
2694 4899 2818 4954 totis
2854 4896 3003 4952 libris
3018 4904 3225 4966 septem
3251 4908 3416 4948 unum
3449 4888 3780 4960 Augustinum

2201 4996 2464 5068 appellat,
2498 4995 2746 5052 Morainii
2778 4992 3029 5048 volumen
3079 4989 3277 5045 millies
3324 4984 3617 5057 Augustini
3645 4992 3781 5036 voces

2207 5088 2420 5155 reddit;
2452 5088 2657 5143 istosne
2688 5084 2972 5155 Augustini
2995 5080 3286 5151 discipulos
3305 5078 3540 5134 dixerim
3557 5088 3611 5132 et
3633 5083 3781 5129 secta-

2206 5180 2386 5235 tores?
2422 5176 2599 5233 Videri
2632 5176 2846 5246 quidem
2878 5171 3129 5243 discipuli
3158 5167 3447 5242 Augustini
3478 5158 3781 5227 volunt,sed

2206 5270 2329 5327 flete
2355 5272 2464 5325 cito
2495 5270 2549 5323 in
2595 5277 2841 5324 naturam
2870 5282 3021 5322 suam
3052 5263 3305 5321 redeunt.
3338 5260 3478 5317 Hinc
3510 5252 3779 5321 Homines,

2204 5378 2326 5419 cum
2357 5362 2411 5417 iu
2442 5360 2760 5433 praefatione
2789 5359 2856 5415 ad
2886 5357 3245 5425 orthodoxos,
3297 5369 3459 5426 quam
3512 5367 3611 5408 suo
3651 5350 3781 5433 Anti-

2205 5430 2463 5510 Jansenio
2492 5452 2740 5523 prmfixit,
2774 5450 3060 5521 Augustini
3092 5450 3299 5513 laudes,
3340 5462 3413 5502 ne
3440 5461 3505 5500 ea
3534 5446 3587 5499 in
3617 5457 3672 5498 re
3696 5430 3778 5494 ati-

2204 5550 2443 5607 versario
2473 5549 2667 5605 cedere
2698 5556 3035 5615 censeretur,
3066 5546 3370 5612 recitasset,
3413 5541 3668 5613 paulatim
3702 5548 3782 5606 pa-

2207 5645 2515 5718 negyricum
2546 5646 2599 5699 in
2627 5653 2861 5717 satyram
2892 5641 3078 5711 vertit,
3106 5649 3361 5697 strenuus
3388 5635 3777 5710 Angustiuiante

2203 5739 2390 5811 gloria:
2431 5739 2765 5806 decurtatur,
2811 5736 2901 5807 qui
2943 5736 3101 5791 initio
3130 5734 3351 5805 quidem
3376 5746 3494 5790 non
3524 5729 3774 5796 inelegans

2201 5831 2448 5902 ejusdem
2502 5842 2777 5902 promotor
2832 5829 3136 5886 videbatur.
3173 5828 3376 5885 Eadem
3409 5829 3497 5883 via
3524 5828 3771 5882 Annatum

2201 5927 2365 5984 ivisse
2401 5942 2472 5984 ex
2516 5926 2681 5983 dictis
2708 5926 2866 5981 initio
2890 5938 3011 5995 cap.
3062 5924 3094 5977 5
3130 5930 3301 5994 patet.
3327 5921 3461 5991 Quis
3488 5920 3625 5977 enim
3652 5924 3771 5984 ριἐο
