3962 6346
216 322 329 381 ΜΞ

1393 319 1507 376 VIN
1517 318 1721 377 DICIE
1761 320 2323 380 AUGUSTINIANAE.

3397 324 3501 379 8H

216 450 501 513 posterum
531 440 764 499 heminis
794 440 1086 497 consilium
1124 454 1231 496 non
1258 438 1499 510 irrideat,
1546 443 1637 514 qui
1686 458 1808 499 cum
1836 448 1885 509 Α
1916 443 2053 501 lucis
2102 444 2404 515 Augustino
2455 441 2696 511 attribui,
2747 451 2806 498 ut
2853 443 3136 501 universos
3182 444 3501 499 subsecutus

215 535 287 590 ad
316 533 601 606 Augustini
633 534 865 591 tribunal
887 544 1094 604 septem
1135 534 1287 592 libris
1322 550 1444 592 cum
1473 534 1814 593 Jausenianis
1917 526 2171 592 doctores
2201 534 2467 592 irradiare
2492 534 2749 606 potuerit,
2781 543 2836 591 et
2856 546 3256 592 antecessorum
3283 535 3499 589 Patrum

214 627 574 699 disputasset,
605 638 769 700 atque
797 628 867 684 ab
911 628 1210 700 Augustino
1247 644 1465 686 causam
1516 632 1615 687 sibi
1644 637 1810 685 totam

214 721 595 792 integramque
624 720 982 791 adjudicatam
1012 722 1277 792 gloriatus
1310 731 1475 788 esset,
1503 723 1812 779 exclamans

216 815 272 869 in
307 816 492 873 limine
522 816 614 873 lib.
650 832 763 886 vni,
801 816 933 872 nihil
974 833 1078 873 esse
1120 818 1258 889 quod
1283 814 1587 873 Jansem'am'
1618 816 1813 886 possint

212 907 278 960 ab
301 908 591 981 Augustino
618 922 826 981 sperare
856 910 1107 980 praesidii,
1131 925 1253 966 cum
1273 910 1439 981 judici
1467 910 1668 981 gratias
1688 925 1813 983 age-

214 1014 303 1067 re,
353 1000 580 1073 ejusque
623 1018 749 1074 erga
798 1016 859 1060 se
906 1018 1231 1074 propensum
1279 1003 1498 1074 suisque
1546 1004 1811 1062 faventem

214 1094 458 1150 animum
488 1094 872 1152 commendare
920 1097 1171 1152 eumdem
1224 1106 1398 1165 putas,
1446 1095 1692 1166 datisque
1745 1096 1814 1154 ad

211 1190 425 1245 amicos
452 1189 652 1247 litteris
675 1190 866 1247 laxatis
893 1190 1180 1246 habenisin
1211 1190 1357 1247 illius
1382 1190 1568 1245 laudes
1587 1188 1810 1253 eﬁ'undi,

209 1285 453 1355 pessime
481 1286 551 1341 ab
587 1286 682 1342 illo
702 1286 1057 1357 Augustinum
1082 1295 1363 1355 acceptum
1396 1284 1658 1351 videmus,
1684 1298 1811 1341 con-

211 1377 400 1433 ductis
432 1388 618 1435 contra
650 1380 826 1450 ipsum
859 1379 1020 1448 longo
1047 1378 1241 1435 ordine
1267 1376 1493 1433 testibus
1518 1377 1664 1433 mille
1681 1391 1814 1432 con-

206 1472 369 1527 viciis
400 1473 741 1528 lacessitum:
764 1488 870 1528 uno
895 1474 1085 1537 verbo,
1109 1488 1176 1528 ex
1199 1471 1385 1543 judice
1414 1487 1564 1528 reum
1592 1471 1808 1528 factum.

206 1566 254 1620 0
286 1566 630 1635 gratissimos
679 1567 853 1624 sancti
882 1566 1169 1637 Augustini
1219 1566 1543 1638 discipulos!
1590 1566 1812 1635 Insuper

206 1672 325 1714 non
355 1660 630 1730 patiuntur
658 1661 765 1716 dici
794 1664 1152 1734 Augustinum
1184 1672 1392 1718 caeteros
1422 1678 1598 1717 omnes
1645 1662 1811 1718 instar

203 1751 368 1821 primi
408 1752 579 1823 angeli
608 1770 704 1809 sua
727 1753 840 1808 luce
862 1753 1210 1811 collustrasse.
1238 1753 1450 1810 Scimus
1484 1754 1809 1825 Prosperum

209 1843 348 1901 olim
374 1846 638 1905 cecinisse
667 1860 787 1917 cap.
813 1846 848 1901 2
874 1854 1017 1903 cont.
1054 1845 1300 1917 Ingratos
1332 1863 1346 1900 :

282 1964 604 2037 Augustinus
629 1975 760 2032 erat,
791 1974 943 2037 quem
970 1963 1168 2021 Christi
1186 1967 1355 2037 gratia
1381 1980 1541 2022 cornu

279 2033 555 2099 UBERIOBE
585 2038 780 2107 rigans,
804 2033 986 2093 nostra
1016 2033 1204 2094 lumen'
1216 2037 1359 2093 dedit
1386 2054 1492 2093 avo

279 2107 568 2162 Accensum
594 2124 709 2163 vero
738 2109 803 2165 de
832 2109 1043 2165 lumine.

199 2223 437 2281 Sanctus
481 2226 818 2297 Fulgentius,
850 2228 945 2285 lib.
988 2243 1027 2284 ll
1073 2228 1142 2284 de
1190 2228 1421 2285 Veritute
1451 2229 1802 2298 prmdestina-

204 2319 380 2375 tionis
410 2334 459 2377 et
490 2322 702 2392 gratiae,
734 2336 856 2393 cap.
883 2322 951 2379 18
984 2340 1039 2375 :s
1081 2322 1436 2394 Augustinum
1467 2322 1609 2392 legat
1629 2323 1805 2378 omnis

198 2413 298 2483 qui
345 2413 572 2469 salutem
632 2422 889 2470 aeternam
941 2413 1171 2485 adipisci
1208 2414 1501 2478 desiderat,
1534 2412 1805 2469 humiliter

199 2520 375 2561 orans
414 2506 798 2563 misericordia
846 2506 1135 2562 Dominum
1187 2516 1244 2561 ut
1274 2507 1521 2563 eumdem
1553 2505 1801 2576 spiritum

200 2598 586 2668 intelligentiae
626 2598 811 2670 legens
864 2598 1096 2667 accipiat
1137 2612 1296 2668 quem
1343 2597 1435 2654 ille
1492 2597 1701 2666 accepit
1749 2603 1806 2650 ut

199 2691 497 2755 scriberet,
513 2700 568 2747 et
591 2691 837 2747 eamdem
862 2691 1273 2747 illuminationis
1292 2691 1515 2761 gratiam
1540 2689 1804 2759 adipisca-

200 2792 321 2850 tur,
347 2792 405 2838 ut
431 2784 607 2840 discat
628 2799 785 2854 quam
814 2783 905 2839 ille
932 2784 1162 2853 adeptus
1186 2793 1268 2839 est
1294 2791 1353 2839 ut
1377 2782 1617 2838 doceret.
1648 2800 1667 2834 ι
1694 2782 1802 2839 Sed

198 2893 307 2935 cur
340 2893 445 2934 non
475 2880 725 2935 audiatur
773 2888 991 2934 sanctus
1021 2878 1257 2933 Themns
1289 2876 1687 2941 Villanovanus,
1719 2891 1805 2930 ar-

196 2970 591 3041 chiepiscopus
619 2971 956 3036 Valentinus,
981 2985 1138 3026 conc.
1174 2970 1200 3025 1
1236 2969 1306 3025 de
1332 2977 1520 3023 sancto
1551 2968 1804 3038 Augusti—

196 3076 282 3118 no
316 3079 331 3116 :
371 3080 390 3113 ι
418 3062 464 3116 0
494 3062 672 3129 Pater,
722 3061 815 3127 ait,
859 3060 1194 3131 amplissime
1220 3058 1543 3130 Augustine,
1576 3058 1666 3127 qui
1694 3072 1801 3113 non

195 3155 387 3210 solum
418 3159 543 3211 vitae
564 3157 870 3222 sanctitate,
905 3156 1000 3211 sed
1027 3155 1190 3210 etiam
1217 3154 1356 3210 miro
1397 3156 1675 3224 sapientiae
1695 3160 1803 3208 tute

1912 630 2200 687 sententiis
2229 631 2297 685 de
2318 630 2498 686 divina
2527 631 2698 702 gratia
2728 629 2984 701 plenioris
3003 646 3070 687 ac
3104 628 3378 687 solidioris
3406 628 3500 685 do-

1913 722 2104 780 ctrina:
2135 724 2319 780 lumen
2341 723 2557 781 all‘erre.

1984 819 2089 876 Sed
2111 822 2356 877 Annatus
2376 820 2607 877 collecto
2638 821 2830 891 spiritu
2855 819 3050 878 iterum
3075 827 3263 876 contra
3294 818 3505 887 Augus-

1915 914 2083 970 tinum
2146 914 2456 985 invebitur,
2512 925 2677 986 atque
2730 914 2973 971 ΙΙοηίηῆ
3028 913 3251 984 collega:
3305 912 3505 967 factum

1914 1008 2213 1077 aemulatus,
2241 1007 2599 1064 domesticum
2629 1016 2815 1064 contra
2842 1015 3086 1064 sanctum
3131 1006 3404 1061 doctorem
3434 1004 3504 1059 li-

1914 1098 2069 1155 brum
2097 1101 2166 1155 ab
2187 1101 2481 1169 apostolica
2509 1100 2640 1156 sede
2668 1100 2976 1171 expressiori
2996 1108 3149 1170 atque
3196 1097 3503 1170 efﬁcaciori,

1913 1206 2075 1261 quam
2100 1193 2329 1263 quodvis
2349 1191 2634 1262 Augustini
2663 1193 2932 1256 volumen,
2952 1192 3336 1262 approbatione
3358 1204 3508 1246 com-

1914 1284 2178 1341 munitum
2219 1286 2463 1355 opponit.
2497 1285 2803 1340 Adversarii
2833 1285 2993 1340 verba
3040 1295 3162 1341 sunt
3194 1299 3210 1338 :
3249 1304 3269 1337 «
3303 1283 3507 1355 Objici-

1915 1389 2035 1430 mus
2066 1384 2278 1443 octavo,
2310 1376 2561 1431 omnibus
2594 1376 2698 1431 illis
2722 1376 3195 1447 approbatiouibus
3232 1390 3365 1446 quas
3408 1376 3508 1432 ob-
3564 1384 3567 1389 ‘

1913 1469 2143 1525 tendunt
2168 1468 2683 1541 Nov-Augustiniani
2703 1509 2718 1535 ,
2747 1470 3044 1525 doctrinam
3074 1469 3357 1540 Augustini
3384 1471 3508 1523 uni-

1917 1564 2111 1621 versim
2160 1565 2471 1636 approbari,
2514 1565 2714 1620 nullam
2763 1579 2893 1621 vero
2940 1578 3060 1620 esse
3090 1579 3209 1634 qua:
3251 1563 3409 1618 cadat
3448 1562 3509 1618 in

1915 1658 2095 1713 omnia
2140 1665 2197 1714 et
2242 1658 2450 1730 singula
2479 1657 2597 1728 ejus
2622 1658 2853 1727 placita;
2889 1658 3031 1728 quod
3078 1658 3123 1712 si
3175 1656 3356 1727 aliqua
3388 1654 3509 1711 talis

1916 1760 2095 1816 esset,
2130 1766 2235 1806 non
2284 1752 2575 1822 negabunt,
2604 1754 2816 1821 opinor,
2863 1751 3262 1822 expressiorem
3307 1749 3424 1808 fore
3452 1755 3508 1804 et

1841 1856 1891 1917 Β
1916 1842 2277 1899 eiticaciorem
2320 1843 2375 1899 in
2432 1845 2681 1902 omnibus
2705 1845 3073 1901 consentiendi
3106 1844 3505 1901 necessitatem.

1909 1937 2045 2005 Quid
2073 1938 2231 2008 igitur
2254 1938 2448 1994 lactent
2465 1939 2514 1994 si
2534 1939 2839 2009 reperiatur
2859 1938 2912 1993 in
2941 1948 3131 1993 natura
3156 1952 3335 1993 rerum
3364 1936 3504 1993 alius

1907 2032 2122 2103 quidam
2151 2033 2287 2089 liber
2312 2033 2467 2103 cujus
2508 2034 2687 2089 omnia
2732 2042 2788 2090 et
2816 2033 3029 2103 singula
3056 2032 3112 2087 in
3141 2046 3207 2087 eo
3247 2040 3504 2088 contenta

1906 2128 2226 2183 auctoritate
2277 2127 2423 2184 sedis
2462 2128 2775 2198 apostolicae
2824 2142 2920 2198 per
2965 2128 3161 2182 bullam
3206 2127 3272 2182 ad
3304 2142 3498 2198 perpe—

1907 2223 2052 2270 tuam
2086 2216 2164 2271 rei
2197 2218 2515 2274 memoriam
2555 2219 2753 2276 editam
2784 2226 2838 2273 et
2868 2218 3272 2289 promulgatam,
3302 2234 3498 2289 appro-

1907 2308 2135 2365 bantur?
2170 2327 2191 2363 ι
2220 2310 2320 2366 Eia
2373 2326 2512 2382 age,
2563 2312 2841 2382 delapsum
2886 2326 3017 2367 sane
3072 2312 3211 2368 cmlo
3258 2311 3498 2367 libellum

1909 2404 2118 2474 pande,
2173 2405 2276 2461 nisi
2320 2404 2464 2462 forte
2509 2407 2801 2461 sacratiora
2836 2416 2942 2461 tam
2973 2405 3080 2461 cito
3120 2404 3175 2461 in
3218 2406 3505 2476 propatulo

1907 2513 2029 2554 esse
2061 2497 2327 2567 piaculum
2353 2509 2526 2570 putas.
2548 2520 2565 2551 ι
2598 2500 2717 2567 Est,
2738 2500 2981 2571 inquam,
3007 2500 3103 2566 ait,
3138 2499 3261 2556 talis
3285 2499 3501 2570 quidam

1907 2589 2043 2646 liber
2073 2592 2127 2645 in
2175 2606 2364 2647 rerum
2395 2602 2584 2649 natura
2612 2602 2669 2649 et
2700 2592 2938 2650 auctoris
2972 2594 3166 2648 sancti.
3201 2612 3220 2645 ι
3242 2592 3361 2649 lam
3394 2592 3505 2662 pie-

1906 2694 2069 2741 tatem
2093 2702 2156 2741 ac
2184 2687 2496 2757 religionem
2520 2688 2745 2756 excites,
2775 2687 2905 2743 dum
2927 2698 3201 2745 auctorem
3228 2703 3500 2746 commen-

1905 2779 2001 2833 das
2034 2792 2096 2832 ac
2120 2778 2304 2834 divum
2334 2778 2677 2834 contestaris.
2708 2780 2780 2835 At
2826 2780 3000 2851 pergit
3036 2784 3283 2836 Annatus
3329 2780 3499 2839 lectov

1908 2886 2021 2926 rem
2049 2871 2379 2941 suspendere
2410 2888 2422 2925 :
2459 2889 2480 2923 ε
2514 2872 2621 2927 Sed
2653 2872 2773 2943 quis
2794 2872 2914 2928 est?
2942 2872 3179 2929 libellum
3214 2874 3390 2943 potius
3417 2873 3497 2929 di-

1906 2981 2033 3023 cere
2061 2966 2245 3032 debui,
2277 2967 2419 3037 quod
2448 2968 2520 3023 sit
2544 2968 2686 3024 mole
2720 2983 2914 3038 parvus
2936 2978 2990 3025 et
3013 2971 3195 3036 specie
3221 2978 3503 3040 contemp-

1907 3056 2107 3125 tiliilis,
2157 3057 2253 3113 sed
2304 3057 2396 3128 qui
2433 3066 2611 3114 tamen
2661 3058 2874 3114 virtutis
2920 3059 3207 3129 plurimum
3264 3062 3442 3118 habet.
3474 3080 3493 3115 ι

1909 3150 2060 3205 Hunc
2085 3150 2350 3216 libellum,
2372 3150 2458 3205 cui
2486 3165 2647 3220 supra
2678 3150 2858 3208 omnia
2892 3154 3169 3222 Augustini
3202 3154 3381 3226 magni
3410 3168 3501 3210 vo-

196 3245 422 3317 t‘ulgore
464 3245 662 3303 Christi
693 3247 987 3303 Ecclesiam
1028 3248 1146 3303 luce
1195 3245 1429 3314 propria,
1476 3245 1595 3300 luce
1626 3245 1799 3314 plena,
1830 3249 1878 3311 ε
1911 3242 2113 3297 lumina
2140 3258 2204 3298 ex
2236 3242 2546 3313 apostolicae
2567 3242 2712 3299 sedis
2740 3244 3127 3313 approbatione
3153 3263 3171 3297 ι
3196 3246 3505 3315 expressior

197 3338 329 3393 luce
364 3338 468 3393 lixa
492 3339 791 3394 irradiasti!
826 3337 885 3393 Si
915 3339 1057 3393 enim
1081 3338 1344 3407 sapientia
1364 3339 1457 3394 lux
1482 3347 1586 3403 est,
1610 3337 1730 3407 quis
1748 3338 1800 3391 in

198 3432 457 3490 Ecclesia
482 3433 579 3490 Dei
601 3435 672 3489 ita
697 3433 841 3489 lucet
868 3444 926 3487 ut
954 3432 1325 3503 Augustinus?
1378 3434 1424 3487 A
1464 3432 1579 3487 sole
1623 3433 1801 3486 omnia

197 3538 358 3585 astra
386 3527 587 3597 lucent,
604 3528 670 3584 ab
694 3528 990 3597 AuguStino
1012 3542 1201 3583 omnes
1222 3527 1315 3596 qui
1338 3535 1458 3593 post
1478 3527 1655 3596 ipsum
1681 3526 1800 3581 tue-

198 3627 341 3673 runt
368 3618 617 3674 doctores
667 3618 947 3688 sapientia:
985 3619 1165 3674 lumen
1196 3617 1489 3687 accipiunt,
1532 3620 1648 3688 ipse
1677 3632 1804 3673 vero

202 3712 432 3783 propria
467 3713 587 3769 luce
640 3713 804 3779 lucet,
834 3728 993 3781 quam
1048 3727 1075 3766 a
1133 3712 1282 3767 nullo
1322 3711 1620 3777 hominum,
1645 3710 1742 3767 sed
1773 3724 1805 3766 a

203 3802 327 3859 Deo
356 3804 471 3860 solo
494 3806 721 3874 accepit,
746 3806 892 3859 nullo
917 3804 1064 3859 enim
1093 3803 1362 3871 tradente,
1381 3804 1525 3859 nullo
1548 3803 1805 3874 magistro

202 3910 436 3954 cunctas
480 3899 664 3955 didicit
712 3899 1043 3969 disciplinas.
1106 3919 1127 3952 ι
1179 3897 1368 3955 Neiine
1424 3898 1609 3966 igitur,
1668 3904 1807 3951 teste

201 3994 444 4059 Thema,
490 3994 822 4065 Augustinus
847 4001 930 4049 est
977 3993 1150 4049 instar
1181 3992 1340 4063 primi
1389 3991 1587 4062 angeli,
1616 4005 1723 4060 quo
1755 3988 1808 4045 in

203 4096 445 4142 umeros
477 4086 845 4156 intelligentiae
874 4086 1050 4141 lumen
1081 4085 1313 4140 derivari
1364 4083 1597 4152 theologi
1651 4092 1807 4138 autu-

205 4192 386 4249 mant,
420 4197 542 4237 cum
574 4182 692 4253 ipse
718 4197 748 4237 a
771 4181 889 4237 solo
922 4181 1031 4237 Deo
1067 4181 1398 4236 illustretur?
1446 4179 1806 4249 Hipponensis

205 4276 434 4346 quidem
466 4284 649 4332 noster
671 4276 895 4347 angelus
940 4289 1050 4331 sua
1094 4274 1356 4331 doctrinae
1386 4272 1551 4329 radiis
1579 4273 1807 4341 Prospe-

206 4384 357 4431 rum,
394 4368 755 4440 Fulgentium,
783 4369 1067 4437 Thomam,
1119 4377 1449 4435 crateresque
1476 4366 1806 4423 orthodoxos

207 4460 405 4518 Patres
437 4462 747 4529 illustravit;
783 4472 838 4517 at
858 4462 1190 4519 recentiores
1220 4462 1311 4532 qui
1334 4459 1663 4516 contendunt
1684 4474 1805 4514 cum

207 4556 453 4620 Annato,
484 4574 503 4607 ‹
534 4555 734 4626 aliquid
762 4556 898 4612 lucis
924 4555 1224 4627 Augustino
1273 4552 1508 4609 defuisse
1537 4554 1589 4607 in
1622 4552 1804 4608 conci-

1905 3346 1961 3392 et
1978 3336 2251 3392 el‘licacior
2279 3338 2331 3391 in
2350 3338 2602 3393 omnibus
2624 3346 2710 3393 est
2735 3339 3107 3395 consentiendi
3131 3341 3451 3408 necessitas,
3473 3360 3494 3395 ι

1904 3434 2013 3488 cito
2034 3433 2194 3489 citius
2215 3433 2502 3489 exhibeas.
2527 3434 2688 3501 «Quis
2709 3449 2861 3501 vero,
2878 3436 3046 3500 addit,
3073 3436 3313 3503 tandem,
3330 3445 3387 3493 et
3407 3451 3503 3494 cu-

1905 3523 1996 3594 jus
2023 3524 2139 3579 est?
2175 3544 2195 3576 ι
2220 3524 2294 3578 lta
2318 3525 2534 3593 quidem
2561 3525 2664 3580 hoc
2691 3526 2945 3595 petimus,
2971 3526 3071 3583 hoc
3101 3541 3374 3597 rogamus,
3409 3541 3499 3595 ne,

1910 3631 2113 3685 quaeso,
2163 3617 2254 3672 diu
2288 3624 2523 3672 nostram
2579 3620 3037 3688 exspectationem
3084 3632 3360 3691 torqueas,
3407 3635 3505 3691 per

1907 3718 2156 3765 Sanctum
2185 3708 2332 3765 illius
2362 3710 2532 3766 libelli
2561 3711 2796 3768 auctoris
2836 3728 3031 3768 nomen
3064 3728 3127 3768 ac
3183 3730 3378 3770 numen
3407 3714 3506 3772 ob-

1908 3810 2100 3859 testor.
2139 3821 2158 3855 ‹
2195 3804 2552 3871 Contrabant,
2589 3806 2784 3876 inquit,
2834 3806 2961 3862 licet
3008 3810 3237 3863 l'rontem
3271 3808 3500 3876 Baiani,

1908 3907 1961 3953 et
1992 3904 2201 3952 torvum
2235 3898 2544 3954 intueantur
2564 3939 2580 3967 ,
2612 3899 2880 3955 sorbenda
2916 3900 3077 3970 pilula
3107 3911 3214 3961 est.
3245 3920 3265 3955 ι
3296 3902 3389 3958 Nai
3411 3911 3507 3959 tuo

1909 3991 2202 4059 pharmace
2250 3990 2329 4046 illi
2372 3990 2611 4061 indigent
2655 4009 3006 4065 quoscunque
3051 3996 3279 4052 Baianos
3324 3996 3502 4053 dicis?

1910 4085 2019 4143 Nos
2045 4087 2262 4156 quidem
2290 4087 2537 4144 validiori
2580 4091 2862 4147 stomacho
2906 4107 3092 4147 sumus
3140 4092 3253 4161 jam
3292 4092 3501 4163 pridem

1911 4180 2015 4235 tuis
2046 4180 2098 4233 in
2137 4180 2493 4251 Augustinum
2516 4183 2805 4251 conviciis,
2852 4185 3033 4255 pilulis
3062 4186 3315 4242 omnibus
3356 4201 3504 4242 aina-

1909 4269 2144 4327 rioribus
2172 4271 2501 4329 devorandis
2551 4282 2804 4344 assueto,
2840 4292 3019 4347 neque
3068 4276 3250 4346 pilulis
3282 4292 3510 4347 praemu-

1910 4362 2091 4419 niendi
2123 4379 2309 4421 sumus
2329 4408 2343 4432 ,
2380 4381 2487 4436 quo
2508 4376 2789 4425 auctorem
2821 4368 3171 4440 libellumque
3197 4372 3331 4426 citra
3358 4368 3508 4425 lasti-

1912 4455 2057 4535 dium
2101 4472 2163 4512 ac
2212 4458 2508 4528 deliquium
2558 4460 2865 4517 audiamus.
2918 4460 3053 4529 lmo,
3110 4463 3325 4533 quando
3362 4461 3508 4518 'libri

1913 4552 2231 4620 scriptorem
2276 4564 2524 4610 sanctum
2566 4563 2815 4611 autumas
2840 4597 2857 4624 ,
2890 4557 3058 4613 sacris
3087 4556 3350 4613 doctrinis
3377 4571 3505 4612 con-

208 4647 396 4704 lianda
441 4664 563 4703 cum
591 4658 772 4704 creata
825 4647 1073 4704 libertate
1121 4646 1422 4702 divinorum
1469 4645 1808 4701 decretorum
1835 4638 1889 4698 Β
1915 4655 2131 4709 spersas
2152 4642 2374 4712 paginas
2389 4659 2601 4700 summa
2621 4645 2883 4714 religione
2899 4645 3502 4712 deosculantes,divum

208 4752 271 4797 et
303 4740 629 4796 auxiliorum
661 4739 919 4806 efﬁcacia,
962 4759 982 4793 ι
1013 4739 1107 4794 lib.
1133 4754 1247 4801 vni,
1279 4752 1397 4807 cap.
1430 4738 1482 4803 4,
1521 4751 1637 4807 pag.
1668 4736 1804 4802 874;

209 4835 401 4906 quive,
435 4842 495 4889 ut
521 4834 662 4891 idem
688 4833 815 4890 alibi
846 4835 943 4905 ait,
971 4848 1165 4903 nempe
1191 4833 1388 4901 disput.
1414 4830 1449 4883 5
1472 4831 1541 4887 de
1569 4830 1806 4895 Scientia

209 4928 423 4994 media,
447 4941 564 4997 cap.
599 4926 653 4993 5',
678 4942 829 4983 num.
865 4924 989 4993 115,
1021 4944 1040 4977 ι
1078 4926 1287 4981 radium
1309 4924 1593 4994 quemdam
1626 4923 1809 4979 videre

210 5034 277 5075 se
307 5030 502 5089 putant
525 5035 591 5077 ex
624 5020 907 5091 Augustini
944 5020 1063 5075 sole
1091 5035 1197 5075 non
1224 5018 1508 5083 emissum;
1546 5036 1565 5069 ι
1601 5016 1689 5087 qui
1710 5016 1806 5072 de-

210 5113 385 5182 nique
414 5113 655 5170 scribere
684 5129 791 5169 non
824 5114 1093 5169 erubuere
1146 5127 1270 5167 cum
1317 5112 1541 5176 Molina,
1593 5118 1729 5181 part.
1765 5124 1805 5175 ι,

212 5216 414 5276 quaest.
439 5205 532 5272 25,
548 5215 649 5262 art.
682 5208 716 5261 4
743 5206 866 5271 etii,
884 5205 1248 5277 disputatione
1268 5204 1320 5269 l,
1345 5204 1543 5259 memb.
1563 5204 1615 5267 ti,
1642 5220 1658 5253 ι
1680 5201 1807 5257 dum

214 5300 319 5354 sub
350 5314 413 5355 ea
442 5300 592 5369 quasi
643 5299 869 5371 caligine
900 5298 964 5354 D.
994 5300 1323 5371 Augustinus
1366 5297 1434 5353 ad
1467 5296 1566 5352 hoc
1596 5311 1702 5351 non
1732 5302 1812 5350 at-

216 5398 414 5461 tendit,
432 5396 724 5452 arbitratus
746 5397 920 5467 primo
941 5404 1160 5466 aspectu
1176 5409 1300 5449 cum
1321 5408 1415 5449 sua
1438 5392 1504 5447 de
1527 5391 1809 5463 praedestiu

216 5491 444 5545 natione
493 5490 771 5559 opinione,
812 5507 830 5541 ι
864 5496 1007 5555 etc.;
1067 5488 1418 5551 recentiores,
1452 5489 1690 5554 inquam,
1721 5484 1808 5539 isti

218 5584 420 5653 quibus
458 5582 689 5651 purioris
718 5582 978 5637 doctrinae
1008 5582 1099 5637 lux
1130 5579 1369 5651 aﬁ‘ulget,
1392 5579 1694 5649 Augustino
1711 5576 1813 5633 sub

218 5676 457 5747 caligine
483 5674 681 5745 posito,
714 5675 875 5745 hujus
903 5674 1062 5746 primi
1090 5674 1264 5745 angeli
1314 5672 1549 5743 fulgores
1577 5688 1683 5727 non
1712 5686 1810 5728 ex-

222 5772 452 5841 cipiunt,
517 5771 625 5826 imo
676 5770 787 5827 lere
830 5778 1205 5841 contemnunt,
1250 5777 1306 5825 ut
1350 5769 1542 5824 mirum
1592 5767 1815 5824 minime

226 5863 398 5920 videri
429 5861 660 5934 cuipiam
681 5862 987 5921 debeateos
1017 5863 1151 5919 adeo
1182 5862 1407 5918 moleste
1439 5859 1581 5917 ferre
1611 5869 1813 5918 tantum

1910 4739 2187 4796 auctorem
2216 4750 2310 4803 pro
2341 4736 2732 4805 Augustiniana
2757 4738 3076 4794 auctoritate
3117 4747 3303 4795 contra
3329 4752 3500 4795 navos

1910 4841 2167 4884 censores
2197 4838 2343 4885 sarta
2386 4839 2633 4900 tectaque
2652 4832 2915 4889 servanda
2944 4834 3110 4889 etiam
3149 4843 3311 4904 atque
3335 4834 3501 4892 etiam

1856 4998 1870 5009 _
1911 4923 2244 4991 rogabimus,
2284 4938 2378 4979 sua
2404 4925 2547 4981 enim
2572 4924 2806 4982 vicissim
2827 4925 2990 4983 tutari
3011 4926 3265 4984 divorum
3290 4938 3391 4985 est.
3434 4930 3507 4987 At

1910 5015 2090 5087 inquis
2118 5035 2131 5071 :
2173 5036 2193 5070 ι
2218 5018 2379 5075 Liber
2401 5027 2485 5077 est
2514 5020 2917 5078 Exercitiorum
2944 5022 3303 5093 spiritualium
3330 5025 3502 5081 sancti

1914 5108 2101 5178 lgnatii
2132 5150 2148 5177 ,
2182 5124 2344 5179 quem
2374 5110 2571 5167 Paulus
2600 5110 2666 5167 ΙΙΙ
2712 5126 2902 5168 severe
2948 5117 3338 5184 examinatum,
3370 5125 3504 5184 etc.,
3574 5096 3580 5107 ⁴

1916 5201 1995 5256 sic
2038 5202 2387 5272 approbavit,
2443 5212 2501 5259 ut
2553 5204 2697 5261 dicat
2724 5220 2785 5261 se
2818 5204 3141 5263 documenta
3171 5217 3226 5265 et
3250 5209 3510 5265 exercitia

1916 5293 2210 5371 praedicta,
2272 5314 2335 5355 ac
2386 5298 2571 5355 omnia
2634 5307 2689 5354 et
2744 5297 2954 5370 singula
3003 5299 3055 5353 in
3117 5299 3198 5355 eis
3249 5308 3509 5356 contenta

1916 5390 2234 5446 auctoritate
2280 5390 2557 5461 prtedicta,
2618 5400 2803 5447 tenore
2845 5391 3193 5462 praesentium
3242 5405 3311 5449 ex
3354 5402 3506 5448 certa

1918 5481 2146 5537 scientia
2178 5484 2509 5553 approbare,
2554 5483 2865 5540 collaudare
2916 5498 2984 5540 ac
3031 5485 3313 5554 praesentis
3370 5484 3509 5540 scri-

1917 5575 1992 5644 pti
2057 5575 2354 5643 patrocinio
2406 5574 2760 5632 communire.
2800 5596 2822 5629 s
2870 5576 2995 5632 Haec
3066 5576 3159 5634 ille
3228 5577 3505 5649 suspensis

1917 5665 2010 5721 diu
2074 5668 2225 5737 quasi
2294 5681 2391 5736 per
2443 5666 2626 5739 jocum
2674 5669 2963 5727 lectoribus
3013 5670 3107 5725 lib.
3184 5686 3313 5738 vui,
3379 5685 3502 5741 cap.

1920 5761 2150 5825 ultimo;
2217 5760 2588 5829 exclamatque
2660 5775 2779 5832 pag.
2841 5760 3004 5819 9l2:
3065 5780 3085 5814 ι
3126 5761 3282 5819 Scire
3340 5763 3501 5818 velini

1919 5862 2044 5932 quid
2094 5861 2202 5916 sint
2245 5860 2555 5929 responsuri
2583 5868 2694 5917 tam
2734 5861 2951 5918 diserte
2994 5870 3212 5931 tamque
3239 5859 3502 5931 explicita
