3988 6348
473 326 578 383 815

1362 308 1923 377 SUPPLEMENTUM
1969 317 2059 372 AI)
2097 312 2327 372 OPERA
2371 316 2428 371 S.
2469 311 2857 372 AUGUSTINI.

3656 304 3777 365 816

469 444 876 520 approbationi,
940 443 1031 515 qui
1081 440 1258 498 minus
1306 454 1615 507 expressam
1687 437 2064 500 explicitamve
2092 432 2407 496 Atum;at
2455 414 2697 501 profecto
2747 425 3045 484 mirabilius
3092 423 3455 481 recentiorum
3509 421 3774 491 factum,

466 543 486 614 (
508 540 789 611 Augustini
813 536 1055 607 scilicet)
1082 535 1193 591 suis
1219 532 1517 589 obtendunt
1546 530 1839 587 erroribus.

548 636 701 691 Absit
728 645 784 687 ut
823 646 915 701 per
945 645 1043 685 nos
1071 628 1360 700 quidquam
1406 624 1773 694 approbationi
1801 619 2058 691 lgnatiani

472 733 645 788 libelli
671 731 970 786 detractum
1000 728 1104 793 sit,
1147 726 1255 781 imo
1286 723 1470 794 quanti
1497 723 1644 777 illum
1684 713 2058 787 Angustiniani

470 827 696 883 fecerint
717 824 881 879 vestri
928 822 1221 891 scriptores
1269 818 1483 872 tradunt
1528 817 1579 869 in
1625 812 1859 883 lmagine
1901 808 2060 879 primi

470 921 674 986 saeculi,
707 920 802 975 lib.
832 935 912 984 ιιι,
942 933 1063 988 cap.
1098 917 1187 982 {0,
1217 914 1304 969 ubi
1335 913 1403 969 de
1432 909 1717 966 Exercitiis
1746 904 1915 962 sancti
1962 904 2061 958 Pa-

465 1016 563 1070 tris
618 1013 806 1084 Ignatii
859 1012 1139 1080 loquentes
1188 1007 1303 1062 haec
1346 1004 1628 1061 scribunt:
1669 1020 1687 1052 ι
1719 999 1908 1054 Testes
1936 1003 2060 1051 sunt

467 1109 663 1164 inﬁniti
696 1117 810 1162 tuto
840 1107 971 1163 orbe
1020 1105 1110 1175 qui
1150 1119 1211 1159 ea
1249 1119 1353 1157 non
1403 1098 1595 1154 minori
1648 1111 1743 1152 sua
1786 1094 2062 1161 voluptate

464 1216 624 1272 quam
664 1200 837 1255 fructu
884 1208 1008 1253 sunt
1051 1196 1282 1267 experti.
1325 1193 1429 1249 Sed
1461 1207 1596 1246 unus
1627 1191 1796 1244 inStar
1822 1186 2059 1241 omnium

471 1295 802 1366 Augustinus
831 1290 1194 1360 Caravajalius
1220 1330 1231 1351 .
1263 1285 1632 1353 Augustiniaui
1677 1280 1882 1337 ordinis
1910 1279 2064 1333 theo-

469 1390 644 1457 IOgus.
679 1386 729 1441 Is
755 1401 875 1440 cum
918 1384 1119 1437 Indiam
1148 1379 1454 1437 Occidentis
1495 1383 1865 1445 peragrasset,
1910 1379 1965 1427 et
2009 1370 2063 1425 in

472 1481 729 1549 IliSpania
774 1478 937 1532 variis
981 1474 1291 1530 muneribus
1314 1486 1432 1526 cum
1460 1468 1614 1523 laude
1647 1465 1957 1535 perfunctus
1977 1475 2065 1517 es-

473 1584 576 1642 set,
609 1573 774 1628 Italite
803 1586 1013 1642 quoque
1059 1567 1299 1623 ctenobia
1335 1567 1414 1619 sui
1445 1563 1648 1619 ordinis
1684 1562 1836 1631 jussu
1869 1555 2063 1613 summi

470 1665 743 1735 pontiﬁcis
800 1664 1105 1728 visitasset,
1154 1659 1447 1715 Bononiam
1493 1655 1706 1711 tandem
1758 1652 1825 1707 ab
1872 1650 2063 1707 eodem

420 1822 425 1823 ν
476 1760 729 1830 pontiﬁce
779 1758 1023 1812 visitator
1075 1754 1396 1824 apostolicus
1446 1750 1645 1804 missus
1671 1745 1737 1800 ad
1777 1745 1836 1798 ἰ).
1879 1740 2064 1798 Jacobi

2162 525 2253 594 qui
2278 523 2524 579 eumdem
2545 537 2612 579 ex
2634 522 2944 593 apostolicae
2966 519 3111 575 sedis
3135 519 3445 575 testimonio
3466 519 3776 574 litterarum

2163 618 2315 687 plane
2363 617 2544 670 rudem
2594 616 2647 670 in
2690 612 2990 686 sapientiae,
3043 611 3382 668 auctoritatis
3428 627 3491 668 ac
3539 612 3774 668 landum

2162 727 2352 781 campo
2383 710 2684 780 Augustino
2730 723 2835 764 non
2888 708 3066 764 dicam
3096 707 3247 763 velut
3275 706 3537 777 aequalem
3581 720 3775 776 oppo-

2162 821 2325 871 nere,
2356 805 2451 861 sed
2481 804 2625 874 quod
2652 804 2720 858 ad
2764 802 2908 859 illam
2940 802 3337 874 expressiorem
3382 816 3447 857 ac
3487 800 3777 856 efﬁcaciu—

2164 914 2277 954 rem
2307 897 2833 955 commendationem
2863 912 2929 952 ac
2969 894 3347 951 consentiendi
3378 894 3777 949 necessitatem

2162 993 2417 1070 pertinet,
2441 992 2609 1048 veluti
2632 991 2968 1060 superiorem
3002 988 3299 1060 praedicare
3327 1000 3622 1057 conantur,
3656 987 3776 1052 illi,

2163 1087 2405 1158 inquam,
2438 1088 2778 1158 Augustino,
2838 1086 2932 1157 qui
2989 1094 3149 1140 tanta:
3195 1076 3437 1141 Scientiaa
3477 1083 3648 1138 luisse
3705 1083 3780 1137 ab

2169 1186 2467 1255 apostolica
2501 1185 2631 1240 sede
2649 1183 2922 1255 judicatus
2951 1191 3060 1247 est,
3097 1200 3115 1234 ‹
3145 1191 3203 1236 ιιι
3231 1180 3365 1236 nihil
3396 1194 3536 1249 pene
3566 1177 3777 1247 (verba

2165 1287 2290 1333 sunt
2317 1277 2529 1333 Martini
2569 1276 2666 1331 Vin
2714 1278 2863 1332 Orat.
2905 1275 2973 1331 de
3001 1282 3184 1329 sancta
3222 1272 3460 1342 Monica)
3484 1287 3550 1327 ex
3592 1269 3781 1326 sacris

2172 1373 2365 1430 litteris
2382 1374 2575 1443 possit,
2594 1372 2697 1427 nisi
2722 1385 2788 1427 eo
2802 1371 2937 1426 duce
2958 1369 3209 1439 intelligi,
3224 1368 3358 1423 nihil
3382 1366 3484 1422 nisi
3509 1380 3578 1422 eo
3597 1367 3777 1420 inter-

2168 1476 2320 1536 prete
2344 1466 2625 1536 explicari.
2657 1464 2737 1519 Eo
2759 1463 2870 1534 jam
2900 1472 3120 1519 auctore
3164 1461 3360 1516 factum
3399 1469 3522 1525 est,
3565 1468 3621 1514 ut
3667 1471 3778 1513 nec

2167 1562 2503 1633 philosophis
2540 1559 2864 1630 sapientiam
2894 1557 3239 1612 invideamus
3263 1596 3278 1622 ,
3332 1569 3438 1609 non
3487 1563 3777 1608 oratorum

2166 1653 2529 1727 eloquentiam
2558 1651 2962 1717 desideremus,
2994 1666 3102 1706 non
3150 1650 3517 1706 studiosorum
3553 1647 3776 1717 ingenia

2167 1751 2535 1820 requiramus,
2568 1764 2674 1804 non
2702 1747 2936 1816 denique
2978 1745 3135 1801 nobis
3177 1759 3407 1800 acumen
3454 1743 3776 1798 Aristotelis

470 1854 777 1909 coenobium
804 1852 857 1905 in
887 1859 1125 1905 veterem
1150 1846 1487 1915 disciplinam
1512 1837 1932 1900 restituendum,
1954 1848 2061 1888 non
2096 1839 2144 1899 B
2171 1846 2533 1900 necessarium
2565 1843 2637 1897 sit
2655 1884 2669 1909 ν
2699 1856 2803 1897 no“
2851 1840 3092 1897 Platonis
3119 1838 3461 1908 eloquentia,
3490 1850 3597 1893 nan
3636 1852 3779 1906 pm-

466 1948 587 2003 aliis
616 1946 666 2000 id
694 1944 958 2015 praesidiis
990 1942 1167 1996 facere
1196 1951 1483 2009 aggressus
1512 1944 1624 1999 est,
1651 1945 1807 2002 quam
1848 1928 1951 1997 piis
1976 1924 2062 1979 his

470 2037 744 2095 societatis
782 2033 1324 2092 commentationibus
1349 2071 1362 2096 ,
1396 2029 1589 2100 quibus
1637 2027 1750 2095 ipse
1798 2036 1920 2076 cum
1962 2033 2061 2090 per

466 2152 709 2193 mensem
736 2150 796 2189 se
823 2132 1171 2195 exercuisset,
1201 2136 1427 2183 testatus
1453 2131 1535 2179 est
1560 2120 1783 2176 candide
1806 2132 1865 2171 se
1887 2128 2061 2185 quan-

463 2228 558 2284 diu
584 2228 638 2282 in
669 2225 927 2295 religione
956 2223 1214 2287 vixisset,
1250 2220 1512 2274 rationem
1540 2213 1771 2283 aliquam
1810 2224 1914 2279 qua
1943 2219 2061 2261 rec-

464 2323 673 2379 tissime
703 2320 974 2377 incederet
1005 2332 1219 2388 semper
1266 2324 1511 2384 optasse,
1543 2324 1771 2381 eamque
1814 2316 1940 2360 tunc
1964 2303 2059 2359 de-

461 2432 609 2473 mum
638 2429 759 2470 cum
791 2413 842 2467 in
873 2414 986 2467 lucc
1010 2410 1181 2465 sancti
1212 2408 1401 2479 Ignatii
1446 2404 1714 2461 Exercitia
1747 2400 2059 2468 incidisset,

470 2507 761 2564 invenisse.
806 2504 937 2572 Quae
967 2502 1183 2573 quidem
1222 2500 1312 2555 ille
1342 2496 1652 2553 avidissime
1682 2495 1872 2550 hausta
1887 2502 2063 2564 atque

465 2602 523 2657 in
546 2600 789 2655 intimum
826 2596 1057 2650 demissa
1083 2602 1270 2662 pectus
1315 2589 1449 2645 tanti
1503 2587 1651 2653 fecit,
1697 2596 1755 2642 ut
1790 2587 1844 2642 in
1868 2586 1935 2642 iis
1964 2586 2066 2641 ali-

468 2694 595 2765 quid
636 2707 762 2749 vere
798 2690 1037 2745 divinum
1068 2687 1249 2742 inesse
1280 2692 1467 2755 aperte
1491 2682 1728 2750 diceret,
1764 2700 1783 2734 ι
1809 2689 1913 2736 etc.
1964 2679 2063 2734 llic

466 2791 835 2862 Caravajalius
886 2805 951 2844 ex
1001 2787 1292 2841 assistente
1323 2783 1697 2853 Hispaniarum
1735 2779 1938 2835 electus
1980 2786 2065 2833 est

469 2887 756 2959 episcopus
802 2876 1230 2948 Guamangensis
1278 2876 1416 2947 apud
1470 2874 1785 2937 Peruanos,
1834 2871 1902 2926 de
1957 2883 2065 2941 quo

468 2982 702 3037 Berrera
743 2979 797 3033 in
821 2974 1124 3046 Alphabeto
1155 2969 1568 3042 Augustiniano.
1594 2968 1811 3023 Utinam
1838 2979 1936 3036 per
1966 2978 2065 3020 nus

468 3071 762 3144 lgnatianis
789 3068 991 3124 chartis
1023 3065 1195 3135 major
1222 3063 1397 3119 laudis
1423 3062 1540 3117 ﬁeri
1574 3069 1753 3131 posset
1780 3059 2021 3115 accessio
2046 3057 2059 3111 !

472 3165 609 3219 Illud
663 3173 840 3218 tamen
884 3173 1027 3230 aegre
1075 3158 1339 3228 patimur,
1388 3154 1528 3225 quod
1558 3153 1746 3209 scribit
1775 3152 2019 3207 Armatus
2048 3192 2063 3218 ,

2167 1936 2347 1991 dentia
2383 1935 2658 1999 Varronis,
2692 1947 2795 1987 non
2826 1933 3065 2002 gravitas
3092 1930 3355 1997 Socratis,
3386 1945 3494 1985 non
3527 1928 3777 1983 auctori-

2167 2037 2249 2083 tas
2279 2028 2618 2098 Pythagorzn,
2651 2040 2756 2079 non
2780 2014 3125 2094 Empedoclis
3152 2023 3403 2083 solertia.
3441 2038 3548 2076 non
3582 2021 3775 2092 cujus-

2166 2137 2327 2193 quam
2380 2120 2525 2176 illius
2572 2120 2789 2191 generis
2840 2119 3116 2174 hominum
3180 2118 3403 2174 scientia
3451 2125 3547 2172 aut
3600 2117 3778 2173 virtus

2167 2216 2423 2287 exemplo
2460 2224 2552 2270 aut
2601 2214 2931 2270 documento
2980 2212 3137 2269 nobis
3177 2227 3303 2269 esse
3348 2211 3565 2268 debeat.
3623 2210 3777 2267 Idem

2168 2310 2324 2367 nobis
2348 2309 2731 2381 prophetarum
2761 2306 2981 2364 oracula
3005 2348 3021 2373 ,
3045 2307 3187 2362 idem
3212 2306 3585 2377 apostolorum
3610 2319 3776 2360 voces

2166 2406 2353 2470 refert,
2367 2404 2507 2459 idem
2522 2417 2736 2459 omnem
2751 2402 2990 2457 omnium
3009 2399 3407 2468 Scripturarum
3426 2411 3650 2453 sensum
3674 2411 3774 2451 ex-

2168 2496 2373 2567 primit,
2393 2509 2531 2550 unus
2555 2504 2830 2565 postremo
2845 2493 3086 2547 omnium
3111 2490 3328 2545 Patrum
3350 2492 3772 2560 sapientumque

2166 2589 2376 2660 ingenia
2407 2602 2471 2644 ac
2495 2587 2672 2643 studia
2701 2586 2941 2642 exhibet.
2976 2604 2995 2637 »
3028 2583 3178 2639 Itane
3199 2622 3214 2649 ,
3245 2583 3291 2639 si
3316 2584 3533 2654 superis
3565 2583 3773 2653 placet,

2168 2682 2295 2737 huic
2338 2680 2650 2751 apostolicae
2718 2675 3096 2749 approbationi
3159 2675 3403 2741 eximiae,
3464 2674 3773 2745 praeclaris-

2167 2775 2341 2842 simte,
2382 2772 2857 2831 excellentissima;
2903 2768 3166 2840 lgnatiani
3217 2766 3382 2824 libelli
3411 2766 3775 2837 approbatio-

2168 2882 2315 2936 nem,
2346 2866 2647 2937 Augustino
2686 2862 2983 2934 Ignatium,
3035 2868 3115 2915 tot
3149 2860 3376 2915 summis
3418 2859 3774 2929 pontiﬁcibus

2168 2961 2393 3017 Paulum
2422 2959 2488 3014 Ill
2512 2955 2838 3029 opponetis?
2868 2954 3178 3025 Respondet
3200 2957 3444 3008 Annatus
3476 2970 3491 3007 :
3530 2973 3550 3005 ‹
3587 2953 3720 3020 Quae
3744 2968 3775 3009 a

2169 3070 2257 3111 tne
2288 3055 2511 3109 minime
2541 3050 2870 3119 referuntur,
2899 3062 2959 3106 ut
2986 3050 3075 3105 vel
3117 3047 3381 3119 Ignatium
3428 3048 3741 3117 Augustino
3760 3089 3773 3111 ,

2170 3150 2255 3205 vel
2285 3148 2510 3203 Paulum
2554 3146 2621 3201 IIl
2664 3144 3038 3216 superioribus
3080 3158 3348 3213 opponam
3384 3141 3769 3212 pontiﬁcibus,

474 3259 916 3328 Augustinianam
946 3253 1245 3309 doctrinam
1274 3251 1453 3305 minus
1492 3248 1743 3319 explicita
1776 3254 1937 3317 atque
1970 3260 2067 3301 ex-
2090 3235 2138 3299 C
2171 3243 2345 3299 absit!
2388 3260 2407 3294 ι
2442 3240 2548 3297 Sed
2570 3240 2728 3295 dictis
2757 3237 2899 3293 facta
2927 3253 3033 3292 non
3071 3236 3370 3292 cohaerent.
3401 3234 3593 3303 Qualis
3630 3235 3771 3290 enim

472 3364 659 3423 pressa
687 3346 1076 3419 approbatione
1106 3357 1267 3414 quam
1300 3342 1652 3412 lgnatianam,
1674 3351 1794 3393 esse
1816 3337 1885 3392 ab
1905 3349 2067 3407 apos-

474 3441 635 3496 tolica
667 3439 793 3493 sede
836 3437 1121 3491 ﬁrmatam.
1153 3433 1349 3497 Quaeso
1399 3444 1493 3484 vos
1543 3426 1885 3498 quandonam
1936 3424 2065 3479 doc-

472 3533 617 3588 trina
641 3529 813 3589 sancti
852 3528 1039 3599 Ignatii
1070 3528 1123 3582 in
1165 3524 1494 3598 synodorum
1530 3535 1765 3578 canones
1813 3518 2067 3575 transiit?

475 3626 808 3683 Arausicana
835 3622 1076 3694 synodus
1111 3635 1178 3676 ex
1207 3619 1337 3688 ipsis
1379 3614 1551 3673 sancti
1581 3614 1820 3671 doctoris
1850 3622 2068 3671 senten-

474 3721 569 3776 tiis
599 3718 828 3775 conﬂata
857 3724 959 3770 est.
990 3711 1217 3780 Quando
1247 3709 1334 3764 illa
1368 3711 1421 3764 in
1453 3705 1763 3777 pontiﬁcum
1794 3704 2068 3760 Romano-

476 3828 597 3869 rum
644 3810 837 3867 litteris
865 3808 929 3864 ad
978 3805 1203 3861 verbum
1233 3802 1501 3871 exscripta
1546 3799 1669 3855 est?
1718 3797 1836 3853 Duo
1861 3796 2066 3867 integra

477 3908 651 3979 capita
683 3920 748 3962 ex
784 3901 1099 3958 Enchiridio
1145 3898 1320 3954 sancti
1365 3894 1648 3965 Augustini
1688 3893 1798 3948 Leo
1849 3891 2067 3961 Magnus

477 4002 706 4057 inseruit
729 4014 841 4055 suae
863 3996 928 4052 ad
967 3994 1368 4066 Aquileiensem
1399 3989 1694 4044 antistitem
1718 3985 1981 4057 epistolae,
2013 3992 2070 4040 et

476 4093 695 4167 quidem
745 4100 934 4147 contra
966 4086 1283 4158 Pelagianos
1325 4083 1484 4139 datas.
1534 4080 1758 4150 Quando
1806 4078 1871 4133 ad
1920 4078 2067 4133 illam

476 4202 577 4258 pro
597 4187 824 4242 veritate
846 4180 1187 4250 percipienda
1211 4178 1278 4233 ab
1306 4175 1597 4247 apostolica
1627 4172 1755 4228 sede
1775 4170 2066 4227 orthodoxi

476 4281 694 4338 remissi
722 4278 879 4335 sunt?
910 4276 989 4331 Ad
1016 4271 1297 4345 Augustini
1321 4271 1491 4325 libros
1516 4275 1733 4322 sanctus
1754 4263 2067 4320 Hormisdas

475 4372 716 4435 Orientis
739 4369 1007 4441 principes
1028 4368 1198 4433 viros,
1223 4363 1506 4433 episcopos
1533 4374 1597 4414 ac
1621 4357 1935 4424 monachos,
1958 4371 2067 4412 uno

478 4466 645 4523 verbo
684 4461 1011 4520 catholicum
1060 4458 1243 4514 orbem
1286 4456 1492 4511 retulit.
1535 4453 1762 4520 Quando
1812 4452 1877 4507 ad
1924 4451 2066 4507 illius

476 4571 723 4617 normam
749 4553 1028 4626 pontiﬁces
1058 4549 1444 4606 catholicorum
1470 4548 1769 4603 doctrinam
1800 4544 2066 4615 exegere?

2172 3344 2469 3407 quantnsve
2515 3340 2660 3389 esset
2688 3331 3039 3402 Augustinus,
3070 3329 3117 3384 si
3165 3328 3408 3385 Ecclesia
3464 3327 3621 3382 illum
3665 3342 3769 3381 non

2172 3430 2556 3501 approbasset?
2580 3431 2691 3497 jam
2718 3441 2839 3481 cum
2867 3424 3128 3482 Cassiano
3173 3437 3238 3480 ac
3279 3423 3483 3479 Fausto
3516 3436 3771 3477 numera-

2172 3530 2337 3577 retur.
2396 3520 2561 3591 Igitur
2621 3517 2955 3574 tantumdem
3008 3516 3165 3572 nobis
3241 3515 3555 3586 probandus
3626 3514 3769 3569 venit

2170 3625 2429 3690 quantum
2472 3616 2613 3671 idem
2644 3613 2712 3669 ab
2747 3611 2984 3668 Ecclesia
3016 3609 3342 3683 approbatus
3376 3608 3499 3663 fuit.
3550 3608 3765 3676 Quare,

2172 3713 2215 3768 si
2248 3710 2435 3783 Ignatii
2466 3708 2680 3765 libellus
2706 3708 2774 3763 ab
2805 3704 3045 3762 Ecclesia
3082 3703 3411 3774 approbatus
3440 3713 3523 3759 est
3550 3742 3566 3766 ,
3616 3702 3766 3757 item-

2174 3819 2277 3876 que
2307 3800 2591 3873 approbati
2624 3800 2771 3856 luere
2803 3797 2925 3853 libri
2956 3796 3279 3867 Augustini,
3314 3794 3409 3850 sed
3451 3794 3543 3848 isti
3572 3808 3764 3864 appro-

2172 3897 2389 3953 batione
2416 3895 2609 3962 minus,
2638 3902 2697 3948 ut
2726 3893 2821 3956 ait,
2850 3905 3091 3962 expressa
3117 3888 3420 3957 explicitura
3444 3931 3461 3956 ,
3510 3887 3656 3942 unde
3690 3884 3761 3940 illi

2171 3992 2469 4062 Ignatiano,
2500 3998 2553 4044 te
2571 3986 2773 4058 judice,
2804 3986 3055 4056 efﬁcacior
3076 3984 3131 4038 in
3154 3983 3391 4037 omnibus
3411 3982 3760 4037 consentiendi

2173 4084 2445 4139 necessitas
2488 4092 2580 4147 est,
2619 4095 2778 4151 quam
2823 4079 2940 4135 istis
2989 4076 3417 4149 Augustinianis,
3456 4076 3571 4146 jam
3616 4075 3757 4130 vides

2173 4175 2433 4246 Ignatium
2463 4172 2763 4243 Augustino
2798 4172 2881 4225 vel
2914 4169 3151 4238 pmponi
3175 4168 3271 4223 abs
3296 4177 3371 4233 te,
3402 4168 3489 4222 vel
3516 4182 3580 4221 ex
3606 4181 3753 4237 aequo

2171 4270 2362 4327 saltem
2424 4265 2644 4336 opponi.
2691 4265 2761 4318 At
2799 4264 2911 4319 cito
2953 4261 3362 4329 commentaris,
3407 4261 3596 4331 tuique
3641 4259 3754 4315 facti

2173 4362 2311 4417 hanc
2358 4360 2626 4416 rationem
2674 4356 2894 4424 reddis,
2938 4371 3002 4413 ea
3032 4365 3087 4412 te
3113 4356 3182 4412 de
3209 4354 3472 4427 lgnatiani
3504 4355 3628 4410 libri
3668 4370 3751 4424 ap-

2172 4456 2488 4525 probatione
2535 4453 2794 4510 recitasse
2822 4470 2833 4506 :
2866 4469 2885 4503 ‹
2916 4450 3072 4518 Quod
3101 4459 3315 4507 constet
3350 4449 3407 4503 in
3451 4450 3557 4505 hoc
3584 4448 3749 4505 libello

2174 4550 2352 4619 aliqua
2377 4563 2500 4605 esse
2526 4562 2649 4618 qua;
2677 4545 2993 4617 capitalibus
3021 4544 3344 4609 Baianorum
3369 4544 3648 4614 principiis
3665 4557 3748 4612 op-

476 4654 725 4710 Clemens
749 4648 866 4704 VIII
882 4648 1033 4718 juxta
1057 4641 1341 4713 Augustini
1375 4648 1607 4697 mentem
1646 4639 1769 4694 lites
1807 4637 1876 4693 de
1906 4637 2060 4692 auxi-
2086 4631 2144 4695 D
2172 4650 2461 4714 ponuntur,
2492 4641 2632 4696 scire
2664 4639 2822 4695 velim
2873 4638 3002 4709 quid
3042 4638 3152 4693 sint
3179 4636 3495 4705 responsuri
3531 4647 3634 4691 tam
3677 4634 3745 4690 di.

472 4746 561 4801 liis
591 4742 791 4801 divinis
818 4736 1222 4810 componendas
1269 4733 1447 4802 jussit.
1491 4730 1842 4800 Quandonam
1889 4730 2059 4785 sancti

472 4837 659 4909 Ignatii
708 4832 921 4890 libellus
962 4829 1125 4885 tantis
1173 4827 1540 4882 Romanorum
1585 4824 1875 4894 praesulum
1912 4837 2061 4878 com-

471 4928 907 4989 mendationibus
950 4931 1209 4992 exceptus
1234 4961 1250 4988 ,
1285 4919 1446 4975 tantis
1485 4928 1792 4974 sanctorum
1839 4916 2057 4971 Patrum

472 5024 661 5095 elogiis
707 5021 1030 5083 decoratus,
1076 5012 1239 5069 tantis
1284 5013 1522 5067 omnium
1568 5025 1704 5080 pene
1733 5009 2056 5065 saeculorum

469 5114 739 5184 plausibus
767 5112 1063 5167 honoratus
1108 5102 1241 5159 fuit?
1273 5104 1402 5171 Quae
1430 5099 1647 5172 quidem
1689 5100 1874 5156 laudes
1922 5100 1968 5155 si
2005 5100 2058 5154 in

470 5209 667 5264 librum
693 5214 1014 5279 cogerentur
1033 5247 1049 5273 ,
1083 5204 1194 5276 jam
1227 5203 1455 5275 decuplo
1485 5204 1656 5271 major
1684 5201 1777 5259 ille
1803 5202 2056 5257 evaderet

465 5316 626 5371 quam
672 5301 809 5356 liber
837 5299 1232 5356 Exercitiorum
1279 5298 1451 5353 sancti
1482 5295 1688 5367 Ignatii.
1725 5296 1897 5351 Audio
1925 5309 2056 5350 sane

467 5395 595 5465 quid
626 5394 694 5450 de
718 5393 855 5449 libro
876 5394 969 5449 illo
1007 5392 1179 5449 sancti
1219 5391 1402 5463 Ignatii
1434 5392 1673 5447 Romana
1700 5390 1938 5445 Ecclesia
1962 5390 2053 5460 ju-

466 5490 608 5544 dicet
632 5488 686 5542 in
716 5487 1036 5543 lectionibus
1076 5486 1331 5541 Breviarii
1364 5486 1623 5541 Romani:
1657 5504 1675 5536 ι
1715 5484 1922 5549 Homo,
1973 5483 2059 5539 in-

464 5582 600 5652 quit,
631 5581 927 5635 litterarum
962 5580 1116 5649 plane
1143 5579 1290 5635 rudis
1314 5580 1684 5635 admirabilem
1720 5579 1866 5635 illum
1899 5594 2051 5635 com-

466 5673 650 5742 posuit
692 5672 1084 5727 Exercitiorum
1115 5671 1309 5726 librum
1343 5673 1485 5728 sedis
1514 5672 1823 5743 apostolica:
1851 5672 2054 5743 judicio

466 5772 520 5819 et
545 5764 785 5819 omnium
829 5764 1053 5817 utilitate
1091 5764 1517 5832 comprobatum.
1562 5785 1580 5817 ι
1615 5765 1851 5820 Mirabile
1883 5782 2048 5832 Sane,

468 5857 706 5915 libellum
737 5856 883 5913 illum
918 5874 946 5911 ιι
971 5856 1266 5912 litterarum
1297 5857 1455 5927 plane
1487 5858 1604 5914 rudi
1632 5874 1753 5915 esse
1777 5859 2047 5928 conscrip-

2170 4747 2328 4794 εει-ιω
2370 4746 2582 4805 tamque
2612 4734 2883 4804 explicita:
2908 4731 3309 4803 approbationi,
3336 4730 3433 4801 qui
3466 4732 3642 4786 minus
3667 4744 3745 4785 ex-

2169 4846 2412 4903 pressam
2467 4829 2851 4899 explicitamve
2898 4826 3010 4882 suis
3060 4824 3364 4881 obtendunt
3409 4825 3737 4880 erroribus.»

2134 4926 2276 4991 _Nos
2296 4926 2514 4997 quidem
2538 4939 2633 4994 pro
2662 4921 2876 4977 Baianis
2912 4920 3113 4976 nullam
3162 4919 3446 4985 volumus,-
3505 4918 3614 4975 imo
3658 4931 3740 4972 nec

2170 5032 2456 5090 possumus
2480 5016 2893 5087 responsionem
2928 5013 3217 5081 adornare,
3258 5012 3357 5069 sed
3396 5012 3544 5083 quod
3572 5011 3735 5068 eodem

2167 5113 2273 5167 ictu
2304 5120 2360 5167 et
2387 5110 2618 5165 Baianos
2638 5116 2693 5163 et
2721 5104 3077 5176 Augustinum
3100 5102 3265 5160 ferias
3283 5144 3299 5169 ,
3352 5104 3450 5158 tibi
3481 5103 3614 5158 vitio
3636 5116 3736 5155 vers-

2166 5206 2356 5271 timus,
2383 5205 2470 5274 qui
2502 5218 2597 5274 per
2627 5184 2947 5257 Baianorum
2980 5200 3151 5255 latera
3192 5199 3551 5269 Augustinum
3599 5198 3734 5266 impe-

2163 5299 2255 5353 tis.
2296 5297 2418 5352 Sint
2457 5297 2512 5351 in
2544 5295 2730 5351 libello
2755 5286 3260 5363 lgnatiisententiaa
3289 5291 3485 5361 quibus
3511 5288 3729 5362 capitalia

2164 5390 2379 5445 illorum
2427 5389 2680 5458 dogmata
2732 5386 3174 5457 strangulentur;,
3228 5384 3331 5455 ipsi
3378 5385 3636 5451 viderint;
3684 5390 3727 5436 at

2163 5484 2304 5553 quod
2333 5481 2521 5538 eadem
2566 5480 2792 5551 periodo
2818 5464 3102 5550 Augustini
3145 5494 3241 5549 per
3282 5478 3623 5548 apostolicam
3656 5489 3725 5531 se-

2162 5578 2285 5634 dem
2317 5576 2760 5649 approbationem
2802 5575 2973 5629 minus
3016 5588 3310 5643 expressam
3356 5572 3723 5644 explicilamque

2162 5673 2465 5739 contendis,
2496 5671 2652 5727 nobis
2680 5671 2897 5742 placere
2928 5683 3036 5724 non
3077 5676 3276 5739 potest.
3306 5667 3475 5723 Parce
3502 5665 3650 5728 Patri,
3675 5669 3721 5717 et

2161 5766 2389 5820 Baianos
2416 5765 2469 5821 in
2498 5763 2747 5820 exsilium
2795 5777 2902 5819 non
2938 5762 3118 5827 Baias,
3146 5759 3243 5817 sed
3291 5767 3345 5815 te
3392 5758 3611 5830 Gyarum
3638 5755 3715 5811 de-

2160 5868 2389 5930 portato.
