3988 6348
180 506 285 561 817

1362 502 1683 562 νΙΝΒΙΟΙΑΕ
1722 499 2280 562 ΑΗΟΠΞΤΙΝΙΑΝᾹΞ.

3355 496 3458 551 (illi

254 621 312 677 Si
343 621 538 677 Armati
559 623 803 694 exemplo
843 622 1093 680 insistere
1132 632 1186 680 et
1231 638 1323 693 par
1372 624 1482 694 pari
1532 620 1761 677 reddere
1789 626 1843 684 Α
1869 628 2071 674 trarum
2094 618 2460 673 doctrinarum
2492 616 2772 671 harmonia
2810 615 3145 679 recitahitur,
3164 628 3227 669 ac
3251 614 3459 673 dulcior

180 714 466 781 vellemus,
501 715 576 769 uti
606 715 698 771 ille
729 716 795 770 ad
826 716 1250 773 imminuendam
1279 716 1448 771 saneti
1493 712 1771 785 Augustini

178 808 441 862 adversus
498 806 812 877 Pelagianos
859 807 1146 864 scribentis
1190 808 1563 863 auctoritatem
1590 846 1605 869 ,
1660 813 1771 859 tum

178 900 423 956 collectis
456 900 689 970 plurium
715 902 1053 969 testimoniis,
1086 911 1194 957 tum
1214 900 1467 957 violentis
1494 897 1775 969 pravisque

176 992 545 1048 Romanorum
579 994 867 1063 praesulum
909 994 1083 1065 elogia
1132 994 1304 1049 eidem
1349 1001 1538 1049 sancto
1567 989 1773 1045 doctori

177 1087 360 1142 delata
387 1087 927 1157 interpretationibus
953 1101 1328 1155 corrumpens,
1354 1094 1541 1141 contra
1566 1087 1774 1154 Augus-

178 1179 349 1233 tinum
381 1179 630 1249 insurgit,
661 1194 944 1249 possemus
971 1188 1027 1235 et
1055 1192 1154 1234 nos
1184 1178 1369 1234 eadem
1413 1190 1634 1248 prorsus
1678 1190 1775 1231 au-

175 1272 332 1328 dacia
363 1274 465 1328 huc
506 1288 765 1331 revocare
810 1289 929 1344 qua:
976 1272 1145 1329 abbas
1190 1270 1600 1337 Constantinus,
1653 1285 1774 1340 quae

185 1362 495 1420 Vincentius
524 1364 805 1431 Baronius,
831 1364 914 1419 vir
939 1364 1071 1421 satis
1095 1373 1277 1429 notus,
1327 1370 1465 1431 part.
1511 1378 1548 1416 ιι
1576 1361 1764 1417 Theol.

182 1456 339 1522 Mor.,
367 1456 505 1525 disp.
532 1458 584 1522 5,
617 1466 751 1512 sect.
787 1457 838 1523 i,
871 1464 975 1511 art.
1005 1458 1060 1523 2,
1087 1455 1114 1526 §
1139 1455 1192 1519 2,
1222 1468 1340 1523 qua:
1361 1452 1452 1507 alii
1477 1453 1543 1507 de
1571 1452 1771 1509 eisdem

181 1548 467 1603 Exercitiis
489 1549 661 1604 sancti
685 1548 872 1619 Ignatii
899 1549 1181 1618 scripsere,
1203 1562 1265 1603 ac
1282 1544 1508 1602 subinde
1529 1546 1776 1617 frigidam

172 1642 325 1697 illam
375 1644 569 1696 Armati
615 1644 1018 1698 excusationem
1064 1643 1363 1712 Augustino
1424 1641 1775 1714 quorumdam

174 1736 425 1791 censuris
453 1736 759 1790 insultantis
788 1744 1033 1804 repetere
1061 1753 1073 1790 :
1116 1753 1135 1787 ι
1176 1735 1374 1792 Refero
1402 1744 1626 1800 tantum,
1670 1750 1775 1791 non

178 1830 371 1897 probo,
402 1828 445 1884 si
476 1827 767 1899 quidquam
793 1828 954 1898 justas
982 1827 1296 1884 offensionis
1331 1843 1547 1884 causam
1577 1827 1667 1883 det
1695 1873 1710 1897 ,
1750 1845 1771 1880 ι

173 1922 277 1977 lib.
310 1938 419 1987 vni,
450 1936 569 1990 cap.
603 1919 656 1987 6,
693 1936 812 1991 pag.
844 1920 969 1977 864.
1001 1921 1108 1976 Sed
1134 1922 1274 1977 absit
1319 1932 1376 1979 ut
1420 1922 1654 1978 hominis
1691 1936 1778 1977 er-

1876 710 2004 767 iude
2026 721 2321 766 concentus
2342 708 2666 765 inaudietur.
2692 707 2841 763 Filiis
2860 722 3069 778 quoque
3091 706 3285 762 vestris
3307 724 3460 767 euut-

1875 804 1997 859 dem
2028 802 2287 858 doctrina:
2308 815 2631 857 consensum
2654 800 2943 867 immittite,
2992 817 3192 877 eosque
3228 803 3458 860 invicem

1874 895 2141 951 officiosos
2169 895 2251 950 vel
2282 905 2497 951 servate
2524 894 2605 950 vel
2650 894 2832 953 facite.
2881 898 3059 969 Turpe
3105 897 3179 953 sit
3209 900 3260 953 in
3312 904 3459 951 tanta

1875 988 2091 1044 Patrum
2116 990 2401 1045 concordia
2423 994 2564 1049 filios
2588 995 2789 1055 odiosis
2814 1012 2944 1053 sane
2972 989 3461 1062 comparationibus

1875 1082 1943 1137 de
1970 1085 2279 1142 eorumdem
2307 1088 2628 1147 auctoritate
2657 1091 3002 1148 contendere.

2452 1202 2679 1261 CAPUT
2732 1206 2863 1262 Vill.

1878 1292 2200 1347 Recmtiores
2231 1310 2294 1349 ea:
2316 1297 2533 1365 epistola
2560 1298 2723 1352 sancti
2751 1297 3007 1353 Calatini
3054 1312 3200 1364 popae
3244 1296 3312 1350 Β.
3338 1282 3462 1349 Ἀα-

2054 1366 2242 1439 gustini
2262 1368 2614 1423 auctoritatem
2643 1368 2885 1424 limitant.
2912 1368 3256 1439 Refelluntur.

1948 1464 2177 1519 Sanctus
2204 1463 2528 1520 leestinus
2557 1480 2693 1535 papa
2717 1481 2781 1522 ex
2813 1466 3111 1521 litterarum
3133 1460 3459 1518 commercio

1877 1556 2161 1627 Augustini
2190 1558 2414 1624 amicus,
2441 1574 2504 1616 ac
2530 1560 2727 1616 deinde
2758 1560 3025 1616 demortui
3059 1559 3322 1614 adversus
3362 1555 3459 1611 Se-

1854 1650 2297 1722 .mi—Pelagianos
2350 1651 2632 1721 defensor,
2692 1654 2744 1708 in
2795 1652 3175 1725 Augustiniana
3221 1649 3464 1706 doctrina

1879 1744 2304 1801 commendanda
2338 1747 2575 1802 omnium
2601 1748 2937 1803 nobilissimo
2979 1746 3155 1818 etagio
3183 1759 3310 1800 usus
3356 1751 3463 1809 est,

1880 1837 2022 1893 unde
2052 1840 2381 1894 recentiores
2408 1840 2472 1893 ad
2502 1840 2634 1895 illud
2663 1840 3049 1896 decurtandum
3102 1835 3468 1893 limitandum-

1880 1945 1986 1998 que
2012 1932 2153 1986 vires
2182 1944 2373 1986 omnes
2400 1931 2707 1999 intendunt,
2734 1940 2787 1987 et
2814 1931 2957 2001 quod
2986 1939 3067 1985 est
3089 1943 3277 1984 eorum
3332 1940 3465 1981 acu-

174 2030 358 2072 rorem
392 2014 747 2083 redarguens,
779 2014 1031 2070 eumdem
1062 2016 1261 2081 imiter,
1284 2014 1510 2085 ejusque
1537 2014 1778 2070 criminis
1808 2010 1857 2071 Β
1883 2039 2026 2094 men,
2060 2040 2127 2081 ex
2154 2025 2341 2081 eadem
2365 2025 2640 2081 cmlestini
2681 2025 2928 2095 epistola,
2972 2022 3112 2079 unde
3138 2021 3206 2076 ab
3240 2020 3355 2075 aliis
3377 2017 3468 2074 vel

173 2125 307 2165 reus
339 2109 457 2163 (iam
491 2108 642 2178 cujus
681 2108 823 2164 hunc
846 2110 1207 2165 recentiorem
1235 2110 1376 2180 apud
1398 2109 1605 2180 judices
1625 2123 1775 2164 reum

175 2201 400 2273 postqu
428 2204 439 2255 !
474 2202 812 2257 Erubescant
839 2198 1084 2271 profecto
1106 2201 1422 2268 adversarii,
1458 2201 1780 2257 erubescant

173 2295 309 2349 dum
338 2309 435 2351 nos
464 2294 516 2349 in
544 2294 683 2349 hanc
710 2309 929 2349 arenam
984 2294 1067 2349 vel
1101 2294 1296 2349 invitos
1336 2294 1669 2363 propellunt,
1722 2295 1775 2349 in

171 2404 286 2459 qua
318 2389 526 2443 odiosis
550 2403 772 2457 prorsus
796 2387 1286 2457 comparationibus
1303 2387 1371 2443 de
1386 2388 1630 2444 divorum
1653 2402 1779 2443 auc-

179 2482 406 2535 toritate
433 2480 689 2551 litigetur.
721 2479 926 2535 Scitote
949 2480 1367 2551 Augustinianos
1396 2480 1565 2537 sancti
1590 2480 1778 2549 lgnatii

174 2576 425 2630 libellum
451 2574 533 2629 vel
563 2574 964 2645 Augustinianaa
986 2573 1250 2630 doctrina:
1273 2573 1603 2629 conformem
1635 2572 1777 2629 reci-

180 2681 343 2737 pere,
374 2667 643 2733 evolvere,
678 2664 1006 2730 deoscuiari,
1027 2674 1080 2720 et
1099 2680 1164 2721 ne
1187 2664 1305 2735 quis
1328 2665 1395 2720 de
1416 2665 1517 2719 hoc
1542 2664 1779 2734 ipsorum

177 2761 445 2831 obsequio
470 2759 697 2823 dubitet,
731 2759 888 2815 editis
913 2758 1319 2815 commentariis
1343 2760 1443 2813 hoc
1488 2759 1664 2827 ipsum
1687 2771 1782 2811 co-

176 2868 301 2906 ram
335 2852 603 2907 catholico
631 2852 762 2907 orbe
796 2849 1134 2920 profitentur.
1165 2851 1228 2905 P.
1258 2850 1573 2907 Franciscus
1608 2852 1780 2905 Mace-

177 2946 279 3009 do,
318 2945 565 2999 Minorita
596 2944 906 3009 Lusitanus,
935 2942 1231 3012 serapbicae
1260 2944 1437 3013 gentis
1477 2943 1732 3013 splendor
1762 2983 1779 3009 ,

179 3040 331 3092 hanc
360 3037 460 3092 sibi
490 3039 713 3109 gloriam
772 3038 1086 3093 felicissime
1135 3036 1485 3107 comparavit.
1536 3036 1632 3091 liic
1674 3038 1784 3092 An-

177 3129 510 3201 gustinianae
540 3129 802 3184 doctrina:
832 3129 966 3185 adeo
995 3129 1270 3183 studiosus
1291 3138 1396 3194 est,
1426 3138 1481 3183 ut
1527 3130 1581 3183 in
1608 3128 1786 3197 lsago-

179 3236 276 3293 ge,
312 3221 463 3274 initio
486 3236 596 3276 sua:
628 3223 873 3288 cortinm,
903 3221 1004 3275 hac
1043 3220 1205 3277 veluti
1247 3230 1450 3276 tessera
1490 3222 1542 3275 iu
1575 3222 1781 3276 littera-

178 3312 323 3368 riam
350 3315 647 3383 palazstram
697 3313 1093 3370 descenderet:
1133 3331 1151 3365 ‹
1187 3312 1300 3384 Ego
1359 3313 1782 3383 Augustiuianus

178 3422 347 3473 sum;
398 3407 969 3477 Augustinianissimus
1016 3421 1154 3463 sum.
1195 3425 1215 3460 ι
1264 3407 1380 3471 Hic,
1414 3407 1631 3477 inquam
1662 3446 1678 3474 ,
1732 3391 1861 3460 inC

180 3499 561 3554 eruditissimo
578 3499 671 3554 illo
700 3499 971 3555 volumine
988 3515 1093 3571 quo
1111 3499 1366 3556 Ecclesiae
1381 3501 1583 3555 orantis
1604 3508 1658 3555 et
1684 3501 1790 3553 Au-

183 3595 393 3665 gustini
430 3594 715 3650 scribentis
746 3603 1065 3649 concentum
1097 3594 1405 3666 descripsit,
1455 3596 1787 3650 harmoniam

183 3702 409 3758 quoque
440 3687 831 3742 Exercitiorum
886 3688 1057 3742 sancti
1099 3687 1305 3756 lgnatii,
1340 3688 1614 3743 societatis
1662 3687 1789 3743 Jesu

184 3778 519 3843 fundatoris,
553 3788 607 3835 et
630 3793 853 3847 operum
875 3776 1047 3833 sancti
1066 3776 1347 3848 Augustini
1382 3778 1637 3833 Ecclesia:
1664 3776 1791 3834 doc-

184 3876 327 3931 toris
363 3876 530 3946 (nam
558 3875 716 3945 plane
746 3875 887 3929 hunc
914 3872 1066 3943 operi
1093 3872 1306 3927 titulum
1327 3872 1497 3943 dedit)
1522 3872 1785 3940 exhibuit,

185 3969 349 4039 cujus
380 3968 513 4023 illud
544 3968 820 4023 exordium
845 3975 965 4023 est:
1005 3985 1023 4017 ‹
1059 3965 1241 4031 Soleo,
1274 3965 1433 4036 idque
1455 3973 1706 4033 expertus
1728 3979 1791 4018 ac

187 4061 435 4134 prudens
450 4060 653 4129 dicere,
670 4059 808 4114 haud
827 4059 1132 4115 facileinter
1148 4068 1364 4113 sanctos
1387 4058 1607 4127 reperiri
1631 4058 1791 4113 alium

191 4155 507 4225 Augustino
534 4170 656 4210 cum
684 4154 967 4220 doctrinae,
1002 4168 1120 4223 quae
1141 4170 1169 4207 a
1194 4153 1306 4207 Deo
1330 4162 1432 4219 est,
1474 4163 1529 4208 et
1569 4155 1792 4226 mystica

192 4248 525 4318 appellatur,
554 4256 665 4302 tum
710 4246 971 4301 instituta:
1001 4262 1027 4298 a
1060 4260 1118 4300 se
1163 4255 1215 4301 et
1263 4246 1384 4299 aliis
1418 4246 1630 4301 indicta:
1671 4247 1794 4301 vitae

193 4342 429 4406 ratione,
459 4355 619 4410 quam
648 4341 907 4410 Iguatium
958 4340 1301 4396 similiorem.
1341 4360 1359 4392 ι
1402 4341 1532 4408 Quae
1575 4342 1791 4411 quidem

194 4433 281 4488 vir
307 4433 658 4488 doctissimus
689 4432 957 4489 fusissime
984 4448 1080 4503 per
1112 4432 1300 4503 viginti
1322 4442 1446 4489 octo
1470 4433 1663 4502 capita,
1683 4434 1796 4489 col-

200 4528 323 4581 latis
345 4541 416 4582 ex
443 4535 676 4596 utroque
705 4527 1007 4592 sententiis,
1038 4525 1109 4581 ita
1140 4527 1476 4596 comprobat,
1503 4537 1560 4580 ut
1586 4527 1795 4596 profec-

203 4629 257 4673 to
279 4619 509 4673 minime
538 4619 831 4674 timendum
856 4622 924 4674 sit
954 4634 1021 4674 ue
1044 4619 1344 4691 Augustino
1382 4620 1672 4690 quidquam
1702 4620 1797 4676 de-

202 4714 444 4770 trimenti
494 4728 559 4769 cx
609 4715 866 4783 lgnatiani
915 4713 1081 4769 libelli
1130 4715 1463 4784 expressiori
1515 4729 1578 4769 ac
1626 4716 1796 4784 magis

203 4808 483 4877 explicita,
526 4816 583 4862 ut
628 4808 841 4878 inquis,
884 4808 1275 4878 approbatione
1318 4806 1595 4873 inferatur,
1656 4823 1793 4864 neve
1821 4787 1875 4848 D

206 4902 367 4954 tantis
396 4900 763 4955 Romanorum
788 4902 1073 4970 praesulum
1100 4916 1162 4957 ac
1208 4900 1425 4955 Patrum
1469 4902 1659 4971 elogiis
1688 4902 1798 4957 Au-

204 4994 501 5063 gustiniani
523 4996 793 5050 volumina
822 4996 1221 5052 nobilitantibus
1247 4996 1428 5066 lgnatii
1458 4996 1669 5050 libellus
1689 4996 1801 5051 suf-

208 5088 439 5157 focetur,
463 5091 559 5145 sed
587 5107 707 5144 cum
737 5091 923 5146 eadem
949 5093 1199 5163 dogmata
1221 5101 1276 5146 et
1303 5106 1523 5160 parvum
1568 5091 1755 5162 lgnatii
1784 5131 1799 5157 ,

206 5194 265 5240 et
289 5185 497 5254 prolixa
523 5185 805 5255 Augusdni
830 5186 1101 5241 volumina
1140 5186 1209 5241 de
1253 5183 1447 5239 divinae
1475 5184 1664 5254 gratiae.
1707 5200 1803 5239 au-

210 5278 353 5332 xiliis
379 5277 614 5348 tradant,
645 5278 832 5334 eadem
856 5294 1076 5350 prorsus
1097 5277 1485 5349 approbatione
1501 5276 1701 5331 munita
1719 5275 1803 5330 di-

209 5380 423 5436 cantur,
448 5373 746 5442 Augustino
762 5381 815 5429 et
830 5372 1131 5427 doctrinam
1145 5380 1199 5426 et
1213 5370 1455 5441 ejusdem
1476 5369 1636 5424 etiam
1659 5382 1807 5423 com-

212 5464 617 5521 mendationem
643 5468 695 5521 in
728 5467 1060 5538 lgnatiauum
1089 5466 1329 5521 codicem
1359 5464 1805 5530 transfundeute,

212 5566 275 5613 et
305 5557 505 5628 lgnatio
534 5573 670 5613 nova
699 5575 728 5614 a
760 5558 926 5614 Paulo
947 5559 1012 5614 Ill
1042 5557 1427 5628 approbatione
1446 5556 1688 5623 obtenta,
1714 5570 1811 5611 an-

216 5653 370 5721 tiqua
402 5653 713 5722 pontificum
738 5652 808 5711 de
835 5654 1118 5726 Augustini
1166 5653 1316 5707 libris
1356 5653 1573 5708 decreta
1620 5669 1809 5712 recen-

216 5747 342 5800 tiori
392 5747 587 5803 iterum
630 5749 870 5818 ejusdem
932 5749 1240 5822 apostolicae
1300 5751 1446 5806 sedis
1502 5755 1809 5810 testimonio

218 5841 599 5898 confirmante.
634 5842 740 5899 Vos
762 5844 982 5915 quidem
1008 5862 1214 5918 magnae
1236 5848 1433 5904 anima:
1454 5848 1625 5905 beatae
1668 5849 1811 5905 illius

218 5932 461 6002 regionis
490 5934 659 6001 cives,
692 5936 769 5992 uti
799 5938 853 5992 in
890 5937 1065 6008 libris,
1110 5938 1183 5995 ita
1221 5949 1277 5997 et
1323 5940 1375 5996 in
1406 5939 1611 5997 ctelesti
1645 5942 1812 6010 patria

219 6027 526 6088 concordes
547 6042 807 6091 teternum
837 6031 1008 6104 eritis,
1034 6040 1088 6092 et
1115 6034 1371 6107 atigolicis
1409 6030 1655 6097 cantibus
1697 6046 1814 6091 vcs-

1879 2133 2045 2188 supra
2097 2117 2275 2174 sidera
2330 2119 2717 2188 Augustiniana
2767 2115 3055 2170 auctoritas
3105 2111 3259 2169 evehi
3307 2110 3465 2174 solet,

1881 2209 2125 2265 eamdem
2154 2208 2462 2279 deprimere
2488 2218 2773 2264 conantur.
2810 2205 3009 2262 Ultima
3039 2202 3279 2274 epistolae
3306 2200 3469 2254 verba

1880 2301 2126 2367 recitant,
2164 2318 2359 2372 nempe
2387 2302 2479 2358 ubi
2509 2300 2838 2359 leestinus
2869 2300 2982 2355 ait:
3038 2317 3058 2351 ι
3088 2294 3471 2352 Profundiores

1887 2411 2017 2452 vero
2041 2394 2480 2467 difficilioresque
2494 2406 2672 2466 partes
2689 2394 3072 2451 incurrentium
3089 2390 3468 2463 quaestionum,

1880 2502 2015 2558 quas
2045 2487 2202 2543 latius
2244 2496 2635 2556 pertractarunt
2674 2488 2765 2558 qui
2820 2486 3084 2542 hrereticis
3131 2484 3468 2547 restiterunt,

1883 2579 2021 2634 sicut
2050 2595 2155 2635 non
2180 2581 2441 2635 audemus
2471 2588 2842 2646 contemnere,
2871 2578 2941 2632 ita
2972 2592 3078 2631 non
3119 2588 3340 2630 necesse
3371 2572 3470 2626 ha-

1882 2671 2073 2726 bemus
2100 2680 2359 2727 astruere.
2374 2689 2393 2722 ι
2415 2671 2617 2737 Quibus
2639 2669 2943 2738 significare
2967 2666 3318 2723 Caelestinum
3338 2678 3470 2719 con-

1884 2764 2130 2829 tendunt,
2158 2774 2352 2835 praeter
2397 2778 2591 2833 paucas
2636 2762 2809 2818 sancti
2842 2760 3125 2832 Augustini
3178 2756 3473 2814 sententias

1884 2860 1953 2913 ab
1986 2857 2240 2913 Ecclesia:
2276 2855 2597 2927 praesulibus
2621 2869 2686 2910 ac
2706 2854 2925 2928 synodis
2950 2861 3213 2925 receptas,
3239 2866 3369 2922 quas
3418 2848 3475 2903 in

1887 2952 2251 3021 superioribus
2275 2949 2529 3020 capitulis
2558 2950 2770 3015 recitat,
2819 2950 2916 3003 abs
2946 2963 3007 3003 se
3052 2949 3242 3002 iterata
3278 2958 3474 3015 appro-

1888 3045 2105 3100 batione
2128 3045 2493 3109 confirmatas,
2524 3043 2668 3099 nolle
2700 3042 2935 3113 reliquas
2965 3042 3032 3098 de
3074 3041 3254 3096 divina
3307 3038 3478 3109 gratia

1888 3139 2190 3209 opiniones,
2222 3154 2355 3209 quas
2383 3139 2476 3196 ille
2504 3142 2557 3195 in
2600 3142 2712 3196 suis
2754 3148 2941 3196 contra
2971 3136 3286 3208 Pelagianos
3318 3133 3477 3190 editis

1889 3236 2342 3306 disputationibus
2370 3239 2557 3306 tenuit,
2593 3247 2846 3309 tanquam
2878 3237 2945 3292 de
2968 3233 3072 3289 fide
3097 3242 3359 3293 astruere,
3406 3226 3479 3283 ob

1892 3328 2182 3385 asserentis
2211 3338 2390 3385 tamen
2414 3332 2695 3402 Augustini
2734 3331 3111 3387 auctoritatem
3140 3342 3232 3383 eas
3276 3339 3335 3380 se
3370 3337 3480 3379 non

1892 3432 2262 3492 contemnere,
2291 3425 2386 3480 sed
2415 3425 2630 3481 easdem
2655 3426 2823 3482 libero
2844 3425 3104 3481 lectorum
3126 3418 3372 3477 assensui
3394 3415 3484 3471 vel

1893 3516 2160 3572 dissensui
2190 3514 2326 3571 citra
2347 3518 2784 3588 reprehensionis
2806 3518 3105 3588 periculum
3150 3515 3479 3586 permittere.

1897 3610 1962 3664 Et
1992 3609 2210 3681 quidem
2244 3610 2509 3676 Armatus,
2542 3611 2636 3667 lib.
2670 3627 2788 3675 vni,
2817 3626 2936 3681 cap.
2971 3612 3023 3677 1,
3064 3623 3187 3665 cum
3237 3620 3483 3662 numero-

1893 3718 2008 3759 sam
2044 3702 2257 3758 testium
2280 3713 2553 3758 catervam
2588 3713 2777 3759 contra
2800 3702 3151 3774 Augustinum
3192 3700 3484 3772 productu-

1892 3811 1987 3851 rus
2011 3805 2176 3863 esset,
2215 3796 2395 3853 eidem
2422 3796 2770 3853 lees‘tinum
2810 3810 3003 3867 papam
3037 3794 3313 3849 ductorem
3334 3790 3487 3847 dedit

1893 3889 2224 3945 inclamans:
2257 3907 2275 3940 ι
2291 3892 2492 3961 Agmen
2516 3890 2696 3955 ducet,
2722 3898 2778 3944 ut
2802 3905 2897 3960 par
2917 3897 3021 3956 est,
3044 3901 3285 3945 summus
3310 3886 3487 3958 ponti-

1895 3982 1981 4037 fex
2004 3980 2331 4038 leestinus
2372 3983 2603 4049 Primus,
2634 4002 2652 4034 ι
2683 3996 2805 4037 cum
2831 3992 3004 4038 tamen
3037 3982 3312 4051 hucusque
3341 3981 3484 4036 inter

1898 4076 2196 4146 praecipuos
2217 4076 2392 4130 sancti
2419 4074 2655 4129 doctoris
2676 4072 3032 4129 encomiastas
3076 4073 3165 4129 ille
3204 4072 3344 4127 idem
3377 4072 3489 4142 pri-

1884 4185 2014 4235 mas
2042 4171 2293 4226 tenuerit.
2328 4169 2583 4237 Quinimo
2632 4169 2960 4225 recentiores
2990 4168 3077 4223 isti
3108 4167 3340 4239 theologi
3371 4167 3489 4237 glo-

1898 4263 2104 4319 riantur
2132 4279 2191 4319 se
2239 4264 2487 4333 ejusdem
2519 4264 2761 4334 epistolae
2808 4264 3206 4331 litnitationem,
3249 4278 3353 4333 qua
3389 4278 3487 4318 an-

1897 4356 2101 4428 gustior
2123 4358 2215 4411 tiat
2241 4357 2524 4427 Augustini
2548 4357 2859 4422 auctoritas,
2885 4372 2916 4412 e
2944 4358 3178 4412 tenebris
3207 4358 3259 4412 iu
3286 4357 3491 4413 schola:

1898 4450 2082 4505 oculos
2120 4465 2423 4506 revocasse.
2472 4451 2735 4506 Audiatur
2774 4450 3040 4506 Moraines
3073 4452 3127 4505 in
3178 4450 3493 4521 praefatione

1901 4542 1966 4596 ad
2017 4542 2388 4599 orthodoxos:
2427 4564 2445 4596 ί
2482 4545 2651 4612 Quam
2693 4543 2845 4597 multi
2885 4544 2999 4599 sine
3023 4544 3133 4599 ullo
3177 4538 3490 4598 diserimine

1901 4637 2186 4706 Augustini
2209 4638 2583 4693 auctoritatem
2614 4638 2990 4704 admittebant,
3023 4637 3115 4708 qui
3136 4652 3277 4692 nunc
3310 4637 3491 4691 audita

1901 4731 2222 4785 limitatione
2242 4746 2401 4800 quam
2422 4731 2539 4801 ejus
2570 4731 2943 4801 npprobationi
2972 4730 3300 4786 Coelestinus
3325 4744 3495 4799 appo-

1900 4824 2027 4887 suit,
2058 4822 2187 4876 dum
2244 4823 2467 4877 audiunt
2521 4823 2720 4893 aliquid
2760 4839 2826 4879 ex
2879 4824 3177 4891 Augustino
3224 4820 3493 4891 proponi,

1903 4915 2194 4985 quaeritant
2218 4932 2233 4969 :
2254 4916 2419 4971 Estne
2442 4915 2544 4970 hoc
2560 4917 2628 4970 de
2666 4916 2770 4971 illis
2787 4915 3224 4985 profundioribus
3249 4914 3497 4983 quzrstio-

1904 5012 2062 5066 nibus
2089 5025 2224 5080 quas
2250 5024 2355 5064 non
2385 5023 2606 5065 necesse
2630 5009 2891 5079 judicavit
2943 5019 3207 5074 astruere,
3252 5022 3385 5073 quas
3438 5008 3492 5061 in

1906 5102 2123 5173 ancipiti
2147 5101 2401 5172 opinandi
2430 5101 2677 5157 libertate
2731 5101 2998 5171 reliquit?
3036 5119 3054 5151 ι
3117 5099 3392 5169 Tripudiat
3438 5099 3497 5154 in

1907 5199 2016 5255 illis
2036 5196 2311 5254 leestiui
2352 5196 2533 5252 verbis
2559 5198 2799 5250 Armatus
2831 5196 2923 5251 lib.
2961 5210 3078 5258 vtu,
3113 5209 3233 5263 cap.
3287 5194 3338 5262 i,
3371 5207 3498 5265 pag.

1910 5291 2057 5347 858:
2094 5309 2114 5342 ‹
2154 5290 2261 5346 Nos
2288 5305 2441 5357 vero,
2480 5290 2673 5359 inquit,
2724 5300 2945 5344 auctore
2989 5286 3281 5344 Caelestino
3304 5289 3499 5344 distin-

1912 5387 2126 5455 guimus
2158 5386 2299 5440 inter
2328 5384 2661 5439 necessarias
2704 5392 2758 5439 et
2806 5382 3180 5438 indifferentes
3218 5385 3505 5454 Augustini
3572 5413 3585 5433 ι

1914 5479 2238 5545 sententias,
2272 5492 2594 5547 omnemque
2618 5476 2741 5531 huic
2764 5477 2951 5531 lumini
2973 5478 3299 5532 contrariam
3329 5477 3505 5532 lucem
3579 5464 3583 5471 ’

1917 5573 2167 5629 tenebras
2198 5580 2530 5641 reputamus.
2566 5590 2584 5622 ι
2630 5570 2812 5639 Itaque
2844 5570 2945 5625 hoc
2991 5572 3108 5626 loco
3161 5586 3257 5641 pro
3300 5573 3508 5639 Augus-

1920 5665 2120 5720 tiniana
2148 5664 2393 5720 doctrina
2441 5679 2563 5717 cum
2610 5664 3002 5719 recentioribus
3044 5662 3289 5718 cominus
3341 5661 3508 5718 veluti

1918 5757 2115 5813 collato
2145 5757 2280 5827 pede
2331 5754 2675 5827 pugnandum
2703 5764 2808 5822 est,
2836 5756 2887 5810 in
2920 5771 3026 5825 quo
3056 5755 3272 5826 quidem
3314 5767 3508 5819 campo

1920 5851 2096 5904 minus
2129 5848 2355 5903 feliciter
2381 5850 2737 5905 recentiorum
2789 5849 3021 5919 impetus
3053 5849 3141 5903 alii
3182 5847 3506 5911 sustinuere,

1923 5944 2066 6001 unde
2098 5945 2171 5998 illi
2199 5943 2554 6000 animosiores
2579 5944 2705 6000 facti
2732 5944 2833 5999 sibi
2863 5958 2923 5999 ea
2957 5945 3008 5998 in
3041 5945 3131 5998 lite
3156 5943 3224 5996 de
3256 5940 3509 6010 Augusti~

1926 6050 1997 6091 no
2028 6036 2306 6095 victoriam
2333 6045 2389 6094 et
2417 6036 2745 6106 triumphum
2777 6034 3044 6092 cecinere;
3254 6042 3257 6045 ·
