3988 6348
527 490 631 548 819

1413 473 1972 537 SUPPLEMEMUM
2008 473 2101 531 AD
2133 468 2372 530 OPERA
2406 467 2468 526 8.
2508 464 2902 524 AUGUSTINI.

3711 460 3821 519 890

604 608 659 663 In
692 584 878 676 primis
926 600 1121 657 eximia
1154 598 1516 655 recentiorum
1573 593 1806 651 eruditio
1832 604 2112 649 commen-
2134 587 2194 653 Α
2214 582 2582 647 demorantes,
2618 582 2871 676 piissimis
2904 582 3334 676 disputatoribus
3354 580 3573 637 obviare
3597 594 3819 676 praesu-

526 700 704 760 danda
729 697 989 763 nectmit,
1038 694 1131 766 qui
1160 708 1192 749 e
1222 708 1280 748 re
1314 706 1535 762 prorsus
1562 691 1767 746 incerta
1797 698 2006 745 certum
2032 685 2115 741 in-

529 800 838 864 victumque
870 784 1060 849 contra
1090 788 1446 860 Augustinum
1478 793 1856 857 argumentum
1885 794 2116 839 exerere

522 896 877 950 arbitramur.
906 890 1117 945 Etenim
1147 888 1277 943 viris
1321 884 1704 941 eruditissimis
1746 891 1803 939 et
1827 882 2116 952 sapientis-

524 989 683 1045 simis
711 986 855 1043 haud
902 984 1162 1056 probatur
1190 983 1357 1038 verba
1403 982 1654 1052 superius
1700 985 1996 1036 memorata
2024 992 2114 1034 as-

527 1081 660 1138 cribi
711 1080 1031 1145 Caelestino,
1090 1077 1185 1134 sed
1236 1078 1448 1145 cuipam
1505 1074 1661 1130 alteri
1710 1073 2116 1145 Augustinianae

526 1174 790 1230 doctrinae
826 1171 1070 1227 studioso
1115 1168 1419 1239 deputanda
1447 1183 1568 1227 esse
1612 1167 1971 1224 contendunt.
2004 1165 2119 1223 Cm-

526 1265 706 1322 lestini
740 1261 965 1337 epistola
997 1262 1106 1319 illis
1138 1262 1318 1317 verbis
1360 1262 1412 1323 in
1459 1260 1565 1317 fine
1613 1276 1735 1331 cap.
1774 1260 1809 1315 2
1834 1260 2117 1316 concludi-

500 1410 503 1411 ν
531 1364 617 1412 tur
648 1376 661 1409 :
688 1355 828 1411 Deus
848 1372 937 1412 vos
965 1353 1250 1410 incolumes
1270 1354 1551 1422 custodiat,
1586 1355 1771 1425 fratres
1803 1354 2113 1411 charissimi.

534 1449 721 1507 Postea
759 1448 947 1505 decem
976 1448 1156 1517 capita
1186 1448 1546 1504 adnertuntur
1572 1446 1625 1501 in
1657 1447 1849 1518 quibus
1879 1447 2117 1516 Pelagia-

532 1560 726 1603 norum
757 1558 820 1600 ac
854 1543 1442 1613 Sensi-Pelagianorum
1469 1556 1685 1598 errores
1712 1557 1781 1597 ex
1801 1540 2117 1609 Innocentii,

529 1634 733 1695 Zosimi
762 1650 822 1690 ac
848 1636 1041 1708 synodi
1059 1635 1501 1705 Carthaginensis
1530 1635 1766 1692 decretis
1792 1636 2114 1692 refutantur.

531 1728 698 1784 Porro
740 1728 843 1784 ista
874 1728 1060 1784 decem
1106 1729 1279 1798 capita
1326 1743 1437 1784 non
1478 1743 1599 1784 esse
1628 1726 1909 1785 Cmiestini
1956 1729 2121 1784 tradit

530 1820 911 1877 ecclesiasticae
969 1821 1206 1877 historiae
1260 1836 1458 1891 parens
1506 1822 1687 1877 Caesar
1740 1822 2005 1878 Baronius
2052 1822 2121 1878 ad

527 1930 729 1973 annum
763 1916 887 1982 451,
924 1931 1045 1987 pag.
1077 1916 1204 1981 605,
1236 1916 1330 1971 ubi
1369 1916 1446 1971 ait
1463 1914 1535 1972 de
1558 1916 1787 1987 epistola
1819 1917 1912 1972 illa
1942 1916 2119 1973 Coele-

2215 684 2407 741 mnnt,
2456 683 2512 731 et
2553 690 2674 731 cum
2704 674 2980 745 Pelagium
3010 684 3171 745 atque
3218 674 3528 731 leestium
3576 672 3817 729 anathe-

2217 771 2478 829 matizare
2506 784 2612 825 non
2636 769 2906 837 dubitent,
2935 768 3207 840 magistris
3238 776 3414 823 tamen
3432 766 3658 832 nostris,
3696 775 3817 819 tan-

2213 878 2375 935 quam
2416 863 2786 918 necessarium
2843 863 3061 917 modum
3106 861 3472 924 excesserint,
3505 859 3819 925 obloquun—

2216 966 2325 1025 tur,
2370 971 2546 1026 eaque
2575 956 2947 1011 tantummodo
2988 956 3138 1026 sequi
3180 964 3235 1010 et
3274 954 3500 1023 probare
3550 952 3819 1022 proﬁteno

2210 1062 2324 1118 tur,
2358 1065 2483 1122 quae
2503 1048 2869 1109 sacratissima
2902 1049 2963 1103 Β.
2995 1047 3225 1118 apostoli
3256 1046 3402 1103 Petri
3430 1046 3587 1103 sedes
3615 1052 3818 1101 contra

2217 1146 2469 1202 inimicos
2489 1144 2679 1215 gratiae
2709 1143 2803 1198 Dei
2840 1157 2939 1212 per
2973 1142 3335 1199 ministerium
3366 1141 3657 1213 prmsulum
3688 1154 3819 1195 suo.

2218 1254 2337 1294 rum
2368 1239 2545 1294 sanin
2571 1246 2625 1293 ct
2650 1236 2852 1293 docuit.
2894 1237 3271 1292 Necessarium
3300 1235 3399 1291 fuit
3418 1235 3711 1304 diligenter
3743 1234 3819 1288 inc

2217 1333 2433 1404 quirere
2477 1332 2605 1403 quid
2654 1342 2892 1387 rectores
2936 1330 3193 1387 Romanae
3234 1328 3489 1386 Ecclesiae
3514 1328 3583 1383 de
3610 1325 3817 1382 haresi

2219 1440 2340 1496 quae
2397 1440 2585 1480 eorum
2634 1425 2967 1494 temporibus
3018 1432 3204 1478 exorta
3258 1422 3431 1477 fuerat
3478 1421 3817 1490 judicarint:

2226 1534 2245 1568 ι
2274 1498 2403 1572 Haec
2430 1515 2573 1572 enim
2603 1530 2712 1571 non
2758 1514 3012 1571 videntur
3036 1516 3197 1570 verba
3238 1513 3466 1569 Romani
3496 1511 3772 1565 antistitis
3802 1525 3816 1561 :

2222 1626 2330 1666 non
2356 1613 2498 1666 enim
2529 1609 2597 1664 de
2630 1609 2875 1664 Romana
2918 1608 3049 1663 sede
3088 1616 3341 1678 tanquam
3372 1608 3439 1660 de
3484 1602 3712 1675 propria
3744 1601 3822 1655 lo-

2221 1705 2422 1774 quitur,
2456 1719 2556 1758 nec
2600 1705 2872 1758 Romanos
2902 1710 3145 1758 rectores
3197 1709 3353 1757 vocat
3382 1698 3823 1770 praedecessores

2222 1811 2372 1861 suos,
2405 1808 2560 1867 prout
2595 1797 2880 1866 pontiﬁces
2915 1801 3337 1860 consueverunt,
3372 1802 3557 1848 tamen
3602 1788 3825 1845 habens

2223 1890 2289 1945 ad
2318 1889 2682 1945 deﬁniendum
2733 1889 3109 1945 auctoritatem
3166 1886 3423 1957 loquitur.
3473 1886 3822 1952 Quapropter

530 2009 658 2065 stini
687 2024 703 2065 :
759 2027 779 2061 ι
808 1975 1112 2078 Iunguntur
1142 1975 1386 2075 epistola:
1435 1975 1611 2079 capita
1659 2010 1902 2079 quadam
1935 2010 2122 2065 adver-
2154 2002 2199 2063 Β
2226 1982 2389 2079 ³¹ίξ1ξ¹λί
2416 1992 2642 2079 ⁸³⁸9³⁸9⁸
2672 1982 2783 2079 ί¹¹ξ
2808 1982 2985 2049 capi“
3033 1980 3198 2035 fuisse
3225 1994 3255 2033 ³
3288 1978 3557 2079 ΡτοθΡθνθ
3586 1975 3821 2079 “Pe”

530 2115 622 2156 sus
648 2099 963 2170 Pelagianos
993 2116 1207 2156 errores
1240 2101 1306 2157 ab
1326 2102 1621 2170 apostolica
1654 2102 1783 2158 sede
1804 2102 1932 2157 olim
1963 2110 2018 2158 et
2050 2103 2119 2159 ab

531 2190 797 2247 Africanis
828 2193 1047 2248 decreta
1069 2192 1333 2260 conciliis,
1364 2193 1559 2258 quibus
1586 2194 1845 2250 deberent
1869 2196 2120 2251 insistere

528 2288 624 2356 qui
659 2286 762 2343 sub
790 2286 1058 2343 catholico
1096 2289 1315 2343 nomine
1346 2288 1469 2344 licet
1511 2288 1781 2359 Pelagium
1811 2300 1973 2358 atque
1999 2286 2119 2347 Cm-

534 2382 749 2437 leatium
802 2380 1148 2439 anathemate
1190 2381 1645 2447 condemnarent,
1698 2395 1884 2437 eorum
1942 2390 2119 2438 tamen

534 2472 828 2531 defendere
856 2484 1180 2530 conarentur
1227 2490 1460 2530 errores.
1513 2475 1776 2530 Pntantur
1818 2476 1912 2529 illa
1943 2476 2120 2546 capita

532 2580 657 2622 esse
681 2564 951 2636 Prosperi,
974 2566 1083 2636 qui,
1120 2576 1176 2622 ut
1203 2567 1440 2635 proﬁteri
1466 2568 1699 2633 ridetur,
1721 2582 1783 2624 ea
1815 2568 2033 2638 collegit
2051 2584 2120 2625 ex

532 2657 765 2713 decretis
790 2656 1156 2713 Romanorum
1187 2658 1499 2727 pontiﬁcum
1523 2702 1538 2727 ,
1571 2661 1837 2732 simulque
1875 2661 2121 2716 coinciliis

533 2747 820 2815 Africanis,
853 2750 940 2803 ubi
970 2748 1111 2805 idem
1143 2747 1345 2803 Auctor
1370 2750 1485 2805 haec
1516 2750 1691 2818 habet,
1720 2752 1779 2807 in
1808 2752 1952 2808 (ine:
1990 2753 2122 2806 Pro-

534 2843 802 2911 [undiores
854 2859 971 2899 vero
1042 2843 1468 2914 difﬁcilioresque
1518 2855 1690 2916 partes
1748 2848 2121 2901 incurrentium

537 2937 876 3005 qumstiouum
893 2975 908 3001 ,
938 2952 1066 3006 quas
1088 2936 1263 3002 tutius,
1290 2945 1424 3006 etc.,
1447 2946 1505 2993 ut
1529 2953 1710 3010 supra.
1740 2959 1770 2998 ι.
1795 2939 1933 2996 Ante
1958 2940 2121 2996 Baro-

537 3031 682 3084 nium
705 3029 1028 3085 Laurentius
1052 3030 1277 3097 Surius,
1319 3033 1372 3085 in
1400 3046 1554 3089 sacra
1589 3031 1816 3090 historia
1844 3036 1978 3091 satis
2000 3050 2121 3106 per~

535 3122 789 3187 celebris,
821 3123 1021 3195 aliique
1060 3132 1186 3193 post
1219 3125 1391 3195 ipsum
1422 3126 1743 3182 collectores
1768 3128 2119 3185 conciliorum

536 3214 642 3271 hoc
663 3216 837 3284 ipsum
867 3226 1270 3286 praenotarant;
1302 3233 1427 3274 nam
1456 3220 1511 3273 in
1540 3218 1781 3277 editione
1817 3219 2124 3287 Coloniensi

536 3296 939 3375 Conciliorum,
994 3324 1135 3367 anno
1180 3308 1340 3377 1551,
1370 3325 1403 3367 a
1448 3312 1617 3368 latere
1664 3314 1780 3368 haec
1830 3316 2121 3384 leguntur:

2224 2076 2375 2131 etilli
2404 2076 2647 2146 epistolas
2697 2076 2970 2145 adjuncta,
3003 2090 3032 2128 a
3055 2090 3158 2145 qua
3206 2073 3470 2129 sententia
3514 2085 3624 2125 non
3657 2070 3820 2141 longe

2219 2170 2376 2225 abest
2424 2170 2686 2225 Baronius
2734 2184 2877 2225 anno
2912 2168 3043 2235 451,
3089 2182 3239 2223 num.
3292 2166 3427 2235 185,
3476 2175 3529 2219 et
3559 2174 3645 2219 est
3673 2173 3823 2220 certe

2223 2263 2558 2329 verisimilis,
2606 2263 3065 2331 indicaturquein
3115 2262 3226 2316 illis
3274 2260 3454 2316 verbis
3502 2277 3516 2314 :
3554 2257 3822 2330 Magistri:

2215 2359 2408 2412 nostris
2440 2366 2683 2428 tauquam
2710 2359 3059 2411 necessarium
3084 2356 3298 2409 modum
3318 2355 3648 2419 excesserint,
3675 2352 3820 2405 oblo-

2219 2465 2477 2520 quuntur;
2504 2456 2620 2512 htec
2646 2455 2792 2511 enim
2822 2456 2987 2511 verba
3008 2454 3063 2509 in
3103 2453 3331 2524 gratiam
3364 2447 3652 2520 Augustini
3676 2446 3817 2501 dicta

2221 2558 2366 2615 sunt,
2411 2550 2685 2622 magisque
2727 2550 2976 2606 redolent
3014 2548 3340 2618 Prosperum
3371 2558 3535 2615 quam
3563 2540 3815 2597 Celesti-

2222 2658 2371 2699 num.
2402 2662 2422 2698 ι
2460 2645 2584 2701 Hec
2613 2644 2725 2700 ille.

2294 2761 2439 2818 Vidit
2464 2762 2570 2817 ista
2598 2762 2651 2815 in
2671 2760 2827 2818 Surio
2856 2758 3074 2817 Gabriel
3110 2757 3377 2835 Vasquez,
3420 2762 3569 2827 part.
3604 2768 3642 2819 ι,
3678 2751 3817 2819 disp.

2223 2859 2314 2924 91,
2366 2873 2517 2912 num.
2564 2855 2655 2923 85,
2698 2854 2941 2925 dixitque
2975 2854 3042 2909 ab
3091 2867 3158 2908 eo
3209 2858 3426 2909 auctore
3476 2849 3599 2904 sine
3638 2844 3820 2901 funda-

2225 2958 2409 3005 mento
2438 2948 2621 3020 negari
2644 2950 2815 3019 capita
2848 2948 2934 3003 illa
2959 2960 3080 3004 esse
3107 2942 3407 3011 leestini,
3438 2957 3565 2998 cum
3596 2940 3674 2994 uti
3705 2937 3818 2993 Cm-

2226 3042 2405 3097 lestini
2432 3043 2738 3097 sanctiones
2766 3039 3054 3108 protulerit
3080 3036 3270 3093 Petrus
3294 3034 3589 3089 Diaconus.
3616 3029 3822 3085 Addere
3894 3028 3898 3033 ’

2226 3145 2438 3209 poterat
2458 3145 2513 3192 et
2535 3135 2886 3191 Cresconium
2918 3135 2968 3188 in
3002 3131 3340 3188 Collectione
3390 3142 3703 3190 canonum;
3739 3140 3820 3179 ve—

2226 3245 2346 3284 rum
2378 3231 2480 3286 iste
2506 3229 2643 3284 vixit
2673 3243 2815 3284 anno
2850 3227 2976 3293 6‘38,
3005 3227 3195 3281 Petrus
3220 3239 3347 3279 vero
3381 3223 3659 3276 Diaconus
3704 3220 3823 3271 inte

2228 3339 2325 3396 gro
2354 3332 2475 3395 post
2500 3323 2848 3379 Caelestinum
2878 3319 3078 3377 saeculo
3110 3318 3309 3384 ﬂoruit,
3360 3327 3419 3371 ut
3468 3331 3538 3371 ex
3596 3312 3823 3369 Historia

546 3421 565 3455 ι
603 3400 893 3472 Sequentia
923 3404 1172 3463 undecim
1193 3405 1425 3473 capitula
1450 3408 1699 3465 videntur
1728 3410 1906 3480 potius
1925 3412 1992 3466 ab
2017 3413 2123 3469 alio
2154 3410 2199 3473 C
2230 3398 2411 3473 nostra
2459 3418 2740 3487 Pelagiana
2772 3415 3118 3484 intelligitur;
3149 3426 3317 3484 quare
3346 3409 3527 3491 potuit
3555 3424 3625 3463 ea
3656 3408 3819 3475 capita

539 3493 792 3565 quopiam
857 3495 1176 3561 interposita
1245 3514 1405 3570 quam
1450 3516 1575 3559 esse
1620 3504 1787 3572 ipsius
1843 3503 2125 3562 Coalestini

530 3602 711 3665 papae.
753 3606 774 3640 ι
812 3588 871 3645 In
899 3588 1135 3649 editione
1154 3591 1259 3649 sub
1302 3593 1457 3651 Sixto
1507 3595 1575 3664 V,
1605 3596 1708 3653 hoc
1731 3598 1974 3654 scholica
2008 3612 2128 3670 post

539 3683 830 3741 secundum
859 3684 1153 3754 capitulum
1181 3688 1439 3745 inseritur
1471 3708 1485 3745 :
1511 3709 1532 3743 ι
1575 3690 1690 3747 Non
1723 3692 1936 3748 videtur
1964 3694 2123 3749 dubi-

545 3774 769 3835 tandum
799 3778 925 3845 quin
947 3780 1228 3848 sequentia
1250 3780 1358 3837 sint
1386 3780 1661 3853 Prosperi,
1695 3792 1801 3840 tam
1830 3798 1957 3841 sunt
1978 3788 2129 3843 simi-

540 3869 611 3924 lia
638 3878 693 3926 et
719 3862 1038 3940 argumento
1087 3883 1144 3929 et
1183 3875 1325 3945 stylo
1372 3876 1487 3945 ejus
1515 3878 1754 3947 scriptis.
1780 3897 1801 3931 ο
1851 3880 2125 3939 Gerardus

540 3962 788 4031 Vossius,
815 3966 896 4022 vir
914 3982 1074 4037 quem
1105 3968 1369 4024 librorum
1402 3970 1710 4026 helluonem
1736 3973 1960 4037 dixeris,
1985 3973 2078 4029 lib.
2110 3990 2127 4027 ι

539 4056 678 4112 Hist.
712 4058 919 4128 Pelag.,
965 4074 1085 4130 cap.
1134 4060 1224 4125 30,
1270 4063 1515 4118 eamdem
1562 4069 1885 4122 sententiam
1936 4067 2130 4136 probat

541 4152 740 4222 duplici
796 4163 1165 4222 argumento:
1216 4171 1364 4221 uno,
1407 4159 1547 4227 quod
1596 4157 1918 4216 leestinus
1947 4160 1998 4215 in
2040 4162 2128 4216 illa

540 4247 765 4316 epistola
797 4264 904 4304 non
950 4251 1197 4305 meminit
1248 4253 1437 4306 horum
1466 4255 1701 4321 capitum
1746 4270 1867 4324 quae
1913 4268 2127 4311 annexa

540 4338 713 4394 eidem
757 4349 911 4406 sunt;
944 4342 1087 4397 aliud
1119 4343 1204 4398 his
1241 4344 1424 4399 verbis
1472 4346 1724 4415 proponit
1757 4366 1769 4399 :
1829 4365 1848 4398 ι
1887 4348 2127 4403 Alterum

540 4442 915 4504 argumentum
946 4450 1043 4489 cur
1085 4437 1362 4492 leestini
1393 4452 1515 4493 esse
1548 4455 1653 4493 non
1684 4442 1869 4509 possit,
1909 4441 2008 4497 hoc
2048 4451 2131 4497 est

541 4527 686 4598 quod
738 4526 1034 4582 Innocentii
1063 4539 1117 4583 et
1168 4528 1367 4583 Zosimi
1412 4529 1667 4598 epistolas
1714 4534 1843 4587 citet
1888 4534 2127 4603 saepius,

544 4634 642 4673 nec
674 4633 896 4689 usquam
929 4618 1011 4679 vel
1047 4619 1189 4675 hunc
1228 4619 1569 4675 decessorem
1607 4623 1690 4677 vel
1737 4623 1885 4678 illum
1915 4625 2129 4694 praede-

2178 3544 2181 3547 <
2228 3511 2371 3567 edita
2422 3526 2451 3565 a
2490 3510 2760 3581 Prospero
2800 3524 2894 3578 per
2934 3523 3172 3563 errorem
3224 3506 3464 3560 tribuere
3510 3500 3819 3557 Caelestino.

2229 3604 2366 3659 Hinc
2395 3603 2619 3658 Photius
2643 3644 2657 3669 ,
2693 3610 2936 3657 veterum
2982 3606 3452 3654 monumentorum
3487 3593 3719 3666 diligens
3750 3593 3823 3646 in-

2227 3702 2448 3772 dagator
2475 3710 2527 3756 et
2556 3715 2767 3766 censor,
2795 3698 2918 3759 cod.
2952 3696 3039 3766 55,
3065 3698 3133 3754 de
3165 3696 3355 3753 eodem
3382 3693 3685 3761 Coelestino
3715 3691 3820 3746 hau:

2230 3793 2429 3847 habet:
2481 3810 2499 3843 ι
2537 3790 2763 3861 Scripsit
2822 3790 2964 3846 idem
2995 3798 3050 3845 et
3084 3788 3151 3843 ad
3198 3788 3496 3845 Galliarum
3543 3786 3817 3855 episcopos

2227 3885 2292 3939 de
2321 3883 2423 3939 fide
2455 3884 2512 3937 Β.
2549 3882 2853 3955 Augustini,
2879 3891 2931 3937 et
2959 3893 3149 3938 contra
3179 3895 3272 3937 eos
3294 3879 3383 3951 qui
3408 3879 3637 3939 haeresis
3668 3877 3819 3930 licen-

2230 3979 2304 4033 tia
2336 3979 2496 4033 nimis
2525 3979 2649 4033 elati
2690 3979 3099 4041 insolescerent.
3134 3996 3152 4029 ι
3188 3978 3316 4044 Quzu
3346 3974 3564 4045 quidem
3618 3972 3670 4027 in
3697 3972 3819 4026 duo-

2230 4073 2329 4127 bus
2358 4071 2626 4144 prioribus
2656 4071 2924 4139 capitibus
2954 4071 3328 4136 continentur,
3362 4082 3540 4137 neque
3572 4066 3735 4119 ullam
3762 4076 3816 4116 ea

2230 4166 2281 4220 in
2312 4165 2541 4234 epistola
2571 4174 2895 4220 statutorum
2940 4164 3248 4234 dogmatum
3295 4163 3633 4219 mentionem
3678 4158 3813 4215 fecit.

2230 4256 2460 4310 Jacobus
2516 4256 2677 4309 etiam
2727 4255 3065 4319 Sirmondus,
3116 4253 3313 4309 tomol
3360 4252 3569 4308 Concil.
3623 4251 3813 4314 Galliae,

2231 4348 2404 4416 capita
2429 4346 2514 4401 illa
2542 4346 2783 4415 epistolae
2810 4356 3121 4401 memoratae
3144 4360 3353 4403 annexa
3374 4346 3440 4402 ab
3464 4345 3655 4409 eadem
3677 4359 3814 4415 pror-

2232 4456 2323 4496 sus
2353 4441 2624 4509 separavit
2654 4441 2810 4496 lineis
2839 4441 3196 4510 interpositis,
3245 4456 3353 4515 quo
3392 4441 3574 4499 alieno
3624 4438 3813 4495 auctori

2233 4533 2321 4588 illa
2376 4549 2594 4600 prorsus
2645 4534 2950 4602 deputanda
2977 4548 3098 4590 esse
3143 4541 3490 4589 monstraret.
3549 4531 3657 4589 Sed
3704 4547 3810 4601 age,

2236 4628 2523 4696 probemus
2555 4642 2617 4681 ea
2648 4628 2821 4697 capita
2862 4643 2969 4683 non
2995 4627 3160 4683 fuisse
3188 4643 3217 4681 a
3267 4627 3563 4681 Caelestino
3608 4626 3806 4693 scripta,

542 4724 814 4766 cessorem
867 4724 1025 4764 suum
1076 4710 1352 4780 appellet,
1412 4722 1601 4769 contra
1658 4729 1819 4784 quam
1872 4716 2122 4770 Romanis

2235 4719 2375 4789 quod
2415 4734 2545 4774 sane
2577 4719 2841 4787 praestabo
2873 4729 3190 4788 argumento
3230 4734 3337 4796 quo
3388 4719 3507 4787 ipse
3552 4717 3807 4773 convictus

544 4802 813 4872 episcopis
840 4817 959 4858 nios
980 4811 1082 4870 est,
1105 4811 1163 4858 et
1189 4801 1514 4859 leestinus
1539 4804 1650 4873 ipse
1680 4805 1732 4859 in
1758 4807 1984 4875 epistola
2004 4806 2128 4861 iacit
2157 4793 2207 4852 ῧ
2235 4827 2375 4866 sum.
2403 4810 2558 4865 Prius
2607 4819 2781 4865 tamen
2816 4811 3073 4865 nonnulla
3110 4793 3341 4865 notanda
3371 4813 3602 4865 veniunt
3642 4810 3808 4880 quibus

542 4896 626 4951 his
654 4896 834 4951 verbis
858 4914 871 4949 :
906 4895 1227 4965 Augustinus
1255 4897 1390 4951 inter
1419 4898 1694 4969 utagistros
1728 4900 1946 4970 Optimos
1977 4901 2130 4956 etiam

540 5001 661 5045 ante
708 5007 740 5044 a
782 4990 903 5045 meis
932 4990 1284 5045 decessoribus
1316 4990 1612 5045 habebatur.
1641 4994 1782 5048 Sane
1830 4994 1946 5049 haec
1972 5010 2130 5064 argu-

542 5094 721 5139 menta
768 5083 898 5137 tanti
953 5082 1092 5150 apud
1139 5097 1225 5139 me
1273 5091 1434 5148 sunt,
1492 5092 1550 5139 ut
1611 5084 1903 5139 Caelestino
1955 5086 2129 5147 ἁπλῶς

545 5179 783 5233 tribuere
797 5192 903 5231 non
926 5176 1096 5235 ausim
1118 5184 1201 5241 ;at
1217 5175 1371 5244 cujus
1394 5175 1463 5231 sit
1488 5175 1626 5231 ultra
1654 5177 2119 5246 disquirendum.»

546 5271 651 5325 Sed
698 5285 871 5338 neque
902 5284 965 5322 ex
999 5268 1266 5337 theologis
1294 5282 1358 5321 ex
1404 5269 1763 5324 recentiorum
1812 5268 1995 5321 schola
2028 5268 2125 5323 de-

546 5361 697 5415 fuere
724 5361 812 5428 qui
862 5368 1120 5428 negarent
1149 5359 1235 5421 illa
1279 5358 1455 5426 capita
1483 5372 1605 5413 esse
1640 5357 1951 5423 leestini;
1990 5374 2128 5414 unus

543 5465 643 5522 pro
674 5450 818 5503 mille
847 5448 1079 5503 sufﬁciat
1120 5448 1441 5506 Franciscus
1470 5449 1695 5509 Suarius
1718 5493 1732 5515 ,
1769 5452 1974 5522 proleg.
2005 5454 2039 5508 6
2062 5452 2128 5508 de

547 5540 755 5606 Gratia,
794 5554 911 5609 cap.
967 5541 1019 5607 1,
1058 5555 1206 5594 num.
1241 5542 1325 5607 11,
1379 5542 1466 5605 ubi
1528 5543 1644 5598 hac
1699 5544 1886 5599 scribit
1929 5562 1942 5596 ε
1993 5563 2011 5597 s
2053 5545 2128 5599 Ex

546 5633 706 5690 modo
754 5631 1003 5701 loquendi
1031 5632 1380 5703 intelligimus
1421 5637 1743 5705 scriptorem
1776 5638 1922 5693 illius
1962 5638 2131 5707 partis

545 5742 651 5781 non
683 5724 848 5783 inisse
868 5723 1218 5779 Caelestinum
1242 5768 1257 5793 ,
1288 5742 1387 5787 nec
1411 5729 1647 5798 aliquem
1679 5731 1975 5787 Romanum
2000 5746 2130 5801 pon-

548 5817 741 5871 tiﬁcem
763 5857 777 5880 ,
812 5823 869 5869 ut
901 5823 1045 5883 patet
1075 5831 1141 5871 ex
1171 5817 1277 5872 illis
1302 5821 1500 5877 verbis.
1536 5840 1553 5872 ι
1588 5823 1723 5888 Quia
1756 5824 1995 5877 nonnulli
2038 5823 2129 5891 qui

547 5910 814 5964 catholico
870 5909 1089 5965 nomine
1138 5910 1475 5981 gloriantur,
1528 5915 1583 5970 in
1635 5916 1902 5971 damnatis
1949 5926 2126 5971 autem

552 5998 923 6054 haereticorum
963 6000 1205 6058 sensibus
1254 6017 1349 6069 seu
1389 6006 1651 6076 pravitate
1694 6008 1811 6063 sive
1858 6009 2126 6081 imperitia

2238 4912 2506 4959 tantorum
2557 4903 2880 4973 scriptorum
2931 4905 3199 4959 sententia
3254 4904 3586 4971 illustratur;
3641 4915 3809 4966 nempe

2238 4996 2559 5065 Prosperum
2588 5004 2642 5050 et
2665 4996 2923 5051 Hilarium
2950 5011 3047 5065 pro
3078 4997 3487 5066 Augustinianis
3518 4996 3667 5052 libris
3690 5008 3807 5066 quos

2239 5088 2596 5144 Massilienses
2627 5090 2936 5158 carpebant,
2978 5104 3041 5143 ac
3078 5104 3136 5143 se
3177 5089 3307 5155 ipsis
3354 5104 3574 5161 quoque
3611 5089 3693 5161 qui
3742 5086 3805 5138 uti

2239 5191 2479 5246 haeretici
2516 5192 2717 5260 passim
2754 5191 3192 5260 traducebantur,
3225 5190 3453 5245 Romam
3484 5192 3554 5253 ad
3585 5189 3805 5249 Caelesti-

2239 5310 2366 5349 num
2416 5296 2681 5365 profectos
2715 5295 2898 5363 fuisse,
2925 5311 3045 5366 qua:
3077 5305 3259 5373 patent
3308 5310 3374 5352 ex
3402 5296 3668 5367 Prospero
3702 5308 3800 5361 cap.

2236 5395 2307 5450 40
2337 5405 2519 5463 contra
2558 5395 2909 5467 Collatorem,
2948 5408 3003 5455 et
3044 5412 3163 5468 cap.
3199 5399 3225 5453 1
3274 5396 3522 5467 epiStolae
3556 5392 3801 5455 leesﬁui

2236 5500 2303 5565 ad
2326 5500 2607 5571 episcopos
2634 5501 2841 5557 Galliae.
2866 5500 3193 5567 Caelestinus
3214 5516 3341 5563 vero
3374 5501 3586 5557 litteras
3607 5499 3674 5555 ad
3701 5494 3802 5553 Gal-

2235 5601 2314 5657 los
2339 5602 2604 5659 antistites
2635 5603 2944 5669 destinavit,
2970 5603 3166 5673 quibus
3196 5614 3441 5658 sanctum
3473 5601 3799 5672 Augustinum

2236 5707 2432 5761 eximie
2480 5706 2918 5769 commendavit,
2964 5716 3153 5761 vetans
3203 5704 3453 5776 ejusdem
3511 5700 3797 5759 memoriam

2237 5810 2389 5865 novis
2438 5809 2847 5866 Massiliensium
2876 5808 3160 5865 conatibus
3206 5808 3448 5878 percelli,
3484 5821 3551 5862 ac
3594 5806 3797 5871 Prospe'

2237 5926 2353 5963 rmn
2381 5921 2437 5965 et
2462 5911 2716 5965 Hilarium
2742 5912 2963 5966 heresis
2985 5911 3250 5975 accusari,
3276 5909 3408 5964 nihit
3433 5909 3644 5964 interim
3680 5900 3794 5959 scri-

2239 6012 2311 6084 pti
2335 6012 2590 6069 adversus
2616 6013 2839 6071 eosdem
2867 6013 3163 6087 publicam,
3205 6027 3315 6087 quo
3355 6011 3569 6069 illorum
3605 6019 3791 6067 errores
