3988 6348
215 390 311 453 534

1405 373 1720 443 ViNDlClE
1759 370 2316 447 ᾼαῧυδτιΝιᾼΝΔξ.
2426 422 2433 433 ,

3392 364 3499 420 822

211 507 608 567 damnarentur,
643 498 767 556 hinc
794 497 1021 571 epistola
1064 493 1373 561 inscribitur
1407 508 1502 566 pro
1537 491 1792 571 Prospero
1820 491 1872 565 Α
1900 507 2049 564 num.
2071 491 2174 555 85:
2200 492 2463 562 iQnibns,
2484 492 2676 565 inquit,
2697 491 2831 551 locis
2844 490 3299 549 cumCoelestinus
3314 489 3494 545 omnia

213 608 259 658 et
288 596 518 655 Hilario.
551 592 660 665 Sed
690 593 790 650 hoc
818 591 974 653 nobis
1002 598 1086 648 est
1114 584 1612 663 demonstrandum.

283 708 516 777 sanctus
559 703 823 775 Prosper,
874 708 1062 771 contra
1108 699 1433 767 Collatorem
1472 695 1799 767 probaturus

209 805 458 865 tam
480 797 802 867 minutatum
828 794 978 853 initia
1018 792 1120 859 Dei
1161 789 1498 860 inspiratione
1542 786 1793 860 generari.

208 897 423 965 adducit
443 908 564 966 esp.
588 892 657 949 10
679 891 986 957 testimonia
1016 887 1336 952 innocentii,
1363 883 1560 945 Zosimi
1580 893 1635 940 et
1655 884 1797 940 Con-

208 990 324 1049 silii
369 984 808 1057 Carthaginiensis
855 981 1044 1043 eadem
1087 979 1308 1041 omnino
1354 993 1475 1048 qum
1518 977 1797 1041 Gmlestini

204 1080 405 1143 litteris
446 1078 695 1150 adjuncta
726 1076 996 1146 leguntur,
1041 1082 1095 1135 et
1142 1070 1415 1137 concludit
1447 1087 1462 1127 :
1495 1090 1513 1125 ι
1564 1070 1797 1133 Videsne

207 1175 423 1246 regulas
467 1180 589 1233 tuas
632 1170 953 1235 invictarum
1017 1166 1460 1231 constitutionum
1525 1166 1797 1227 soliditate

208 1265 532 1335 confractas,
562 1272 618 1330 et
645 1264 697 1318 in
728 1261 855 1329 ﬁdei
896 1267 1165 1329 structura
1196 1272 1390 1329 pravas
1441 1258 1797 1329 ruinosasque

203 1365 504 1434 iuncturas,
534 1358 680 1425 velut
709 1354 1140 1421 Hieriohnnlinos
1173 1369 1358 1417 muros
1389 1352 1455 1409 ad
1487 1352 1795 1415 sacerdota-

206 1456 341 1519 lium
364 1454 609 1517 tubarum
640 1450 815 1511 ruisse
834 1447 1194 1513 concentum?
1220 1445 1354 1507 Cum
1379 1444 1521 1507 enim
1545 1445 1617 1507 de
1640 1458 1795 1503 sanc-

203 1559 384 1613 tarum
445 1546 652 1615 origine
724 1543 1080 1606 voluntatum,
1140 1548 1195 1595 et
1236 1538 1355 1601 ﬁdei
1413 1536 1795 1608 charitatisque

204 1640 491 1712 principiis
516 1638 657 1704 inter
678 1642 891 1699 nostros
916 1645 971 1690 et
1002 1632 1319 1703 Pelagianos
1345 1629 1573 1701 qttmstio
1610 1645 1795 1695 versa-

206 1742 378 1800 retur,
411 1746 516 1797 non
543 1729 761 1799 ancipiti
787 1725 1007 1793 victoria
1040 1740 1137 1787 nec
1159 1724 1323 1779 dubio
1349 1722 1677 1793 diremptum
1710 1732 1796 1785 est

207 1831 319 1897 ﬁne
341 1837 636 1893 certamen,
661 1832 718 1881 ut
743 1821 917 1882 adhuc
957 1821 1114 1877 nobis
1144 1820 1213 1885 de
1259 1816 1595 1890 iniquissima
1635 1817 1794 1888 hujus

1901 587 2043 655 bona
2059 601 2246 661 opera,
2258 586 2430 647 studia
2442 594 2496 645 et
2507 588 2696 649 merita
2714 587 2769 641 in
2786 585 2975 657 quovis
2986 593 3251 655 tempore,
3268 595 3429 639 causa
3440 587 3498 637 et

1901 679 2117 757 negotio
2140 678 2208 734 ad
2233 679 2401 747 Deum
2431 688 2705 737 auctorem
2733 679 2920 751 gratiae
2948 676 3179 746 referat,
3208 673 3493 733 manifeste

1900 773 2311 835 Massiliensium
2334 788 2574 833 errorem
2605 773 2868 830 confutat.
2908 791 2926 826 ι
2961 772 3028 828 Et
3057 770 3175 827 haec
3196 770 3333 826 adeo
3360 783 3488 825 con-

1898 877 2109 943 stanter
2158 869 2357 929 docent
2386 869 2738 938 recentiores,
2770 874 2829 923 ut
2866 881 3055 923 eorum
3093 864 3488 923 eruditissimus

1900 981 1963 1035 ac
1992 964 2421 1036 sapientissimus
2465 965 2712 1031 Annatus
2750 962 3026 1029 Coelestini
3075 975 3357 1033 personam
3406 959 3490 1017 in-

1898 1060 2093 1133 duens,
2122 1059 2263 1133 quod
2318 1061 2446 1117 satis
2488 1058 2770 1119 ridiculum
2801 1067 2916 1126 est,
2950 1057 3128 1115 altiori
3157 1071 3221 1113 ac
3269 1053 3489 1111 clariori

1898 1169 2030 1212 voce
2076 1154 2130 1210 in
2176 1152 2541 1211 Massilienses
2570 1153 2639 1207 ita
2683 1161 2879 1213 tonet:
2924 1172 2944 1206 ι
2978 1151 3110 1208 Cum
3163 1165 3230 1207 eo
3278 1156 3487 1204 tantum

1898 1255 2105 1319 spectet
2136 1246 2392 1301 Romanae
2436 1244 2580 1307 sedis
2608 1245 2891 1303 consilium
2935 1242 2988 1300 et
3022 1241 3378 1314 providentia,
3429 1245 3493 1297 ut

1898 1342 2278 1401 MASSILIENSES
2309 1340 2417 1407 isti,
2442 1354 2650 1403 quorum
2680 1354 2843 1396 causa
2888 1353 3005 1403 usae
3033 1350 3305 1403 SANGIIUS,
3353 1330 3489 1389 nihil

1898 1436 2109 1507 penitus
2154 1436 2233 1489 sul
2259 1432 2474 1489 trahant
2516 1433 2713 1491 divina:
2739 1431 2926 1502 gratias
2945 1471 2962 1499 ,
2994 1445 3061 1485 ne
3091 1429 3240 1485 illum
3268 1427 3486 1500 quidem

1898 1527 2070 1585 morbi
2096 1540 2335 1594 sensum,
2369 1534 2424 1581 et
2452 1525 2781 1583 desiderium
2812 1522 3114 1587 medicinae,
3169 1518 3313 1592 quod
3357 1532 3484 1590 gra-

1898 1622 2032 1685 tuito
2064 1618 2537 1692 ctsupernaturali
2564 1616 2763 1675 auxilio
2803 1613 3155 1685 praemittunt,
3204 1609 3480 1682 praedicta

1898 1714 2097 1787 regulae
2119 1728 2216 1773 seu
2246 1714 2481 1784 praeﬁxa;
2504 1711 2786 1779 sententiae
2825 1710 2898 1765 ita
2928 1709 3223 1774 sufficiunt,
3255 1714 3315 1762 ut
3343 1705 3488 1762 sicut

1897 1819 2004 1865 non
2032 1804 2193 1863 debet
2221 1803 2391 1865 videri
2420 1800 2744 1859 catholicum
2775 1799 2914 1871 quod
2959 1799 3037 1853 eis
3078 1802 3364 1869 repugnat,
3411 1794 3486 1850 ita

205 1890 433 1986 imiteris
454 1890 531 1985 tui
561 1890 690 1996 paea
719 1922 1056 1981 tractandum
1087 1920 1175 1977 sit.
1206 1938 1226 1979 ι
1262 1920 1345 1976 At‘
1376 1919 1419 1979 si
1468 1917 1559 1973 illa
1601 1917 1788 1974 decem

1901 1913 2070 1975 neque
2099 1896 2240 1969 quod
2269 1911 2373 1965 non
2415 1905 2676 1973 repugnat
2707 1893 2876 1948 videri
2926 1890 3122 1947 debeat
3161 1901 3483 1957 erroneum,

205 2022 384 2092 capita
428 2020 706 2089 leestiui
756 2018 1006 2086 fuissent,
1049 2032 1144 2073 cur
1192 2031 1299 2073 non
1344 2014 1438 2072 illa
1487 2014 1797 2084 protulisset

208 2115 443 2189 Prosper
473 2117 638 2174 veluti
665 2115 913 2184 clariora,
958 2112 1262 2171 eiﬂeaciora
1291 2119 1345 2166 et
1389 2124 1455 2165 ex
1487 2116 1598 2166 toto
1647 2108 1793 2164 litem

204 2208 561 2269 dirimenda?
590 2210 772 2281 Longe
812 2208 955 2264 enim
988 2205 1296 2275 expressius
1325 2202 1651 2260 leestinus
1675 2215 1793 2261 eam

192 2303 454 2363 Cassiani
480 2302 788 2371 opinionem
826 2301 1065 2367 damnat,
1117 2312 1278 2367 quam
1327 2296 1666 2353 innocentius
1710 2296 1794 2352 vel

206 2394 479 2465 lusimus.
530 2394 775 2463 Proiecto
816 2392 1174 2450 Massilienses
1232 2392 1539 2447 testimonia
1603 2393 1791 2446 horum

207 2489 523 2558 pontiﬁcum
550 2497 606 2547 et
633 2501 803 2545 sacrm
829 2487 1040 2558 pagina
1080 2485 1457 2558 explicabunt,
1488 2486 1559 2541 ita
1589 2492 1650 2541 ut
1688 2499 1792 2540 non

206 2581 277 2639 de
303 2581 460 2638 initio
506 2580 649 2649 ﬁdei,
694 2580 790 2637 sed
828 2579 897 2636 de
937 2579 1176 2649 ejusdem
1226 2578 1557 2635 incremento
1598 2578 1795 2636 intelli-

205 2672 382 2743 genda
410 2681 593 2729 essent
618 2688 683 2729 ex
706 2674 770 2728 D.
802 2671 1101 2743 Augustine
1128 2686 1245 2741 cap.
1277 2670 1313 2723 Ω
1343 2672 1411 2726 de
1440 2671 1795 2727 Praedestina-

208 2765 361 2824 tione
389 2772 716 2825 sanaturum.
746 2782 766 2819 ι
797 2763 903 2821 Sed
933 2777 1074 2820 nunc
1097 2764 1177 2820 eis
1204 2762 1637 2833 respondendum
1667 2777 1790 2819 esse

206 2858 391 2924 video,
422 2860 510 2929 qui
531 2858 711 2923 divina
733 2857 1061 2925 testimonia,
1092 2872 1211 2929 qua:
1240 2857 1310 2913 de
1334 2857 1435 2913 hac
1463 2871 1526 2913 re
1549 2856 1796 2913 adhibui-

210 2966 359 3020 mus,
378 2940 451 3009 ad
480 2954 582 3010 hoe
608 2951 793 3010 dicunt
816 2952 1016 3017 valere,
1060 2961 1119 3008 nt
1172 2952 1480 3007 noverimus
1528 2966 1594 3008 ex
1641 2951 1796 3007 nobis

205 3046 428 3116 quidem
453 3061 553 3104 rios
583 3046 783 3103 habere
811 3045 989 3111 tidem,
1032 3045 1129 3101 sed
1160 3046 1551 3101 incrementum
1584 3045 1701 3115 ejus
1727 3060 1793 3101 es

208 3139 349 3195 Deo.
386 3157 404 3191 i
436 3138 564 3207 Quae
595 3138 1003 3195 Massiliensium
1042 3137 1306 3193 sententia
1337 3137 1483 3193 clare
1513 3137 1799 3191 damnatur

204 3246 331 3301 cap.
366 3232 433 3287 η
454 3220 595 3289 illius
619 3231 884 3301 epistolae,
906 3230 995 3286 ubi
1018 3230 1135 3287 hac
1154 3230 1404 3301 leguntur
1430 3246 1443 3283 :
1483 3248 1501 3281 ι
1541 3229 1638 3284 His
1665 3242 1795 3298 ergo

1897 2002 1989 2063 aut
2027 2008 2057 2048 a
2090 2007 2253 2059 sensu
2292 1990 2561 2059 catholico
2604 1989 2861 2047 alienum.
2904 2006 2924 2040 ι
2979 1985 3104 2041 Haec
3149 1981 3489 2056 elegantissi-

1896 2102 2014 2157 mus
2038 2086 2446 2158 Paraphrastes.
2476 2084 2573 2147 ilic
2592 2095 2767 2147 tamen
2791 2082 2965 2138 obiter
2996 2086 3124 2135 noto
3145 2078 3289 2135 hunc
3310 2075 3486 2135 homi-

1896 2196 2021 2245 nem
2047 2181 2162 2239 sive
2185 2189 2373 2235 contra
2397 2193 2524 2235 suos
2555 2177 2785 2235 Baianos
2812 2176 2927 2231 sive
2965 2182 3151 2230 contra
3182 2169 3486 2228 Massilien-

1896 2292 1984 2339 ses
2015 2276 2161 2347 loqui
2192 2274 2432 2347 incipiat,
2463 2287 2768 2333 sermonem
2799 2270 3017 2327 tandem
3058 2276 3248 2325 contra
3287 2266 3487 2335 Augus-

1899 2370 2067 2430 tinum
2090 2382 2305 2439 semper
2344 2366 2521 2435 ﬁnire.
2571 2366 2652 2421 De
2681 2364 2893 2425 Baianis
2942 2362 2995 2418 id
3036 2360 3264 2423 vidimus
3311 2356 3489 2427 capite

1894 2464 2159 2531 superiori
2188 2480 2202 2528 ;
2232 2461 2319 2521 hic
2348 2474 2474 2523 vero
2515 2474 2636 2531 cum
2679 2455 2954 2523 leestini
2986 2466 3270 2529 personam
3319 2461 3487 2521 agens

1898 2557 1989 2615 illa
2016 2556 2261 2621 dixisset,
2297 2553 2479 2611 statim
2508 2552 2655 2615 addit
2688 2569 2699 2606 :
2740 2568 2759 2602 ‹
2798 2547 2953 2605 Unde
2980 2548 3243 2615 sequitur,
3280 2545 3326 2601 si
3353 2541 3485 2615 quid

1898 2647 1985 2715 vel
2017 2648 2085 2715 ab
2113 2645 2436 2716 Augustino,
2462 2643 2545 2701 vel
2575 2642 2645 2711 ab
2693 2641 2799 2703 alio
2836 2640 3067 2713 quodam
3114 2633 3484 2697 ecclesiastico

1901 2750 2189 2805 tractatore
2215 2746 2481 2803 assertum
2511 2746 2604 2797 aut
2630 2742 2879 2809 negatum
2908 2736 2997 2800 sit,
3024 2732 3168 2805 quod
3194 2744 3302 2788 non
3325 2734 3485 2801 repu-

1898 2842 2025 2907 gnet
2077 2834 2277 2904 regulis
2326 2833 2429 2897 illis
2470 2840 2632 2899 atque
2674 2826 2983 2895 sententiis,
3042 2840 3164 2884 esse
3193 2825 3296 2882 hoc
3342 2824 3485 2883 inter

1900 2922 2153 3001 ἀδιάφορα
2182 2924 2597 2986 numerandum,
2625 2931 2680 2993 et
2728 2938 2848 2995 quae
2876 2920 3048 2976 libero
3096 2918 3483 2979 catholicorum

1900 3019 2185 3081 consensui
2213 3028 2371 3088 atque
2400 3016 2670 3083 dissensui
2703 3015 2965 3095 permissa
2992 3020 3135 3085 sunt.
3173 3031 3192 3066 ι
3226 3011 3340 3087 Ego
3368 3010 3488 3083 qui-

1901 3112 2023 3181 dem
2054 3112 2413 3169 certissimum
2458 3118 2584 3181 puto
2636 3109 2690 3163 in
2744 3106 3010 3179 adiunctis
3064 3105 3170 3167 illis
3220 3103 3488 3172 capitibus

1903 3206 2309 3269 Massiliensium
2338 3217 2555 3271 errores
2584 3200 2862 3275 capitales,
2891 3214 3121 3271 quorum
3152 3196 3348 3267 reliqui
3394 3210 3489 3253 ve-

203 3288 590 3383 ecclesiasticis
611 3288 832 3393 regulis,
855 3288 909 3378 ἐι
929 3338 991 3376 εκ
1022 3288 1450 3389 ἀενίηιέυηιριίε
1475 3288 1792 3376 auctoritatis
1818 3312 1866 3381 Ε
1899 3300 1999 3361 ιυιὶ
2027 3298 2355 3371 appendices
2376 3304 2553 3371 erant.
2581 3304 2768 3393 aperte
2798 3291 3063 3393 damnari.
3090 3304 3272 3393 nequ:
3286 3288 3389 3345 hoc
3410 3288 3490 3393 _in

200 3413 565 3477 dueumentis.
600 3415 673 3471 ita
701 3414 989 3483 adiuvante
1010 3414 1239 3470 Domino
1266 3412 1552 3469 confortati
1585 3429 1791 3477 sumus,

200 3514 259 3567 ut
303 3506 551 3573 omnium
578 3506 840 3567 bonorum
891 3506 1199 3572 aﬂ‘ectuum,
1253 3514 1413 3577 atque
1462 3520 1687 3575 operum
1744 3515 1798 3562 et

199 3600 451 3659 omnium
480 3599 777 3659 Studiorum
825 3599 1173 3668 omniumque
1202 3599 1477 3665 virtutum,
1506 3598 1700 3667 quibus
1730 3597 1797 3655 ab

197 3690 365 3753 initio
390 3689 513 3748 ﬁdei
543 3690 855 3756 attenditur,
899 3690 1071 3753 Deum
1102 3690 1451 3759 proﬁteamur
1494 3699 1793 3757 auctorem,

196 3792 249 3838 et
297 3795 416 3847 non
461 3782 767 3841 dubitemus
810 3781 877 3843 ab
914 3780 1084 3850 ipsius
1125 3782 1294 3851 gratia
1341 3782 1523 3845 omnia
1560 3782 1795 3839 hominis

196 3875 401 3943 merita
424 3875 731 3946 praeveniri,
758 3891 851 3945 per
876 3890 1035 3943 quem
1059 3874 1119 3935 lit
1147 3874 1419 3946 utaliguid
1445 3876 1569 3933 boni
1593 3876 1797 3933 etvelle

194 3971 526 4040 incipiamus
555 3968 822 4035 etfacere.
857 3989 875 4027 ι
903 3968 1168 4027 Praterea
1201 3969 1317 4027 hmc
1333 3970 1640 4037 scribuntur
1663 3985 1787 4041 cap.

198 4063 261 4118 11
304 4080 319 4117 :
359 4082 378 4131 ᾳ
412 4064 614 4118 Praeter
654 4062 979 4129 beatissima
1005 4072 1057 4125 et
1087 4063 1399 4132 apostolicae
1434 4062 1579 4123 sedis
1622 4062 1797 4119 invio-

195 4155 398 4219 labiles
418 4155 743 4223 sanctiones,
773 4155 967 4221 quibus
999 4170 1105 4210 non
1135 4154 1365 4224 piissimi
1393 4155 1582 4213 Patres
1633 4158 1799 4224 peSti-

195 4247 313 4305 fera
366 4247 614 4315 ueritatis
659 4246 894 4311 elatione
932 4244 1165 4317 deiecta,
1216 4256 1270 4315 et
1316 4246 1472 4313 bonae
1506 4246 1795 4313 voluntatis

196 4340 450 4411 exordia,
481 4350 539 4407 et
567 4341 898 4407 incrementa
928 4340 1283 4411 probabilium
1305 4339 1631 4401 studiorum.
1657 4347 1713 4397 et
1741 4339 1794 4395 in

196 4432 275 4495 eis
306 4446 482 4504 Itaque
510 4431 563 4491 in
596 4432 758 4497 linem
781 4433 1235 4504 perseverantiam
1256 4431 1327 4493 ad
1349 4431 1545 4491 Christi
1566 4432 1794 4502 gratiam

195 4524 411 4581 referre
450 4525 768 4597 docuerunt,
800 4544 819 4581 ι
848 4535 953 4587 etc.
990 4524 1133 4581 Idem
1173 4524 1334 4581 habet
1364 4539 1482 4596 cap.
1519 4524 1560 4580 9
1589 4541 1609 4581 ι
1652 4543 1672 4581 ί
1726 4524 1795 4581 Ut

192 4630 393 4683 sancta
430 4621 720 4693 cogitatin,
766 4622 909 4693 pium
938 4620 1247 4685 consilium.
1287 4621 1571 4691 omnisque
1616 4628 1795 4677 motus

1898 3394 2117 3453 dubium
2141 3393 2319 3449 vocari
2350 3405 2511 3466 posse
2541 3390 2792 3459 arbitror,
2822 3387 2965 3459 quod
2995 3395 3141 3443 recte
3166 3400 3199 3451 a
3230 3384 3486 3459 Vasquio,

1899 3493 2112 3545 Annato
2151 3488 2380 3558 aliisque
2426 3484 2783 3541 communiter
2831 3492 2914 3539 est
2960 3482 3328 3537 observatum.
3371 3481 3492 3539 Duo

1896 3591 2050 3641 erant
2079 3578 2335 3651 capitalia
2385 3576 2961 3647 Sami-Pelagianorum
3011 3574 3283 3645 dogmata,
3328 3571 3492 3629 ﬁdem

1898 3674 2137 3744 incipere
2158 3688 2188 3728 a
2216 3672 2395 3739 nobis,
2426 3671 2661 3741 itemque
2681 3683 2711 3735 a
2734 3668 2889 3731 nobis
2913 3681 3034 3739 esse
3058 3680 3226 3738 usque
3246 3666 3300 3721 in
3329 3664 3489 3721 ﬁnem

1899 3768 1953 3837 in
1983 3770 2125 3825 bono
2150 3767 2628 3840 perseverantiam,
2655 3774 2713 3821 ut
2732 3763 2888 3827 docet
2909 3770 3127 3821 sanctus
3155 3760 3489 3833 Augustinus

1900 3862 2074 3933 capite
2125 3861 2317 3917 ultimo
2362 3859 2429 3916 de
2465 3859 2614 3915 Dono
2642 3856 3060 3927 perseverantiae
3091 3872 3105 3909 :
3140 3873 3160 3909 ι
3207 3853 3376 3923 Satis,
3406 3854 3493 3911 in-

1898 3954 2026 4026 quit,
2062 3953 2308 4013 docuisse
2338 3968 2426 4010 me
2462 3952 2735 4017 existimo,
2764 3950 2850 4007 vel
2878 3950 3057 4020 potius
3077 3948 3196 4021 plus
3217 3963 3378 4021 quam
3400 3963 3490 4011 sa-

1899 4048 1989 4115 tis,
2020 4048 2159 4109 dona
2184 4046 2280 4113 Dei
2309 4061 2451 4113 esse,
2480 4055 2532 4109 et
2570 4044 2807 4116 incipere
2833 4045 2886 4103 in
2917 4043 3201 4101 Dominum
3238 4042 3484 4109 credere,

1896 4149 1953 4199 et
1978 4154 2147 4210 usque
2176 4140 2231 4195 in
2258 4137 2420 4207 finem
2448 4138 2501 4203 in
2530 4137 2756 4199 Domino
2783 4148 3121 4211 permanere.
3160 4153 3179 4191 ι
3216 4132 3330 4191 Hoc
3359 4147 3489 4191 vero

1900 4243 2189 4301 utrumque
2216 4230 2466 4293 statuitur
2492 4230 2547 4301 in
2574 4229 2770 4289 litteris
2800 4228 2904 4297 illis
2928 4242 3050 4300 qua:
3078 4225 3376 4283 leestino
3403 4238 3493 4280 as-

1899 4324 2214 4391 cribuntur;
2270 4336 2393 4383 nam
2448 4335 2569 4391 cap.
2622 4320 2683 4377 11
2736 4319 3066 4389 decernitur,
3115 4324 3176 4373 ut
3197 4315 3490 4373 dicebam:

1907 4440 1925 4489 ί
1965 4421 2124 4481 Bonae
2138 4417 2431 4475 voluntatis
2444 4416 2688 4487 exordia,
2703 4424 2755 4470 et
2773 4414 3105 4479 incrementa
3132 4409 3495 4485 probabilium

1900 4513 2227 4577 studiorum,
2256 4511 2387 4575 etin
2428 4511 2509 4579 eis
2535 4523 2700 4577 usque
2728 4508 2781 4564 in
2825 4507 2986 4571 tinem
3033 4506 3494 4578 perseverantiam

1901 4607 1967 4663 ad
2016 4605 2213 4662 Christi
2262 4604 2487 4675 gratiam
2534 4600 2748 4657 referri.
2778 4617 2799 4651 ι
2836 4600 3022 4670 Ibique
3068 4599 3187 4654 fuse
3237 4598 3496 4671 probatur

194 4716 366 4781 bona
410 4689 699 4785 voluntatis
726 4689 796 4781 ei;
826 4713 939 4781 Deo
976 4713 1071 4779 sit,
1101 4713 1226 4782 quia
1268 4728 1363 4783 per
1404 4689 1551 4771 illum
1590 4712 1794 4783 aliquid
1823 4702 1872 4762 Ι)
1902 4699 2059 4755 ﬁdem
2084 4713 2191 4753 non
2214 4710 2336 4753 esse
2362 4710 2393 4751 a
2421 4694 2597 4785 nobis,
2623 4692 2718 4785 sed
2744 4691 2933 4748 donari
2964 4708 2992 4745 a
3024 4690 3153 4785 lico,
3176 4699 3232 4746 et
3265 4704 3385 4760 cap.
3425 4689 3496 4744 l2

193 4806 329 4867 boni
360 4821 667 4879 possumus,
693 4809 810 4866 sine
832 4822 937 4878 quo
966 4807 1099 4871 nihil
1122 4823 1426 4878 possumus.
1461 4828 1479 4863 ι
1513 4810 1661 4867 Itane
1678 4808 1795 4867 haec

193 4898 486 4959 Caelestini
511 4900 749 4969 oracula,
792 4900 1056 4972 Prospero
1074 4909 1297 4973 rogante
1324 4900 1471 4967 data.
1502 4914 1567 4959 ac
1594 4898 1794 4956 litteris

190 5006 298 5067 pro
330 4991 526 5063 eadem
556 4992 624 5066 ad
648 4992 931 5063 episcopos
953 4992 1134 5055 missis
1163 4992 1385 5059 inserta.
1417 4994 1554 5053 adeo
1583 5008 1791 5055 memo-

191 5084 275 5141 ria
303 5082 553 5153 ejusdem
574 5082 839 5147 excidisse
866 5084 1132 5153 credenda
1156 5095 1300 5151 sunt,
1334 5092 1388 5141 ut
1412 5084 1526 5149 illa,
1554 5099 1675 5151 cum
1708 5085 1791 5140 vel

192 5178 440 5243 maxime
471 5175 536 5235 ad
580 5175 989 5233 Massiliensium
1034 5176 1383 5247 petulantiam
1433 5176 1796 5246 comprimen-

192 5271 322 5329 dam
353 5270 660 5339 necessaria
684 5279 890 5338 essent,
934 5270 1239 5326 omitteret?
1266 5270 1375 5333 Sibi
1404 5283 1537 5327 cusa
1566 5270 1669 5327 tela
1714 5280 1797 5324 at-

189 5378 304 5431 que
332 5362 614 5429 elaborata
640 5376 787 5433 arma
822 5372 928 5416 tam
960 5363 1103 5431 parvi
1134 5362 1280 5429 fecit,
1307 5372 1362 5416 ut
1383 5377 1505 5423 cum
1531 5361 1597 5421 iis
1619 5360 1793 5429 Semi-

188 5453 479 5527 Pelagiani
525 5455 738 5525 penitus
780 5453 1097 5519 conﬁciendi
1136 5453 1334 5522 forent,
1377 5454 1580 5515 eisdem
1628 5453 1791 5507 veluti

189 5547 414 5605 obtusis
436 5544 516 5602 uti
547 5546 800 5619 noluerit,
830 5546 916 5615 qui
941 5554 1127 5601 contra
1157 5544 1523 5601 Massilienses
1552 5544 1790 5600 omnium

188 5639 530 5701 fortissimus
560 5654 623 5696 ac
658 5638 1042 5709 solertissimus
1082 5648 1203 5713 post
1230 5638 1730 5715 Augustinumdux
1758 5653 1787 5693 a

186 5732 616 5801 recentioribus,
649 5742 702 5803 ct
731 5733 923 5788 nerito
952 5731 1169 5803 quidem
1198 5730 1542 5802 praedicatur.

269 5827 764 5882 Laudataslitteras
779 5840 808 5879 a
825 5824 1115 5911 Caelestino
1131 5825 1360 5881 emissas
1375 5824 1440 5880 ad
1463 5822 1796 5911 damnandos

190 5918 619 5995 Massiliensium
635 5905 1041 5991 erroresscribit
1057 5916 1318 5997 Vasques,
1336 5925 1475 5995 part.
1492 5930 1531 5986 ι,
1545 5914 1687 5989 disp.
1702 5905 1794 5985 91,

1906 4788 2203 4861 iniungitur
2254 4794 2312 4841 ut
2343 4804 2359 4836 ι
2398 4783 2636 4841 omnium
2680 4782 2942 4847 bonorum
2997 4779 3284 4837 affectuum
3329 4788 3493 4852 atque

1904 4898 2154 4953 operum,
2181 4889 2236 4936 et
2260 4879 2499 4935 omnium
2524 4876 2826 4933 studiorum
2866 4873 3214 4945 omniumque
3237 4873 3492 4929 virtutum

1904 4974 2096 5045 quibus
2126 4973 2193 5028 ab
2221 4972 2375 5028 initio
2405 4971 2529 5037 ﬁdei
2569 4968 2881 5043 attenditur,
2924 4966 3093 5027 Deum
3145 4965 3492 5038 proﬁteamur

1903 5076 2195 5129 auctorem.
2232 5084 2251 5127 φ
2286 5064 2411 5120 Haec
2434 5064 2527 5119 ibi.

1977 5160 2052 5217 Ex
2103 5158 2188 5215 bis
2242 5167 2484 5214 nostrum
2528 5162 2903 5227 argumentum
2946 5155 3328 5225 instauramus.
3351 5154 3489 5212 Cum

1908 5256 2140 5331 Prosper
2168 5262 2355 5321 contra
2404 5250 2897 5327 Serui-Pelagianos
2948 5248 3228 5319 leestini
3264 5248 3496 5320 elogium

1903 5351 2185 5417 recitasset
2214 5354 2370 5415 caput
2394 5342 2462 5396 42
2508 5349 2696 5397 contra
2723 5340 3049 5413 Collatprem
3072 5383 3085 5404 ,
3111 5340 3325 5397 illorum
3356 5340 3497 5396 invi-

1903 5443 2115 5509 diosum
2170 5442 2708 5511 interpretamentum
2739 5436 2982 5515 apponit,
3011 5450 3117 5509 quo
3170 5434 3497 5491 dictitabant

1903 5535 2145 5595 laudatos
2174 5549 2204 5588 a
2227 5532 2517 5589 Caelestino
2541 5531 2750 5601 priores
2777 5528 2947 5603 sancti
2977 5529 3261 5602 Augustini
3297 5529 3489 5593 libros,

1902 5646 2010 5691 non
2055 5628 2402 5701 posteriores,
2424 5639 2619 5694 nempe
2668 5624 2737 5685 de
2791 5622 3144 5693 Correptione
3192 5632 3248 5681 et
3296 5624 3490 5694 gratia.
3572 5654 3573 5657 η

1906 5710 2145 5792 duosque
2174 5719 2239 5784 ad
2270 5719 2597 5789 Prosperum
2620 5725 2675 5773 et
2704 5716 2962 5795 Hilarium
2985 5718 3142 5774 datos
3170 5718 3237 5774 de
3251 5715 3491 5775 Praedes-

1907 5815 2166 5871 tinatione
2193 5822 2497 5867 sanctorum
2542 5820 2593 5866 et
2619 5812 2687 5868 de
2716 5811 2865 5866 Dono
2914 5809 3347 5880 perseverantiae.
3378 5805 3491 5863 Hoc

1911 5917 2272 5988 commentum
2303 5905 2482 5964 statim
2514 5905 2728 5989 refellit,
2760 5915 2872 5967 tum
2923 5906 3044 5985 quia
3093 5904 3230 5961 idem
3277 5914 3483 5981 semper
