3988 6348
510 412 616 467 δικ

1369 403 1929 464 SUPPLEMENTUM
1971 403 2063 459 AD
2100 402 2333 461 OPERA
2372 405 2428 459 S.
2474 402 2865 461 AUGUSTINI.

3711 406 3823 458 8‘24

508 531 565 587 in
594 525 841 582 omnibus
888 523 1037 579 libris
1068 523 1395 593 Augustinus
1437 520 1673 589 scripsit,
1708 518 1956 588 idemque
2004 517 2105 573 fuit
2134 520 2181 579 Α
2209 518 2502 573 voluntatis
2523 518 2780 574 asseritur
2812 531 2933 574 esse
2956 532 2986 572 a
3012 517 3274 587 Deo,quia
3306 532 3399 587 per
3428 518 3572 574 illttm
3595 517 3825 586 aliquid

508 636 722 689 semper
753 620 805 673 in
839 618 927 672 illo
962 616 1180 685 Spiritus
1210 624 1264 669 et
1290 614 1556 677 doctrina,
1592 622 1702 668 tum
1726 614 1849 684 quia
1879 631 1897 665 (
1930 613 2103 681 Apos-

509 715 668 769 tolica
702 712 877 776 sedes,
908 713 1003 775 ait,
1038 710 1179 780 quod
1209 725 1238 763 a
1272 708 1609 777 praecognitis
1637 708 1738 762 sibi
1767 722 1872 763 non
1902 707 2102 763 discre-

510 817 617 877 pat,
644 820 765 861 cum
807 802 1148 876 prcccognitis
1177 801 1393 872 probat,
1432 810 1486 855 ct
1514 799 1656 870 quod
1678 798 1880 868 judicio
1907 800 2098 869 iungit,

507 900 665 954 laude
714 913 818 954 non
854 898 1061 952 dividit.
1106 915 1122 946 ι
1166 901 1237 950 At
1258 908 1516 965 quorsum
1541 893 1729 948 isthmc
1760 893 2103 962 elonginquo

505 992 767 1049 librorum
816 990 986 1045 sancti
1018 988 1298 1059 Augustini
1343 988 1410 1042 de
1440 986 1920 1042 Prmdestinatione
1948 999 2106 1041 sanc-

509 1097 720 1151 turum,
763 1085 831 1139 de
858 1084 1008 1137 Dono
1040 1081 1451 1150 perseverantia
1495 1079 1657 1149 petita
1690 1078 1757 1133 ab
1806 1077 2102 1146 apostolica

508 1182 637 1236 sede
660 1180 1000 1249 approbatio?
1015 1177 1124 1231 Cur
1136 1175 1412 1231 Ctelcstini
1432 1173 1641 1228 litteras
1653 1172 1749 1225 abs
1770 1186 1830 1226 se
1854 1173 2105 1239 impetra-

512 1287 618 1339 tas,
651 1274 703 1326 in
731 1272 923 1341 quibus
974 1271 1215 1325 doctrina
1257 1268 1515 1322 librorum
1548 1265 1721 1320 sancti
1774 1263 2007 1319 doctoris
2038 1265 2105 1319 de

509 1367 671 1423 Initio
704 1367 827 1421 fidei
862 1375 916 1419 et
947 1366 1014 1420 de
1071 1361 1475 1434 perseverantia
1529 1361 1731 1429 apertis
1781 1357 2105 1413 definitioni-

513 1460 613 1513 bus
658 1460 929 1523 statuitur,
958 1472 1063 1511 non
1095 1455 1335 1526 protulit,
1361 1463 1416 1509 et
1449 1468 1562 1517 eas,
1597 1453 1839 1522 inquam,
1876 1452 2102 1517 litteras,

408 1623 413 1628 _
514 1546 648 1620 quas
681 1551 733 1605 in
758 1550 1073 1605 eorumdem
1104 1546 1391 1618 Augustini
1425 1545 1875 1600 ealumniatorum
1920 1542 2107 1597 faciem

514 1643 705 1698 eodem
737 1643 853 1711 ipso
878 1643 995 1696 loco
1024 1641 1283 1697 illiserat‘!
1315 1643 1559 1694 Armatus
1587 1639 1802 1710 quidem
1828 1638 1895 1692 de
1922 1645 2107 1707 poste-

510 1734 745 1791 rioribus
774 1733 923 1788 libris
955 1733 1123 1787 sancti
1155 1732 1439 1802 Augustini
1496 1729 1683 1786 scribit
1710 1730 1804 1785 lib.
1837 1744 1954 1794 Vill,
1988 1743 2107 1798 cap.

515 1830 548 1883 6
584 1846 598 1883 :
634 1847 651 1878 ι
692 1828 1030 1882 Manifestum
1067 1828 1230 1898 igitur
1274 1835 1359 1882 est
1388 1825 1675 1896 Augustini
1706 1825 1874 1880 menti
1924 1822 2009 1877 his
2054 1823 2107 1877 in

2206 611 2329 665 boni
2351 612 2779 679 possumus,sine
2806 626 2912 680 quo
2941 610 3074 664 nihil
3094 625 3399 679 possumus.
3425 612 3584 677 Sane,
3610 613 3661 667 si
3691 613 3827 682 quis

2204 702 2366 757 modo
2388 702 2799 759 Massiliensium
2825 705 3120 759 sententias
3149 715 3434 772 assereret,
3452 723 3555 763 non
3578 719 3821 766 exstan—

2207 794 2349 849 tibus
2372 793 2717 849 Arausicanis
2770 795 2961 851 aliisve
2998 796 3308 865 apostolicae
3360 799 3501 856 sedis
3528 800 3783 859 decretis
3805 843 3821 868 ,

2204 901 2386 941 nonne
2408 887 2498 941 ille
2528 902 2597 942 ex
2627 888 2820 942 litteris
2847 887 3125 944 Celestini
3158 904 3283 945 reus
3317 891 3538 950 haeresis
3566 895 3821 951 convin-

2205 979 2453 1033 ceretur?
2484 978 2777 1033 Damnasse
2798 982 2996 1050 quippe
3024 981 3641 1051 inquiuntleestinum
3676 987 3823 1042 Mas-

2206 1068 2503 1127 Siliensiunt
2532 1072 2807 1143 dogmata;
2844 1088 3002 1143 quam
3036 1075 3197 1143 igitur
3212 1080 3617 1133 excusationem
3681 1093 3824 1134 con—

2207 1165 2541 1220 cinnabimus
2589 1179 2684 1234 pro
2728 1158 2948 1233 Hilario,
2985 1181 3081 1236 pro
3130 1166 3349 1236 Fausto,
3375 1184 3470 1237 pro
3491 1169 3821 1238 Vincentio,

2206 1274 2306 1331 pro
2361 1260 2583 1329 reliquis
2608 1260 2793 1315 Galliae
2822 1261 3166 1331 prmsulibus,
3196 1263 3287 1332 qui
3343 1273 3469 1320 ante
3513 1265 3823 1320 Arausica-

2209 1366 2333 1407 nam
2393 1353 2659 1422 synodum
2711 1352 3122 1409 Massiliensium
3176 1355 3457 1426 opiniones
3519 1356 3818 1413 mordicus

2210 1444 2690 1500 sustinebanthn
2719 1445 2808 1501 isti
2855 1445 2996 1501 forte
3021 1446 3300 1503 Caelestini
3328 1449 3532 1504 litteras
3566 1465 3807 1520 prorsus

2212 1537 2505 1609 ignorasse:
2525 1538 2805 1594 dicentur?
2846 1540 2915 1595 At
2939 1541 3132 1596 litterae
3187 1541 3295 1597 illa;
3351 1541 3488 1598 date
3533 1552 3698 1598 erant
3744 1543 3816 1597 ad

2212 1632 2494 1702 episcopos
2546 1646 2653 1687 non
2698 1633 3025 1689 Macedonia;
3049 1672 3065 1699 ,
3104 1643 3196 1690 aut
3242 1634 3507 1706 Bithynia:
3532 1678 3548 1703 ,
3579 1637 3681 1693 sed
3739 1637 3808 1692 ad

2213 1726 2493 1796 episcopos
2539 1726 2743 1793 Galliae,
2775 1742 2841 1782 eo
2885 1736 3128 1798 tempore
3155 1743 3262 1798 quo
3309 1728 3543 1785 Faustus
3588 1730 3637 1784 in
3710 1728 3791 1786 Le

2214 1818 2414 1874 rinensi
2443 1819 2691 1875 coenobio
2717 1820 2967 1889 ﬂorebat,
2992 1822 3075 1877 cui
3100 1831 3221 1893 post
3251 1837 3449 1877 annum
3472 1822 3633 1879 abbas
3661 1838 3819 1893 prm—

514 1923 671 1979 libris
698 1922 1030 1977 satisfactum
1062 1922 1130 1977 ab
1161 1936 1226 1976 eo
1252 1921 1341 1987 qui
1372 1920 1604 1975 fateatur
1632 1927 1685 1974 et
1736 1916 1964 1988 gratiam
1994 1930 2117 1971 esse
2146 1904 2195 1967 Β
2224 1911 2391 1967 fectus
2420 1912 2537 1967 fuit.
2566 1912 2705 1979 Quid
2760 1914 2902 1984 quod
2939 1914 3081 1970 idem
3116 1915 3428 1971 Vincentius
3481 1914 3810 1971 Lerinensis

513 2016 877 2072 necessariam
909 2016 973 2069 ad
999 2015 1207 2069 initium
1228 2014 1375 2079 fidei,
1405 2026 1503 2067 nec
1517 2012 1632 2081 ejus
1654 2010 1905 2065 meritum
1927 2009 2103 2079 sequi,

514 2108 610 2164 sed
642 2110 857 2178 praeire,
896 2116 947 2161 ct
1002 2107 1201 2160 donum
1255 2107 1346 2161 Dei
1405 2119 1525 2160 esse
1562 2103 2039 2173 perseverantiam.
2080 2119 2099 2152 ι

518 2202 799 2269 Quodnam
834 2202 996 2269 igitur
1024 2200 1298 2255 efficacius
1329 2208 1705 2269 argumentum
1736 2196 1927 2251 adduci
1952 2204 2107 2265 pote-

518 2302 604 2347 rat
634 2293 699 2345 ad
752 2292 1231 2347 demonstrandum
1285 2290 1613 2360 posteriores
1660 2302 1755 2344 eos
1797 2288 1962 2342 libros
1988 2301 2110 2342 esse

524 2387 590 2438 ab
618 2385 911 2455 apostolica
945 2384 1074 2440 sede
1106 2386 1379 2456 probatos,
1411 2398 1571 2453 quam
1611 2381 1804 2436 littera:
1837 2381 1942 2433 illte
1984 2378 2109 2434 Ca:-

519 2478 725 2544 lestini,
773 2480 825 2532 in
856 2478 1053 2547 quibus
1108 2476 1353 2532 doctrina
1406 2477 1667 2531 librorum
1716 2482 2110 2543 postremorum

520 2560 692 2626 Sancti
722 2570 895 2625 Patris
939 2570 1075 2625 adeo
1105 2570 1306 2625 diserte
1325 2608 1341 2635 ,
1366 2568 1500 2624 adeo
1532 2567 1836 2637 perspicue,
1860 2566 1995 2621 adeo
2024 2580 2114 2621 so-

520 2663 632 2719 lide
686 2663 1067 2719 asserebatur?
1101 2661 1769 2733 Semi-Pelagianos.eum
1827 2658 2112 2727 Augustini

521 2756 898 2810 auctoritatem
919 2756 1217 2821 elevarent,
1239 2753 1472 2824 Prosper
1497 2768 1565 2809 ex
1592 2750 1869 2807 leestini
1898 2750 2113 2815 litteris,

524 2850 581 2905 in
615 2849 809 2920 quibus
838 2850 1037 2905 eximie
1090 2848 1184 2903 ille
1216 2848 1565 2914 laudabatur,
1589 2845 1906 2901 confutavit.
1938 2843 2115 2911 Quare

526 2957 648 2998 cum
702 2942 863 2997 iidem
896 2942 1069 2997 sancti
1094 2939 1374 3011 Augustini
1431 2939 1731 2994 doctrinam
1764 2938 2113 3003 lacesserent,

513 3036 594 3093 'ex
641 3036 832 3091 iisdem
884 3036 1107 3091 omnino
1156 3034 1355 3090 litteris
1404 3032 1681 3088 leestini
1728 3030 2023 3099 compressi
2052 3042 2117 3083 ac

524 3130 755 3186 convicti
781 3144 887 3183 non
920 3128 1081 3183 sunt?
1110 3126 1337 3195 Scripsit
1359 3140 1490 3181 sane
1516 3125 1745 3192 Prosper
1776 3131 1894 3192 post
1914 3120 2118 3177 Coales-

522 3225 695 3279 tinum
732 3222 993 3276 adversus
1041 3218 1391 3285 Cassianum,
1425 3227 1480 3273 et
1508 3220 1716 3273 litteras
1746 3214 2022 3272 Coalestini
2053 3228 2114 3269 ea

2214 2004 2429 2060 easdem
2455 2006 2703 2075 producit
2727 2007 2783 2061 in
2808 2008 3233 2064 Commonitorio
3252 2010 3512 2065 adversus
3546 2010 3809 2078 profanas

2214 2111 2410 2151 vocum
2469 2098 2775 2164 novitates,
2824 2114 3023 2172 easque
3078 2102 3373 2172 plurimum
3425 2102 3816 2158 commendat?

2213 2191 2327 2257 Qua
2340 2205 2466 2246 vero
2488 2191 2664 2247 fronte
2682 2192 2995 2251 Vincentius
3017 2210 3110 2251 eas
3135 2195 3240 2252 sibi
3269 2196 3452 2252 favere
3480 2198 3697 2253 litteras
3712 2198 3821 2267 jac-

2215 2292 2399 2349 tasset,
2431 2285 2625 2354 quibus
2655 2286 2935 2356 ipsiusmet
2956 2289 3240 2357 opiniones
3269 2291 3820 2348 condemnabantur?

2215 2374 2341 2429 Haec
2357 2375 2447 2430 ille
2474 2376 2694 2431 scribit:
2726 2396 2745 2430 ι
2769 2380 2873 2434 Sed
2890 2389 3175 2437 etsanctus
3187 2396 3322 2453 papa
3337 2382 3673 2440 leestinus
3703 2387 3819 2455 pari

2218 2468 2378 2523 modo
2406 2469 2701 2541 eademque
2731 2473 3024 2538 sententia;
3056 2473 3130 2529 ait
3154 2478 3298 2530 enim
3327 2476 3385 2530 in
3404 2476 3641 2546 epistola
3653 2492 3817 2545 quam

2217 2557 2491 2616 Gallorum
2518 2562 2884 2619 sacerdotibus
2909 2564 3075 2633 misit,
3100 2585 3119 2618 ι
3152 2574 3259 2622 etc.
3276 2565 3411 2621 Tota
3441 2567 3612 2637 igitur
3638 2566 3815 2623 Gallia

2217 2662 2471 2709 sonantes
2520 2654 2795 2711 Coelestini
2844 2672 3110 2726 voees,ae
3159 2658 3423 2716 Vincentii
3471 2669 3526 2715 et
3548 2660 3805 2731 Prosperi

2219 2760 2315 2800 ore
2340 2746 2501 2802 etiam
2532 2748 2769 2805 redditas
2799 2751 2918 2821 quis
2966 2752 3299 2809 eruditorum
3350 2755 3655 2811 antistitum
3705 2771 3809 2811 non

2221 2839 2550 2897 inaudivisse
2574 2842 2873 2899 credendus
2900 2844 3014 2900 est?
3046 2846 3227 2916 Itaque
3273 2847 3449 2917 capita
3482 2846 3579 2901 illa
3622 2862 3655 2901 a
3684 2846 3813 2903 Co:-

2220 2930 2416 2989 lestino
2444 2937 2640 2991 emissa
2670 2952 2777 2992 non
2832 2937 3005 3005 fuere,
3037 2954 3127 2995 ne.
3163 2940 3447 2995 haereticos
3498 2941 3813 3009 pronuntie-

2222 3040 2345 3081 mus
2372 3041 2462 3083 eos
2491 3042 2626 3098 quos
2654 3038 2708 3084 et
2732 3031 2987 3088 sanctitas
3016 3039 3070 3087 et
3095 3030 3329 3087 eruditio
3353 3031 3606 3088 celebres
3635 3032 3815 3089 reddi-
3896 3024 3900 3028 ’

2222 3116 2372 3174 dere.

2308 3211 2506 3267 Verum
2568 3212 2788 3269 dubium
2840 3215 2929 3270 hic
2976 3216 3367 3287 expediendum
3422 3218 3660 3275 alterum
3716 3228 3816 3288 est,

520 3318 583 3372 in
632 3313 999 3384 disputatione
1029 3313 1084 3367 in
1130 3312 1316 3383 digitis
1349 3310 1602 3366 habebat.
1638 3308 1750 3364 Hoc
1782 3307 2000 3377 quidem
2032 3320 2119 3360 ar-
2144 3304 2192 3369 C
2223 3306 2435 3362 cuinam
2455 3305 2632 3375 capita
2661 3306 2750 3361 illa
2763 3304 3043 3364 leestini
3074 3310 3269 3367 litteris
3295 3325 3509 3368 annexa
3531 3312 3815 3368 tribuenda

523 3416 784 3479 gumento
815 3406 991 3476 capita
1030 3404 1123 3460 illa
1153 3405 1347 3460 infarta
1371 3404 1667 3473 probantur
1696 3400 1892 3456 litteris
1913 3400 2123 3462 Cales.

524 3501 649 3555 tini.

518 3604 524 3613 '
599 3594 811 3650 Rursus
839 3592 1015 3648 dicam
1072 3590 1292 3661 aliquid,
1326 3589 1471 3661 quod
1519 3590 1731 3647 caeteris
1786 3591 2124 3663 argumentis

526 3705 748 3760 semper
781 3688 1012 3760 praetuli.
1047 3687 1105 3743 Si
1133 3685 1308 3757 capita
1337 3686 1425 3742 illa
1457 3684 1739 3743 leestini
1766 3696 1981 3754 essent,
2008 3696 2063 3743 et
2092 3702 2123 3742 a

527 3783 658 3837 sede
687 3780 987 3851 apostolica
1018 3788 1361 3835 emanassent
1383 3819 1398 3843 ,
1424 3793 1531 3833 non
1566 3778 1721 3834 video
1779 3794 1884 3848 qua
1914 3780 2124 3836 ratione

527 3874 760 3931 Faustus
810 3870 1088 3942 Rejorum,
1122 3872 1435 3928 Vincentius
1488 3872 1834 3937 Lerinensis,
1891 3871 2123 3929 Hilarius

528 3966 862 4023 Arelatensis
892 3965 1178 4036 episcopus
1202 3964 1268 4033 (si
1301 3965 1355 4019 in
1396 3964 1661 4019 sententia
1704 3961 2014 4033 perstitere)
2060 3978 2125 4018 ac

531 4062 621 4117 alii
674 4060 964 4117 Galliarum
1012 4057 1253 4128 episc0pi
1282 4058 1349 4112 ab
1379 4056 1572 4113 hat-esi
1620 4057 1869 4112 excusari
1918 4056 2125 4126 possint

528 4164 692 4225 atque
722 4154 867 4209 inter
891 4154 1043 4207 divos
1072 4152 1268 4208 erectis
1314 4150 1423 4205 aris
1452 4151 1852 4206 connumerari.
1888 4150 2123 4206 Faustus

528 4247 692 4303 fidem
717 4261 836 4301 esse
866 4246 1020 4300 nobis
1044 4260 1111 4300 ex
1140 4254 1345 4299 natura:
1372 4243 1579 4299 viribus
1606 4243 1763 4299 docet
1792 4243 1884 4297 lib.
1922 4259 1979 4309 ιι,
2000 4258 2119 4311 cap.

532 4342 589 4405 6,
608 4343 703 4395 7et
726 4339 935 4404 8;unde
959 4340 1050 4394 lib.
1070 4356 1108 4404 ι,
1126 4338 1318 4408 cap.7,
1336 4338 1411 4392 ait
1444 4354 1458 4389 :
1497 4356 1515 4388 ι
1537 4336 1774 4407 Tempus
1796 4337 2124 4406 gratiae,quo

536 4436 801 4505 redempti
828 4446 1033 4502 sumus,
1068 4433 1259 4488 merita
1300 4431 1578 4485 hominum
1612 4444 1717 4484 non
1770 4432 2121 4500 exspectavit,

533 4544 697 4599 opera
731 4529 942 4598 penitus
970 4541 1075 4583 non
1109 4524 1386 4597 quaesivit,
1414 4525 1529 4579 sola
1559 4524 1703 4579 Deus
1750 4523 1873 4579 fidei
1924 4532 2123 4577 nostrae

533 4625 820 4679 devotione
846 4631 1130 4677 contentus
1160 4621 1276 4675 fuit.
1310 4640 1328 4672 ι
1360 4618 1611 4675 Addens:
1644 4638 1661 4669 ι
1684 4617 1870 4674 Fidem
1902 4632 2124 4687 exspec-

533 4727 655 4773 tata
681 4717 935 4787 parvulis,
962 4730 1121 4786 Opera
1151 4716 1309 4769 etiam
1333 4729 1453 4769 cum
1487 4715 1590 4768 fide
1619 4729 1650 4768 a
1678 4714 2010 4769 confirmatis
2038 4728 2124 4767 rc-
2153 4689 2207 4752 ι)

535 4812 721 4881 quirit,
758 4813 828 4865 ita
859 4820 1037 4863 tamen
1066 4818 1124 4862 ut
1168 4808 1501 4863 credulitatis
1554 4807 1803 4862 affectum
1840 4808 2126 4877 proficien-

534 4906 677 4960 tibus
725 4911 935 4974 augeat.
970 4921 989 4954 ι
1028 4901 1259 4970 Legatur
1288 4900 1508 4956 Vossius
1536 4900 1627 4954 lib.
1662 4916 1713 4953 tv
1743 4900 1881 4955 llist.
1917 4902 2123 4972 Pelag,

537 5009 679 5067 part.
705 5013 743 5064 ι,
776 4998 917 5053 thesi
944 4996 1013 5061 2;
1048 4995 1189 5050 idem
1212 4994 1307 5050 lib.
1338 5010 1398 5060 tt,
1424 5010 1543 5062 cap.
1578 4993 1667 5060 10,
1698 5004 1750 5048 ct
1778 5004 1903 5048 ante
1948 4994 2123 5063 ipsum

535 5090 852 5145 Vincentius
901 5086 1211 5143 Lerinensis
1282 5087 1333 5141 in
1381 5084 1827 5149 Commonitorio,
1878 5101 1998 5155 cap.
2033 5087 2122 5155 37,

534 5183 775 5237 scribunt
825 5196 921 5237 nos
976 5195 1133 5250 posse
1163 5181 1361 5235 neStris
1414 5180 1617 5235 viribus
1650 5192 1853 5249 petere,
1885 5180 2122 5250 pulsare,

536 5284 875 5344 quaarere,ut
902 5275 995 5330 Dei
1027 5274 1251 5345 gratiam
1276 5274 1773 5343 obtineamus,qu.'e
1802 5283 1918 5327 erat
1948 5271 2125 5328 Semi-

536 5368 946 5438 Pclagianorum
977 5368 1161 5437 opinio
1190 5383 1253 5423 ex
1279 5368 1471 5423 litteris
1494 5367 1743 5436 Prosperi
1770 5367 1836 5422 ad
1869 5366 2124 5437 Augusti-

537 5478 684 5517 num.
715 5463 842 5516 ltem
873 5463 1077 5533 aliquot
1106 5462 1266 5518 etiam
1288 5463 1526 5532 episcopi
1554 5460 1871 5528 Galliarum,
1896 5471 2116 5517 tnortuo

542 5553 937 5617 Fausto,lidem
952 5554 1102 5608 nobis
1131 5570 1197 5609 ex
1213 5555 1367 5610 nobis
1389 5557 1535 5609 nasci
1570 5554 1839 5621 dicebant,
1872 5561 1927 5608 ut
1948 5568 2012 5608 ex
2044 5556 2125 5608 lit-

538 5649 672 5703 teris
697 5647 951 5702 Bonifacii
978 5648 1017 5702 Il
1039 5648 1104 5703 ad
1134 5647 1427 5705 Caesarium
1461 5648 1811 5719 intelligitur:
1840 5664 1962 5717 quae
2002 5649 2123 5719 qui-

539 5741 662 5797 dem
687 5742 963 5796 sententiae
989 5750 1171 5810 aperte
1199 5743 1523 5797 damnantur
1546 5743 1597 5796 in
1631 5742 1739 5796 illis
1767 5741 2033 5811 capitibus
2067 5741 2121 5795 in

540 5833 734 5901 quibus
763 5834 918 5888 fidem
942 5845 994 5889 et
1021 5833 1179 5903 hujus
1207 5836 1439 5901 initium,
1465 5846 1650 5890 sancta
1671 5834 1945 5905 cogitatio,
1975 5836 2121 5904 pium

460 5994 465 5997 _
538 5924 1024 5989 consiliummmnis
1039 5928 1206 5985 bonus
1217 5929 1439 5985 affectus
1455 5929 1735 5995 omnisque
1760 5929 1929 5985 bonus
1947 5943 2121 5987 motus

2228 3400 2371 3455 sint?
2392 3398 2450 3454 In
2477 3399 2617 3455 libro
2645 3402 3135 3459 ecclesiasticorum
3167 3405 3513 3475 Dogmatum,
3547 3406 3643 3477 qui
3685 3408 3815 3462 inter

2239 3508 2405 3567 opera
2432 3498 2603 3553 sancti
2616 3498 2895 3567 Augustini
2929 3510 3076 3557 tomo
3106 3499 3171 3555 Ill
3198 3511 3536 3570 recensetur,
3560 3517 3593 3556 a
3625 3501 3817 3571 capi!

2228 3597 2476 3653 undecim
2505 3596 2678 3666 capita
2705 3594 2955 3666 leguntur
2984 3594 3051 3650 ad
3100 3595 3323 3651 verbum
3353 3611 3421 3652 ex
3451 3596 3657 3652 litteris
3696 3595 3810 3652 Cte-

2228 3690 2404 3746 lestini
2426 3688 2717 3759 exscripta.
2752 3688 2859 3744 Sed
2889 3687 3037 3743 illius
3061 3688 3351 3744 voluminis
3382 3702 3491 3743 non
3517 3696 3606 3744 est
3630 3698 3812 3743 auctor

2227 3792 2445 3838 sanctus
2493 3780 2843 3851 Augustinus,
2867 3766 2990 3834 cum
3042 3781 3203 3835 etiam
3258 3780 3457 3835 ibidem
3512 3780 3815 3835 inserantur

2237 3877 2410 3949 capita
2436 3877 2650 3932 concilii
2674 3876 3007 3942 Arausicani,
3024 3874 3165 3945 quod
3195 3890 3338 3930 anno
3357 3873 3461 3929 529
3492 3874 3815 3930 celebratum

2228 3984 2340 4038 est;
2362 3986 2528 4040 quare
2553 3985 2651 4026 nec
2680 3971 2771 4025 illa
2798 3971 3040 4027 scribere
3069 3970 3243 4040 potuit
3288 3969 3607 4025 Gennadius
3638 3970 3709 4024 ob
3737 3984 3814 4024 ra-

2232 4066 2411 4120 tiones
2442 4063 2699 4119 adductas
2724 4062 2862 4117 libro
2892 4078 2928 4117 ιι
2954 4062 3091 4139 Hist.
3123 4062 3451 4133 Pelagianm,
3474 4077 3599 4131 cap.
3632 4062 3813 4129 16,ηυὶ

2228 4171 2349 4211 cum
2370 4155 2613 4211 Cassiani
2643 4156 2892 4224 dogmata
2922 4156 3274 4210 uticatholica
3298 4170 3586 4225 perperam
3610 4172 3642 4210 a
3667 4155 3811 4211 Pros-

2229 4265 2359 4321 pero
2393 4252 2706 4320 impugnata
2739 4246 2907 4305 fuisse
2936 4249 3103 4314 dicat,
3132 4263 3238 4304 non
3268 4263 3364 4305 eas
3391 4249 3695 4306 sententias
3720 4250 3808 4304 do-

2230 4345 2555 4413 cerepotnit,
2565 4358 2686 4412 qua:
2699 4343 2942 4398 Cassiani
2954 4343 3297 4414 opinionibus
3310 4358 3534 4415 prorsus
3558 4358 3809 4415 repugna-

2236 4448 2381 4492 rent.
2411 4436 2576 4492 Sutor
2596 4439 2757 4492 etiam
2792 4437 2905 4504 ille,
2937 4440 3246 4509 quicunque
3268 4438 3453 4505 fuerit,
3479 4440 3688 4509 ineptus
3711 4448 3806 4503 est,

2230 4544 2352 4585 nam
2407 4545 2527 4599 cap.
2550 4530 2622 4586 25
2649 4532 2727 4585 ait
2760 4547 2773 4585 :
2810 4549 2831 4583 ι
2863 4532 3009 4587 Idem
3056 4533 3313 4603 magister
3364 4534 3417 4588 in
3472 4533 3695 4602 epistola
3744 4530 3804 4585 ad

2232 4621 2595 4677 Milevitanum
2626 4624 2915 4678 concilium
2947 4625 3068 4678 data
3099 4625 3359 4695 praedicat
3382 4626 3591 4690 dicens,
3625 4644 3643 4677 ι
3674 4634 3799 4687 etc.;

2232 4727 2354 4768 cum
2383 4722 2561 4770 tamen
2590 4716 2737 4783 prius
2770 4730 2874 4769 non
2901 4716 3123 4771 citasset
3174 4716 3575 4782 Innocentium,
3599 4731 3661 4771 ex
3704 4729 3800 4785 quo

2233 4806 2323 4860 illa
2346 4807 2508 4861 verba
2536 4805 2845 4863 referuntur
2875 4809 2927 4862 in
2950 4809 3176 4863 annexis
3193 4810 3484 4879 capitibus,
3507 4812 3611 4866 illis
3630 4824 3799 4877 nempe

2232 4912 2351 4967 cap.
2382 4900 2434 4952 7.
2470 4898 2739 4955 Praeterea
2769 4901 2880 4955 duo
2912 4913 3184 4971 postrema
3217 4904 3421 4973 capita,
3452 4904 3653 4959 scilicet
3678 4904 3730 4957 fl
3752 4910 3799 4954 et

2231 4992 2325 5059 22,
2349 4993 2415 5047 ad
2457 4993 2677 5049 verbum
2730 4994 2995 5051 habentur
3024 4997 3078 5051 in
3120 4997 3337 5052 homilia
3392 4999 3570 5053 sancti
3598 4995 3797 5053 Joannis

2235 5087 2602 5160 Chrysostomi
2658 5090 2725 5144 de
2747 5088 2916 5144 Adam
2946 5100 3000 5145 et
3038 5092 3148 5145 Eva
3180 5099 3310 5146 tom.
3347 5092 3387 5145 ll
3415 5092 3549 5148 edit.
3578 5092 3791 5157 Basileae,

2231 5180 2321 5234 ubi
2352 5180 2515 5236 etiam
2535 5181 2623 5235 illa
2646 5182 2805 5237 verba
2830 5182 2883 5236 in
2928 5183 3035 5239 ﬁne
3072 5195 3364 5253 ponuntur,
3391 5201 3619 5256 quarum
3666 5199 3797 5239 occa-

2231 5275 2385 5330 sione
2413 5276 2514 5329 ista
2575 5277 2970 5345 perquirimus,
3003 5292 3196 5346 netnpe
3232 5294 3245 5330 :
3280 5276 3659 5345 Profundiom
3679 5294 3791 5339 vero,

2231 5367 2653 5439 difﬁcilioresque
2695 5380 2889 5439 partes,
2914 5382 3045 5434 etc.,
3084 5372 3133 5425 in
3165 5386 3267 5441 qua
3324 5372 3491 5427 etiam
3525 5368 3789 5438 humilia,§

2230 5461 2357 5515 Cum
2384 5478 2503 5532 ergo
2547 5460 2737 5513 dicitur
2768 5462 2917 5514 homo
2941 5462 3077 5516 tradi
3120 5464 3391 5517 desideriis
3434 5466 3569 5531 suis,
3597 5475 3714 5529 etc.,
3738 5460 3788 5514 ad

2230 5554 2451 5608 verbum
2478 5554 2785 5608 inseruntur
2798 5554 3146 5626 quadraginta
3163 5570 3349 5610 versus
3362 5571 3427 5611 ex
3454 5557 3589 5611 libro
3604 5572 3635 5609 v
3648 5551 3789 5609 sancti

2230 5646 2509 5718 Augustini
2540 5658 2725 5702 contra
2756 5648 2887 5713 Jul.,
2913 5663 3034 5717 cap.
3156 5649 3310 5705 Unde
3333 5658 3525 5705 auctor
3553 5649 3685 5704 illius
3710 5648 3790 5700 bo-

2232 5742 2394 5795 militc
2424 5756 2529 5796 non
2563 5752 2643 5797 cst
2671 5740 3110 5812 Cbrysostomus,
3139 5742 3234 5798 sed
3289 5742 3517 5800 Latinus
3558 5742 3784 5813 quispiam

2230 5835 2420 5893 debilis
2453 5836 2651 5907 ingenii
2681 5836 2914 5906 scriptor
2938 5877 2953 5903 ,
2982 5836 3071 5906 qui
3104 5850 3203 5891 nec
3233 5850 3331 5890 suo
3387 5851 3486 5892 ore
3535 5836 3664 5905 loqui
3707 5846 3788 5903 po-

2230 5928 2353 5987 tuit.
2384 5927 2476 5984 sed
2506 5924 2730 5985 aliorum
2768 5936 2973 5984 tantum
3006 5928 3303 5983 sententias
3331 5928 3386 5983 in
3417 5939 3663 5986 centones
3682 5936 3783 5981 coe-
