3988 6348
210 420 320 475 ϐε.)ῖᾶ

1399 400 1719 460 vmmcm
1760 376 2312 458 AUGUS’I‘INIANE.

3384 376 3513 449 826‘

207 536 307 607 git.
334 528 591 587 Baronius
620 541 682 583 ac
699 522 921 583 Suartus
949 522 1240 580 verisimile
1268 528 1478 592 putant,
1503 525 1647 589 quod
1679 518 1796 587 qui-
1824 522 1875 579 Α
1973 514 2052 569 Ex
2081 514 2166 570 his
2196 523 2341 585 patet
2390 514 2756 585 imprudenter
2798 521 3129 568 recentiores
3170 525 3238 566 ex
3289 511 3486 567 litteris

212 629 338 684 dam
368 624 630 689 scribunt,
661 635 724 677 ea
754 619 927 689 capita
980 616 1145 672 fuisse
1191 631 1220 669 a
1253 614 1523 683 Prospero
1572 610 1795 666 concin-

212 717 369 785 nata;
402 716 625 773 Vossius
681 728 787 769 non
834 710 1000 767 audet
1036 709 1303 787 spondere
1331 722 1361 761 a
1385 708 1502 761 solo
1533 706 1799 774 Prospero

211 816 492 873 elaborata
518 826 659 880 esse,
688 807 947 865 Hilarium
991 805 1232 876 aliosque
1282 802 1564 872 Augustini
1616 797 1801 855 defen-

210 923 371 966 sores
416 905 592 962 socios
640 890 906 971 Prospero
932 897 1138 963 tribuit,
1170 911 1296 951 nam
1333 893 1528 965 plurali
1573 905 1826 969 numero.

218 1005 537 1074 loquuntur.
595 996 732 1065 Quid
785 994 887 1050 hac
941 993 996 1047 in
1055 1006 1116 1047 re
1162 990 1394 1046 divinari
1472 985 1846 1062 possumus‘i.

211 1094 469 1150 Dicamus
493 1090 654 1160 igitur
677 1084 910 1143 conﬂata
956 1097 1078 1139 esse
1107 1097 1138 1136 a
1169 1082 1437 1149 Prospero
1482 1080 1572 1135 illa
1601 1078 1800 1148 capita,

213 1190 511 1257 demusque
532 1197 696 1238 unam
724 1188 817 1235 aut
844 1179 1068 1234 alteram
1099 1176 1487 1247 conjecturam.
1511 1172 1691 1228 Prima
1711 1171 1799 1237 sit,

216 1280 362 1352 quod
389 1294 506 1348 cap.
540 1277 572 1332 8
604 1278 851 1346 leguntur
870 1270 1033 1326 verba
1062 1269 1362 1325 litterarum
1390 1265 1592 1322 Zosimi
1625 1272 1680 1320 et
1706 1264 1804 1318 Pa-

212 1385 359 1431 trum
380 1370 793 1433 Africanorum,
836 1379 957 1434 quae
1006 1363 1193 1419 eadem
1243 1360 1465 1416 omnino
1509 1357 1808 1427 eodemque

220 1470 385 1526 modo
439 1465 628 1523 recitat
666 1462 897 1530 Prosper
940 1467 1135 1513 contra
1171 1454 1496 1512 Collatorem
1523 1494 1539 1521 ,
1564 1466 1683 1522 cap.
1715 1450 1806 1518 10,

214 1581 328 1638 quo
349 1566 466 1621 loco
493 1562 682 1618 eadem
709 1556 1005 1613 Innocentii
1049 1552 1363 1610 testimonia
1395 1550 1571 1621 ponit,
1605 1564 1723 1618 qua:
1753 1548 1809 1602 in

212 1659 484 1730 capitibus
513 1644 674 1724 vulgo
711 1649 1110 1708 Ctelestinianis
1155 1647 1427 1716 leguntur.
1461 1644 1676 1698 Litterae
1706 1641 1812 1698 illae

214 1750 422 1806 Zosimi
449 1746 683 1817 periere,
707 1755 1002 1811 earumque
1032 1739 1243 1794 initium
1271 1736 1410 1807 apud
1461 1735 1809 1809 Prosperum,

209 1854 272 1900 et
298 1843 355 1896 in
383 1838 630 1909 capitulis
653 1836 758 1890 illis
787 1844 990 1889 tantum
1022 1832 1269 1886 habetur.
1313 1828 1494 1883 Altera
1523 1842 1653 1882 vero
1705 1836 1810 1894 est,

1900 607 2177 664 Caelestini
2209 608 2611 680 Augustinianae
2660 605 2965 661 auctoritati
3015 605 3150 661 adeo
3190 618 3380 661 secure
3408 606 3490 659 in-

1902 703 2106 758 sultare
2132 743 2148 769 ,
2177 713 2433 758 conantes
2464 704 2819 773 Augustinum
2850 699 2962 756 fere
2994 699 3049 754 in
3076 698 3317 755 ordinem
3350 696 3491 752 redi-

1903 811 2049 868 gere.
2100 794 2284 867 Neque
2313 798 2457 851 enim
2487 805 2692 851 certum
2741 804 2823 850 est
2854 802 3176 865 postremam
3224 792 3368 847 illam
3398 805 3490 860 ap-

1905 888 2184 959 pendicem
2212 906 2227 942 :
2260 886 2638 957 Profundiores
2676 903 2815 950 vero,
2843 885 3248 956 diﬁicilioresque
3299 890 3491 954 partes,

1903 989 2033 1049 etc.,
2068 981 2134 1037 ab
2173 980 2469 1051 apostolica
2512 980 2643 1036 sede
2680 994 2960 1035 emanasse
2984 1020 3000 1046 ,
3032 979 3172 1050 quod
3203 977 3499 1049 praeclaris-

1905 1076 2028 1131 simi
2053 1074 2348 1145 scriptores
2379 1084 2597 1144 negant.
2631 1075 2801 1141 Quem
2834 1088 2961 1129 vero
2988 1088 3052 1129 ex
3090 1070 3351 1142 theologis
3372 1084 3496 1126 cum

1906 1168 2098 1225 Suario
2140 1183 2322 1239 parem
2354 1183 2417 1222 ex
2450 1167 2562 1223 suis
2600 1165 2818 1233 faciant,
2863 1182 3089 1238 quemve
3118 1181 3186 1222 ex
3227 1163 3499 1219 historicis

1908 1263 1992 1318 vel
2032 1262 2263 1317 Baronio
2292 1262 2375 1315 vel
2399 1258 2687 1315 Sirmondo
2713 1274 2811 1314 suo
2832 1257 3136 1329 opponent?
3160 1255 3499 1313 Solidissima

1909 1355 2068 1411 etiam
2123 1364 2438 1423 argumenta
2488 1354 2733 1409 eamdem
2782 1354 3104 1409 sententiam
3153 1351 3499 1413 conﬁrmant,

1910 1450 2102 1520 quibus
2128 1449 2309 1519 plures
2331 1450 2383 1501 in
2408 1457 2681 1517 posterum
2705 1462 2895 1502 manus
2921 1445 3253 1515 herbamque
3275 1444 3498 1498 daturos

1911 1557 2095 1612 spero,
2131 1542 2236 1596 nisi
2291 1550 2595 1598 nostrorum
2648 1540 2886 1595 adulatio
2935 1539 3090 1594 nobis
3123 1536 3333 1593 illudat.
3375 1536 3503 1603 Qua:

1916 1651 2046 1693 vero
2072 1636 2273 1691 dicturi
2314 1636 2533 1702 insuper
2564 1648 2751 1689 sumus
2778 1634 2831 1687 in
2873 1632 3099 1703 gratiam
3141 1626 3503 1685 recentiorum

1922 1737 2125 1784 asserta
2151 1728 2277 1796 sint,
2311 1736 2369 1782 ut
2397 1742 2612 1782 omnem
2644 1726 2750 1780 illis
2780 1725 2847 1779 ad
2878 1724 3279 1794 Augustinianae
3326 1728 3509 1775 aucto-

1920 1823 2096 1878 ritatis
2130 1821 2443 1877 truncandaa
2490 1820 2695 1876 aditum
2751 1817 3166 1888 praecludamus.
3224 1815 3509 1884 Hucusque

210 1934 561 2004 Prosperum,
594 1942 713 1998 cap.
749 1926 784 1983 9
812 1934 998 1981 contra
1030 1921 1385 1990 Collatorem,
1417 1920 1666 1977 eumdem
1722 1934 1809 1975 ar-
1835 1919 1888 1983 Β
1918 1916 1973 1972 in
2007 1916 2287 1971 remotiori
2335 1930 2494 1986 quam
2541 1923 2784 1984 putarant
2839 1928 3030 1982 campo
3074 1918 3358 1981 pugnatum
3403 1918 3506 1973 est,

212 2041 405 2099 gnere,
440 2023 581 2095 quod
632 2022 864 2085 dixerat,
900 2016 1255 2087 Augustinum
1314 2014 1558 2086 quaedam
1617 2024 1809 2069 contra

214 2122 539 2191 Pelagianos
547 2121 692 2190 justo
724 2114 950 2181 amplius
1001 2110 1316 2174 asseruisse;
1375 2108 1555 2177 ibique
1599 2105 1812 2161 vellicat

223 2214 554 2271 sobrietatem
584 2206 896 2263 adversarii.
931 2202 998 2258 At
1029 2204 1080 2258 in
1109 2218 1229 2270 cap.
1250 2200 1284 2254 3
1312 2201 1697 2257 Caelestiniano
1724 2214 1812 2254 re-

214 2288 627 2378 prehenduntur
656 2298 1037 2361 Massilienses,
1066 2295 1209 2364 quod
1258 2293 1372 2347 ausi
1433 2294 1543 2347 sint
1596 2290 1814 2360 obloqui

215 2398 539 2470 Augustino,
561 2404 811 2466 tanquam
835 2390 1202 2445 necessarium
1236 2386 1451 2441 modum
1484 2382 1809 2440 excesserit.

214 2492 354 2560 Quze
400 2489 442 2544 si
468 2503 596 2544 vere
621 2503 648 2541 a
680 2485 972 2541 Caelestino
1028 2483 1167 2537 dicta
1231 2480 1482 2544 fuissent,
1518 2476 1814 2547 repetenda

218 2602 359 2643 sane
388 2586 598 2639 luerant
626 2580 894 2648 Prospero
924 2591 987 2632 ea
1018 2576 1086 2631 de
1135 2589 1195 2629 re
1235 2587 1333 2643 pro
1361 2570 1658 2641 Augustino
1686 2584 1818 2625 con-

220 2689 303 2735 tra
337 2676 659 2733 Collatoretn
695 2672 963 2739 litigante;
998 2667 1125 2739 quid
1157 2666 1302 2722 enim
1334 2663 1562 2719 validius
1617 2662 1814 2717 adduci

221 2779 440 2843 poterat
468 2769 534 2824 ad
564 2783 624 2823 os
642 2761 1429 2821 calumniatoriobstruendum
1456 2769 1563 2814 tam
1613 2756 1820 2813 celebri

220 2864 540 2935 apostolica:
572 2862 717 2916 sedis
741 2858 1084 2914 testimonio?
1107 2854 1259 2911 Unde
1289 2854 1466 2908 minus
1495 2852 1654 2906 etiam
1691 2864 1818 2921 pro-

222 2959 385 3015 batur
422 2954 784 3013 recentiorum
808 2950 1074 3006 sententia
1114 2963 1177 3003 ea
1193 2947 1426 3018 capitula
1465 2945 1667 3015 absque
1712 2943 1822 2998 ulla

224 3050 564 3105 dubitatione
594 3042 890 3100 Caelestino
922 3042 1186 3095 tribuens.
1222 3038 1354 3094 Cum
1381 3037 1612 3105 Prosper
1633 3050 1661 3088 a
1703 3034 1823 3090 Cm-

224 3142 429 3198 Iestino
480 3138 730 3209 pontilice
789 3136 844 3191 in
874 3133 1405 3189 commendationem
1456 3127 1739 3199 Augustini
1762 3141 1825 3183 ac

224 3250 345 3289 suae
405 3233 528 3287 ﬁdei
578 3230 1019 3301 approbationem
1075 3225 1310 3295 diploma
1366 3223 1733 3291 impetrasset,
1773 3221 1825 3275 in

1918 2026 2060 2066 nunc
2089 2009 2153 2064 ad
2189 2025 2377 2065 eorum
2425 2018 2601 2065 castra
2632 2007 2939 2063 accedimus
2966 2046 2982 2073 ,
3022 2006 3213 2062 eadem
3258 2004 3419 2060 etiam
3451 2002 3509 2058 in

1916 2116 2079 2157 arena
2108 2101 2162 2155 in
2200 2115 2357 2171 quam
2409 2115 2507 2155 nos
2540 2108 2963 2169 provocaverant
3007 2098 3328 2154 dimicaturi.
3364 2095 3514 2151 Dabo

1919 2196 2077 2265 igitur
2107 2195 2275 2264 gratis
2306 2193 2495 2248 decem
2526 2192 2615 2246 illa
2643 2192 2817 2262 capita
2846 2205 2968 2247 esse
2997 2205 3029 2245 a
3057 2190 3353 2246 Caelestino
3383 2202 3511 2241 con-

1922 2288 2162 2352 cinnata,
2212 2286 2279 2341 ab
2309 2286 2499 2341 eodem
2532 2286 2693 2341 etiam
2739 2284 3094 2355 appendicem
3147 2281 3293 2337 illam
3324 2277 3516 2350 adjun-

1920 2392 2060 2438 ctam
2089 2382 2415 2447 concedam;
2446 2381 2569 2436 inde
2603 2390 2781 2435 tamen
2822 2379 2959 2434 nihil
2984 2374 3517 2449 Augustinianaa,do-

1921 2476 2141 2542 ctrina,
2197 2474 2328 2529 nihil
2377 2473 2623 2544 ejusdem
2670 2474 2962 2543 dignitati,
3022 2470 3158 2526 nihil
3207 2469 3519 2525 auctoritati

1921 2568 2221 2623 detractum
2256 2567 2417 2621 luisse
2439 2566 2663 2621 docebo.
2687 2567 2990 2636 Antequam
3016 2573 3191 2620 tamen
3215 2563 3317 2618 hoc
3344 2564 3517 2633 ipsum

1922 2681 2214 2736 exsequar,
2262 2679 2416 2719 mens
2444 2661 2765 2733 animusque
2795 2662 3155 2717 recentiorum
3187 2656 3519 2730 indagandus

1922 2769 2025 2823 est,
2058 2756 2275 2824 suisque
2300 2755 2464 2809 veluti
2490 2752 2759 2808 coloribus
2791 2751 3160 2808 delineandus.
3388 2738 3391 2741 ﬁ

1997 2850 2222 2906 Veteres
2249 2846 2705 2916 Semi-Pelagiani
2749 2843 3130 2910 Massilienses,
3175 2858 3283 2915 quo
3327 2854 3520 2897 conce-

1928 2957 2077 3018 ptum
2126 2943 2300 2999 semel
2366 2952 2551 2996 contra
2615 2938 2785 2994 sancti
2855 2937 3138 3009 Augustini
3216 2936 3521 2992 doctrinam

1928 3040 2111 3096 odium
2142 3037 2391 3107 specioso
2417 3033 2651 3105 quodam
2677 3040 2939 3102 praetextu
2965 3030 3224 3096 volarent,
3251 3028 3521 3097 Pelagium

1927 3148 1989 3188 ac
2040 3130 2354 3186 Coelestium
2404 3125 2765 3191 damnabant,
2817 3122 3135 3194 proﬁtentes
3163 3119 3413 3191 amplecti
3461 3134 3522 3176 se

1932 3239 2267 3298 quaecunque
2289 3231 2479 3278 contra
2511 3220 2729 3276 eosdem
2754 3220 2822 3275 ab
2849 3217 3143 3290 apostolica
3167 3216 3296 3273 sede
3320 3216 3524 3272 sancita

226 3327 463 3384 Galliam
512 3324 726 3379 rediens
757 3319 944 3376 iisdem
978 3314 1455 3385 Semi—Pelagianis
1505 3311 1822 3377 insultabat;
1932 3321 2189 3383 fuissent;
2221 3326 2475 3371 cmlerum
2512 3316 2563 3368 in
2594 3313 2712 3369 aliis
2738 3354 2754 3381 ,
2780 3311 2848 3367 de
2892 3311 3087 3381 quibus
3131 3310 3274 3365 nulla
3305 3322 3525 3364 θωρηκ-

228 3432 289 3477 at
330 3420 405 3474 illi
435 3433 529 3473 eas
551 3415 738 3471 laudes
765 3412 1036 3483 prioribus
1068 3410 1218 3465 libris
1246 3408 1417 3464 sancti
1450 3406 1696 3461 Doctoris
1733 3406 1828 3461 da—

238 3527 325 3571 tas
378 3513 544 3569 fuisse
574 3506 1109 3570 commentabantur;
1143 3517 1248 3573 quo
1277 3516 1408 3557 vero
1466 3515 1680 3556 omnem
1733 3497 1830 3553 abs

231 3608 431 3680 seipsis
461 3603 663 3661 erroris
690 3600 1050 3670 suspicionem
1078 3595 1478 3665 propulsarent,
1502 3592 1834 3664 proﬁteban-

234 3715 492 3760 turease
532 3707 739 3753 tantum
770 3698 1017 3766 dogmata
1077 3689 1369 3746 defendere
1418 3687 1556 3741 velle
1603 3702 1721 3755 qua:
1778 3686 1832 3739 in

235 3793 695 3868 disputationibus
721 3795 790 3846 de
814 3788 983 3859 gratia
1016 3792 1207 3841 contra
1238 3781 1555 3850 Pelagianos
1581 3778 1648 3833 ab
1672 3792 1834 3846 apos-

243 3893 407 3947 tolica
436 3889 566 3945 sede
591 3885 794 3941 sancita
820 3883 1065 3937 fuissent.
1106 3876 1233 3931 Inde
1263 3890 1400 3929 onus
1433 3870 1836 3943 Augustinianis

237 3974 909 4040 incubuitdemonstrandi
936 3988 999 4027 ex
1024 3966 1589 4034 lnnocentio,Zosimo
1620 3974 1673 4018 et
1696 3960 1839 4016 Afri-

238 4091 384 4135 cano
412 4074 655 4131 Concilio
679 4087 708 4125 a
732 4070 971 4123 Ratnana
1008 4063 1139 4119 sede
1195 4060 1491 4132 approbato
1546 4057 1842 4114 Massilien-

239 4176 384 4231 sium
427 4169 708 4242 opiniones
736 4178 857 4220 esse
904 4161 1251 4233 proscriptas.
1281 4156 1461 4224 Quare
1517 4153 1701 4210 decem
1753 4150 1843 4206 illa

239 4270 427 4340 capita
478 4269 852 4323 contexentes,
890 4274 995 4327 quo
1025 4254 1274 4309 validiori
1323 4249 1645 4306 auctoritate
1674 4247 1844 4303 dona-

242 4372 459 4426 rentur,
478 4358 678 4415 eisdem
711 4349 1288 4421 Caelestiniepistolam
1313 4347 1378 4401 ad
1409 4345 1695 4414 episc0pos
1720 4341 1846 4398 Gal-

243 4458 333 4513 liae
358 4456 662 4527 praclixere.
680 4448 747 4502 At
769 4462 890 4501 cum
907 4446 958 4499 in
977 4440 1329 4512 quorumdam
1353 4452 1544 4494 manus
1564 4451 1625 4492 ea
1648 4434 1847 4505 scripta

245 4548 620 4609 devenissent,
648 4543 703 4596 in
733 4540 878 4595 illam
910 4536 1231 4593 sententiam
1265 4534 1447 4589 abiere
1472 4576 1485 4597 ,
1517 4540 1573 4586 ut
1602 4537 1853 4600 putarent

250 4642 565 4696 universum
598 4634 839 4689 libellum
874 4630 1039 4684 luisse
1068 4645 1097 4681 a
1132 4628 1429 4684 Caelestino
1462 4624 1716 4696 pontiﬁce
1753 4639 1851 4694 pu-

248 4737 509 4792 blicatunt
531 4732 581 4784 in
613 4744 714 4799 qua
734 4726 990 4796 opinione
1022 4721 1181 4777 video
1213 4736 1335 4776 esse
1361 4735 1426 4774 ex
1456 4716 1846 4787 antiquioribus
1872 4700 1926 4762 Ῑ)

250 4830 475 4885 Petrum
510 4824 825 4886 Diaconum,
858 4817 981 4872 dein
1011 4814 1385 4881 Cresconium,
1418 4825 1553 4881 quos
1580 4808 1761 4874 citavi,
1794 4816 1850 4865 et

252 4933 373 4993 post
428 4917 851 4989 quadringentos
879 4924 1047 4965 annos
1078 4906 1372 4963 Eccleslam
1422 4904 1583 4958 etiam
1639 4901 1851 4972 Lugdu-

254 5030 481 5072 nensem
516 5013 567 5066 in
594 5011 731 5065 libro
758 5007 824 5061 de
848 5004 1043 5061 Tribus
1070 4999 1348 5071 Epistolis,
1372 5007 1532 5067 atque
1582 4995 1701 5049 aliis
1728 5007 1853 5063 pag

255 5112 357 5165 sim
388 5106 551 5163 editis
582 5104 634 5160 in
675 5114 835 5158 causa
888 5093 1269 5152 Gotteschalci.
1316 5089 1620 5146 Notandum
1673 5098 1853 5142 tamen

258 5211 343 5258 est
376 5201 594 5255 Petrum
656 5194 952 5248 Diaconum
999 5202 1061 5242 ac
1114 5185 1291 5241 socios
1336 5182 1564 5254 Scythas
1616 5194 1852 5244 errasse,

260 5296 389 5350 dum
439 5293 492 5345 in
536 5289 671 5343 libro
696 5286 762 5341 de
810 5281 1185 5338 lncarnatione
1214 5284 1271 5331 et
1297 5276 1487 5345 gratia,
1513 5288 1632 5342 cap.
1660 5274 1711 5337 8,
1740 5272 1853 5326 lau-

262 5390 398 5441 dant
427 5383 591 5438 verba
615 5396 735 5451 quae
775 5373 1214 5433 habenturinitio
1254 5370 1431 5440 cap.8
1484 5366 1858 5422 Ccelestiniani

262 5488 523 5547 tanquatn
548 5469 840 5528 Innocentii
868 5466 936 5522 ad
973 5462 1237 5537 synodum
1282 5459 1675 5524 Milevitanatn;
1716 5456 1860 5514 unde

265 5577 417 5640 patet
459 5581 553 5621 eos
584 5578 689 5618 non
720 5562 915 5634 legisse
947 5554 1241 5613 Innocentii
1265 5553 1506 5618 litteras,
1539 5552 1635 5608 sed
1668 5552 1720 5607 in
1744 5551 1861 5608 hac

265 5661 564 5720 Caelestino
577 5657 828 5714 attributa
845 5652 1075 5725 capitula
1091 5646 1515 5716 incidisse,haud
1532 5646 1867 5719 distinguen—

271 5766 353 5813 tes
385 5756 572 5809 ultima
600 5751 761 5810 verba
791 5766 911 5821 cap.
943 5749 997 5814 '7,
1030 5762 1149 5819 qua:
1178 5744 1347 5802 sancti
1393 5744 1690 5800 Innocentii
1742 5750 1867 5799 sunt

272 5850 340 5905 ad
363 5847 704 5904 Hilevitanos
731 5862 763 5901 a
783 5843 972 5917 primis
1019 5839 1198 5901 octavi
1237 5837 1447 5911 capitis,
1467 5851 1587 5909 quae
1646 5837 1865 5894 alterius

274 5940 514 5999 auctoris
540 5949 684 5999 sunt.

1935 3420 2056 3469 rant
2084 3427 2114 3466 a
2136 3407 2480 3481 pontiﬁcibus
2509 3407 2748 3473 decreta,
2780 3418 2887 3460 non
2916 3412 3063 3460 stare
3108 3417 3167 3458 se
3196 3418 3319 3458 cum
3345 3402 3526 3471 Augu-

1936 3508 2083 3563 stino
2096 3504 2367 3568 dicebant,
2384 3500 2525 3572 quod
2543 3500 2635 3555 ille
2656 3501 2708 3555 in
2728 3498 2970 3553 doctrina
2994 3503 3182 3553 contra
3206 3493 3525 3564 Pelagianos

1939 3600 2129 3657 tradita
2178 3596 2544 3654 necessarium
2594 3596 2811 3650 modum
2861 3601 3190 3649 excesserat.
3236 3590 3315 3645 Do
3360 3589 3528 3645 verba

1938 3694 2239 3760 Caelestini,
2273 3707 2394 3762 cap.
2427 3692 2462 3746 5
2488 3709 2501 3747 :
2531 3709 2551 3743 ι
2578 3690 2711 3758 Quia
2735 3688 2977 3744 nonnulli
3007 3687 3099 3758 qui
3143 3685 3406 3742 catholico
3425 3698 3528 3739 no-

1941 3789 2087 3846 mine
2132 3788 2461 3860 gloriantur,
2510 3787 2563 3841 in
2615 3786 2884 3842 damnatis
2931 3793 3105 3840 autem
3156 3783 3529 3839 haereticorum

1942 3884 2209 3948 sensibus,
2239 3897 2334 3938 seu
2368 3881 2656 3952 pravitate,
2702 3882 2816 3935 sive
2844 3878 3108 3950 imperitia
3151 3878 3530 3943 demorantes,

1944 3977 2202 4048 piissimis
2249 3973 2676 4044 disputatoribus
2702 3972 2921 4027 obviare
2940 3978 3300 4041 praesumunt:
3330 3978 3535 4027 etcum

1943 4068 2218 4138 Pelagium
2247 4078 2407 4136 atque
2435 4063 2748 4122 leestium
2798 4063 3255 4120 anathematizare
3298 4077 3405 4118 non
3434 4061 3536 4118 du-

1947 4162 2139 4224 bitent,
2165 4159 2437 4227 magistris
2461 4168 2639 4215 tamen
2668 4159 2866 4215 nostris
2894 4166 3145 4229 tanquam
3170 4157 3537 4214 necessarium

1950 4254 2166 4311 modum
2231 4252 2596 4323 excesserint,
2651 4253 3048 4323 obloquuntur,
3092 4268 3261 4324 eaque
3306 4262 3538 4309 tantum-

1950 4348 2111 4404 modo
2144 4348 2295 4419 sequi
2320 4356 2374 4403 et
2395 4348 2626 4417 probare
2657 4346 2996 4417 proﬁtentur,
3028 4363 3148 4418 quae
3176 4348 3538 4404 sacratissima

1952 4441 2095 4498 beati
2127 4440 2359 4512 apostoli
2397 4440 2558 4497 sedes
2602 4448 2783 4494 contra
2825 4438 3074 4494 inimicos
3101 4440 3285 4509 gratim
3327 4438 3420 4496 Dei
3447 4455 3543 4511 per

1954 4535 2317 4590 ministerium
2351 4532 2641 4603 praesulum
2672 4547 2889 4589 suorum
2915 4534 3092 4588 sanxit
3117 4542 3171 4590 et
3194 4533 3397 4588 docuit.
3430 4552 3450 4587 ›
3476 4534 3544 4589 At

1958 4644 2055 4689 nos
2104 4628 2453 4700 proponimus
2502 4626 2892 4683 recentioribus
2944 4626 3115 4682 sancti
3163 4624 3447 4697 Augustini
3476 4626 3544 4682 de

1956 4725 2189 4798 gratuita
2218 4725 2285 4779 ad
2320 4723 2546 4793 gloriam
2576 4720 3048 4790 praedestinatione
3094 4719 3414 4776 sententiam
3441 4763 3456 4789 ,
3490 4721 3545 4776 in

1958 4818 2096 4873 hanc
2119 4823 2395 4872 transeant
2434 4814 2504 4869 ob
2532 4812 2820 4869 asserentis
2868 4812 3238 4868 auctoritatem
3270 4827 3541 4883 rogamus.

1962 4908 2270 4978 Respondet
2301 4905 2589 4971 Moraines,
2615 4906 2753 4976 disp.
2786 4907 2819 4960 9
2841 4905 3171 4973 Anti-Jans.,
3197 4921 3346 4960 num.
3380 4903 3469 4969 50,
3499 4906 3545 4961 si

1959 5016 2078 5058 eam
2133 5000 2459 5056 sententiam
2522 4998 2707 5054 docuit
2759 4998 3121 5068 Augustinus,
3177 5014 3281 5053 non
3329 5007 3545 5055 statuta:

1960 5101 2145 5149 contra
2172 5089 2491 5160 Pelagianos
2518 5091 2765 5145 doctrina:
2803 5090 3119 5159 aﬂinilatem,
3152 5098 3242 5144 aut
3269 5092 3547 5145 connexio-

1964 5200 2099 5252 nem,
2130 5198 2245 5252 qua:
2286 5180 2435 5235 nulla
2475 5190 2571 5248 est,
2606 5183 2694 5237 sed
2732 5190 2914 5236 tratum
2946 5182 3307 5250 disputationis
3336 5182 3405 5235 ad
3454 5182 3550 5237 hoc

1962 5275 2113 5329 illum
2158 5274 2438 5345 impulisse.
2470 5271 2684 5327 Addunt
2728 5285 2788 5328 se
2811 5279 3013 5329 tantum
3044 5275 3215 5328 teneri
3254 5273 3323 5329 ad
3365 5272 3550 5330 delen-

1964 5366 2166 5424 dendas
2234 5365 2530 5423 sententias
2581 5379 2609 5419 a
2666 5364 2906 5419 Romana
2956 5363 3087 5421 sede
3158 5364 3480 5437 approbatas
3534 5381 3549 5419 :

1971 5480 1990 5515 ι
2021 5459 2279 5527 Quamvis
2303 5458 2468 5524 enim,
2505 5456 2771 5526 inquiunt,
2804 5455 3137 5527 praeferenda
3164 5457 3236 5513 sit
3258 5465 3549 5513 easenteu-

1970 5553 2041 5608 tia
2070 5568 2189 5622 quae
2219 5551 2381 5606 talem
2431 5548 2647 5605 modum
2694 5549 3182 5620 praedestinationis
3226 5565 3294 5607 ex
3341 5549 3552 5606 meritis

1969 5648 2189 5704 omnino
2221 5655 2399 5716 negat,
2427 5653 2606 5701 tamen
2635 5653 2692 5699 ut
2710 5643 2958 5701 damnata
2983 5645 3145 5701 etiam
3162 5653 3443 5701 censeatur
3460 5643 3554 5698 illa

1970 5758 2089 5814 qua:
2129 5742 2390 5808 afﬁrmat,
2438 5739 2727 5795 videndum
2766 5740 2871 5795 erlt
2916 5756 3076 5811 quam
3126 5740 3197 5796 sit
3245 5737 3551 5797 necessario

1970 5850 2213 5891 connexa
2240 5848 2360 5888 cum
2390 5829 2631 5887 articulis
2666 5846 2698 5886 a
2716 5829 3009 5889 Caelestino
3031 5830 3266 5889 deﬁnitis
3291 5848 3305 5881 :
3331 5832 3376 5885 si
3405 5830 3549 5887 enim

1975 5944 2079 5986 non
2108 5927 2195 5999 sit,
2226 5923 2466 5999 quamvis
2508 5925 2835 5999 Augustinus
2872 5925 2929 5985 in
2955 5925 3281 5986 contrarium
3316 5940 3546 5997 propen-
