3988 6348
461 305 565 365 837

1357 295 1914 367 SUPPLEMENTUH
1956 297 2046 363 AD
2082 292 2317 363 OPERA
2352 292 2413 361 St.
2454 289 2848 363 AUGUSTINI.

460 419 623 485 deat,
672 414 1025 486 permittenda
1057 422 1235 479 tamen
1283 412 1391 477 erit
1421 410 1578 483 huius
1607 409 1920 482 quaestionis
1955 410 2046 463 de-
2070 419 2121 491 Α
2147 409 2345 475 nubilis
2374 407 2640 477 exclamat
2691 425 2703 460 :
2743 425 2763 461 ι
2813 405 2891 467 ita
2940 414 3059 479 est,
3111 406 3279 473 multa
3326 404 3595 471 habemus
3626 419 3764 460 cum

464 508 769 565 terminatio
814 508 996 565 libera:
1038 504 1425 581 disputantium
1483 502 1752 569 electioni.
1792 520 1811 565 ι
1869 501 2044 567 Verba

461 610 592 659 sunt
617 600 813 658 Annati
855 600 949 663 lib,
996 615 1111 663 vtu,
1156 614 1274 670 cap.
1310 599 1362 665 i,
1396 613 1514 669 pag.
1550 596 1674 651 856.
1707 596 1868 667 igitur
1900 593 2048 657 nullo

465 697 632 772 gradu
661 695 824 751 distat
851 693 953 749 hoc
983 692 1346 751 recentiorum
1376 694 1443 746 de
1469 691 1765 761 Augustino
1788 688 2047 763 judicium

464 803 496 842 a
522 787 690 851 veteri
722 786 1318 859 Serui-Pelagianorum
1349 785 1641 856 opinione;
1674 785 1885 855 utrique
1905 784 2050 844 enim

458 872 748 934 admittunt
778 880 1149 941 necessitatem
1194 879 1451 936 credendi
1484 894 1543 941 ea
1576 892 1694 950 qua:
1724 887 1909 939 contra
1944 876 2051 937 ha:-

467 971 664 1025 reticos
714 969 783 1027 de
829 969 1004 1025 divina
1035 970 1208 1043 gratia
1240 968 1309 1025 ab
1342 967 1634 1039 apostolica
1684 966 1810 1021 sede
1855 974 2052 1029 statuta

465 1074 624 1129 sunt,
656 1071 709 1118 at
750 1078 868 1117 non.
900 1062 986 1117 illa
1018 1078 1139 1135 quae
1170 1077 1264 1134 per
1291 1076 1567 1123 excessum
1608 1068 1794 1120 contra
1834 1058 2052 1123 eosdem

470 1164 686 1213 sanctus
717 1154 1045 1226 Augustinus
1070 1154 1319 1219 asseruit.
1352 1153 1530 1217 Dicam
1565 1163 1740 1209 tamen
1764 1152 1888 1225 quid
1916 1151 2056 1215 inter

468 1254 725 1321 utrosque
762 1246 1089 1301 discriminis
1120 1246 1353 1301 intersit.
1384 1245 1517 1299 Cum
1560 1255 1775 1307 sanctus
1826 1244 2055 1314 Prosper

470 1339 741 1396 CoeleStini
814 1340 1249 1415 approbationem
1325 1339 1727 1409 Augustiniana:
1798 1338 2056 1401 doctrinae

478 1431 896 1495 Massiliensibus
928 1431 1220 1502 objiceret,
1254 1430 1330 1487 illi
1362 1446 1452 1485 eas
1485 1431 1671 1487 laudes
1698 1430 2058 1487 anterioribus

474 1523 628 1579 libris
656 1523 934 1595 Augustini
962 1523 1164 1579 delatas
1192 1523 1475 1591 dicebant,
1510 1539 1613 1576 non
1648 1523 2055 1593 posterioribus,

473 1615 525 1669 in
558 1616 748 1693 quibus
774 1628 825 1671 et
857 1615 1258 1685 praedestinatio
1306 1617 1424 1671 sine
1454 1616 1681 1680 meritis,
1714 1626 1765 1671 et
1804 1616 1932 1669 lides
1966 1614 2060 1670 Dei

474 1707 669 1761 denum
697 1708 971 1767 astruitur.
1006 1708 1074 1761 At
1116 1708 1444 1763 recentiores
1489 1709 1651 1763 libros
1681 1710 1841 1775 etiam
1884 1720 2056 1779 poste.

2153 501 2498 567 Armenianis
2529 501 2832 565 communia
2860 499 2997 573 (Lib.
3047 516 3067 559 ι
3095 498 3297 567 Eque.
3329 498 3505 567 Jan».
3528 516 3664 569 cap.
3697 496 3760 566 5,

2154 612 2208 661 η,
2246 594 2389 673 ηδ).
2428 614 2447 648 ι

2232 690 2430 751 Verum
2451 690 2596 757 enim
2618 702 2746 753 vero
2771 687 2956 751 audire
3000 687 3134 755 mihi
3164 688 3346 747 videor
3375 688 3761 749 recentiorum

2157 783 2403 853 querelas
2426 821 2442 851 ,
2473 797 2536 849 se
2562 782 2773 857 gravari
2827 780 3106 849 invidiosis
3138 790 3341 847 tantum
3385 780 3709 836 numinibus
3739 819 3757 845 ,

2157 892 2267 937 non
2303 886 2482 941 autem
2514 878 2754 946 ipsorum
2804 875 3130 943 sententiam
3181 875 3424 933 falsitatis
3465 874 3758 931 errorisve

2150 969 2427 1035 convinci,
2480 968 2637 1041 Agite
2700 967 2827 1031 dum
2856 1007 2873 1034 ,
2942 966 3309 1040 relinquamus
3360 968 3499 1036 ista,
3550 973 3760 1036 utpote

2160 1058 2367 1123 odiosa.
2391 1057 2456 1117 ad
2488 1072 2665 1125 arcem
2694 1070 2870 1121 causae
2913 1056 3251 1121 accedamus.
3298 1056 3494 1115 Auctor
3524 1058 3761 1113 illorum

2162 1149 2396 1231 capitum
2444 1149 2679 1215 intendit
2705 1148 2919 1211 tradere
2961 1157 3147 1211 contra
3197 1148 3551 1209 Massilienses
3599 1164 3762 1220 quae-

2162 1260 2289 1312 nam
2314 1244 2423 1309 sint
2475 1243 2632 1311 liberi
2678 1243 2883 1309 arbitrii
2933 1244 3079 1305 vires
3106 1242 3173 1303 ad
3207 1244 3430 1313 bonum,
3459 1258 3521 1299 ac
3544 1252 3764 1314 quanta

2162 1341 2347 1412 gratiae
2378 1339 2691 1403 necessitas.
2718 1337 2827 1405 Hoc
2860 1346 3006 1407 patet
3034 1353 3101 1401 ex
3145 1336 3250 1399 tiae
3278 1336 3615 1403 litterarum,
3666 1336 3766 1391 ubi

2165 1433 2391 1503 legimus
2426 1450 2437 1484 :
2475 1450 2492 1483 ‹
2533 1430 2666 1501 Quia
2696 1430 2763 1495 ad
2809 1428 3167 1493 conﬁtendam
3198 1429 3420 1501 gratiam
3442 1429 3562 1497 Dci,
3591 1430 3768 1497 cujus

2164 1524 2314 1595 Operi
2342 1538 2405 1583 ac
2445 1520 2739 1593 dignatiOni
2776 1521 2912 1575 nihil
2943 1520 3154 1597 penitus
3185 1520 3609 1587 subtrahendum
3647 1528 3766 1593 est,

2166 1615 2298 1670 satis
2328 1613 2577 1670 sufficere
2606 1612 2878 1673 credimus
2909 1611 3169 1684 quidquid
3207 1612 3502 1671 secundum
3548 1611 3767 1683 pracdi-

2166 1716 2280 1764 ctas
2310 1706 2524 1783 regulas
2546 1706 2853 1777 apostolicae
2883 1706 3027 1775 sedis
3060 1720 3159 1763 nos
3186 1704 3542 1765 docuerunt.»
3568 1706 3767 1773 Quare

476 1797 650 1853 riores
676 1799 971 1869 recipiunt,
999 1799 1254 1868 aiuntque
1293 1799 1639 1871 approbatos,
1671 1812 1774 1868 qua
1823 1806 1971 1875 parte
1997 1797 2060 1850 ii-
2091 1810 2137 1882 β
2166 1815 2230 1861 ea
2268 1816 2386 1871 qua:
2414 1800 2481 1856 de
2515 1808 2735 1869 peccato
2758 1800 3007 1871 originali
3033 1814 3096 1856 ac
3134 1800 3292 1867 modo
3321 1815 3427 1870 quo
3455 1799 3594 1857 idem
3630 1814 3769 1868 pro-

472 1890 593 1945 dem
638 1905 705 1944 ex
762 1889 854 1953 Dei
901 1905 1126 1945 munere
1158 1904 1277 1944 esse
1306 1890 1532 1955 dicunt,
1587 1905 1690 1943 non
1740 1906 1841 1967 qua
1896 1890 2059 1943 etiam

2168 1904 2412 1971 pagatur,
2447 1892 2514 1951 de
2540 1894 2976 1964 concupiscentia
3008 1906 3069 1949 ac
3110 1892 3339 1950 miseriis
3371 1892 3613 1965 reliquis,
3638 1907 3769 1962 quae

478 1982 1005 2052 prmdestinatinnem
1038 1991 1160 2037 ante
1188 1983 1408 2053 praevisa
1454 1984 1643 2036 merita
1678 1990 1905 2053 ponunt.
1956 1982 2060 2036 ita-

2175 1995 2289 2042 sunt
2322 2000 2492 2057 paena:
2523 1986 2724 2057 peccati
2758 1985 3053 2055 originalis,
3083 1983 3253 2040 fusius
3272 1994 3457 2039 contra
3483 1983 3769 2039 lulianum

477 2090 581 2145 que
611 2074 970 2129 Massilienses
1001 2090 1065 2129 ex
1101 2083 1210 2129 toto
1254 2086 1554 2146 posuemos
1586 2073 1866 2143 Augustini
1895 2074 2063 2129 libros

480 2168 723 2222 laudatos
770 2183 797 2221 a
830 2167 1085 2229 Romanis
1134 2167 1472 2239 pontiﬁcibus
1519 2168 1825 2240 negabant,
1876 2182 2064 2222 recen-

480 2256 647 2312 tiores
688 2274 753 2313 ex
790 2266 936 2326 parte
972 2266 1175 2312 tantum
1209 2258 1534 2327 approbatos
1563 2256 1883 2312 concedunt.

553 2352 767 2406 Gertum
818 2362 901 2407 est
972 2353 1231 2408 Iacobum
1290 2350 1587 2407 Arminium
1644 2350 1783 2420 apud
1836 2351 2065 2406 Batavos

481 2443 1102 2514 Semi-Peiagianismum
1136 2445 1203 2499 ab
1230 2446 1368 2499 Orco
1404 2460 1688 2499 revocasse
1712 2486 1726 2511 ,
1776 2444 1860 2500 vel
1890 2444 1934 2499 si
1968 2444 2066 2499 ali-

484 2536 604 2591 cubi
636 2536 809 2591 adhuc
855 2547 1128 2607 superstes
1181 2546 1337 2603 erat,
1384 2538 1803 2591 communivisse
1856 2555 1867 2589 :
1923 2537 2067 2592 unde

491 2628 648 2683 Pater
677 2628 894 2683 Macedo
925 2631 1114 2695 scribit
1158 2630 1209 2684 in
1265 2631 1487 2701 prologo
1532 2631 1727 2686 Scrinii
1766 2649 1776 2681 :
1827 2648 1845 2682 ι
1877 2629 2068 2685 Sintne

484 2721 642 2777 hodie
672 2722 854 2778 hostes
883 2724 1068 2793 gratiae
1095 2724 1118 2777 ἲ
1158 2706 1298 2785 scire
1329 2723 1420 2805 qui
1452 2723 1612 2791 velit,
1649 2723 1895 2790 inspiciat
1928 2724 1969 2777 is
1998 2738 2068 2779 an

483 2814 591 2869 sint
622 2813 780 2870 hodie
809 2816 1087 2885 Augustini
1118 2816 1338 2871 hostes?
1376 2816 1616 2886 Cumque
1650 2818 1747 2871 hos
1780 2816 2066 2883 invenerit,

481 2914 536 2961 ct
566 2907 685 2961 illos
708 2908 981 2965 invenisse
1001 2925 1058 2965 se
1080 2919 1248 2983 putet.
1281 2912 1347 2965 At
1395 2911 1447 2966 in
1498 2910 1681 2980 Belgio
1712 2920 1837 2965 sunt
1885 2910 2070 2966 hostes

484 3002 790 3073 Augustini,
821 3012 943 3058 sunt
964 3016 1015 3059 et
1047 3004 1100 3059 in
1131 3004 1322 3075 Anglia
1344 3048 1357 3071 ,
1391 3004 1513 3059 licet
1546 3005 1712 3065 multo
1743 3006 2024 3079 pauciores
2050 3047 2067 3075 ,

485 3092 537 3147 id
568 3104 651 3148 est
679 3096 975 3150 Arminiani
997 3104 1051 3151 et
1083 3096 1544 3152 Retnonstrantes.
1584 3115 1602 3149 ι
1639 3097 1819 3168 Itaque
1851 3097 1937 3151 hic
1971 3096 2070 3150 Ba-

2167 2085 2386 2133 sanctus
2419 2076 2747 2147 Augustinus
2777 2076 2980 2142 docuit,
3014 2078 3067 2130 in
3100 2076 3204 2131 illis
3234 2074 3513 2135 leestini
3562 2073 3769 2131 litteris

2168 2184 2275 2224 non
2304 2168 2654 2235 deﬁniuntur,
2682 2168 2802 2239 quia
2828 2168 2895 2224 de
2923 2169 3025 2224 illis
3054 2168 3200 2237 nulla
3241 2178 3356 2224 erat
3398 2168 3769 2240 Augustinum

2167 2264 2309 2323 inter
2338 2272 2391 2319 et
2439 2263 2798 2327 Massilienses
2846 2263 3249 2327 controversia,
3296 2276 3397 2319 nec
3429 2261 3590 2314 ullam
3638 2259 3769 2314 inde

2169 2357 2621 2428 Serui-Pelagiani
2686 2357 2985 2429 Augustino
3057 2355 3403 2425 quaestionem
3465 2353 3764 2409 iaciebant.

2168 2454 2346 2529 Quare
2417 2452 2740 2509 leestinus
2814 2451 2946 2511 dixit
2998 2467 3012 2505 :
3068 2449 3190 2505 Non
3268 2465 3466 2507 necesse
3518 2448 3766 2502 habemus

2168 2555 2395 2600 astruere
2426 2586 2439 2609 ,
2471 2544 2611 2614 quod
2661 2552 2743 2599 est
2774 2543 2920 2598 nolle
2951 2556 3009 2597 se
3048 2541 3116 2597 de
3165 2542 3268 2598 illis
3314 2555 3553 2607 canones
3597 2540 3767 2594 edere

2168 2638 2311 2717 quod
2354 2637 2418 2691 ad
2456 2646 2772 2711 praesentem
2805 2650 2926 2691 cum
2977 2635 3397 2697 Massiliensibus
3445 2642 3762 2689 controvero

2174 2730 2308 2795 siam
2341 2743 2446 2783 non
2490 2727 2895 2793 conducebant,
2928 2740 3033 2782 non
3081 2726 3222 2797 quod
3264 2727 3432 2782 libero
3477 2726 3764 2795 disputan-

2173 2822 2303 2878 tium
2325 2820 2572 2877 assensui
2604 2821 2687 2876 vel
2720 2819 2986 2876 dissensui
3017 2819 3103 2874 illa
3133 2818 3403 2875 dimittere
3426 2819 3612 2883 vellet,
3645 2835 3767 2888 qua

2172 2923 2254 2979 est
2307 2913 2505 2969 insulsa
2572 2915 2937 2968 recentiorum
2988 2911 3375 2983 interpretatio.
3436 2909 3574 2965 Iiinc
3622 2920 3768 2980 patet
3867 2939 3872 2943 -

2175 3012 2387 3075 inanem
2423 3011 2661 3069 laborem
2693 3009 2873 3065 subire
2896 3023 2991 3064 eos
3029 3008 3119 3078 qui
3161 3008 3375 3067 nomine
3398 3008 3767 3064 intercurren-

2179 3104 2307 3165 tium
2352 3103 2708 3173 quaestionum
2735 3103 2995 3174 quasdam
3029 3101 3331 3172 intelligunt
3360 3116 3425 3156 ex
3479 3100 3765 3171 Augustini

488 3198 730 3244 tavorum
803 3189 1385 3263 Semi-Pelagianorum
1457 3208 1626 3247 novus
1676 3193 1927 3263 princeps
1977 3190 2066 3247 illa
2096 3183 2143 3247 C
2178 3196 2332 3263 libris
2360 3194 2693 3266 desumptas,
2725 3210 2859 3266 quas
2886 3194 2951 3257 ad
2981 3209 3091 3253 rem
3132 3210 3236 3249 non
3263 3193 3439 3249 facere
3470 3192 3605 3247 satis
3627 3208 3766 3247 com-

487 3280 761 3336 Caeiestini
793 3283 1027 3337 clausula
1058 3294 1243 3338 contra
1276 3283 1558 3353 Augustini
1586 3285 1957 3339 auctoritatem
1981 3300 2069 3338 ar-

490 3373 624 3429 tnari
669 3388 728 3428 se
772 3375 1008 3445 satisque
1059 3377 1247 3445 instrui
1295 3376 1513 3445 putabat
1568 3376 1705 3431 :dat
1752 3378 1867 3447 ejus
1906 3377 2068 3429 verba

491 3465 693 3521 amicus
735 3467 977 3522 laudatus
1026 3468 1078 3521 in
1127 3468 1397 3523 Antitbesi
1452 3468 1765 3524 Arminiana
1821 3468 2063 3523 ibidem:

498 3576 517 3609 ι
566 3556 793 3613 Tantum
828 3574 955 3614 vero
982 3559 1154 3628 abest,
1189 3562 1359 3631 inquit
1402 3562 1709 3629 Arminius,
1741 3570 1797 3616 ut
1827 3562 2069 3617 doctrina

490 3650 658 3721 ipsius
689 3652 849 3707 etiam
898 3655 1185 3725 Augustini
1235 3656 1302 3711 de
1353 3656 1824 3726 prmdestinatione
1865 3656 1915 3709 in
1967 3656 2070 3711 illis

489 3741 731 3798 conciliis
759 3754 972 3812 recepta
1003 3746 1091 3809 sit,
1118 3753 1174 3799 ut
1194 3743 1536 3813 leestinus,
1562 3743 1840 3814 episcopus
1872 3744 2071 3799 Roma-

493 3850 613 3899 nus,
642 3836 733 3907 qui
784 3836 876 3892 illo
922 3846 1161 3907 tempore
1191 3838 1433 3903 vivebat,
1464 3838 1527 3892 ad
1560 3839 1838 3908 episcopos
1883 3838 2072 3894 Gallia:

492 3926 768 3992 scribens,
798 3938 853 3983 et
900 3928 1307 4000 Pelagianorum
1360 3931 1632 3985 doctrinas
1679 3932 2068 3998 condemnans,

492 4018 545 4073 in
579 4019 683 4074 line
712 4034 925 4074 suarum
971 4022 1267 4077 litterarum
1308 4022 1360 4078 in
1396 4024 1509 4078 haec
1537 4024 1697 4078 verba
1742 4023 2024 4079 concludat
2054 4041 2067 4075 :

498 4108 870 4179 Profundiorcs
897 4130 1011 4168 vero
1038 4115 1458 4187 difﬁciliorcsque
1503 4127 1670 4189 partes
1702 4119 2075 4171 occurrentium

494 4204 854 4273 quaestionum,
880 4223 1005 4275 quas
1031 4207 1186 4262 latius
1206 4250 1220 4273 ,
1252 4220 1355 4264 etc.
1392 4228 1410 4261 ι
1432 4210 1636 4276 Quibus
1657 4208 1931 4264 leestini
1954 4224 2075 4263 ver-

496 4298 579 4351 bis
606 4300 876 4354 Arminius
897 4313 1078 4357 crecto
1103 4305 1266 4358 veluti
1299 4320 1490 4375 aggere
1512 4313 1697 4360 contra
1726 4302 2072 4374 Augustinum

499 4390 665 4443 stetit.
714 4390 847 4446 liinc
878 4394 1095 4449 ridenda
1126 4403 1252 4450 sunt
1300 4396 1541 4451 Morainii
1573 4397 1731 4452 verba
1784 4397 1837 4450 in
1886 4395 2077 4465 pratia-

500 4482 646 4538 tione
676 4483 1070 4541 Anti-Jansenii
1116 4506 1127 4542 :
1163 4506 1180 4541 ι
1211 4488 1378 4557 Quam
1408 4488 1581 4555 multi,
1608 4489 1799 4562 inquit,
1822 4486 1939 4543 sine
1969 4487 2075 4542 ullo

2178 3291 2334 3357 mode
2365 3298 2421 3345 et
2444 3288 2623 3365 lepide
2646 3286 2879 3344 ostendit
2911 3288 3153 3353 Annatus
3177 3287 3269 3341 lib.
3304 3301 3420 3354 vm,
3453 3298 3577 3355 cap.
3614 3286 3667 3341 ί.
3704 3286 3766 3339 At

2175 3383 2320 3447 dices
2350 3398 2363 3436 :
2396 3380 2451 3438 Si
2502 3395 2609 3439 non
2641 3388 2761 3435 sunt
2812 3378 3104 3448 approbata
3128 3392 3157 3432 a
3198 3376 3496 3435 Caelestino
3552 3392 3617 3432 ea
3649 3392 3763 3444 qua:

2174 3484 2392 3543 sanctus
2450 3474 2643 3535 doctor
2674 3472 2740 3528 de
2791 3472 3236 3545 Concupiscentia
3286 3471 3551 3535 latissime
3607 3470 3763 3525 tradit

2175 3574 2361 3629 contra
2392 3566 2687 3631 lulianum,
2712 3565 2883 3621 libero
2929 3564 3179 3619 substant
3224 3564 3485 3617 lectorum
3517 3563 3763 3617 assensui

2176 3660 2259 3715 vel
2291 3659 2580 3719 dissensui.
2614 3657 2694 3719 Ad
2738 3657 2839 3717 hoc
2868 3657 3086 3728 quidem
3116 3670 3212 3713 suo
3261 3656 3487 3712 inferius
3521 3656 3644 3710 loco
3683 3672 3761 3711 re-

2177 3752 2590 3835 spondebimus;
2650 3752 2865 3809 interim
2915 3750 3191 3806 sciendum
3245 3760 3326 3804 est
3383 3750 3758 3820 Augustinum,

2178 3847 2274 3915 lib.
2302 3862 2335 3900 v
2366 3856 2553 3901 contra
2581 3844 2712 3915 Jul.,
2748 3859 2868 3914 cap.
2903 3842 2990 3910 12,
3018 3844 3251 3914 quinque
3281 3843 3348 3909 de
3378 3845 3761 3913 concupiscen-

2178 3943 2249 4007 tia
2278 3940 2605 4012 quaestiones
2638 3938 2979 4013 proposuisse
3026 3936 3102 4004 (in
3134 3951 3359 4006 quarum
3392 3936 3551 3991 tertia
3582 3950 3757 3990 recen-

2179 4034 2340 4097 tiores
2379 4039 2523 4087 stant
2552 4037 2734 4085 contra
2770 4028 3119 4099 Augustinum
3150 4067 3168 4096 ,
3201 4026 3388 4081 iisdem
3436 4026 3755 4097 argumentis

2178 4126 2370 4209 quibus
2396 4123 2642 4187 Julianus
2688 4136 2816 4176 usus
2845 4130 2923 4175 est
2948 4120 3306 4187 decertantes)
3339 4130 3500 4209 atque
3522 4119 3753 4209 haecihi-

2179 4216 2301 4285 dem
2325 4214 2526 4268 dixisse
2562 4231 2573 4265 :
2610 4230 2627 4263 t
2658 4210 3220 4280 ln‘hisquzestionibus
3250 4208 3515 4264 catholica
3541 4208 3753 4262 veritate

2179 4304 2474 4387 antiquitus
2506 4301 2693 4355 tradita
2724 4311 2900 4355 vestra
2933 4300 3092 4370 impia
3139 4300 3346 4353 novitas
3394 4298 3694 4353 snﬂ'ocatur.
3727 4317 3745 4349 ι

2182 4394 2447 4464 Repetere
2477 4402 2652 4447 autem
2686 4390 2771 4445 hic
2804 4404 3091 4461 possumus
3119 4406 3235 4461 quae
3275 4390 3327 4445 in
3361 4392 3464 4445 alia
3497 4405 3649 4444 causa
3673 4389 3749 4443 di-

2182 4485 2341 4540 cebat
2369 4482 2722 4538 Bellarminus
2748 4482 3056 4546 cardinalis,
3084 4481 3179 4535 lib.
3214 4498 3249 4535 ιι
3282 4482 3347 4535 de
3377 4480 3559 4535 Gratia
3594 4492 3641 4535 et
3664 4481 3747 4534 lib.

499 4573 809 4631 discrimine
834 4577 1114 4648 Augustini
1146 4580 1516 4635 auctoritatem
1547 4579 1897 4635 admittebant
1924 4621 1939 4646 ,
1968 4578 2073 4649 -qui
2106 4585 2155 4659 ρ
2181 4578 2326 4644 arb.,
2357 4590 2476 4645 cap.
2515 4576 2570 4628 ii
2610 4591 2623 4627 :
2660 4591 2678 4625 ι
2704 4572 2834 4628 Nam
2889 4574 2932 4629 si
2990 4573 3270 4644 Augustini
3314 4573 3381 4627 de
3416 4574 3747 4642 praedestina-

505 4683 649 4723 nunc
721 4671 897 4725 audita
955 4671 1275 4728 limitatione
1336 4687 1493 4743 quam
1545 4673 1661 4743 ejus
1709 4672 2079 4743 approbationi

499 4758 821 4816 Calatinus
867 4763 1148 4831 apposuit,
1184 4763 1308 4818 dum
1360 4763 1583 4818 audiunt
1629 4762 1826 4830 aliquid
1870 4776 1935 4817 ex
1970 4763 2077 4815 Att-

498 4852 712 4922 gustino
742 4857 964 4923 proponi
992 4894 1007 4921 ,
1057 4854 1340 4925 quaeritant
1366 4873 1378 4907 :
1415 4854 1578 4909 Estne
1605 4854 1704 4909 hoc
1731 4852 1798 4908 de
1828 4852 1934 4907 illis
1959 4865 2081 4920 pro-

500 4942 836 5000 fundioribus
859 4948 1247 5016 quaestionibus
1275 4962 1406 5016 quas
1438 4962 1542 5000 non
1574 4958 1794 5000 necesse
1821 4942 2083 5016 judicavit

502 5050 778 5106 astruere,
823 5055 958 5109 quas
998 5039 1053 5095 in
1105 5042 1322 5109 ancipiti
1362 5040 1616 5111 opinandi
1666 5038 1910 5094 libertate
1948 5037 2078 5092 reli-

501 5134 652 5200 quit?
689 5152 708 5185 ι
761 5135 921 5200 Quasi
968 5135 1069 5204 ipsi
1115 5136 1445 5191 recentiores
1492 5133 1545 5188 in
1596 5146 1796 5202 nupera
1845 5129 2079 5185 Jansenii

506 5238 664 5277 causa
691 5226 777 5279 illa
804 5225 1078 5280 Cmiestini
1109 5227 1267 5281 verba
1286 5225 1614 5291 adnotarint,
1647 5204 1768 5277 cum
1792 5234 1897 5275 non
1922 5218 2081 5273 modo

513 5316 803 5384 Arminius,
839 5332 1022 5372 verum
1067 5318 1227 5373 etiam
1259 5326 1383 5372 ante
1410 5317 1480 5373 80
1510 5328 1679 5370 annos
1727 5312 1913 5369 eadem
1941 5312 2081 5367 reci-

507 5419 614 5463 tata
643 5408 838 5464 fuerint
859 5411 924 5465 ab
956 5412 1191 5467 Ecclesia
1224 5410 1586 5482 Lugdunensi,
1634 5424 1751 5478 cap.
1788 5406 1879 5475 12,
1910 5406 1978 5462 de
2006 5414 2085 5460 te-

508 5506 685 5560 nenda
711 5519 873 5560 sacrae
903 5506 1193 5576 Scriptum
1222 5507 1469 5560 veritate.
1523 5503 1793 5558 Arminius
1825 5545 1838 5570 ,
1885 5498 2086 5555 veteris

509 5599 1055 5670 Serui-Pelagianism
1096 5609 1372 5665 recoctor,
1403 5613 1519 5653 eam
1550 5596 1824 5653 Cmiestini
1874 5594 2088 5649 clausu-

512 5694 616 5750 lam
648 5692 919 5759 versavit,
968 5694 1367 5767 reversavitque
1408 5691 1791 5761 discipulorum
1841 5687 2038 5743 chorus
2071 5725 2086 5751 ,

512 5804 632 5846 cum
656 5788 847 5849 auibus
874 5786 1206 5845 recentiores
1251 5787 1541 5844 concinunt
1566 5826 1579 5851 ,
1610 5799 1834 5858 quorum
1867 5795 2003 5838 unus
2035 5787 2090 5835 et

2188 4670 2332 4723 tione
2365 4665 2536 4739 (dicas
2585 4663 3049 4735 concupiscentia)
3091 4665 3355 4745 sententia
3414 4664 3548 4719 falsa
3600 4675 3746 4729 esset,

2186 4777 2292 4817 non
2324 4770 2507 4831 posset
2540 4758 2680 4814 idem
2728 4758 3055 4829 Augustinus
3104 4758 3170 4813 ab
3211 4757 3411 4827 ingenti
3471 4758 3747 4813 temeritate

2186 4851 2426 4915 delendi,
2455 4850 2651 4920 quippe
2672 4848 2760 4918 qui
2794 4863 2901 4902 non
2930 4850 3106 4902 solum
3139 4857 3245 4901 tam
3278 4850 3473 4904 acriter
3506 4864 3599 4918 pro
3625 4848 3744 4901 falsi-

2187 4951 2295 4999 tate
2325 4926 2615 5007 rcrtasset',
2643 4940 2736 4995 sed
2766 4940 2927 4995 etiam
2957 4954 3073 4994 eam
3100 4954 3192 5009 pro
3224 4938 3329 4993 iide
3364 4939 3622 4994 catholica
3646 4955 3744 4992 ven-

2185 5036 2356 5091 ditare
2384 5048 2547 5088 ausus
2576 5040 2739 5088 esset.
2781 5049 2799 5082 ι
2847 5030 3125 5101 Nunquam
3155 5040 3376 5085 sanctus
3423 5030 3610 5085 doctor
3643 5043 3742 5098 pro-

2184 5129 2305 5199 prio
2332 5142 2362 5182 e
2391 5125 2616 5182 cerebro
2647 5132 2800 5179 natas
2826 5124 3102 5194 opiniones
3127 5137 3225 5192 pro
3244 5122 3532 5177 catholicis
3558 5131 3743 5175 sentcn~

2188 5224 2276 5277 tiis
2336 5220 2679 5293 publicasset.
2737 5218 2811 5275 De
2865 5233 2969 5290 qua
3027 5232 3084 5274 re
3133 5225 3316 5286 repete
3368 5216 3511 5271 dicta
3554 5231 3659 5283 cap.
3696 5213 3741 5277 5,

2191 5314 2299 5388 δε.

2264 5407 2463 5478 Scribit
2508 5412 2698 5460 auctor
2742 5404 2796 5458 in
2850 5403 2957 5458 line
3006 5417 3127 5471 cap.
3174 5400 3208 5453 5
3241 5418 3254 5454 :
3292 5417 3312 5450 ‹
3351 5399 3740 5455 Constitutiones

2192 5509 2502 5555 sanctorum
2535 5497 2753 5553 Patrum
2784 5495 3169 5565 compendiose
3201 5492 3600 5547 manifestamus
3635 5486 3742 5542 indi-

2198 5594 2361 5661 culo,
2414 5606 2520 5663 quo
2565 5591 2608 5646 si
2655 5591 2773 5661 quis
2821 5606 2927 5644 non
2983 5588 3206 5644 nimium
3262 5598 3344 5643 est
3382 5586 3736 5643 contentiosus,

2198 5693 2452 5755 agnoscat
2480 5681 2717 5737 omnium
2736 5680 3156 5752 disputationum
3174 5679 3558 5735 connnxionem
3582 5690 3636 5729 ex
3657 5672 3739 5724 hac

2196 5778 2531 5834 subditarum
2578 5774 2957 5832 auctoritatum
2998 5774 3260 5829 brevitate
3313 5772 3610 5845 pendere.»
3659 5762 3734 5819 Hic
