3988 6348
263 376 377 441 839

1489 380 1812 442 VlNDlCItE
1854 381 2419 446 AUGUSTINIANB.

3424 381 3534 443 830

262 477 473 569 magna
501 496 845 555 dilﬁcultstes
872 506 1193 570 emergunt:
1226 500 1494 559 undenem
1516 502 1656 558 scire
1682 508 1839 572 pote-
1865 505 1923 567 Α
1945 503 2119 560 sancti
2165 502 2449 573 Augustini
2486 502 2555 563 de
2599 501 3067 572 predestinatioue
3121 515 3272 557 mere
3319 498 3529 558 liberali

264 592 437 649 rimus
451 591 590 647 hanc
612 592 919 661 dogmatum
962 596 1391 653 connexionen.?
1417 595 1767 651 Reeentiores
1790 610 1851 651 se

267 686 430 756 hujus
479 685 721 756 mysterii
765 686 1050 756 magistros
1125 688 1463 757 proﬁtentur,
1524 689 1850 758 irridentque

260 779 621 852 Augustinum
651 794 714 835 ea
746 778 813 835 de
842 780 1180 837 connexione
1220 782 1565 837 scribentem.
1599 782 1849 852 Legimus

260 887 386 942 cap.
447 871 514 929 ιε
562 872 808 929 homines
838 887 943 929 non
999 875 1143 943 prius
1196 874 1520 943 baptismum
1574 875 1847 943 suscipere

268 984 285 1017 ι
322 979 483 1036 quam
532 964 845 1027 exorcismis
909 973 963 1020 et
1008 964 1471 1026 essuiﬁationibus
1523 966 1846 1025 clericorum

260 1057 484 1126 spiritus
505 1056 572 1111 ab
604 1057 683 1112 eis
710 1057 1014 1119 immundus
1058 1058 1325 1128 abigatur,
1359 1070 1417 1117 ut
1444 1067 1570 1117 tunc
1605 1075 1733 1117 vere
1753 1075 1849 1129 ap-

261 1156 451 1218 pareat
497 1148 765 1219 quomodo
795 1150 1041 1219 princeps
1067 1150 1251 1211 mundi
1295 1149 1453 1219 hujus
1498 1151 1739 1211 mittatur
1769 1151 1849 1207 ΐο-

258 1254 377 1306 ras,
402 1248 509 1298 etc.
547 1260 565 1295 ι
622 1240 903 1298 lnl'erimus
950 1259 963 1296 :
996 1242 1136 1312 Ergo
1171 1243 1379 1298 daemon
1413 1242 1653 1298 sensibili
1687 1258 1844 1313 pmna

263 1347 463 1389 nocere
483 1332 869 1403 poteritpueris
892 1333 1358 1406 inlectisoriginali
1388 1343 1630 1404 peccato,
1661 1344 1843 1406 utpote

263 1426 378 1482 suis
396 1426 695 1497 mancipiis,
719 1441 942 1498 quorum
968 1427 1079 1495 ipse
1102 1437 1183 1485 est
1212 1429 1479 1498 princeps.
1505 1427 1715 1483 Clamat
1738 1430 1847 1485 An-

268 1527 451 1586 natus,
487 1533 608 1589 pag.
640 1518 744 1575 858
775 1537 787 1572 :
848 1538 865 1572 ι
900 1518 1164 1589 Negamus
1210 1520 1481 1577 crudelem
1511 1535 1845 1590 consequen-

262 1610 419 1667 tiam.
453 1628 472 1663 ι
497 1609 565 1665 At
594 1611 981 1671 connexionem
1021 1612 1165 1669 illam
1194 1614 1519 1668 asseveravit
1550 1613 1680 1667 satis
1712 1628 1842 1671 cou—

259 1712 467 1765 stanter
479 1713 692 1760 sanctus
704 1703 1049 1773 Augustinus,
1066 1704 1159 1760 lib.
1176 1721 1225 1760 IV
1245 1705 1435 1775 Operis
1458 1705 1692 1773 imperil,
1717 1721 1837 1775 cap.

259 1795 371 1851 200
405 1814 418 1851 :
457 1815 475 1849 t
511 1798 569 1856 Si
601 1807 776 1854 autem
808 1812 913 1855 non
961 1799 1184 1863 eruitur,
1228 1800 1419 1868 inquit,
1462 1801 1529 1855 de
1570 1810 1838 1870 potestate

1951 594 2304 655 examinanda
2363 615 2377 651 :
2430 597 2680 668 inquiunt
2724 597 2866 652 enim
2918 596 3136 653 honoris
3194 594 3361 664 gratia
3406 609 3527 652 cum

1952 687 2188 756 Moliua,
2237 703 2360 746 esse
2408 690 2591 745 duram
2637 698 2686 744 et
2735 689 3001 759 indignam
3053 689 3226 744 diuina
3271 687 3527 753 bonitate,

1949 782 2159 853 ejusque
2186 783 2454 861 occasione
2482 783 2821 852 plurimorum
2845 782 3061 837 salutem
3097 782 3252 851 fuisse
3272 781 3531 850 periclita-

1948 887 2084 944 tam;
2122 866 2251 935 cum
2280 879 2551 945 Mariana,
2584 893 2706 934 esse
2744 895 2946 944 nouem,
2995 888 3050 933 et
3079 879 3432 947 Augustinum
3474 878 3535 933 in'

1949 973 2038 1027 illa
2080 973 2223 1029 haud
2265 981 2601 1027 constantem
2642 972 2883 1026 inducere
2926 971 3365 1038 desperationem;
3406 982 3526 1031 eum

1950 1064 2167 1133 Lessio,
2206 1065 2460 1133 brevique
2501 1079 2537 1116 α
2584 1063 2843 1116 contraria
2891 1062 3134 1134 opinione
3180 1060 3529 1117 abducendum

1949 1174 2071 1214 cum
2124 1159 2360 1214 Patavio.
2396 1158 2583 1211 Nonne
2627 1155 2727 1211 hoc
2766 1156 2938 1222 ipsum
2970 1165 3051 1209 est
3082 1155 3359 1224 Augustini
3403 1169 3528 1208 seu,

1947 1252 2169 1307 tentiam
2201 1251 2561 1304 contemnere?
2590 1254 2645 1302 et
2669 1257 2846 1303 tamen
2869 1248 2935 1302 de
2964 1247 3052 1301 illa
3080 1247 3277 1301 dictum
3304 1246 3468 1301 fuisse
3495 1261 3526 1302 ι

1946 1344 2244 1403 ϐωιθςιίηο
2274 1343 2532 1408 asseritis,
2565 1357 2625 1397 se
2649 1342 2792 1396 illam
2826 1357 2931 1397 non
2970 1340 3160 1397 audere
3184 1349 3524 1394 contemnere.

1949 1440 2233 1496 Peccatum
2275 1437 2535 1508 originale
2583 1450 2704 1492 esse
2748 1434 3076 1505 potissimam
3125 1449 3188 1489 se
3230 1432 3526 1502 proximam

1946 1546 2161 1586 causam
2186 1528 2575 1599 reprobationis
2606 1536 2689 1583 est
2723 1528 2893 1583 sancti
2922 1524 3199 1595 Augustini
3237 1533 3527 1587 sententa,

1946 1620 2106 1690 idque
2131 1620 2376 1675 concedit
2408 1620 2663 1685 Adamus,
2714 1633 2833 1689 pag.
2890 1618 2993 1671 6M
3037 1618 3118 1675 sui
3149 1614 3357 1673 Calvini
3398 1614 3526 1671 des-

1950 1712 2140 1775 tructi,
2172 1713 2239 1769 de
2269 1727 2373 1783 qua
2417 1727 2536 1782 pag.
2563 1711 2686 1777 667,
2713 1725 2833 1780 esp.
2877 1709 2967 1777 lO,
2996 1716 3133 1779 part.
3168 1725 3252 1775 ιιι,
3292 1708 3477 1767 scribit
3507 1724 3521 1760 :

1959 1822 1977 1856 ι
2016 1804 2191 1858 Credo
2217 1803 2347 1859 mihi
2374 1803 2537 1859 licere
2575 1804 2684 1872 jam
2729 1803 3147 1867 exhorrescere,
3197 1801 3321 1871 quia
3358 1809 3528 1857 mater

265 1888 632 1958 tenebrarum,
664 1900 718 1946 et
748 1890 855 1947 illic
888 1900 1131 1948 remanet
1161 1893 1447 1962 parvulus,
1473 1892 1599 1963 quid
1633 1895 1848 1950 miraris
1883 1888 1927 1953 Β
1953 1905 2038 1952 est
2070 1894 2366 1952 Calviniani
2411 1895 2696 1965 dogmatis.
2745 1913 2764 1949 ι
2802 1895 3050 1953 Potuitne
3081 1893 3363 1964 Augustini
3405 1907 3526 1947 sen-

264 1979 319 2036 in
371 1981 492 2051 igne
545 1991 749 2037 aeterno
787 1997 909 2040 cum
956 1983 1171 2038 diabolo
1232 1984 1505 2055 futurum,
1536 1985 1701 2055 quiin
1749 1986 1843 2041 Dei

260 2086 488 2143 regnum
537 2073 738 2132 intrare
762 2090 867 2131 non
894 2075 1123 2137 sinitur?
1180 2097 1199 2128 ι
1245 2077 1553 2147 Respondet
1583 2077 1848 2135 Moraines

262 2167 406 2233 diss.
438 2166 507 2223 40
535 2167 950 2237 Anti-Jansenii,
983 2185 1134 2229 num.
1161 2170 1259 2236 60,
1292 2170 1342 2225 id
1374 2170 1574 2227 dixisse
1600 2172 1849 2243 Augusti-

259 2274 392 2316 num
421 2271 553 2319 atstu
582 2262 944 2333 disputationis
981 2263 1271 2333 abreptum.
1320 2263 1399 2319 En
1431 2264 1844 2336 Serui-Pelagia-

260 2367 460 2409 norum
499 2368 657 2411 voces
682 2393 697 2420 ,
740 2354 1091 2425 Augustinum
1122 2356 1463 2411 necessarium
1502 2357 1709 2412 modum
1757 2374 1848 2413 ea:-

260 2445 491 2511 cessisse,
512 2459 543 2500 a
571 2444 863 2507 Caelestino
876 2446 1176 2513 damnatas,
1202 2447 1353 2516 cujus
1375 2448 1588 2518 quidem
1615 2449 1843 2516 litteras,

261 2548 424 2609 prout
451 2540 581 2595 utile
602 2548 683 2596 est
721 2539 959 2609 ipsorum
990 2556 1189 2606 cauete,
1224 2542 1517 2610 recipiunt.
1547 2541 1639 2597 sed
1685 2551 1847 2610 prout

263 2631 321 2687 in
354 2645 468 2692 rem
499 2631 783 2701 Augustini
816 2631 1050 2701 iaciunt,
1098 2634 1317 2689 tninime
1340 2632 1633 2689 imitantur.
1668 2634 1847 2703 Itaque

263 2723 466 2783 erravit
521 2724 849 2794 Augustinus
892 2723 1070 2783 lurore
1099 2726 1350 2794 abreptus
1392 2740 1507 2781 eam
1554 2725 1846 2785 connexio-

264 2831 391 2875 nem
419 2818 741 2887 astruendo,
789 2832 950 2889 quam
992 2818 1189 2879 nullam
1218 2832 1338 2874 esse
1366 2819 1698 2875 recentiores
1720 2833 1847 2875 con-

263 2912 511 2969 tendunt.
558 2911 891 2983 Opponimus
944 2926 1064 2981 cap.
1126 2912 1183 2966 ll
1223 2952 1239 2980 ,
1293 2930 1310 2964 ι
1389 2914 1845 2980 perseverantiam

262 3020 437 3076 usque
483 3004 539 3060 in
581 3004 743 3065 linem
772 3004 840 3060 ad
870 3004 1071 3061 Christi
1110 3004 1332 3075 gratiam
1375 3004 1585 3068 referri,
1621 3023 1641 3058 s
1688 3006 1849 3061 datur

262 3100 410 3155 enim
441 3098 605 3170 gratis
626 3142 641 3171 ,
676 3108 734 3159 ut
762 3112 829 3153 ex
860 3097 1109 3169 precibus
1136 3095 1253 3152 inse
1276 3098 1463 3167 probat
1487 3097 1844 3167 Augustinus,

265 3203 324 3251 et
354 3194 635 3251 deﬁnitum
679 3201 763 3251 est
792 3194 844 3249 in
878 3190 1206 3249 Arausicana
1252 3192 1491 3261 synodo.
1528 3207 1734 3250 canone
1756 3192 1843 3249 10.

1951 1990 2114 2045 tentia
2144 1989 2301 2045 vilius
2329 1988 2539 2058 excipi?
2572 1987 2729 2047 Ridet
2756 1988 3002 2047 Annatus
3032 1987 3124 2044 lib.
3158 2003 3284 2051 vut,
3318 2002 3434 2056 cap.
3471 1987 3523 2053 l,

1944 2081 2205 2153 quosdam
2236 2082 2350 2151 qui,
2378 2079 2695 2150 explicaturi
2727 2080 2887 2136 verba
2922 2080 3012 2137 illa
3036 2078 3310 2137 leestini
3344 2096 3358 2135 :
3389 2078 3525 2135 Pro.-

1948 2175 2209 2247 flndisres
2254 2189 2369 2229 vers
2408 2173 2825 2242 difﬁciliorequ
2863 2183 3033 2244 partes
3081 2174 3527 2229 intercurrentium

1942 2270 2321 2341 quastionum,
2353 2283 2481 2338 quas
2526 2267 2678 2325 latius
2728 2275 3105 2336 pertractarunt
3149 2267 3238 2336 qui
3279 2266 3527 2321 luereticis

1949 2362 2272 2428 restiterunt,
2300 2359 2650 2431 quarumdam
2680 2359 3035 2429 qntestionum
3059 2358 3286 2419 indicem
3319 2366 3522 2427 texunt,

1946 2466 2078 2522 quas
2109 2453 2174 2509 ad
2214 2452 2545 2522 propositum
2577 2467 2683 2508 non
2717 2451 2894 2509 facere
2924 2466 3027 2507 non
3076 2465 3235 2518 prave
3259 2450 3399 2507 idem
3428 2464 3520 2504 os-

1957 2544 2156 2608 tendit;
2208 2554 2263 2601 at
2292 2544 2522 2613 petimus
2552 2543 2764 2603 ubinam
2792 2552 2977 2601 contra
3029 2542 3341 2612 Pelagianos
3367 2542 3525 2603 latius

1953 2637 2171 2708 agitarit
2199 2637 2532 2707 Augustinus
2569 2636 2918 2706 qumstionem
2962 2635 3104 2695 illam
3146 2634 3213 2695 de
3253 2634 3526 2709 praedesti-

1950 2734 2198 2797 natione;
2240 2741 2385 2789 certe
2426 2732 2479 2791 in
2518 2730 2762 2800 epistolis
2801 2731 2867 2787 ad
2905 2730 3184 2791 Paulinum
3223 2738 3279 2786 et
3315 2728 3522 2787 Sixtum

1947 2827 2014 2882 de
2045 2825 2134 2883 illa
2167 2840 2273 2883 non
2295 2826 2457 2881 multa
2490 2826 2748 2895 loquitur,
2774 2834 2834 2881 ut
2864 2826 2951 2883 vix
2983 2824 3240 2885 dicendus
3267 2825 3335 2880 sit
3356 2824 3524 2883 l‘nsius

1947 2916 2078 2973 inibi
2108 2931 2225 2973 eam
2256 2927 2609 2987 pertractasse
2652 2934 2665 2971 :
2699 2933 2882 2975 verum
2915 2919 2965 2974 in
3000 2918 3153 2974 libris
3204 2918 3271 2977 ad
3294 2918 3525 2987 Prusae-

1951 3024 2067 3063 rum
2125 3019 2177 3064 et
2227 3008 2482 3067 Hilarium
2532 3010 2690 3071 latius
2717 3011 2784 3065 de
2813 3011 2900 3065 illa
2937 3010 3219 3075 disseruit;
3270 3018 3325 3066 at
3369 3011 3420 3065 in
3462 3026 3527 3066 eo

1951 3116 2113 3170 opere
2142 3109 2360 3157 sanctus
2383 3101 2569 3157 doctor
2595 3102 2859 3163 haereticis
2887 3116 2991 3159 non
3014 3103 3297 3159 resistebat
3328 3120 3341 3156 :
3374 3110 3528 3158 erant

1951 3194 2089 3247 enim
2135 3193 2583 3262 Sami-Pelagiani
2630 3194 2914 3258 catholici,
2966 3203 3186 3262 eratque
3236 3194 3284 3249 id
3334 3208 3527 3249 nomen

264 3287 398 3343 inde
442 3286 724 3345 inferimus
776 3286 1292 3356 prtedestinationem
1347 3286 1413 3341 ad
1458 3285 1682 3355 gloriam
1725 3301 1846 3342 esse
1870 3272 1917 3342 C
1953 3284 2234 3349 factionis,
2288 3300 2393 3340 non
2428 3286 2663 3347 haeresis.
2697 3283 3018 3345 Caelestinus
3052 3301 3178 3345 vero
3206 3286 3324 3345 illas
3352 3300 3527 3354 quas.

269 3382 472 3451 pariter
503 3397 649 3437 mere
703 3380 1028 3451 gratuitam;
1084 3394 1206 3435 nam
1262 3378 1690 3449 praedestinatio,
1732 3394 1850 3448 quas

270 3483 520 3546 segregat
566 3474 850 3545 reprobum
903 3488 933 3528 a
986 3472 1402 3543 praedestinsto,
1458 3471 1711 3531 fundatur
1756 3486 1851 3527 seu

265 3571 609 3629 conneCIitur
668 3585 790 3626 cum
838 3569 984 3627 dono
1026 3567 1441 3638 perseverantia
1487 3565 1661 3627 ﬁnalis
1706 3580 1853 3621 mere

270 3664 573 3721 liberaliter
604 3662 812 3718 meritis
837 3660 1212 3733 superaddita;
1255 3674 1383 3729 ergo
1407 3674 1438 3713 a
1479 3673 1624 3715 mera
1657 3656 1852 3712 libera-

268 3758 422 3814 litate
451 3757 547 3813 Dei
582 3757 977 3825 prmdestinatio
1021 3754 1310 3824 dependet.
1369 3753 1517 3808 lianc
1553 3754 1852 3809 connexio-

272 3868 395 3907 nem
456 3852 587 3908 vidit
645 3866 708 3906 ac
764 3849 1119 3920 propngnavit
1180 3848 1536 3918 Augustinus;
1605 3845 1853 3901 eamdem

271 3944 450 4001 sancti
496 3944 689 3999 Patres
743 3940 1152 4011 Augustiniani,
1203 3939 1457 4009 Prosper,
1510 3938 1852 4008 Fulgentius,

276 4038 623 4103 Prudentius,
662 4034 973 4105 Rliemigins
1000 4033 1197 4103 aliique
1242 4044 1550 4095 asseruere;
1587 4038 1641 4085 at
1671 4044 1855 4087 recen-

274 4131 444 4185 tiores
496 4144 615 4183 eam
686 4128 1074 4185 connexionem
1129 4130 1365 4193 negant,
1419 4120 1507 4191 qui
1575 4121 1856 4188 Augustini

273 4223 573 4279 doctrinam
599 4222 749 4290 juxta
785 4216 1175 4273 connexionem
1202 4229 1323 4270 cum
1351 4212 1624 4273 Ctelestini
1654 4210 1853 4271 litteris

273 4316 541 4384 recipiunt
562 4356 575 4379 ,
622 4328 780 4384 quam
808 4320 982 4367 tamen
1006 4309 1398 4367 connexionem
1424 4308 1576 4377 juxta
1617 4305 1858 4376 proprias

276 4406 559 4477 opiniones
599 4404 837 4472 recipere
862 4402 946 4458 vel
969 4414 1223 4469 respuere
1248 4413 1346 4455 nec
1381 4398 1524 4468 piget
1544 4411 1642 4453 nec
1673 4397 1855 4466 pudet.

274 4500 393 4558 Uno
423 4498 627 4565 verbo,
669 4496 951 4567 Augustini
999 4494 1120 4551 libri
1175 4492 1241 4548 ad
1282 4506 1522 4551 normam
1558 4491 1855 4546 litterarum

276 4593 553 4651 leestini
611 4589 953 4647 examinandi
1002 4596 1159 4654 sunt,
1201 4585 1474 4641 Coelestini
1508 4599 1637 4640 vero
1669 4583 1859 4641 littera

1960 3380 2132 3432 tiones
2178 3378 2442 3445 appellat,
2490 3393 2622 3447 quas
2654 3378 2727 3432 illi
2758 3378 2848 3445 qui
2899 3377 3169 3439 hatreticis
3216 3379 3527 3437 restiterunt

1958 3477 2374 3540 pertractarunt.
2404 3468 2525 3524 Scio
2548 3468 2670 3539 quid
2692 3470 2999 3538 responsuri
3027 3470 3163 3535 sitis,
3193 3468 3528 3538 intelligenda

1955 3579 2073 3618 esse
2094 3559 2369 3618 Caelestini
2406 3562 2491 3615 illa
2520 3561 2711 3625 verba,
2766 3563 2851 3629 qui
2908 3561 3173 3615 haereticis
3222 3561 3533 3615 resisterunt

1954 3654 2292 3726 spcciﬂcative
2352 3667 2454 3705 non
2510 3650 2894 3723 reduplicative.
2954 3649 3165 3705 Scholte
3219 3650 3533 3721 interpreta-

1958 3758 2193 3802 mentum
2223 3755 2336 3813 est;
2362 3761 2428 3803 ne
2449 3744 2548 3798 sim
2578 3744 2876 3814 litigiosior,
2902 3742 3033 3797 cedo
3061 3741 3301 3811 herbam,
3327 3756 3425 3799 nec
3446 3757 3532 3796 me

1960 3841 2059 3891 hoc
2099 3849 2428 3911 postremum
2464 3837 2688 3889 multum
2719 3843 2918 3900 movet,
2944 3832 3011 3887 ad
3041 3833 3142 3886 alia
3177 3843 3530 3888 transeamus.

2032 3928 2139 3984 Sed
2186 3929 2469 3983 mitissime
2508 3939 2667 3999 atque
2694 3926 3072 3982 humanissime
3103 3925 3372 3981 vobiscum
3407 3941 3534 3997 aga-

1960 4035 2110 4087 mus;
2145 4023 2334 4076 scitote
2365 4020 2501 4075 adeo
2529 4020 2580 4073 in
2616 4030 2732 4074 tuto
2762 4034 2882 4074 esse
2902 4019 3068 4073 sancti
3100 4018 3375 4087 Augustini
3406 4032 3535 4071 auc-

1962 4116 2231 4172 toritatem
2252 4155 2267 4181 ,
2316 4122 2371 4167 ut
2402 4129 2616 4169 causam
2648 4113 2714 4168 de
2744 4128 2842 4182 qua
2895 4112 3169 4185 hucusque
3214 4111 3536 4184 litigavimus

1959 4224 2027 4263 ex
2076 4208 2283 4277 integro
2310 4206 2463 4261 vobis
2505 4205 2645 4259 ultro
2668 4204 2857 4259 cedere
2898 4205 3180 4275 possimus,
3215 4205 3341 4276 quin
3387 4202 3537 4273 quid-

1964 4319 2123 4372 quam
2173 4299 2481 4356 detrimenti
2537 4301 2937 4370 Augustinianaa
3000 4300 3254 4354 doctrina:
3306 4300 3537 4367 dignitas

1962 4398 2173 4454 subeat.
2228 4395 2522 4450 llabucrint
2579 4396 2761 4451 decem
2813 4394 2901 4447 illa
2952 4394 3122 4463 capita
3186 4393 3535 4449 Caelestinum

1964 4499 2263 4555 auctorem,
2295 4487 2495 4540 nullum
2547 4484 2829 4556 Augustini
2861 4484 3052 4554 dogma
3091 4499 3210 4539 cum
3256 4483 3363 4538 illis
3414 4497 3539 4536 con-

1964 4580 2246 4635 nexionetn
2276 4579 2501 4647 habeat,
2548 4577 2737 4630 damus
2778 4576 2974 4640 omnia,
3011 4588 3065 4629 ut
3094 4576 3239 4641 libet,
3273 4581 3330 4627 nt
3367 4574 3535 4627 lubet.

270 4688 422 4759 juxta
456 4702 604 4741 suam
648 4685 884 4759 ipsorum
941 4680 1372 4750 imaginationem
1421 4676 1855 4751 interpretanda}.
1891 4662 1937 4719 Ι)
1967 4672 2100 4727 Hinc
2148 4680 2324 4725 tamen
2389 4684 2493 4722 non
2548 4666 2604 4720 ﬁt
2652 4675 2709 4719 ut
2751 4666 2996 4736 capitalia
3042 4667 3209 4723 sancti
3262 4663 3537 4733 Augustini

275 4780 353 4835 llli
386 4779 600 4849 quidem
628 4818 644 4843 ,
698 4786 754 4835 ut
785 4775 1014 4846 probent
1060 4772 1173 4847 hinc
1202 4772 1374 4843 capita
1396 4810 1410 4833 ,
1462 4784 1579 4839 quae
1618 4767 1859 4843 epistolae

274 4872 675 4930 leestinianae
710 4884 951 4927 connexa
983 4876 1103 4925 sunt
1125 4906 1139 4931 ,
1172 4879 1291 4920 esse
1320 4878 1509 4934 reapse
1540 4864 1606 4916 ab
1647 4870 1861 4933 aposto-

278 4968 381 5021 lica
440 4966 567 5021 sede
597 4965 819 5028 emissa,
854 4960 1155 5031 producunt
1203 4957 1419 5013 Petrum
1478 4955 1767 5009 Diaconum
1809 4962 1861 5007 et

280 5056 573 5112 Ecclesiam
629 5053 1039 5127 Lugdunensem
1066 5092 1080 5117 ,
1129 5063 1157 5102 a
1214 5048 1404 5118 quibus
1446 5046 1548 5101 illae
1580 5045 1861 5100 sententiae

280 5148 496 5201 iaudato
542 5145 777 5211 pontiﬁci
811 5142 1172 5197 ascribuntur.
1235 5143 1301 5192 At
1331 5140 1716 5207 respondemus
1766 5151 1861 5193 eos

278 5240 465 5295 Patres
489 5239 633 5293 illam
669 5236 911 5307 epistolae
943 5234 1295 5307 appendicem
1329 5233 1550 5303 legisse,
1582 5240 1636 5286 et
1683 5240 1858 5287 tamen

280 5340 352 5390 nti
422 5337 614 5407 dogma
678 5335 1004 5388 catholicum
1068 5329 1592 5402 prmdestinationetn
1658 5328 1860 5397 absque

282 5430 601 5484 meritorum
635 5428 1057 5499 prmcognitione
1088 5423 1371 5488 statuisse;
1410 5421 1503 5477 sed
1537 5421 1718 5475 dicent
1764 5419 1861 5473 mi-

282 5522 401 5577 tiori
455 5536 513 5576 se
545 5521 755 5576 illorum
790 5520 854 5573 de
898 5518 1178 5588 Augustini
1230 5515 1471 5569 doctrina
1510 5513 1711 5581 judicio
1756 5526 1862 5566 nun

282 5627 459 5678 stare;
506 5616 665 5683 bene,
719 5629 818 5669 nec
846 5614 1057 5666 illorum
1088 5626 1184 5666 nos
1217 5608 1586 5664 convincimur
1625 5606 1864 5662 testimo-

283 5714 393 5774 nio,
425 5719 481 5763 ut
502 5708 798 5763 Caelestino
822 5708 939 5760 illas
970 5704 1146 5761 theses
1170 5703 1507 5773 deputemus.

352 5801 507 5859 Subit
550 5802 634 5855 hic
683 5809 949 5867 mentem,
995 5796 1247 5866 quoniam
1288 5793 1355 5850 de
1386 5790 1859 5863 praedestinatione

284 5908 467 5952 sermo
512 5892 737 5959 incidit,
765 5888 1139 5965 .recentiorum
1183 5884 1444 5942 modestia
1495 5882 1547 5937 in
1596 5879 1861 5936 sententia

1962 4763 2211 4832 dogmata
2268 4763 2407 4814 inter
2450 4756 2738 4827 adiapltora
2784 4765 3156 4820 numerentur,
3201 4769 3317 4824 qua:
3371 4754 3538 4807 libero

1962 4854 2349 4926 disputantium
2379 4852 2600 4907 arbitrio
2636 4850 2893 4921 permissa
2927 4858 3068 4903 sunt.
3118 4848 3170 4901 In
3204 4848 3310 4901 illis
3355 4846 3539 4913 capiti-

1965 4949 2063 5002 hns
2081 4946 2286 5001 initium
2315 4944 2460 5009 ﬁdei,
2489 4942 2633 5012 pium
2653 4940 2957 5008 consilium,
2986 4940 3259 5011 probabile
3283 4938 3533 5003 studium,

1966 5045 2204 5093 sanctam
2250 5036 2654 5106 cogitationem,
2690 5032 3142 5104 perseverantiam
3188 5030 3393 5085 ﬁnalem
3421 5044 3541 5084 esse

1966 5133 2057 5188 Dei
2112 5132 2249 5187 dona
2290 5134 2560 5185 decretum
2588 5137 2691 5195 est,
2716 5126 3008 5198 AuguSIino
3056 5125 3107 5179 id
3138 5124 3320 5194 gloria:
3349 5122 3536 5191 detur,

1966 5241 2090 5281 suas
2133 5224 2298 5295 ipsius
2327 5222 2507 5276 theses
2538 5222 2792 5273 adversus
2820 5216 3181 5273 Massilienses
3209 5216 3459 5271 del‘ensas
3486 5216 3537 5270 in

1969 5315 2089 5371 ﬁdei
2134 5316 2381 5385 dogmata
2416 5334 2439 5364 ιι
2470 5311 2758 5368 Caelestino
2791 5310 2983 5364 relatas
3022 5306 3205 5363 fuisse.
3240 5307 3539 5375 Interroga-

1970 5416 2051 5462 tos
2070 5406 2225 5461 velim
2253 5404 2412 5458 modo
2435 5401 2786 5465 recentiores,
2811 5416 2875 5453 an
2902 5408 3019 5468 post
3038 5398 3315 5455 leesdni
3339 5398 3539 5452 obitum

1967 5501 2073 5557 ulla
2104 5500 2205 5553 alia
2236 5495 2513 5567 Augustini
2543 5502 2747 5547 asserta
2775 5491 2842 5546 ab
2875 5492 3163 5561 apostolica
3193 5490 3319 5546 sede
3359 5497 3542 5543 contra

1970 5596 2249 5650 haereticos
2283 5592 2482 5645 aliosve
2513 5597 2706 5643 statuta
2736 5587 2877 5641 sint?
2925 5582 3539 5653 Ailirmabuntprofecto

1968 5688 2057 5760 qui
2106 5684 2281 5739 sciunt
2322 5681 2504 5752 viginti
2540 5680 2771 5751 quinque
2824 5692 3056 5733 canones
3098 5677 3455 5731 Arausicanos
3512 5687 3541 5728 a

1963 5779 2139 5833 Felice
2168 5776 2230 5829 lV
2256 5792 2318 5830 ex
2349 5776 2518 5829 sancti
2544 5772 2820 5844 Augustini
2845 5772 2992 5826 libris
3013 5770 3321 5837 desutnptos
3351 5768 3538 5821 fuisse.

1966 5856 2286 5926 Coclestinus
2318 5883 2379 5922 ex
2434 5869 2599 5921 sancti
2675 5864 2950 5955 Augustini
3000 5860 3241 5917 doctrina
3286 5856 3538 5944 quidquid
