3988 6348
499 437 602 493 851

1396 428 1954 491 SUPPLEMENTUM
1991 428 2085 485 AD
2123 426 2350 484 OPERA
2389 427 2451 483 S.
2491 426 2881 485 AUGUSTINI.
2930 446 2931 449 η

3682 429 3788 483 85?.

499 546 862 605 Massilienses
894 549 947 603 in
974 547 1197 603 dubium
1220 545 1509 615 vocabam,
1542 547 1807 613 deﬁnivit,
1839 562 1905 603 ex
1935 546 2084 616 ejus-
2113 549 2167 607 Α
2190 554 2438 600 auctores
2468 544 2684 600 silentio
2708 545 3000 613 praeterire.
3041 544 3250 600 Etenim
3280 560 3402 601 cum
3444 546 3787 615 Augustinus

505 645 629 702 dem
680 645 839 700 etiam
891 642 1173 699 sententiis
1224 650 1411 697 contra
1457 656 1626 697 novos
1674 641 2088 711 Pelagianorum

504 746 729 794 conatus
761 752 790 789 a
819 734 1219 791 successoribus
1248 734 1389 789 idem
1431 736 1729 804 praestitum
1761 733 1880 787 fuit.
1919 732 2090 788 Sanc-

509 843 593 889 tus
621 831 868 887 Celasius
899 840 1033 900 papa
1070 829 1133 885 D.
1169 830 1450 900 Augustini
1476 829 1791 885 sententiam
1823 827 1889 883 de
1912 835 2089 882 trans-

504 922 713 979 fusione
766 922 972 992 peccati
998 921 1278 991 originalis
1310 922 1365 977 in
1397 921 1599 991 prolem
1638 921 1849 976 ratione
1888 906 2091 975 concu-

505 1012 803 1083 piscentiae,
834 1012 901 1067 de
922 1012 1236 1068 exclusione
1262 1028 1293 1067 a
1322 1026 1488 1082 regno
1520 1011 1805 1079 cmlorum,
1836 1011 1903 1066 de
1926 1012 2087 1066 mise-

503 1106 599 1161 riis
620 1121 687 1162 ex
731 1114 954 1176 peccato
982 1106 1234 1176 originali
1269 1105 1644 1173 venientibus,
1700 1104 1767 1159 de
1810 1103 2089 1158 infantium

502 1198 891 1266 damnatione,
938 1198 1005 1253 de
1034 1198 1281 1253 libertate
1329 1197 1396 1251 ad
1427 1198 1623 1253 bonum
1674 1212 1769 1265 per
1813 1206 2091 1267 peccatum

505 1291 703 1348 amissa
732 1336 746 1360 ,
800 1291 972 1346 aliave
1019 1290 1183 1344 multa
1229 1290 1282 1344 in
1310 1288 1534 1359 epistola
1566 1288 1633 1342 ad
1677 1288 1957 1358 episcopos
2002 1303 2095 1358 per

508 1387 761 1443 Picenum
794 1387 1131 1457 approbavit.
1156 1385 1265 1442 Leo
1293 1386 1510 1457 Magnus
1536 1385 1742 1457 integra
1783 1392 1889 1442 duo
1917 1386 2093 1457 capita

505 1480 908 1551 Augustiniana:
935 1479 1200 1535 doctrina:
1232 1479 1343 1533 suis
1370 1478 1564 1533 litteris
1591 1477 1846 1542 inseruit,
1896 1480 1950 1533 in
1979 1478 2095 1549 qui-

503 1571 604 1627 bus
630 1574 821 1627 asserit
844 1573 1196 1642 Augustinus,
1229 1584 1336 1625 non
1369 1569 1795 1639 improbabiliter
1821 1570 1958 1637 dici,
2003 1585 2097 1639 pa-

506 1672 719 1719 rentum
742 1679 954 1733 quoque
975 1664 1209 1733 peccatis
1231 1662 1485 1731 parvulos
1507 1661 1754 1731 obligari,
1792 1676 1897 1716 non
1920 1662 2095 1716 solum

508 1758 801 1828 primorum
856 1758 1153 1821 hominum,
1210 1756 1308 1812 sed
1354 1756 1517 1811 etiam
1569 1770 1813 1824 suorum,
1859 1769 1978 1824 cap.
2027 1753 2097 1809 46

506 1850 785 1905 Euchirid.
816 1850 1014 1917 Quare,
1040 1851 1084 1905 si
1108 1850 1451 1904 sanctissimo
1470 1848 1754 1916 eidemque
1780 1848 2097 1903 doctissimo

2194 636 2511 707 Pelagianos
2560 638 2807 708 primitus
2860 637 3251 709 impugnandos
3295 639 3664 708 suscepisset,
3716 639 3783 693 ita

2193 730 2504 786 earumdem
2530 745 2743 785 errores
2760 732 3033 786 insecutus
3053 740 3157 794 est,
3183 733 3520 787 utAuctores
3553 732 3781 786 minime

2194 820 2517 891 publicaret.
2565 820 2731 892 Cujus
2763 821 2887 875 facti
2932 820 3071 876 hanc
3106 821 3222 891 ipse
3249 822 3508 877 rationem
3541 822 3784 893 assignat

2193 916 2287 971 lib.
2314 932 2351 971 li
2389 916 2625 972 Retract.
2646 930 2765 986 cap.
2791 916 2879 972 33.
2906 914 2973 969 In
2998 916 3077 970 his
3098 926 3293 981 autem,
3324 917 3510 987 inquit,
3542 917 3691 970 libris
3713 926 3787 971 ta-

2171 1012 2355 1070 cenda
2378 1012 2547 1065 adlmc
2567 1013 2846 1066 arbitratus
2872 1028 2988 1067 sum
3009 1013 3220 1066 nomina
3239 1029 3433 1077 eorum,
3452 1012 3525 1066 sic
3542 1029 3633 1066 eos
3656 1012 3787 1081 faci-

2196 1106 2297 1160 lius
2314 1122 2461 1176 posse
2482 1107 2672 1178 corrigi
2692 1122 2924 1177 sperans.
2949 1107 3017 1163 Et
3039 1108 3252 1178 quidem
3272 1108 3447 1178 magni
3471 1108 3653 1162 Patris
3670 1121 3787 1160 ves-

2198 1200 2338 1269 tigiis
2353 1198 2675 1254 inhaerentes
2690 1200 2862 1254 nostri
2888 1201 3112 1255 instituti
3139 1201 3382 1255 homines
3399 1200 3629 1255 Basilius
3648 1200 3789 1254 Pon-

2195 1292 2310 1345 cius
2326 1290 2610 1359 Hispanus,
2626 1307 2687 1346 ac
2706 1291 2929 1347 Carolus
2943 1292 3157 1348 Moreau
3170 1292 3357 1348 Callus
3373 1294 3442 1347 ita
3462 1294 3786 1362 importatas

2198 1383 2494 1453 Augustino
2518 1384 2743 1454 injurias
2761 1384 3126 1451 confutarunt,
3152 1396 3208 1441 ut
3228 1388 3667 1442 adversariorum
3693 1402 3787 1441 uo-

2198 1474 2430 1529 minibus
2456 1478 2812 1544 pepercerint.
2839 1477 3124 1532 Familiare
3148 1478 3309 1549 igitur
3338 1480 3635 1549 majoribus
3660 1495 3782 1533 nos-

2200 1568 2294 1622 tris
2306 1568 2609 1638 exemplum
2625 1578 2859 1636 secutus,
2872 1567 3169 1625 Censorum
3186 1571 3498 1626 nominibus
3527 1586 3589 1624 su
3597 1586 3789 1641 ppres-

2197 1658 2293 1723 sis,
2311 1659 2487 1713 minus
2509 1658 2801 1715 honoriﬁca
2825 1661 3134 1716 earumdem
3151 1662 3218 1718 de
3240 1664 3538 1734 Augustino
3557 1663 3695 1718 dicta
3722 1678 3788 1718 ex

2198 1753 2496 1821 Augustino
2519 1752 2635 1822 ipso
2657 1753 2920 1808 refellam.
2937 1754 3153 1824 Optime
3177 1756 3319 1810 enim
3342 1756 3409 1811 de
3440 1758 3669 1811 humano
3696 1772 3795 1827 ge-

2201 1859 2329 1899 nere
2377 1856 2652 1900 merentur
2684 1887 2699 1911 ,
2750 1848 2840 1916 qui
2882 1847 3122 1901 antidota
3177 1859 3474 1919 suggerunt
3505 1892 3521 1914 ,
3580 1853 3792 1905 etiamsi

503 1944 738 2015 pontiﬁci
762 1944 926 2001 Leoni
952 1945 1040 1999 illa
1070 1944 1350 2014 Augustini
1382 1942 1650 1997 sententia
1680 1943 1892 2011 placuit,
1926 1958 2087 2013 quam
2120 1935 2167 1995 Β
2194 1949 2528 1989 venenorum
2556 1936 2790 1992 artiﬁces
2833 1938 3055 1993 minime
3097 1940 3344 2007 prodant.
3376 1941 3638 1996 Dabimus
3667 1958 3793 2009 pro-

509 2036 597 2092 hic
613 2048 816 2093 tantum
840 2054 943 2093 non
962 2037 1366 2105 improbabilem
1382 2036 1678 2104 judicabat,
1703 2045 1961 2105 quantum
1984 2037 2101 2092 illas

510 2132 821 2201 apostolicae
853 2132 965 2187 sedi
992 2132 1255 2201 placuisse
1271 2131 1533 2196 dicemus,
1558 2145 1691 2200 quas
1712 2143 1960 2201 tanquam
1980 2146 2101 2186 cer-

508 2235 612 2291 tas,
639 2234 887 2295 tanquam
911 2226 1077 2280 sacris
1101 2224 1293 2280 litteris
1315 2224 1640 2289 conformes,
1672 2233 1923 2294 tanquam
1950 2223 2100 2279 deni-

507 2330 610 2387 que
638 2319 796 2389 plane
825 2319 1154 2374 orthodoan
1202 2319 1328 2372 totis
1359 2318 1575 2373 lacertis
1602 2327 1788 2373 contra
1817 2317 2100 2373 haereticos

508 2409 898 2480 propugnavit?
926 2409 1184 2466 Statuerit
1208 2410 1384 2479 itaque
1414 2407 1737 2464 Ctelestinus
1765 2408 1892 2479 quid
1914 2418 2099 2465 contra

511 2500 871 2559 Massilienses
918 2503 986 2558 ab
1029 2502 1279 2557 omnibus
1310 2502 1598 2556 tenendum
1652 2502 1757 2569 sit,
1817 2517 1924 2557 non
1973 2503 2099 2558 inde

507 2597 645 2653 intra
656 2596 924 2652 cancellos
941 2594 1684 2665 brevissimosAugustiniana
1708 2594 1952 2650 doctrina
1984 2611 2098 2651 res.

506 2691 782 2761 tringitur,
833 2691 990 2745 latius
1028 2689 1359 2760 expatiatur,
1392 2704 1456 2744 ac
1486 2704 1669 2744 secum
1701 2689 1940 2744 unanimi
1968 2705 2099 2745 con-

508 2799 670 2839 sensu
702 2782 930 2839 Romani
983 2782 1243 2852 praesules
1285 2782 1613 2853 procedunt,
1656 2782 2008 2852 Augustinum
2044 2783 2097 2837 in

507 2878 807 2934 statuendis
833 2877 899 2933 de
926 2876 1138 2932 auxiliis
1168 2876 1363 2931 divina:
1394 2878 1580 2946 gratia
1609 2876 1846 2932 decretis
1886 2892 2097 2932 summa

510 2984 725 3040 semper
748 2970 1006 3041 religione
1034 2973 1225 3024 secuti.
1259 2970 1515 3026 Subsidat
1547 2985 1676 3040 ergo
1718 2970 1827 3038 jam
1876 2970 2090 3024 tandem

516 3070 697 3117 tantus
726 3077 793 3117 ex
841 3063 957 3128 his,
1000 3070 1055 3116 ut
1086 3071 1290 3132 putant,
1322 3062 1598 3118 CteleSIini
1632 3063 1880 3131 capitulis
1922 3063 2098 3131 pulvis

508 3167 539 3206 a
588 3154 977 3208 recentioribus
1006 3162 1191 3209 contra
1249 3154 1667 3209 micantissimos
1722 3153 2097 3224 Augustiniani

509 3246 642 3301 solis
690 3248 869 3301 radios
914 3248 1177 3302 excitatus
1203 3290 1219 3315 ,
1250 3263 1313 3301 ac
1342 3248 1514 3315 sancti
1563 3248 1813 3317 praesulis
1853 3248 2093 3304 doctrina

2204 2024 2345 2079 fecto
2385 2028 2590 2096 grande
2620 2026 2891 2096 patientiae
2924 2070 2945 2095 ,
2989 2030 3249 2097 grandius
3294 2031 3579 2086 modestia:
3628 2033 3793 2087 docu-

2202 2130 2467 2187 mentum,
2493 2129 2554 2176 ut
2582 2122 2664 2175 vel
2697 2122 2819 2177 hinc
2866 2122 3078 2179 mitiora
3102 2124 3212 2193 jam
3261 2126 3477 2181 tandem
3509 2142 3641 2197 erga
3670 2128 3798 2182 insi-

2201 2230 2359 2286 gnem
2405 2214 2663 2271 Ecclesiae
2692 2215 2969 2272 doctorem
3001 2219 3224 2274 consilia
3264 2220 3485 2275 eosdem
3535 2224 3591 2275 in
3623 2232 3797 2290 poste-

2202 2300 2320 2362 rum
2353 2307 2583 2363 inituros
2634 2324 2739 2363 non
2792 2308 3119 2365 dubitemus.
3170 2311 3367 2367 Verum
3414 2328 3483 2368 ne
3524 2313 3793 2370 Censores

2204 2402 2275 2455 ita
2324 2416 2447 2456 cum
2480 2399 2780 2471 Augusuno
2820 2404 3193 2469 committam,
3231 2415 3285 2459 ut
3338 2406 3437 2460 sub
3486 2405 3584 2462 lite
3640 2411 3792 2465 etiam

2204 2494 2468 2562 dimittam
2497 2538 2512 2560 ,
2559 2495 2773 2551 Judices
2811 2500 3157 2556 advocandos
3198 2502 3457 2571 decrevi,
3507 2519 3537 2557 a
3597 2506 3788 2574 quibus

2202 2590 2517 2660 gravissima
2575 2592 2688 2647 haec
2711 2634 2724 2657 ,
2767 2592 2813 2647 si
2844 2607 2963 2663 qua:
2996 2609 3228 2665 unquam
3261 2595 3427 2663 alias,
3478 2610 3645 2651 causa
3676 2613 3793 2666 cog-

2203 2693 2477 2737 noscatur.
2513 2683 2643 2749 Vos,
2696 2700 2824 2753 vos,
2881 2701 3092 2755 precor,
3135 2688 3319 2743 adeste
3350 2691 3670 2745 vetustioris
3703 2691 3792 2746 Ec-

2203 2773 2382 2828 clesia:
2415 2772 2627 2841 Patres,
2670 2776 2810 2831 bello
2841 2778 3035 2833 inviCta
3086 2794 3305 2847 manus,
3340 2797 3404 2836 ac
3426 2792 3509 2838 tot
3547 2782 3620 2837 de
3643 2783 3790 2839 Hele-

2202 2868 2429 2923 rodoxis
2456 2871 2743 2939 reportatis
2767 2872 3053 2942 triumphis
3075 2875 3432 2943 percelebres.
3470 2875 3582 2933 Vos
3605 2879 3790 2934 cccles-

2204 2960 2274 3015 tis
2302 2962 2533 3017 Senatus
2581 2964 2812 3030 lumina,
2857 2980 2920 3020 ac
2948 2964 3269 3022 Christiana:
3309 2969 3625 3039 reipublica
3653 2974 3792 3027 colu-
3889 2996 3893 3000 ~

2202 3052 2369 3119 mina,
2386 3068 2613 3123 quorum
2628 3058 2999 3113 auctoritatem
3022 3059 3330 3115 Catholicus
3344 3062 3505 3117 Orbis
3528 3065 3794 3135 sequitur,

2203 3144 2527 3214 sapientiam
2546 3146 2781 3203 universi
2805 3149 3047 3216 adorant,
3066 3152 3205 3207 dicta
3228 3161 3482 3223 tanquam
3503 3158 3797 3212 secretiora

2204 3236 2451 3293 Numinis
2488 3239 2706 3293 oracula
2747 3241 2943 3311 singuli
2968 3252 3315 3299 venerantur.
3362 3244 3563 3301 Sedete
3592 3247 3799 3318 Augus-

510 3353 827 3409 quacunque
868 3340 1118 3394 falsarum
1163 3340 1663 3411 interpretationum
1703 3341 1923 3410 depulsa
1958 3342 2091 3397 caii-

2204 3328 2417 3385 tiniante
2461 3347 2636 3385 causae
2659 3332 2875 3389 iudices
2906 3334 3219 3405 honorarii,
3265 3337 3390 3393 hinc
3436 3342 3799 3409 quorumdam

512 3430 637 3501 gine
665 3431 958 3487 Ecciesiam
985 3432 1288 3488 universam
1327 3433 1555 3488 illustret

930 3548 1158 3604 CAPUT
1196 3547 1267 3603 IX
1308 3565 1375 3603 ετ
1416 3563 1681 3603 υιτιιιυκ.

518 3663 731 3719 Centum
759 3681 818 3719 ac
856 3666 1063 3736 triginta
1084 3664 1304 3734 quinque
1328 3663 1666 3718 recentiorum
1695 3674 1880 3736 contra,
1898 3662 1966 3718 ο.
1995 3664 2102 3718 Au-

582 3738 842 3807 gustinum
894 3735 1156 3801 canuicia,
1190 3736 1404 3807 dicteria
1453 3751 1513 3788 ac
1562 3750 1791 3789 censura:
1832 3735 1893 3788 ab
1924 3736 2101 3790 eodem

589 3805 765 3863 sancto
787 3808 992 3863 doctore
1018 3818 1064 3861 et
1094 3808 1283 3862 sanctis
1304 3805 1551 3861 Patribus
1573 3807 1812 3875 repulsw.

589 3920 765 3976 Mirari
808 3922 938 3976 satis
979 3936 1187 3990 nequeo
1235 3920 1589 3991 Augustinum
1638 3928 1743 3973 tam
1795 3934 1988 3990 magno
2041 3934 2104 3976 ac

515 4012 654 4068 felici
689 4012 903 4083 ingenio
950 4013 1304 4077 excelluisse,
1333 4022 1391 4067 ut
1414 4028 1522 4066 non
1549 4015 1709 4069 modo
1750 4028 1844 4068 eos
1883 4014 2098 4081 hostes,

515 4105 828 4175 quibuscum
860 4106 1046 4161 vivens
1073 4108 1336 4161 acerrime
1364 4104 1665 4172 dimicavit,
1701 4106 1846 4161 mille
1877 4106 2105 4161 volumi-

517 4198 673 4252 nibus
701 4198 1029 4252 conculcarit
1048 4198 1485 4267 protriveritque,
1507 4212 1691 4252 verum
1716 4199 1879 4252 etiam
1898 4207 2104 4255 asserta

517 4292 613 4345 abs
636 4305 693 4345 se
715 4291 960 4361 d0gmata
988 4291 1052 4344 iis
1073 4300 1511 4360 argumentorum
1533 4289 1696 4344 armis
1718 4291 2026 4357 muniverit,
2049 4298 2107 4345 ut

519 4391 572 4436 et
600 4382 1006 4437 subsecutorum
1030 4384 1266 4437 omnium
1290 4383 1662 4437 haereticorum
1690 4392 1914 4437 conatus
1944 4383 2105 4438 infre-

517 4478 675 4550 gerit,
716 4492 777 4531 ac
800 4492 1241 4548 quorumcunque
1278 4477 1557 4531 hominum
1580 4490 1834 4530 censuras
1855 4475 2101 4531 eluserit:

517 4586 637 4627 cum
674 4571 847 4626 nullas
874 4572 987 4626 sive
1016 4571 1239 4626 haeresis
1268 4573 1383 4627 sive
1414 4570 1611 4624 invidia
1638 4584 1799 4625 voces
1828 4570 1955 4624 dare
1985 4585 2108 4640 pos-

522 4665 594 4719 sit
643 4664 836 4733 quibus
864 4665 978 4719 suis
1007 4663 1056 4718 in
1090 4664 1240 4719 libris
1279 4665 1607 4734 Augustinus
1643 4662 1952 4733 plenissime
1999 4678 2104 4718 non

2204 3426 2585 3481 Recentioruin
2613 3429 2984 3484 accusationes
3005 3470 3019 3493 ,
3064 3431 3259 3487 isthinc
3286 3436 3575 3503 Augustini
3610 3435 3795 3489 defen-

2203 3520 2413 3575 sionem
2446 3521 2700 3577 audituri.
2730 3522 2976 3579 Vestram
3007 3523 3167 3578 ﬁdem
3198 3526 3506 3595 quicunque
3539 3529 3593 3582 in
3627 3530 3798 3600 suspi-

2202 3614 2415 3669 cionem
2450 3616 2743 3680 vocaverit,
2780 3616 2825 3670 is
2880 3616 2947 3670 ab
2995 3617 3308 3672 Orthodoxa
3356 3620 3463 3674 ﬁde
3490 3635 3552 3675 se
3593 3624 3803 3691 penitus

2204 3708 2438 3763 alienum
2470 3709 2785 3763 ostenderit.
2841 3708 2920 3762 Tu
2964 3724 3089 3764 vero
3110 3750 3125 3776 ,
3157 3711 3344 3781 Magne
3369 3712 3551 3777 Pater,
3587 3715 3797 3784 quando

2206 3800 2425 3870 dignam
2456 3801 2862 3858 advocationem
2890 3804 3068 3857 nullus
3100 3804 3193 3858 tibi
3227 3806 3535 3860 mortalium
3564 3823 3798 3863 commo-

2206 3897 2337 3951 dare
2380 3885 2595 3965 potest,
2630 3902 2735 3949 tute
2786 3896 2952 3965 ipsius
2998 3910 3177 3952 causa:
3206 3898 3533 3968 suﬁ'ragator
3581 3900 3793 3955 accede.

2211 3989 2276 4042 Et
2298 3990 2341 4043 si
2377 3989 2509 4043 olim
2541 3990 2855 4058 apostolicae
2884 3989 3029 4045 sedis
3073 3990 3290 4046 decreto
3318 3990 3372 4045 in
3404 3992 3794 4048 controversiis

2208 4084 2275 4138 de
2304 4081 2501 4137 divinae
2530 4083 2715 4153 gratiae
2754 4083 2975 4139 auxiliis
3004 4086 3326 4140 sententiam
3364 4086 3611 4140 dicturus
3637 4087 3792 4156 judex

2207 4174 2504 4230 destinatus
2556 4175 2733 4242 fuisti,
2790 4185 2973 4246 patere
3006 4192 3309 4248 parumper,
3346 4177 3398 4232 id
3430 4180 3781 4248 quorumdam

2211 4272 2295 4342 (ut
2342 4273 2623 4328 mitissime
2668 4275 2883 4345 loquar)
2935 4276 3345 4346 importunitate
3392 4277 3676 4347 exigente,
3727 4277 3788 4332 ad

2213 4366 2432 4421 Patrum
2467 4367 2709 4423 tribunal
2733 4369 2849 4424 sisti
2887 4384 2957 4423 ex
2994 4370 3180 4439 judice
3236 4385 3407 4426 reum.
3441 4371 3631 4442 Neque
3664 4375 3789 4428 enim

2210 4460 2446 4515 arbitror
2500 4472 2551 4515 tc
2586 4462 2639 4517 id
2664 4478 2805 4531 mgre
2851 4478 2973 4519 esse
3022 4465 3254 4519 laturum
3277 4506 3292 4531 ,
3323 4464 3419 4534 qui
3462 4466 3594 4521 olim
3622 4466 3789 4521 novitii

2211 4555 2477 4625 dogmatis
2504 4570 2531 4609 a
2557 4555 2769 4610 Juliano
2798 4567 3110 4624 accusatus,
3154 4556 3372 4613 Patrum
3402 4557 3667 4627 judicium
3697 4574 3787 4612 non

2213 4648 2375 4703 modo
2403 4663 2508 4702 non
2530 4649 2829 4717 declinasti,
2853 4651 2981 4719 quin
3012 4652 3120 4706 imo
3143 4651 3209 4705 ad
3233 4651 3363 4706 illud
3388 4654 3474 4707 vel
3503 4669 3790 4725 repugnan-

520 4757 869 4814 satisfecerit.
916 4756 1176 4827 Exemplo
1204 4757 1313 4811 sint
1355 4757 1590 4811 recentia
1624 4756 1869 4811 convicia
1909 4756 2104 4825 quibus

2214 4750 2320 4796 tem
2348 4742 2718 4797 adversarium
2742 4744 2955 4799 obtorto
2981 4745 3124 4800 collo
3160 4747 3393 4801 traxisti.
3417 4746 3536 4801 Erit
3563 4763 3690 4802 sane
3714 4747 3789 4815 ju-

522 4852 765 4906 nonuulii
798 4850 985 4906 novitii
1019 4851 1309 4923 scriptores
1342 4848 1699 4905 venerandam
1733 4850 1910 4919 magni
1934 4847 2106 4904 Patris

519 4942 767 4995 canitiem
823 4941 1109 4996 temerario
1164 4954 1296 4993 ausu
1343 4939 1651 5009 discerpere
1701 4940 1879 4995 conati
1921 4948 2045 4995 sunt
2089 4958 2103 4995 :

517 5034 950 5106 quandoquidem
981 5034 1194 5090 etiamsi
1227 5034 1406 5088 nullus
1446 5047 1545 5103 pro
1575 5035 1877 5103 Augustino
1911 5034 2103 5089 defen-

518 5127 688 5182 sando
718 5128 913 5198 stylum
936 5128 1185 5199 stringat,
1217 5141 1285 5182 ex
1314 5127 1469 5181 unius
1498 5124 1640 5179 illius
1661 5125 1819 5180 dictis
1864 5127 2103 5180 omnium

516 5219 960 5275 calumniantium
978 5234 1073 5275 ora
1094 5219 1304 5290 penitus
1318 5218 1689 5274 obstruuutur.
1707 5217 1817 5271 Hoc
1831 5218 1990 5271 modo
2007 5218 2102 5272 de-

519 5324 820 5369 monstrare
833 5315 1135 5385 aggredior,
1152 5313 1427 5384 productis
1447 5314 1569 5368 hinc
1592 5327 1847 5367 novorum
1872 5312 2103 5382 scripto-

517 5416 637 5457 rum
656 5404 917 5471 ceusuris,
939 5405 1085 5460 illinc
1106 5418 1234 5461 vero
1250 5405 1388 5460 datis
1408 5419 1475 5460 ex
1491 5406 1788 5475 Augustino
1810 5404 2099 5474 responsis.

520 5492 653 5559 Quae
684 5508 815 5549 sane
859 5495 1165 5566 quicunque
1196 5497 1379 5566 procul
1420 5495 1619 5551 amoris
1669 5504 1723 5550 et
1748 5496 1855 5549 odii
1912 5511 2103 5551 causas

522 5582 747 5649 habens,
784 5592 988 5639 attente
1018 5586 1288 5656 perleget,
1321 5587 1368 5641 is
1415 5587 1660 5656 profecto
1714 5586 1965 5642 fatebitur
1994 5592 2104 5643 Au-

520 5676 793 5748 gustinum
826 5678 898 5731 ita
930 5692 1051 5733 esse
1077 5680 1344 5747 locutum,
1375 5692 1437 5735 ac
1471 5680 1517 5734 si
1557 5694 1676 5734 cum
1724 5681 2105 5738 recentissimis

523 5770 674 5826 hisce
705 5770 1041 5840 hominibus,
1069 5772 1158 5843 qui
1180 5782 1299 5843 post
1325 5772 1605 5829 duodecim
1637 5773 1833 5830 saecula
1854 5790 2102 5847 erupere,

521 5878 708 5933 reapse
737 5865 1015 5936 iitigassel.
1047 5866 1143 5923 Hic
1176 5874 1349 5923 tamen
1374 5868 1504 5922 mihi
1535 5868 1811 5925 decretqu
1847 5880 1967 5939 est,
1990 5872 2105 5927 illa-

527 5962 608 6011 tas
637 5956 934 6029 Augustino
981 5956 1335 6018 contumelias
1377 5957 1673 6028 repellere.
1726 5959 1937 6017 illarqu
1975 5973 2105 6020 vero

2212 4834 2445 4889 cundum
2478 4836 2817 4907 intelligere,
2865 4837 2974 4891 imo
3000 4838 3086 4893 vel
3116 4838 3287 4894 oculis
3318 4840 3451 4909 ipsis
3486 4842 3686 4896 intueri
3724 4843 3793 4893 in-

2213 4945 2466 4985 numeros
2499 4931 2759 4987 Ecclesiae
2811 4931 3061 4988 doctores
3099 4935 3253 4988 albos
3304 4935 3546 4990 calculos
3605 4936 3790 5010 (neque

2210 5022 2353 5077 enim
2380 5031 2465 5077 est
2517 5024 2720 5077 incerta
2750 5024 2997 5095 victoria)
3029 5026 3330 5095 Augustino
3356 5026 3620 5097 adjicere,
3663 5028 3794 5099 ejus-

2209 5119 2331 5173 dem
2373 5120 2668 5175 sententias
2708 5121 3129 5187 conuueudare,
3190 5122 3573 5178 auctoritatem
3626 5124 3795 5179 defen-

2212 5210 2363 5279 dere,
2413 5212 2955 5283 adversariorumque
3006 5215 3360 5271 temeritatem
3410 5217 3561 5286 gravi
3607 5218 3794 5287 judicio

2213 5305 2530 5374 percellere.
2583 5309 2652 5361 At
2682 5307 2790 5361 cito
2818 5307 2980 5362 citius
3010 5308 3162 5364 adest
3191 5324 3347 5365 sacer
3370 5310 3622 5365 divorum
3651 5326 3794 5365 sena-

2212 5407 2340 5466 tus,
2390 5409 2443 5456 et
2496 5401 2709 5469 quidem
2770 5396 3285 5471 frequentissimus,
3342 5405 3784 5475 Augustinianam

2211 5506 2427 5547 causam
2479 5495 2806 5563 cogniturus.
2863 5493 3277 5551 Tumultuantur
3319 5496 3555 5550 rotundo
3587 5495 3788 5567 agmine

2214 5586 2507 5642 adversarii
2553 5588 2910 5657 Augustinum
2963 5590 3281 5645 accusaturi.
3328 5592 3549 5645 interim
3582 5598 3786 5645 sanctus

2214 5678 2469 5749 Prosper,
2516 5682 2604 5751 qui
2636 5681 2776 5737 inter
2806 5682 2962 5752 primi
2984 5684 3230 5740 subsellii
3260 5684 3470 5756 judices
3503 5686 3675 5751 sedet,
3708 5696 3788 5738 ac.

2212 5773 2545 5829 cusatoribus
2604 5774 2857 5844 loquendi
2907 5775 3214 5833 facultatem
3258 5777 3483 5834 faciens.
3543 5797 3563 5831 ι
3617 5778 3783 5841 Ecce,

2212 5865 2403 5936 inquit,
2450 5868 2593 5921 salva
2625 5869 2906 5923 catholicae
2932 5885 3062 5939 pace
3091 5870 3360 5937 victoriae,
3387 5870 3538 5925 salva
3565 5868 3782 5925 indisso-
3830 5936 3833 5937 γ

2215 5954 2462 6023 iubilittm
2492 5959 2791 6018 reverentia
2822 5958 3163 6027 decretorum
3196 5962 3364 6034 parati
3387 5972 3573 6021 sumus
3597 5971 3783 6016 ruse-
