3988 6348
175 344 281 402 853

167 549 240 604 ab
268 549 411 603 omni
434 563 620 603 errore
642 546 807 603 lineas
829 548 1197 605 subtilissimae
1221 548 1564 605 discretionis
1591 561 1755 618 agno-

166 652 342 696 scere.
366 641 733 699 Constituatur
760 643 813 698 in
860 642 1040 700 medio
1058 645 1199 715 quod
1238 659 1305 699 ne
1342 657 1496 699 NOVIS
1527 655 1754 698 sneasrr

167 745 395 787 INGENIIS
420 730 592 804 (Cant.
635 733 825 789 Collat.
853 735 1047 807 initio).
1080 755 1100 789 ι
1137 755 1156 788 ι
1195 736 1262 793 Ut
1292 735 1449 791 facile
1469 736 1554 791 vel
1577 735 1754 791 tenuis

167 826 460 898 diligentia:
506 827 750 885 advertat
776 830 1078 899 inspector,
1131 844 1290 901 quam
1318 829 1534 899 injustis
1559 842 1755 899 oppro-

163 917 298 975 briis
340 935 619 977 CATBOLICI
661 937 1053 978 remaneamus
1095 923 1356 979 memoria
1386 929 1671 992 carpatur,
1703 930 1758 976 et

158 1010 224 1067 in
269 1015 411 1084 quod
459 1025 739 1083 peccatum
791 1017 988 1087 cadant
1032 1018 1122 1088 qui
1183 1017 1361 1072 aliena
1414 1016 1759 1087 instigatione

160 1113 414 1166 commoti
440 1127 772 1169 SCRIPTOREM
810 1128 1164 1170 CELEBERRIII
1202 1129 1417 1169 NOIINIS
1460 1113 1756 1184 promptius

162 1204 396 1261 habeant
446 1207 701 1277 culpare,
755 1222 911 1280 quam
971 1222 1132 1267 nosse
1174 1207 1263 1281 (In
1300 1207 1454 1279 praef.
1480 1208 1636 1279 Resp.
1689 1206 1759 1259 ad

167 1312 288 1369 cap.
315 1297 631 1373 Gallorum.)
668 1319 688 1354 ι

1116 1576 1163 1616 8.
1196 1570 1244 1615 Ρ.
1278 1576 1623 1619 AUGUSTINUS.

1064 1656 1194 1711 Mira
1223 1669 1345 1712 sunt
1375 1674 1495 1729 quae
1534 1658 1713 1715 dicitis
1741 1697 1758 1725 ,

156 1724 330 1780 liandi
389 1728 672 1800 libertatem
723 1727 927 1781 arbitrii
999 1742 1135 1800 nova
1190 1740 1312 1783 sunt
1361 1724 1481 1800 qua:
1538 1724 1758 1796 dicitis,

156 1799 925 1869 cumdivinaprtedestinatione
996 1799 1131 1855 falsa
1178 1810 1304 1855 sunt
1384 1818 1505 1870 qua:
1561 1803 1757 1857 dicitis.

156 1886 190 1942 ᾳ
231 1872 429 1925 nemine
458 1913 474 1938 ,
520 1886 668 1939 quem
710 1870 921 1925 viderim
994 1871 1123 1926 Mira
1158 1880 1434 1941 stupemus
1457 1915 1474 1942 ,
1497 1887 1632 1929 nova
1662 1888 1757 1928 ca-

157 1940 420 2010 hucusque
447 1942 659 2008 tradita,
692 1942 808 1996 ideo
836 1958 919 1995 sa-
993 1957 1214 2008 vemus,
1250 1940 1257 1941 7
1290 1944 1421 1998 falsa
1458 1940 1756 2000 convinci-

154 2012 384 2085 tiusharc
412 2012 537 2067 duxi
567 2012 724 2084 paulo
753 2013 922 2085 fusius
999 2030 1138 2069 mus.
1170 2014 1285 2068 Lib.
1340 2029 1395 2070 ιιι
1446 2026 1624 2071 contra
1666 2015 1758 2071 Ju-

156 2084 431 2151 explicare.
756 2084 759 2085 ⁷
989 2086 1141 2150 lian.,
1174 2101 1292 2156 cap.
1324 2086 1375 2141 3.

681 2179 741 2237 S.
775 2179 1217 2238 BERNABDUS.

228 2266 725 2326 Mirorvadmodum
774 2274 821 2328 si
869 2288 1040 2330 novus
1086 2274 1188 2330 iste
1218 2289 1475 2330 novarum
1509 2275 1756 2332 inventor

154 2362 513 2419 assertionum
544 2373 601 2420 et
629 2375 867 2422 assertor
896 2369 1263 2425 inventionum
1293 2369 1536 2426 invenire
1564 2370 1618 2425 in
1653 2369 1755 2428 hoc

156 2455 420 2512 rationem
448 2458 702 2529 potuerit,
725 2476 844 2531 quae
864 2472 1080 2518 sanctos
1111 2463 1297 2519 Patres
1326 2465 1539 2520 latuerit
1564 2507 1580 2534 ,
1625 2468 1753 2520 Am-

155 2544 397 2605 brosium
424 2560 477 2607 et
509 2553 893 2623 Augustinum.
925 2552 1094 2626 Epist.
1130 2557 1197 2610 77
1238 2555 1306 2610 ad
1347 2555 1638 2628 Hugonem.

932 2646 996 2701 II.

400 1574 683 1617 CENSOBBS.

233 1652 362 1710 Hcce
386 1665 557 1709 nostra
584 1658 716 1710 ratio
744 1656 917 1710 concio

392 2752 679 2797 CENSORI-:8.
1164 2759 1210 2800 8.
1243 2759 1591 2803 AUGUSTINUS.

226 2826 408 2907 Neque
439 2847 556 2907 vero
584 2834 762 2889 dubito
791 2838 913 2906 quin
1055 2834 1101 2891 Ο
1124 2836 1253 2907 quid
1279 2838 1527 2907 perdidit,
1561 2839 1650 2907 qui
1698 2847 1750 2894 te

150 2899 219 2977 ab
267 2903 577 2977 Augustino
618 2916 664 2959 et
720 2899 914 2961 cteieris
986 2899 1174 2962 audire
1202 2899 1308 2963 non
1342 2899 1540 2977 potuit"!
1567 2899 1679 2964 Lib.
1698 2926 1751 2964 Iv

152 2970 405 3053 Patribus
422 2976 652 3053 unaninii
667 2993 918 3053 consensu
991 2988 1167 3033 contra
1186 2978 1325 3053 [ul.,
1342 2970 1504 3053 Oper.
1537 2983 1745 3053 imperf.

150 3045 486 3121 comprobata
556 3047 736 3121 fuisset
808 3050 917 3103 haec
990 3066 1107 3121 cap.
1142 3051 1262 3106 119.

150 3125 330 3168 nostra
358 3119 421 3169 de
468 3120 915 3187 pra'destinatione

150 3187 409 3258 sententia
436 3228 449 3251 ,
479 3191 710 3258 ratioque
735 3192 1046 3247 conciliandi
1076 3194 1356 3249 libertatem
1400 3196 1602 3251 arbitrii
1628 3212 1745 3251 cum

151 3255 333 3309 dicina
355 3241 528 3336 gratia
555 3302 568 3325 ,
599 3241 920 3330 prwscientia
950 3276 994 3319 et
1033 3264 1483 3335 praedestinatione
1507 3310 1522 3336 ,
1582 3270 1629 3322 si
1677 3270 1749 3323 eis
1777 3241 1825 3306 ο

151 3330 423 3398 proposita
442 3332 641 3401 fuisset.

442 3423 679 3492 JONAS,
714 3441 993 3484 eriscorus
1020 3445 1458 3488 AUBELIANENSIS.

227 3513 417 3586 Igitur,
463 3516 589 3587 quia
636 3533 742 3574 non
771 3522 944 3576 solum
978 3522 1039 3577 B.
1072 3523 1395 3594 Augustino,
1441 3526 1537 3581 sed
1586 3526 1749 3582 etiam

153 3608 277 3664 aliis
324 3611 542 3667 eximiis
570 3611 883 3670 doctoribus
924 3624 976 3672 te
1025 3619 1372 3689 superciliose
1416 3622 1697 3691 praetulisti
1730 3663 1747 3691 ,

155 3703 357 3758 merito
410 3705 651 3762 solitaria
690 3708 1072 3767 destructionis
1105 3724 1207 3767 tuae
1255 3714 1501 3787 gloriatio
1542 3716 1597 3770 in
1650 3716 1750 3770 im-

154 3811 409 3853 mensum
442 3813 563 3856 sese
591 3802 917 3872 extendens,
948 3805 1002 3859 in
1052 3805 1263 3862 irritum
1302 3808 1607 3864 deducitur.
1658 3809 1750 3864 Vae

152 3906 394 3963 namque
442 3893 618 3951 eidem
669 3896 973 3967 gloriationi
1020 3908 1144 3966 tuae,
1193 3900 1348 3971 juxta
1394 3902 1527 3959 illud
1558 3903 1749 3960 Eccle-

150 3984 341 4040 siastis
370 3985 652 4055 imminet,
694 3989 821 4059 quia
848 4006 953 4047 non
978 3992 1183 4049 habens
1214 3993 1384 4049 fotum
1415 4010 1481 4051 ex
1527 4009 1753 4052 consor-

153 4077 232 4131 tio
252 4077 514 4147 aliorum,
540 4080 739 4153 frigore
767 4083 1013 4140 solitario
1039 4093 1215 4156 torpet
1242 4129 1258 4154 ,
1289 4096 1344 4143 et
1370 4105 1483 4143 cum
1513 4090 1753 4145 ceciderit

148 4184 257 4222 non
286 4169 497 4225 habebit
540 4173 885 4231 sublevantem
928 4174 1131 4249 (Eccle.
1186 4194 1262 4248 ιγ,
1320 4180 1432 4249 10).
1482 4180 1603 4237 Lib.
1636 4198 1653 4235 ι
1681 4182 1753 4240 de

147 4258 309 4315 Cultu
345 4261 531 4333 imag.,
565 4272 697 4321 tom.
725 4283 819 4335 Ix,
853 4279 991 4339 part.
1041 4286 1100 4338 ι,
1156 4271 1411 4329 Biblioth.
1460 4274 1565 4331 PP.
1616 4275 1749 4332 edit.

147 4352 493 4414 Culouiensis
521 4357 678 4416 1618.

908 4456 997 4513 III.

396 4561 687 4604 CENSORES.

221 4637 402 4704 Quare
442 4640 782 4695 dubitandum
810 4656 913 4696 non

147 4717 245 4772 est,
274 4712 323 4763 si
351 4712 502 4783 eode
540 4729 594 4783 r_e
635 4713 713 4766 vel
735 4715 914 4783 Augu-
994 4712 1190 4772 habere
1220 4712 1494 4775 doctorem
1518 4722 1542 4773 ?
1570 4762 1582 4774 .
1613 4759 1630 4778 .
1657 4762 1672 4777 .
1705 4724 1750 4778 0

144 4783 314 4861 stinus
346 4782 426 4835 vel
456 4780 522 4835 ι).
546 4781 772 4838 Thomas
801 4780 923 4838 con-
996 4786 1306 4861 admiranda
1354 4804 1512 4861 atque
1539 4804 1749 4849 sectan-

144 4853 487 4925 sulerentur,
589 4869 923 4925 responsuros
996 4858 1063 4911 da
1108 4859 1381 4914 doctrina!
1427 4853 1553 4917 'Lib.
1610 4879 1645 4918 ιι
1687 4866 1751 4920 de

148 4925 328 5001 fuisse
347 4923 688 4980 nihilominus
716 4929 917 5001 prcede-
994 4928 1140 5001 Orig.
1170 4931 1377 4998 animle,
1403 4948 1519 5001 cap.
1554 4936 1609 4990 9.

146 4995 482 5050 stinationem
518 5007 566 5052 et
598 4995 918 5068 reprobatio-

149 5081 263 5147 nem
292 5082 401 5120 non
427 5069 1125 5147 sine._prteuia_iila_scientia
1143 5115 1158 5141 ,
1205 5073 1481 5147 habituque
1514 5079 1746 5135 conside-

146 5138 354 5193 ratione
381 5154 509 5194 ωας
535 5139 684 5195 liberi
708 5142 908 5197 arbitrii
939 5145 1119 5214 futuri,
1143 5138 1269 5200 tete.

557 5232 617 5290 S.
647 5232 1103 5294 C(ELESTINUS
1140 5238 1339 5295 PAPA.

222 5324 486 5398 Legimus
520 5344 680 5398 supra
726 5331 1028 5402 magistrum
1084 5348 1186 5387 non
1232 5348 1341 5387 esse
1393 5335 1705 5404 discipulum
1734 5375 1751 5404 ,

152 5418 260 5476 hoc
283 5431 393 5490 est,
435 5438 544 5480 non
571 5424 675 5479 sibi
710 5424 910 5482 debere
935 5441 1255 5497 quemquam
1286 5429 1352 5484 ad
1380 5429 1630 5500 injuriam
1658 5431 1757 5486 do-

153 5526 372 5572 ctorum
418 5517 697 5575 vindicare
742 5520 1034 5575 doctrinam
1080 5539 1093 5575 :
1130 5537 1251 5578 nam
1283 5531 1339 5579 et
1386 5525 1485 5580 hos
1533 5525 1680 5595 ipsos
1723 5540 1754 5581 a

159 5610 278 5664 Deo
304 5620 495 5666 nostro
515 5612 722 5681 positos
744 5614 991 5669 novimus
1023 5614 1089 5669 ad
1127 5616 1452 5683 docendum,
1486 5632 1609 5673 cum
1640 5617 1707 5674 sit
1738 5659 1755 5685 ,

155 5699 375 5759 dicente
405 5704 690 5772 Apostolo,
741 5705 821 5760 eis
864 5707 1054 5762 tertius
1101 5692 1262 5763 locus
1290 5708 1426 5762 intra
1458 5708 1755 5765 Ecclesiam

155 5793 535 5861 deputandus.
578 5794 647 5851 In
693 5799 911 5869 epistola
951 5798 1021 5853 ad
1062 5801 1329 5870 episcopos
1362 5799 1551 5857 Gallia:
1579 5814 1757 5858 contra

158 5890 327 5943 sancti
359 5893 638 5963 Augustini
668 5896 1061 5953 calumniatores
1089 5897 1307 5965 scripta,
1337 5913 1452 5968 cap.
1485 5899 1538 5951 1.

1146 4569 1194 4611 8.
1224 4571 1569 4613 AUGUSTINUS.

1346 336 1670 395 VINDICIE
1708 332 2263 394 AUGUSTINIANAE.

170 470 274 512 nos
318 468 592 512 uoci-nuce
631 467 1033 511 .EMENDA‘I'IOBIS
1062 453 1248 513 audire
1268 495 1284 524 ,
1315 462 1370 512 et
1405 454 1750 510 circumcisas
1778 453 1829 514 A

1857 2122 2060 2192 gianos.

3330 334 3432 391 8'54

2614 446 2706 506 IV.

2091 556 2375 600 CENSORBS.
2857 555 2905 595 8.
2935 554 3283 597 AUGUSTINUS.

1932 636 2061 705 Qua:
2084 640 2129 691 si
2166 640 2288 720 datu
2326 637 2619 720 explanata-
2762 636 2906 720 Qua:
2924 646 2976 720 tu
3012 653 3057 720 si
3090 635 3450 720 non_didici_s—

1857 723 1956 777 que
1980 726 2184 791 semper.
2205 710 2454 791 fuissent_,
2490 712 2623 791 forte
2698 721 2786 765 ses
2811 750 2832 791 ,-
2858 709 3139 791 Pelagiani
3190 709 3452 791 dogmatis

1858 796 2020 850 neque
2088 779 2375 851 Pelagiana
2417 780 2624 835 hwresis
2697 780 2943 835 machina
3004 783 3119 837 sine
3158 780 3453 836 architecto

1860 850 2037 920 fuisset
2066 850 2260 907 exorta.
2693 853 3001 907 necessario
3080 853 3451 907 remansisset.

2698 921 2815 977 Lib.
2829 939 2879 978 γι
2896 933 3073 979 contra
3084 922 3223 991 Jul.,
3238 924 3449 994 cap.H.

2359 1015 2419 1070 8.
2463 1014 2935 1074 HIERONYMUS.

1932 1105 2161 1176 Scripsit
2190 1103 2392 1161 dudum
2425 1107 2507 1161 vir
2537 1116 2757 1163 sanctus
2782 1117 2840 1163 et
2869 1109 3130 1179 eloquens
3168 1110 3455 1181 episcopus

1859 1200 2195 1271 Augustinus
2220 1199 2288 1254 ad
2321 1199 2713 1270 Marcellinum,
2744 1202 2836 1271 qui
2878 1212 3066 1272 postea
3107 1203 3207 1259 sub
3255 1203 3453 1259 invidia

1860 1292 2164 1362 tyrannidis
2213 1291 2547 1349 Heracliante
2576 1294 2644 1349 ab
2676 1293 2950 1350 haereticis
2974 1296 3233 1351 innocens
3284 1312 3457 1353 caesus

1863 1394 1949 1440 est
1977 1426 1992 1450 ,
2047 1385 2184 1440 duos
2239 1385 2408 1440 libros
2462 1386 2532 1441 de
2577 1385 2873 1443 infantibus
2903 1387 3240 1458 baptizandis
3270 1399 3459 1445 contra

1861 1476 2115 1532 hmresim
2144 1487 2405 1546 vestram,
2433 1487 2542 1535 etc.
2577 1480 2727 1535 Alios
2764 1495 2977 1551 quoque
3022 1481 3327 1551 specialiter
3368 1490 3460 1537 tuo

1862 1567 2071 1621 nomini
2097 1567 2294 1624 cudere
2321 1570 2541 1641 dicitur,
2572 1572 2663 1641 qui
2692 1572 2919 1627 necdum
2944 1573 2996 1628 in
3030 1583 3241 1629 nostras
3264 1589 3461 1631 venere

1869 1672 2087 1727 manus,
2115 1660 2257 1716 unde
2288 1663 2749 1731 supersedendum
2775 1664 2901 1721 huic
2930 1666 3100 1722 labori
3129 1682 3325 1722 censeo
3348 1710 3362 1733 ,
3392 1683 3462 1723 ne

1863 1748 2075 1805 dicatur
2103 1750 2231 1805 mihi
2262 1751 2389 1807 illud
2422 1754 2644 1821 Iloratii,
2676 1754 2745 1808 In
2771 1757 2964 1826 syluam
2993 1774 3058 1813 ne
3099 1758 3240 1828 ligna
3289 1760 3460 1830 feras;

1792 1840 1840 1902 B
1867 1853 1961 1897 aut
1992 1844 2137 1898 enim
2170 1849 2359 1900 eadem
2385 1846 2690 1904 diceremus
2717 1864 2782 1904 ex
2810 1850 3101 1919 superﬂuo,
3128 1858 3223 1906 aut
3249 1852 3294 1907 si
3321 1867 3459 1908 nova

1863 1935 2192 1993 voluerimus
2242 1937 2422 1995 dicere
2454 1982 2469 2004 ,
2525 1955 2554 1994 a
2610 1940 2912 1997 clarissimo
2959 1943 3174 2014 ingenio
3203 1954 3460 2014 occupata

1862 2038 1993 2083 sunt
2022 2030 2270 2088 meliora.
2304 2030 2373 2087 In
2406 2033 2502 2103 fine
2530 2031 2648 2089 Lib.
2706 2050 2765 2091 nt
2814 2033 3026 2107 Dialog.
3075 2045 3252 2091 contra
3304 2038 3461 2092 Pela-

2648 2196 2716 2252 ν.

2101 2302 2385 2345 οειηεοιιεε.
2868 2308 2916 2349 ε.
2948 2308 3291 2352 AUGUSTINUS.

1929 2379 2113 2450 Neque
2192 2398 2255 2437 ea:
2336 2382 2616 2453 Augustini
2766 2385 3129 2443 Odoctrinam
3164 2391 3247 2445 cui
3279 2391 3459 2449 omnis

1858 2453 2101 2534 Opinione
2147 2462 2219 2534 tot
2257 2453 2435 2534 fideles
2461 2456 2622 2534 _fu_is-
2694 2466 3012 2534 aetasaures
3044 2461 3294 2532 surrigat,
3335 2479 3457 2534 quas

1855 2534 1968 2577 sent
1995 2525 2209 2603 turbati,
2234 2525 2329 2603 Δ(ιιι
2376 2524 2621 2603 Pelagia-
2695 2527 2943 2603 homines
2985 2524 3218 2586 annosus
3251 2524 3290 2595 .’
3332 2524 3453 2603 qua:

1857 2597 2617 2674 nosqnendefecissent,‘facile-
2693 2600 2928 2670 denique
2962 2603 3306 2674 presbyteros
3336 2597 3450 2660 rhe-

1853 2681 1952 2733 que
1980 2667 2214 2744 reliquie:
2244 2668 2351 2744 illa:
2377 2666 2619 2738 Pelagia-
2691 2666 2876 2744 reatu'r
2900 2666 3098 2744 habere
3119 2666 3448 2744 discipulos!

1855 2751 2035 2813 norum
2072 2737 2331 2813 inuGallia
2354 2778 2368 2802 ,
2401 2737 2617 2813 quarum
2690 2741 2879 2812 Legat,
2913 2743 3047 2813 legat
3094 2744 3145 2798 in
3194 2737 3457 2805 concione

1855 2807 2185 2902 iguepistglis
2248 2808 2489 2902 Prosprer‘i
2571 2820 2618 2863 et
2691 2807 2833 2894 quod
2852 2807 3457 2902 Scripsitmotosatque

1856 2876 2052 2958 Hilarii
2078 2882 2139 2949 fit
2162 2876 2389 2944 mentio,
2399 2882 2618 2958 fuissent
2693 2876 2926 2958 ignotos,
2958 2876 3146 2958 doctos
3175 2897 3336 2958 atque
3366 2876 3453 2944 in;

2692 2955 2884 3010 doctos
2905 2956 3228 3013 recitaturus
3242 2955 3450 3027 invitet;

2692 3027 2937 3082 seniores
2974 3044 3093 3082 cunt
3143 3029 3453 3098 junioribus

2691 3100 2999 3169 convenite,
3043 3103 3185 3169 quod
3236 3106 3452 3159 nescie-

2690 3168 2831 3241 batis
2872 3168 3081 3235 discite,
3115 3172 3255 3241 quod
3309 3191 3449 3230 nun-

1859 3250 2030 3318 quani
2066 3237 2361 3294 audieratis
2398 3238 2598 3295 audite.
2656 3237 2771 3293 Lib.
2830 3255 2870 3296 ιι
2918 3240 2983 3297 de
3035 3237 3186 3314 Orig.
3216 3246 3448 3318 anim,

2446 3390 2505 3447 S.
2544 3389 2880 3450 PROSPER.

1927 3481 2069 3538 Ecce
2088 3482 2239 3538 salva
2269 3483 2555 3539 catholicae
2583 3499 2714 3554 pace
2744 3486 3004 3553 victoriae,
3036 3487 3182 3544 salva
3207 3489 3443 3550 indisso-

1855 3574 2102 3631 lubilium
2134 3576 2436 3633 reverentia
2461 3576 2801 3634 decretorum
2846 3581 3018 3648 parati
3044 3596 3230 3639 sumus
3258 3594 3442 3655 patro-

1859 3682 1959 3722 nos
1982 3668 2247 3724 doctrinae
2278 3670 2665 3726 emendatioris
2693 3671 2900 3742 audire,
2929 3682 2983 3727 et
3008 3674 3350 3733 circumcisas
3378 3680 3446 3735 ab

1858 3760 2005 3815 omni
2026 3776 2215 3816 errore
2237 3760 2411 3817 lineas
2437 3762 2802 3819 subtilissimae
2829 3764 3166 3823 discretionis
3192 3785 3452 3840 agnosce-

1856 3869 1940 3911 re.
1974 3853 2344 3910 Constituatur
2386 3856 2440 3910 in
2492 3857 2690 3922 medio,
2741 3860 2886 3929 quod
2933 3859 3001 3915 de
3050 3863 3203 3917 novis
3232 3867 3455 3921 emersit

1859 3948 2121 4019 ingeniis.
2152 3946 2316 4002 Initio
2369 3949 2489 4003 libri
2534 3958 2713 4006 contra
2742 3949 3055 4009 Collatorem
3082 3955 3248 4009 sancti
3278 3956 3456 4028 Augu-

1862 4043 1985 4099 stini
2010 4044 2452 4111 reprehensorem.

1854 2952 2138 3019 exstinctae,
2221 2954 2618 3007 concertationes

1854 3020 2074 3092 denique
2142 3023 2276 3076 inter
2342 3024 2618 3077 catholicos

1854 3092 2008 3161 facile
2056 3095 2274 3165 fuissent
2301 3097 2615 3164 compositaz.

2614 4136 2703 4193 VI.

2862 4247 2912 4289 s.
2942 4234 3286 4292 weusr’uws.

2775 4325 2965 4399 Melius
3035 4339 3305 4399 exponant
3357 4331 3459 4388 ista

1858 4412 1980 4472 num
2008 4468 2019 4472 _
2053 4397 2392 4451 inventionem
2440 4407 2626 4472 putant
2701 4397 2975 4472 meliores,
2991 4397 3208 4456 uouisti
3236 4417 3463 4472 quorum

1856 4468 2293 4552 injuriosamesse
2315 4470 2623 4552 Augustino,
2702 4471 2827 4552 novi
2852 4470 2963 4552 jam
2995 4468 3323 4552 sententiain
3376 4491 3466 4552 re:

1856 4538 2139 4616 idemmihi
2160 4544 2332 4616 facere
2361 4538 2619 4616 videntur,
2701 4538 3054 4616 probandam,
3085 4545 3181 4599 sed
3230 4546 3318 4600 alii
3372 4548 3462 4616 qui

2100 4246 2383 4305 CENSORI-IS.

1934 4324 2035 4391 Qui
2074 4341 2323 4380 novarum
2404 4325 2623 4381 solutio-

1224 4610 1567 4718 aeaigneia:
1587 4650 1748 4707 ιειεηι
1776 4644 1832 4706 υ
1856 4611 1993 4718 ea
2021 4610 2101 4718 ‘1.“
2122 4613 2381 4718 3.22.321:
2423 4612 2627 4718 an;
2698 4613 3259 4718 serraeser-
3290 4610 3463 4718 ﬁﬂii‘;

1858 4698 1979 4755 num
2026 4693 2074 4734 et
2122 4682 2384 4738 Cwsarum
2433 4686 2628 4755 injuria
2700 4682 2769 4755 89
2821 4686 2889 4738 ad
2956 4682 3217 4742 Hilarium
3286 4682 3466 4745 contra

1861 4753 1961 4827 dici
2005 4769 2153 4827 posse
2202 4753 2489 4827 negarent,
2517 4772 2625 4809 esse
2697 4754 3031 4826 Pelagianos.

1850 4825 1965 4895 jam
2060 4825 2219 4877 aliam
2274 4825 2282 4827 ἡ
2304 4827 2623 4880 instruendae

1855 4895 1986 4948 aciei
2032 4898 2311 4962 rationem,
2341 4913 2494 4966 quam
2517 4899 2617 4967 fuit
2644 4908 2871 4971 tempore
2898 4901 3182 4971 fundarum
3222 4911 3271 4958 et
3316 4904 3468 4966 bulis.

1856 4976 2043 5021 tarum.

2391 5062 2451 5116 S.
2482 5060 2943 5122 FULGENTIUS.

1930 5151 2163 5208 Proinde
2214 5160 2547 5210 memoratus
2587 5155 2683 5212 Dei
2716 5156 2954 5227 pontifex
2986 5157 3321 5232 Augustinus
3353 5174 3466 5221 tur-

1861 5245 1964 5300 rim
2014 5245 2344 5302 fortitudinis
2382 5247 2555 5319 ipsam
2604 5251 2830 5320 gratiam
2890 5261 3128 5324 tenens,
3173 5266 3230 5314 et
3271 5261 3467 5316 exinde

1862 5346 2057 5394 cuncta
2103 5338 2399 5395 hostilium.
2448 5340 2877 5399 machinamenta
2954 5348 3183 5405 telorum
3233 5352 3468 5410 caelestis

1863 5432 2159 5503 juvaminis
2205 5432 2403 5490 virtute
2450 5434 2831 5505 confringens,
2876 5455 2981 5495 non
3027 5442 3202 5498 solum
3248 5444 3364 5514 ipse
3402 5445 3472 5501 de

1869 5525 2026 5581 hoste
2072 5525 2353 5581 victoriam
2402 5526 2648 5584 referens
2709 5530 3100 5604 triumphavit,
3133 5535 3262 5606 quin
3306 5537 3470 5592 etiam

1868 5617 2099 5688 posteris
2144 5616 2388 5673 certandi
2418 5628 2474 5674 et
2513 5620 2758 5676 vincendi
2819 5624 3062 5682 ordinem
3092 5667 3109 5692 ,
3157 5626 3205 5683 si
3256 5626 3471 5699 quando

1867 5710 2009 5766 victa
2037 5711 2272 5781 pravitas
2296 5712 2539 5769 recidivo
2572 5727 2706 5770 ausu
2751 5714 3034 5777 infandum
3065 5730 3227 5792 caput
3257 5722 3472 5790 erigere

1870 5806 2148 5871 niteretur,
2198 5805 2455 5863 ostendit.
2498 5805 2614 5862 Lib.
2665 5823 2709 5864 ιι
2759 5812 2820 5866 dc
2876 5812 3104 5871 Veritate
3152 5814 3387 5884 prwdest.
3422 5825 3471 5868 et

1872 5907 2029 5967 φαίη
2058 5914 2173 5968 cap.
2210 5897 2296 5953 18.
2524 5952 2527 5953 ν
3422 5922 3425 5925 ‘

2986 6036 3043 6050 ‘-.
