3988 6348
186 370 301 439 837

184 788 441 840 Itan-elicis
469 787 661 850 aditus,
696 804 793 857 quo
825 787 944 856 faci-

1410 368 1735 437 VlNDiClE
1777 343 2347 433 ΑυαυδτιΝιΑΜεζ

184 520 259 556 an
324 502 575 572 explicata
649 492 848 573 penitus
878 572 885 573 ί
911 508 958 554 et
1030 508 1099 573 na
1160 498 1393 573 deiectat
1428 538 1443 564 ,
1539 494 1779 573 proferte
1806 490 1863 556 Α
1884 484 2262 542 auctoritatem
2292 478 2526 573 ﬁdeliter
2548 473 2853 573 obediatur.
2888 468 3093 573 Βίῳ-(ιε
3122 464 3265 573 Trib.
3299 463 3472 573 Epist:

182 566 619 627 abundetedtlita
648 566 847 626 ratione
867 572 952 625 in-
1027 571 1195 641 ipsam
1247 568 1488 640 regulam
1542 566 1774 641 rationis

184 655 335 712 tegra
347 644 661 698 conciliandi
673 643 952 698 libertatem
1025 638 1241 699 vestrm.
1266 638 1438 697 Sérm.
1454 641 1519 696 H
1534 640 1597 695 de
1617 638 1772 694 Verb.

186 717 396 769 arbitrii
422 732 537 768 cum
566 716 670 769 illis
715 715 890 777 tribus.
920 726 968 769 et
1042 712 1293 786 Apostoli.

3370 344 3478 413 858

1880 596 1995 652 cap.
2020 574 2131 642 26;
2160 575 2299 629 idem
2325 571 2478 627 habet
2504 586 2623 641 cap.
2652 567 2746 621 24.
2784 564 3164 635 Expositiones
3194 555 3475 652 Augustini

1881 649 2119 729 doctoris
2154 666 2355 740 egregii
2382 680 2546 735 super
2568 662 2698 719 illud
2720 658 2743 715 Ι
2766 659 2832 716 ad
2857 658 2995 713 Tim.
3024 671 3082 723 ιι,
3108 653 3140 708 4
3164 669 3180 708 :
3209 652 3347 707 Deus
3368 649 3476 705 vult

1878 778 2057 820 omnes
2102 761 2331 816 homines
2369 759 2539 813 salsos
2582 755 2720 825 ﬁeri,
2752 753 2907 809 bona:
2936 760 3087 807 sunt.
3120 748 3182 803 S.
3211 745 3478 801 Bonaven-

182 858 294 912 tius
320 858 385 911 ad
409 870 581 929 pacem
609 840 951 921 umidumque
982 856 1225 912 Ecclesia
1249 856 1495 923 redirent,
1516 856 1587 909 sit
1634 862 1781 929 pete»
1880 861 2015 922 tura,
2051 854 2074 908 1
2105 851 2515 917 Sententiarum,
2552 848 2677 902 dist.
2704 844 2796 912 46,
2827 852 3009 916 quiest.
3046 841 3098 909 l,
3126 848 3223 895 art.
3256 840 3307 893 1.

184 934 358 997 factus
383 928 416 991 .⁷
457 940 501 983 et
553 931 954 984 concertationes
992 944 1105 1000 aute
1130 939 1249 983 ante
1287 929 1427 983 mille
1462 943 1623 982 annos
1644 928 1779 1000 inter

183 1073 506 1142 compositae.

96 1014 99 1015 '
181 996 327 1054 piros
376 1000 653 1055 catholicos
700 1001 889 1055 obortae
936 996 1077 1067 sunt,
1101 1008 1349 1073 quantum
1391 1015 1486 1070 par
1525 1008 1621 1068 est,
1673 996 1775 1050 sint

622 1162 680 1220 S.
723 1152 1176 1219 INNOCENTIUS
1198 1176 1356 1233 papa.

262 1256 475 1315 Sanctae
499 1256 851 1312 fraternitatis
899 1266 1092 1312 vestrae
1139 1250 1348 1312 litteras
1382 1246 1570 1325 plenas
1614 1246 1737 1309 lidei

190 1361 415 1423 totoque
445 1349 731 1405 catholicae
761 1348 1038 1419 religionis
1083 1344 1265 1419 vigore
1296 1344 1535 1404 ﬁrmatas
1579 1362 1608 1402 a
1632 1342 1784 1402 vobis

186 1444 408 1510 missas,
438 1455 491 1497 et
520 1441 764 1497 conciliis
794 1428 992 1498 vestris
1018 1458 1111 1513 per
1144 1444 1361 1497 fratrem
1410 1444 1464 1497 et
1511 1441 1784 1511 Coepisco-

188 1551 325 1606 pum
381 1541 622 1589 nostrum
664 1532 863 1589 iulium
907 1528 1157 1605 pergrato
1198 1535 1533 1605 suscepimus
1579 1534 1780 1601 animo,

188 1628 321 1697 quia
349 1639 529 1682 earum
561 1635 712 1680 tenor
740 1627 1021 1697 omnisque
1068 1627 1349 1683 Contentio
1394 1628 1449 1681 in
1478 1622 1787 1683 considera-

192 1716 346 1774 tione
370 1715 695 1787 quotidianae
720 1715 907 1785 grutite
932 1716 1061 1782 Dei,
1088 1720 1142 1772 et
1164 1718 1217 1771 in
1240 1730 1426 1773 eorum
1451 1718 1787 1774 currectione

1906 1701 2018 1787 icit.
2036 1701 2236 1787 pueros.
2268 1703 2322 1756 in
2360 1701 2515 1782 uteris
2544 1715 2653 1752 ma-

193 1811 291 1883 qui
322 1818 508 1866 contra
555 1810 815 1873 sentiunt,
844 1810 1052 1880 integra
1093 1806 1303 1867 ratione
1333 1804 1599 1877 consistit,
1652 1816 1708 1864 ut
1733 1814 1786 1865 et

195 1882 309 1960 illis
341 1916 551 1959 omnem
586 1902 777 1958 tollere
810 1896 977 1973 possit
1020 1912 1261 1958 errorem
1284 1942 1299 1969 ,
1328 1911 1382 1959 et
1427 1898 1625 1958 idoneo
1659 1901 1788 1959 dato
1818 1882 1865 1951 Β

199 1996 396 2066 quovis
435 2002 632 2050 nostrae
671 1994 803 2065 legis
847 1994 1125 2063 exemplo,
1156 2000 1314 2063 quem
1344 1992 1499 2065 suqui
1530 1990 1787 2064 debeant,

204 2087 434 2157 dignum
464 2087 672 2157 possint
700 2086 944 2157 praebere
968 2089 1268 2143 doctorem.
1295 2084 1362 2141 In
1382 2088 1597 2157 epistola
1626 2088 1694 2141 ad
1725 2085 1786 2143 S.

189 2180 566 2252 Augustinum,
599 2185 714 2252 quae
740 2190 813 2235 est
840 2180 908 2235 96
938 2181 1071 2234 inter
1098 2176 1521 2252 Augustinianas.

926 2274 1043 2330 XII.

438 2376 723 2424 ςειηυηε.

271 2461 775 2534 Expositionesa‘lid
799 2456 964 2534 Augu-

188 2535 319 2590 stini
348 2531 411 2588 ad
434 2533 602 2588 locum
622 2531 778 2588 Pauli
800 2531 963 2605 (nem-

190 2623 261 2675 pe
283 2605 426 2660 Deus
450 2607 560 2660 vult
587 2614 773 2675 omnes
798 2608 963 2659 homi-

191 2673 298 2732 nes
330 2679 506 2732 Salvos
537 2675 671 2747 fieri,
700 2673 960 2747 lTimolh.

189 2764 235 2804 tr
268 2748 289 2819 )
324 2758 502 2818 praeter
544 2742 844 2803 Batnascenl
917 2756 961 2801 et

190 2818 520 2877 communem
560 2818 778 2873 Patrum
809 2832 966 2891 expo—

191 2893 458 2959 sitionem,
483 2908 655 2946 omnes
686 2892 761 2946 vel
800 2895 966 2962 primo

193 2972 415 3033 aspecta
443 2965 723 3034 peregrinis
748 2973 799 3018 et
815 2979 969 3019 exor-

194 3043 270 3089 ιω
297 3045 567 3107 apparent.

512 3168 649 3234 XIII.

440 3335 721 3380 CENSOIES.

279 3462 509 3519 Frustra
534 3458 702 3537 uoluit
729 3463 971 3537 Augusti-

195 3553 303 3591 nus
332 3538 608 3590 concedere
634 3534 766 3588 hanc
794 3533 973 3589 uolun-

194 3618 365 3664 tatem
417 3606 515 3662 Dei
560 3608 694 3663 circa
745 3607 972 3660 omnium

195 3680 448 3748 salutem,
500 3688 547 3733 et
603 3677 769 3732 locum
826 3678 973 3733 illum

194 3749 370 3806 Pauli
390 3751 532 3805 nullo
552 3749 788 3806 extribus
810 3749 974 3804 modis

195 3832 348 3878 recte
372 3826 627 3894 exposuit.

523 3962 664 4022 XIV.

450 4118 733 4165 CENSORES.

283 4249 428 4332 Tres,
461 4262 738 4322 quatuorve
764 4264 828 4332 ea;
869 4251 974 4307 Au.

197 4327 415 4392 gustino
445 4327 823 4378 commentorati
858 4332 974 4377 sunt

196 4410 239 4446 ο
292 4394 440 4466 nobis
500 4396 637 4448 modi
688 4398 975 4466 exponendi

197 4464 363 4537 verba
391 4465 483 4537 illa
512 4466 681 4537 (Deus
714 4464 830 4523 vult
856 4483 975 4537 om-

198 4551 307 4593 nes
338 4532 586 4603 homines
619 4539 793 4594 salvos
839 4532 976 4609 fieri)

199 4622 326 4661 cum
363 4609 506 4663 illius
553 4612 849 4681 Opinionem
892 4624 978 4665 τωδ-

200 4695 538 4750 ponerentus,
582 4682 668 4751 qui
698 4681 823 4736 mihi
866 4682 979 4749 qui-

201 4751 326 4805 dem
357 4751 427 4803 ad
460 4752 768 4826 eludendum
790 4754 976 4826 magis,

200 4839 365 4891 quam
394 4825 539 4891 recti,
565 4833 612 4877 et
634 4826 787 4879 solidi
816 4825 979 4880 videri

200 4893 397 4947 solent.

200 4904 397 4950 solent.

1190 2380 1241 2421 Β.
1282 2376 1623 2421 AUGUSTINUS.

1107 2454 1447 2513 Manifestum
1475 2466 1558 2515 est
1582 2468 1676 2513 eos
1703 2456 1795 2527 qui

1036 2527 1159 2585 huic
1184 2529 1437 2584 resistunt
1460 2536 1566 2585 tam
1593 2530 1796 2600 perspis-

1036 2618 1150 2658 cua:
1184 2600 1396 2656 veritati
1437 2612 1542 2657 non
1595 2602 1794 2656 intelli-

1035 2688 1161 2744 gere
1171 2674 1395 2727 omnino
1409 2688 1509 2743 qua
1525 2672 1797 2744 locutione

1037 2742 1106 2800 sit
1160 2744 1357 2798 dictum
1405 2742 1545 2813 quod
1610 2742 1796 2798 Games

1040 2817 1268 2871 homines
1295 2812 1402 2869 t'ult
1426 2812 1584 2870 ’Deus
1632 2816 1798 2870 salvos

1038 2888 1152 2958 ﬁeri
1169 2928 1184 2951 ,
1215 2900 1336 2941 cum
1363 2898 1466 2941 tam
1487 2888 1639 2943 multi
1667 2886 1797 2942 salvi

1041 2976 1149 3014 non
1179 2960 1329 3024 ﬁant,
1363 2974 1470 3014 non
1500 2961 1622 3028 quia
1658 2959 1798 3029 ipsi,

1041 3030 1137 3086 sed
1168 3032 1290 3100 quia
1323 3031 1460 3100 Deus
1512 3047 1617 3085 nun
1650 3030 1797 3096 vult,

1042 3173 1419 3227 manifestatur
1437 3174 1488 3226 in
1522 3174 1757 3243 parvulis
1784 3188 1797 3225 :

1043 3244 1136 3300 sed
1149 3244 1425 3299 sicutiilud
1439 3246 1578 3309 quod
1601 3246 1803 3309 dictum

1039 3326 1143 3381 est,
1170 3315 1354 3369 Omnes
1381 3318 1434 3369 in
1456 3316 1659 3371 Christo
1687 3312 1811 3370 vivi-

1045 3388 1338 3457 ficabuntur
1368 3389 1409 3458 (i
1434 3386 1552 3458 Cor.
1580 3404 1668 3455 xv,
1690 3387 1808 3456 2‘2),

1046 3454 1166 3513 cum
1230 3468 1337 3512 tam
1375 3454 1555 3513 'multl
1607 3454 1807 3514 aeterna

1044 3536 1218 3585 morte
1243 3532 1550 3599 puniantur,
1578 3528 1704 3586 ideo
1726 3532 1809 3585 di-

1047 3609 1191 3655 ctum
1215 3610 1318 3667 est,
1344 3603 1468 3673 quia
1482 3612 1670 3658 omnes
1693 3604 1809 3673 qui-

1043 3684 1253 3742 cunque
1328 3676 1487 3728 vitam
1553 3685 1806 3730 alternam

1048 3745 1356 3815 percipiunt
1378 3787 1393 3810 ,
1471 3760 1579 3802 non
1635 3747 1810 3816 perci-

1048 3817 1199 3885 piunt
1225 3818 1322 3870 nisi
1356 3819 1409 3870 in
1436 3817 1690 3884 Christo;
1735 3820 1809 3872 ita

1084 3888 1189 3942 uod
1224 3888 1419 3944 dictum
1460 3902 1563 3957 est,
1614 3890 1807 3944 Omnes

1082 3959 1271 4013 omines
1317 3961 1421 4014 vult
1464 3959 1601 4015 Deus
1643 3962 1808 4016 salvos

1045 4026 1179 4101 ﬁeri,
1206 4031 1324 4085 ideo
1336 4031 1536 4104 dictum
1561 4038 1663 4098 est,
1683 4035 1805 4104 Quia

1047 4100 1236 4157 Omnes
1257 4103 1345 4172 qui
1369 4100 1500 4160 salvi
1525 4104 1682 4171 ﬂunt,
1700 4100 1804 4163 nisi

1048 4173 1166 4243 ipso
1194 4175 1404 4231 volente
1428 4192 1532 4232 non
1567 4178 1721 4242 liunt,
1756 4188 1809 4233 et

1048 4245 1097 4300 si
1120 4256 1226 4315 quo
1239 4246 1344 4302 alio
1364 4248 1521 4304 modo
1538 4248 1627 4304 illa
1644 4248 1806 4305 verba

1047 4318 1336 4388 apostolica
1404 4321 1623 4392 intelligi
1684 4335 1809 4390 pos-

1048 4396 1192 4455 sunt,
1219 4398 1278 4444 ut
1310 4400 1485 4447 tamen
1517 4395 1640 4447 huic
1662 4406 1807 4461 aper-

1050 4461 1270 4534 tissima:
1317 4463 1559 4533 veritati,
1605 4465 1655 4519 in
1703 4480 1805 4534 qua

1047 4533 1290 4589 videmus
1330 4542 1437 4590 tam
1472 4535 1666 4591 multos
1716 4533 1808 4590 vo-

1051 4604 1283 4660 Ientibus
1335 4608 1662 4674 hominibus,
1704 4610 1801 4662 sed

2625 934 2744 995 XV.

2110 1052 2401 1096 CENSOBBS.

1959 1133 2107 1189 Unde
2189 1142 2353 1188 cessat
2427 1128 2645 1200 objectio

1884 1220 2039 1274 quam
2106 1209 2289 1276 stepius
2332 1202 2648 1276 Augustinus

1763 1293 1779 1319 ν
1883 1278 2088 1347 repetit,
2147 1291 2372 1347 quisque
2399 1275 2453 1325 in
2494 1286 2648 1347 gausa

1887 1338 2006 1419 fuit,
2038 1338 2095 1401 ut
2115 1338 2463 1419 testimonium
2487 1338 2645 1419 Pauli

1886 1416 1988 1473 non
2020 1420 2083 1473 de
2107 1419 2340 1473 omnibus
2374 1416 2645 1469 universim

1887 1490 2177 1544 hominibus
2218 1497 2511 1554 exponeret,
2554 1486 2645 1538 sed

1887 1562 1958 1617 ad
1991 1570 2092 1617 tres
2136 1561 2258 1616 illas
2305 1558 2650 1627 expositiones

1888 1632 2208 1705 confugeret.
2235 1630 2385 1705 Stepe
2409 1630 2543 1705 enim
2565 1627 2651 1681 ob-

1891 1778 2045 1831 tentis
2065 1774 2325 1829 interdum
2345 1774 2509 1843 perire
2530 1780 2651 1826 ante

1894 1848 2218 1919 baptismum,
2271 1859 2431 1913 neque
2483 1852 2651 1895 tamen

1892 1934 2213 1993 perpueros,
2244 1933 2402 1985 neque
2552 1930 2651 1993 pa-

1892 1984 2081 2057 rentes,
2104 2000 2265 2058 neque
2284 2003 2373 2054 per
2394 1984 2651 2058 ministros

1892 2068 2051 2129 stare,
2091 2057 2185 2129 qui
2209 2065 2561 2131 percuperent__
2576 2057 2652 2108 eis

1892 2128 2219 2200 subvenirs,'
2262 2140 2310 2185 et
2360 2128 2653 2200 remedium

1895 2194 2131 2272 baptismi
2175 2194 2243 2255 ad
2292 2199 2508 2256 salutem
2554 2198 2650 2252 ad-

1897 2275 2096 2340 hibere,
2163 2289 2253 2329 nec
2311 2282 2479 2326 tamen
2535 2286 2650 2340 pos-

1894 2356 2035 2401 sunt.

2877 1047 2926 1088 8.
2949 1043 3303 1087 AUGUSTINUS.

2788 1124 2930 1192 Quid
2964 1123 3034 1179 de
3077 1123 3183 1177 illis
3212 1120 3349 1180 dicis
3385 1119 3475 1189 qui

2719 1196 2775 1251 in
2795 1204 2950 1251 utero
2967 1192 3302 1251 moriuntur?
3323 1192 3366 1245 0
3388 1207 3478 1245 an-

2719 1267 2892 1339 gustia
2912 1268 2925 1321 l
2946 1266 3145 1339 ‘Serm.
3170 1266 3197 1339 7
3227 1268 3309 1339 de_
3325 1262 3477 1339 γετό.

2720 1328 2902 1409 ipost.
2936 1335 3083 1392 Idem
3112 1338 3254 1408 rpisl.
3292 1328 3392 1409 105
3412 1333 3481 1387 ad

2721 1405 2931 1465 Sixtum
2951 1424 2970 1463 :
2997 1409 3065 1462 Et
3079 1405 3175 1461 cur
3197 1405 3483 1474 providen-

2721 1484 2793 1537 tia
2822 1482 2938 1547 Dei,
2977 1482 3062 1534 cui
3091 1480 3261 1534 nostri
3299 1476 3479 1546 capilli

2727 1553 2985 1608 numerati
3019 1557 3163 1618 sunt,
3188 1552 3306 1603 sine
3326 1561 3480 1616 cuius

2725 1624 3001 1680 voluntate
3042 1636 3147 1676 non
3190 1618 3334 1676 cadit
3362 1631 3486 1686 pas-

2726 1712 2813 1751 ser
2863 1700 2913 1748 in
2957 1705 3175 1757 terram,
3220 1705 3337 1761 quae
3384 1703 3484 1744 nec

2724 1767 2833 1823 fato
2860 1767 3141 1836 premitur,
3172 1778 3273 1836 nec
3302 1761 3480 1817 fortui-

2728 1844 2793 1894 tis
2816 1834 3026 1894 casibus
3050 1834 3357 1907 impeditur,
3386 1846 3484 1907 nec

2728 1911 2832 1965 ulla
2877 1902 3157 1979 iniquitate
3184 1902 3480 1979 corrumpi:

2728 1992 2843 2048 tur,
2901 1973 2987 2034 ιη’
3013 1984 3367 2035 renascantur
3414 1973 3483 2028 ad

2729 2052 3095 2108 haereditatem
3162 2050 3440 2104 caelestem
3465 2083 3483 2112 ,

2727 2141 2834 2179 non
2927 2122 3159 2178 consulit
3234 2118 3485 2174 omnibus

2727 2194 2963 2266 parvulis
2983 2193 3220 2266 tiliortnn
3236 2200 3482 2266 suorum,

2724 2260 2775 2321 et
2795 2265 3063 2320 nonnullis
3079 2261 3311 2319 consulit
3324 2260 3487 2315 etiam

2724 2338 2962 2407 parvulis
2990 2332 3315 2403 impiorum?

2414 2448 2472 2514 S.
2514 2450 2971 2511 FULGENTIUS.

1968 2544 2074 2610 Ubi
2113 2550 2260 2607 enim
2298 2549 2525 2605 duorum
2567 2545 2909 2618 parvulorum
2944 2554 3043 2599 nec
3071 2538 3125 2598 in
3154 2539 3363 2597 actibus
3386 2539 3487 2595 ali-

1898 2662 2004 2717 qua
2035 2654 2164 2701 sunt
2194 2644 2408 2711 merita,
2460 2657 2558 2698 nec
2610 2644 2659 2696 in
2709 2640 2918 2710 origine
2967 2635 3250 2693 dissimilis
3297 2646 3488 2703 causa,

1902 2738 2253 2797 manifestum
2297 2738 2517 2808 quidem
2570 2736 2723 2791 nobis
2771 2744 2856 2789 est
2901 2734 3041 2802 quod
3094 2730 3256 2787 ambo
3295 2728 3491 2785 iuerint

1900 2830 2179 2905 Originalis
2202 2834 2405 2902 peccati
2431 2830 2661 2885 vinculis
2692 2822 2931 2898 obligati,
2960 2824 3233 2880 occultum
3251 2836 3380 2878 vero
3397 2826 3492 2877 cur

1900 2946 2005 2986 nun
2033 2929 2191 2985 ambo
2221 2927 2417 2981 fuerint
2440 2925 2690 2981 absoluti.
2716 2923 2959 2979 Sciamus
2986 2919 3147 2990 igitur
3168 2923 3494 2987 imperscru-

1904 3020 2069 3077 labile
2108 3019 2264 3075 nobis
2300 3031 2423 3074 esse
2450 3031 2547 3073 eur
2572 3030 2683 3071 uno
2711 3014 2973 3071 derelicto
2999 3013 3226 3068 alterum
3260 3010 3401 3065 Dens
3428 3009 3495 3063 ab

1040 3092 1212 3183 quod:
1238 3102 1379 3183 δίηθη
1404 3092 1533 3183 ηυξ
1574 3092 1802 3183 calisjné
1905 3107 1995 3169 illa
2046 3108 2365 3183 perditionis
2409 3122 2587 3165 massa
2617 3107 2786 3179 gratis
2824 3106 3042 3176 eripiat,
3073 3109 3181 3159 etc.
3212 3102 3363 3157 Dicet
3392 3099 3493 3154 aii-

1907 3207 2028 3277 quis
2060 3222 2074 3261 :
2104 3202 2217 3260 Cur
2248 3219 2355 3259 non
2387 3202 2651 3257 ambobus
2684 3197 2907 3269 largitus
2947 3207 3029 3252 est
3076 3192 3335 3251 Dominus
3373 3208 3496 3265 gra-

1835 3277 1883 3351 C
1916 3302 2104 3357 tuitam
2156 3298 2609 3363 misericordiam,
2656 3309 2779 3351 cum
2810 3307 2948 3349 unus
2973 3292 3161 3348 ambos
3194 3299 3375 3346 reatus
3400 3287 3497 3342 ob-

1915 3392 2233 3451 strinxerit?
2277 3392 2399 3457 Cui,
2442 3392 2587 3447 saiva
2620 3384 3067 3459 imperscrutabili
3096 3382 3380 3438 altitudine
3405 3379 3492 3450 ju-

1913 3488 2181 3544 diciorum
2225 3485 2339 3553 Dei,
2392 3483 2802 3555 respondemus,
2834 3481 2956 3537 ideo
2985 3494 3090 3536 non
3118 3487 3407 3557 utrumque
3436 3473 3497 3530 li-

1914 3583 2161 3639 beratum
2208 3581 2295 3638 vel
2338 3588 2624 3650 utrumque
2672 3576 3008 3641 damnatum,
3052 3573 3172 3644 quia
3218 3570 3499 3636 Dominus,

1914 3677 2002 3746 qui
2027 3676 2225 3731 malum
2252 3690 2353 3730 nec
2384 3672 2523 3729 velle
2558 3677 2737 3741 potest
2761 3667 3050 3740 aliquando
3074 3680 3180 3722 nec
3206 3663 3404 3729 facere,
3433 3661 3499 3717 ab

1913 3786 2020 3825 uno
2063 3771 2206 3841 justa
2256 3768 2545 3825 severitate
2584 3766 2823 3822 debitum
2862 3761 3120 3833 praecepit
3147 3759 3312 3829 exigi,
3342 3756 3498 3812 alteri

1914 3881 2042 3920 veru
2069 3864 2228 3934 jussit
2253 3864 2482 3935 gratuita
2534 3862 2773 3916 bonitate
2814 3858 3031 3913 dimitti.
3071 3850 3181 3908 Lib.
3218 3853 3319 3906 Ide
3353 3849 3499 3903 Veri-

1911 3968 2016 4015 tale
2045 3960 2285 4029 prtedest.
2318 3952 2364 4012 et
2386 3965 2544 4026 grat.,
2574 3970 2691 4023 cap.
2710 3950 2965 4009 I5.ldem
3006 3949 3151 4003 docet
3180 3944 3242 4003 S.
3276 3943 3500 4014 Prosper

1910 4061 2089 4108 contra
2109 4049 2373 4123 Ingratos,
2403 4065 2519 4121 cap.
2553 4044 2643 4103 51.

2638 4139 2777 4197 XVI.

2143 4255 2431 4299 CENSORES-

1982 4338 2260 4407 Appellare
2355 4331 2671 4407 cognitiones

1910 4402 2037 4464 illas
2057 4402 2228 4463 rerum
2267 4407 2320 4461 in
2358 4402 2507 4460 verbo
2537 4410 2583 4456 et
2618 4402 2671 4455 in

1908 4481 2123 4554 proprio
2151 4493 2334 4550 genere
2364 4478 2520 4539 diem,
2549 4474 2674 4554 mul-

1911 4547 2249 4621 tiplicareiwe
2330 4564 2390 4603 ea
2470 4547 2673 4621 ratione

1914 4624 2023 4678 dies
2054 4620 2435 4694 comparatione
2457 4620 2675 4694 diverso:

1054 4676 1167 4766 Deo
1221 4678 1436 4766 nolente
1463 4680 1656 4761 salvos
1702 4696 1809 4735 non
1838 4676 2039 4748 Drin}.
2090 4676 2426 4766 obiectorum,
2488 4699 2561 4743 est
2602 4688 2679 4741 uti

1056 4749 1167 4801 lieri
1194 4789 1212 4816 ,
1243 4751 1527 4816 contraria
1551 4766 1672 4807 esse
1709 4767 1813 4806 non

1056 4814 1280 4889 possint.
1312 4818 1482 4891 Epist.
1516 4814 1612 4877 l0?
1640 4824 1704 4877 ad
1734 4818 1818 4877 Vi—

992 4890 1012 4909 ⁶
1056 4891 1241 4958 talem;
1269 4890 1389 4947 item
1416 4909 1533 4959 cap.
1578 4892 1679 4947 105
1709 4892 1820 4948 Ett-

1340 4973 1387 5019 e¢
1446 4982 1561 5037 εαρι
1616 4966 1679 5019 14
1758 4967 1820 5020 de
1922 4966 2356 5032 risimititudinetn

1052 4963 1236 5017 chirid.
1248 5003 1264 5028 ,

1050 5034 1284 5105 Carrept.
1318 5045 1365 5094 et
1394 5034 1533 5109 grai.

575 5156 907 5214 ECCLESIA
946 5154 1445 5215 LUGDUNENSIS.

273 5251 482 5307 Sensus
504 5250 722 5307 illorum
752 5251 1043 5308 verborum
1069 5254 1335 5322 Apostoli,
1353 5253 1546 5323 quibus
1573 5252 1680 5307 ait:
1704 5252 1807 5319 Qui

178 5344 323 5425 'vult
365 5352 539 5399 omnes
588 5345 821 5401 homines
866 5347 1033 5401 salvos
1065 5346 1199 5416 ﬁeri,
1242 5346 1403 5401 etiam
1428 5360 1527 5401 nos
1558 5346 1807 5417 superius

208 5441 783 5513 commemoravimus,
817 5452 869 5497 et
901 5441 1133 5498 ﬁdeliter
1166 5457 1324 5512 posse
1350 5442 1519 5512 accipi
1547 5441 1802 5513 diximus,

205 5534 257 5587 si
296 5542 478 5589 tamen
501 5543 557 5591 et
586 5535 676 5590 ille
706 5550 898 5592 sensus
922 5537 980 5590 Β.
1008 5534 1313 5606 Augustini,
1340 5550 1500 5607 quem
1532 5535 1623 5591 ille
1645 5535 1801 5605 juxta

208 5626 444 5684 alterius
465 5626 661 5685 divina:
687 5628 983 5702 Scriptum
1010 5629 1383 5686 anctoritatem
1415 5629 1697 5701 diligenter
1718 5627 1805 5685 ln-

209 5723 406 5792 quirit,
432 5733 487 5779 et
519 5723 702 5779 multis
732 5739 793 5780 ac
818 5724 1101 5779 veracibus
1128 5723 1303 5779 modis
1334 5722 1576 5793 exponit,
1608 5721 1810 5792 pariter

208 5818 532 5888 recipiatur.
565 5816 675 5873 Nec
703 5826 924 5889 propter
954 5818 1112 5873 istum
1141 5817 1235 5872 ille
1258 5817 1563 5882 damnetur,
1596 5816 1691 5871 sed
1715 5830 1809 5886 po-

209 5910 324 5967 tius
355 5913 568 5982 utrique
598 5911 777 5967 sensui
807 5920 1030 5982 propter
1060 5924 1305 5967 veracem
1339 5916 1393 5965 et
1423 5910 1562 5981 piam
1589 5908 1807 5965 Patrum

1923 4764 2179 4820 voeabulis
2231 4765 2297 4818 ad
2360 4764 2580 4827 libitum,
2634 4770 2679 4812 et

1923 4847 2109 4906 prteter
2140 4837 2366 4890 omnium
2405 4846 2609 4906 sensum
2633 4839 2680 4883 et

1924 4904 2246 4989 bpinionem,‘
2289 4921 2379 4959 nec
2409 4904 2577 4989 ullam.
2606 4918 2681 4955 ve-

2007 4980 2356 5031 imititudinetn
2490 4973 2638 5027 habet
2663 5015 2679 5040 ,

1928 5049 1981 5103 Μ
1990 5066 2160 5119 oysem
2187 5066 2302 5103 cum
2343 5045 2534 5116 populo
2564 5047 2682 5119 rudi

1926 5121 1979 5174 in
2008 5118 2066 5174 ea
2106 5120 2481 5193 signiﬁcatione
2524 5118 2682 5193 fuisse

1918 5188 2172 5258 loculum;
2220 5188 2373 5263 quam
2416 5192 2501 5243 vita
2540 5188 2679 5263 ullus

1914 5266 2076 5335 potuit
2132 5262 2440 5332 excogitare,
2484 5262 2682 5331 excogi-

1915 5344 2175 5407 tatamque
2216 5337 2312 5390 sibi
2350 5336 2674 5406 persuadere.

1918 5407 2090 5472 Quare
2104 5423 2359 5474 exponere
2376 5408 2427 5459 in
2447 5422 2506 5458 eo
2525 5420 2676 5459 sensu

1916 5478 2214 5551 Scripturas
2247 5484 2453 5533 estsane
2501 5491 2674 5529 earum

1916 5551 2271 5604 auctoritatem
2313 5556 2570 5610 enervare,
2630 5556 2675 5600 et

1914 5621 1981 5704 (si
2008 5624 2060 5704 in
2083 5618 2674 5704 itnpugnandaeanct'is-

1912 5688 2029 5748 simi
2067 5688 2553 5761 eminentissimique
2582 5688 2675 5743 do-

1914 5765 2068 5819 ctoris
2091 5765 2151 5819 de
2174 5762 2409 5819 Ecclesia
2459 5772 2503 5815 et
2525 5776 2674 5815 sacra

1916 5837 2174 5909 theoloyia
2190 5846 2345 5909 quam
2360 5834 2674 5909 meritissimi

1915 5903 2180 5978 sententia,
2201 5903 2290 5964 ’ΐᾶδ
2317 5912 2391 5962 est
2410 5906 2484 5959 ita
2507 5903 2674 5975 loqui)

2902 4244 2950 4285 8.
2968 4244 3337 4288 Λυςυστικυο.

2816 4325 3071 4395 Quisquis
3091 4340 3219 4397 ergo
3236 4340 3341 4380 non
3356 4337 3501 4397 eam,

2745 4392 2904 4468 quam
2944 4392 3043 4468 pro
3072 4392 3255 4453 nostro
3284 4392 3503 4451 modulo

2747 4469 2827 4524 vel
2879 4468 3132 4540 indagare
3179 4468 3259 4523 vel
3316 4475 3503 4537 putare

2748 4541 3040 4610 potuimus,
3089 4540 3182 4595 sed
3222 4540 3381 4594 aliam
3419 4553 3503 4593 re-

2744 4614 2913 4684 quirit
2956 4614 3012 4668 in
3051 4612 3263 4668 illorum
3294 4610 3503 4665 dierum

2752 4684 3159 4739 enumeratione
3286 4692 3505 4736 senten-

2750 4756 2901 4816 tiam,
2955 4770 3074 4820 quae
3121 4764 3225 4808 non
3278 4754 3326 4805 in
3382 4756 3505 4820 prb-

2753 4828 2934 4897 pitetia
2952 4824 3194 4895 ﬁgurate,
3214 4822 3395 4897 scding
3408 4825 3505 4877 hac

2752 4892 3119 4952 creaturarum
3182 4892 3506 4949 conditione

2758 4968 2971 5035 proprie
3013 4968 3309 5036 meliusque
3338 4964 3507 5036 possit

2754 5038 3016 5110 intelligi,
3048 5035 3276 5110 “quierat
3324 5035 3505 5110 ειη(Ιί-

2753 5108 2951 5165 vituitus
2992 5108 3207 5178 adjutus
3244 5108 3497 5162 inveniat.

2754 5183 2893 5238 Fieri
2916 5183 3057 5235 enim
3084 5186 3326 5249 putestut
3341 5182 3504 5234 etiam

2752 5269 2851 5323 ego
2871 5254 3029 5307 aliam
3056 5252 3139 5308 his
3166 5250 3500 5306 divinatScri-

2749 5322 2916 5395 plura:
2932 5323 3113 5379 verbis
3125 5322 3505 5394 congruentio-
3552 5366 3559 5373 .

2750 5403 2861 5453 rem
2916 5396 3156 5451 fortassis
3214 5396 3502 5451 inveniam.

2748 5470 2932 5539 Neque
3001 5467 3144 5522 enim
3219 5467 3292 5522 ita
3368 5465 3504 5520 hanc

2749 5542 3032 5607 conﬁrmo,
3080 5546 3142 5594 ιιι
3176 5540 3357 5602 aliam,
3392 5551 3507 5606 qua:

2752 5612 3110 5683 praponenda
3149 5613 3239 5677 sit,
3278 5609 3507 5683 inveniri

2752 5681 2857 5739 non
2937 5697 3094 5753 posse
3160 5681 3502 5753 contendam.

2751 5756 2865 5812 Lib.
2909 5752 2959 5810 tv
3004 5753 3069 5809 de
3112 5754 3241 5809 Gen.
3274 5754 3341 5805 att
3377 5752 3502 5815 litt.,

2747 5846 2861 5897 cap.
2894 5828 2984 5882 ‘28.
3019 5827 3150 5882 Cum
3202 5827 3283 5879 itis
3327 5830 3502 5875 autem

2746 5900 2836 5963 qui
2878 5907 3068 5957 cuncta
3112 5897 3201 5951 illa
3229 5910 3348 5966 quas
3378 5907 3505 5950 vera
