3988 6348
555 350 658 410 839

549 467 772 524 ludibrio
813 471 942 539 forte
980 464 1094 521 eam
1128 479 1301 539 coram

548 534 839 605 inﬁdelibus
880 552 1151 609 exponere.
1178 534 1298 609 Me-

547 611 646 664 rito
668 627 786 680 ergo
807 609 1051 680 sententia
1071 608 1303 680 Augusti-

547 683 602 734 ni
630 683 691 734 ab
720 678 836 734 aliis
863 678 1106 733 Patribus
1131 689 1178 733 et
1207 678 1299 732 do-

545 752 768 805 ctoribus
825 753 1162 805 communiter
1216 765 1298 803 re-
1376 748 1479 804 lam
1507 765 1603 820 per
1623 762 1865 806 sanctum
1886 750 2125 821 Moysem

542 822 804 891 probatur.
1320 890 1323 891 ν
1374 821 1573 876 editam
1614 833 1852 877 sanctam
1897 823 2125 891 scriptu-

543 908 655 946 ram
689 902 855 957 tuam,
899 901 952 947 et
995 902 1172 948 tamen
1205 890 1360 947 nobis
1386 892 1586 962 aliquid
1617 890 2015 955 contradicunt,
2046 893 2118 947 ita

547 963 777 1032 loquor:
812 964 891 1018 Tu
922 972 1040 1019 esto
1088 964 1229 1018 Deus
1278 971 1460 1017 noster
1498 963 1697 1019 arbiter
1734 965 1875 1019 inter
1913 964 2123 1018 confes-

547 1034 723 1088 siones
772 1050 921 1088 meas
976 1046 1032 1088 et
1083 1033 1535 1088 contradictiones
1607 1050 1817 1088 eorum.
1875 1034 1993 1088 Lib.
2046 1048 2121 1088 stt

1921 1035 1993 1090 ib.
2046 1048 2121 1089 sn

1376 535 1726 603 honorantes,
1741 549 1795 593 et
1817 540 1870 598 in
1893 540 2127 593 culmine

1376 676 1580 733 hiscum
1627 684 2013 735 constituentes
2060 680 2127 734 il-

543 1034 723 1088 siones
772 1050 921 1089 meas
976 1046 1032 1089 et
1083 1033 1535 1090 contradictiones

534 1103 793 1178 Confusa,
820 1122 934 1175 cap.
968 1106 1055 1159 16.

1126 1199 1185 1254 S.
1229 1200 1531 1257 THOMAS.
2109 1214 2120 1241 δ

606 1290 808 1347 Harum
840 1292 1001 1364 igitur
1047 1294 1445 1363 expositionem
1482 1278 1660 1363 prima
1696 1293 1915 1365 (scilicet
1944 1295 2120 1366 Augu-

535 1386 684 1456 stini)
706 1392 790 1441 est
812 1386 1081 1451 subtilior,
1109 1387 1281 1457 magis
1301 1387 1367 1442 ab
1390 1387 1638 1442 irrisione
1659 1387 1949 1442 inﬁdelium
1968 1387 2117 1443 Scri-

530 1488 713 1549 pturas
736 1480 1053 1535 defendens.
1086 1480 1333 1536 Secunda
1358 1496 1485 1535 vero
1511 1481 1724 1552 (scilicet
1751 1483 1969 1535 aliorum
1996 1498 2117 1535 san-

533 1572 755 1642 ctorum)
776 1581 858 1627 est
882 1572 1109 1642 planior,
1141 1582 1195 1626 et
1220 1574 1388 1643 magis
1410 1573 1587 1627 verbis
1616 1573 1828 1640 litterae,
1857 1583 2113 1643 quantum

535 1663 603 1718 ad
626 1664 963 1734 superﬁciem
996 1679 1266 1730 consona;
1298 1665 1420 1734 quia
1445 1675 1618 1719 tamen
1651 1675 1838 1719 neutra
1865 1681 2049 1721 earum
2081 1681 2113 1719 a

528 1757 753 1811 veritate
782 1756 902 1812 ﬁdei
936 1757 1227 1823 discordat,
1258 1767 1312 1812 et
1338 1766 1622 1827 utrumque
1642 1771 1856 1813 sensum
1886 1759 2113 1814 circum—

1607 1050 1790 1091 eorum
1803 1075 1817 1091 ο

1437 349 1998 411 SUPPLEMENTUM
2039 349 2131 406 AD
2167 348 2398 407 OPERA
2435 349 2496 405 S.
2537 347 2927 407 AUGUSTINI.

1374 474 1500 521 sunt
1512 466 1642 521 falsa
1655 482 1776 523 esse
1791 484 1899 523 non
1918 467 2123 531 dicunt,
2152 466 2207 527 Α

1376 608 1661 677 sequendae
1688 610 2021 664 auctoritatis
2044 622 2131 664 no-

3721 349 3829 403 840

2742 465 2799 521 S.
2843 457 3297 520 PRUDENTIUS.

2306 555 2471 625 Hujus
2513 556 2593 611 rei
2640 556 2792 611 testis
2821 564 2906 610 est
2946 563 3163 610 sanctus
3205 554 3430 609 antistes
3468 553 3827 627 Fulgentius,

2230 648 2324 718 qui
2349 663 2512 719 super
2546 649 2665 715 hoc,
2696 658 2801 705 etc.
2826 648 2987 703 Certe
3017 647 3063 702 si
3094 646 3238 701 nulla
3284 645 3438 701 nobis
3465 646 3570 700 alia
3596 659 3709 701 aut
3730 660 3828 699 au-

2230 745 2450 800 ctoritas
2499 754 2590 799 aut
2621 744 2759 799 ratio
2802 742 3187 813 suppeditaret,
3239 741 3386 797 solus
3428 742 3515 797 ille
3567 741 3827 797 nobisin

2234 839 2391 909 hujus
2421 839 2689 895 sermonis
2716 837 3071 908 intelligentia
3104 837 3355 893 sufﬁcere
3391 845 3624 906 poterat,
3662 836 3827 904 cujus

2225 932 2471 988 doctrina
2521 941 2682 1001 atque
2722 930 2948 986 scientia
2979 936 3126 983 tanto
3167 930 3220 983 in
3268 928 3529 984 catholica
3561 925 3823 984 Ecclesia

2193 1071 2196 1075 .
2224 1024 2432 1079 honore
2472 1032 2528 1078 et
2563 1036 2748 1078 amore
2775 1020 3068 1093 convaluit,
3099 1030 3154 1074 ut
3177 1021 3243 1076 de
3272 1020 3415 1076 illius
3438 1022 3667 1092 scriptis
3702 1023 3826 1077 nul-

2223 1118 2307 1171 lus
2348 1131 2581 1187 unquam
2642 1115 3005 1179 dubitaverit,
3050 1114 3228 1168 nullus
3271 1114 3605 1185 derogaverit
3633 1155 3651 1179 ,
3709 1123 3822 1171 etc.

2225 1209 2407 1264 Testis
2443 1216 2527 1262 est
2565 1207 2722 1261 etiam
2755 1213 2973 1261 sanctus
2996 1205 3262 1274 {Prospen
3292 1204 3373 1259 vir
3402 1206 3451 1260 in
3482 1206 3635 1260 omni
3670 1204 3823 1260 litte-

2222 1316 2406 1355 rarum
2438 1299 2741 1355 eruditione
2775 1299 3117 1353 doctissimus
3146 1312 3208 1352 ac
3234 1296 3678 1365 facundissimus,
3732 1298 3822 1369 qui

2224 1393 2498 1449 Gallorum
2539 1393 2870 1462 aliorumque
2914 1391 3223 1460 sequacium
3263 1390 3628 1458 impudentiis,
3666 1400 3730 1446 et
3757 1391 3819 1444 li-

2220 1490 2332 1544 bris
2358 1488 2586 1543 ﬁdeliter
2615 1486 2794 1551 editis,
2842 1494 2898 1542 et
2938 1483 3166 1540 Romani
3197 1484 3463 1554 pontiﬁcis
3491 1485 3685 1540 edicto
3720 1500 3816 1540 sus

2220 1583 2475 1638 instantia
2523 1580 2808 1649 impetrato
2856 1588 3218 1649 propugnator
3242 1577 3557 1633 fortissimus
3575 1593 3645 1635 ac
3672 1578 3812 1633 ﬁde-

2221 1662 2459 1730 lissimus
2496 1672 2748 1729 obviavit.
2796 1672 3024 1727 Proinde
3074 1671 3428 1741 impudentior
3458 1672 3680 1727 caeteris
3731 1671 3812 1725 tui

2220 1769 2483 1824 similibus
2514 1766 2879 1837 comprobaris
2903 1809 2919 1834 ,
2948 1755 3060 1836 'qui
3088 1780 3209 1821 cum
3242 1780 3429 1820 eorum
3474 1765 3816 1821 venerabilia

532 1850 723 1903 stantia
756 1848 948 1905 litterae
978 1851 1208 1920 patitur,
1260 1850 1381 1905 ideo
1413 1866 1479 1905 ne
1512 1853 1685 1905 neutri
1719 1850 1907 1906 harum
1944 1867 2110 1923 expo-
2140 1865 2188 1926 Β
2215 1863 2413 1932 scripta
2444 1861 2659 1931 legeris,
2691 1860 2962 1931 quippiam
3011 1872 3169 1915 secus
3196 1872 3357 1914 ausus
3400 1872 3457 1914 es
3489 1860 3813 1913 mussime-

529 1941 787 1997 sitionum
836 1943 1239 2014 prmjudicetur,
1295 1954 1575 2015 utramque
1614 1946 1918 2014 opinionem
1950 1947 2114 2001 susti-

525 2043 757 2100 nentes,
822 2037 1103 2106 utriusque
1165 2036 1463 2091 rationibus
1520 2039 1951 2107 respondendum
2006 2048 2107 2094 est.

531 2125 730 2192 Quaest.
779 2128 970 2198 disput.
1013 2146 1063 2199 q.
1092 2129 1147 2197 4,
1190 2130 1255 2183 de
1297 2132 1530 2184 materia:
1568 2132 1802 2202 informis
1832 2134 2107 2201 creatione,

525 2228 624 2273 art.
647 2218 703 2273 2.

1238 2313 1399 2369 XVII.

1482 2421 1528 2462 8.
1555 2424 1605 2462 Ρ.
1639 2422 1975 2464 AUGUSTINUS.

1429 2499 1564 2567 Quid
1589 2516 1943 2570 responsurus
1962 2502 2107 2556 sum?

522 2565 777 2654 auxilium
816 2565 1080 2649 sufﬁciens
1109 2569 1287 2654 a‘liq‘ui-
1357 2565 2102 2654 Audituruse'snugustinum,

522 2639 613 2691 bus
638 2638 900 2711 denegari,
926 2650 1074 2706 atque
1095 2639 1158 2692 ab
1180 2641 1285 2693 Au-
1360 2644 1449 2710 qui
1494 2657 1598 2697 non
1649 2638 1843 2697 audisﬁ
1875 2638 2105 2711 Apostoé

523 2709 730 2777 gustino
754 2710 972 2779 aliisque
998 2711 1133 2763 idem
1163 2726 1281 2763 sen-
1360 2709 1466 2767 lum
1498 2716 1762 2769 dicentem
1792 2733 1803 2767 :
1855 2714 1899 2768 ο
1920 2709 2072 2769 homo
2087 2717 2108 2770 .'

520 2779 755 2855 tientibus
797 2790 963 2855 petere
1008 2797 1275 2851 possumus
1352 2794 1426 2849 tu,
1465 2785 1579 2855 quis
1602 2802 1655 2839 es
1685 2787 1771 2855 qui
1798 2791 2107 2854 respondeas

522 2850 779 2927 undenatn
820 2852 974 2927 hujus
1002 2855 1276 2927 uoluntatis
1351 2850 1668 2927 Deo'Uiom.
1697 2850 1792 2920 'tx,
1834 2850 1962 2926 20)?
1994 2858 2107 2911 Duo

520 2918 616 2974 Dei
638 2918 1031 2991 certiores’jacti
1064 2924 1272 2993 fuerint.
1350 2918 1552 2993 parvoli
1578 2927 1685 2980 nali
1708 2918 1853 2993 sunt,
1883 2918 1925 2981 si
1954 2928 2106 2983 debi-

1358 3009 1468 3051 tum
1491 2999 1893 3067 quieras,ambo
1924 3008 2105 3055 tenent

519 3076 750 3118 massam
789 3064 1128 3141 perditionis,
1179 3075 1297 3141 etc._
1328 3070 1431 3123 Sed
1478 3064 1624 3121 habet
1661 3070 1854 3138 ﬁgulus
1889 3068 1980 3122 luti
2020 3088 2105 3141 po-

521 3144 749 3209 testatem
775 3153 838 3190 ea:
866 3137 1042 3189 eadem
1074 3154 1242 3209 massa
1273 3139 1439 3207 facere
1464 3141 1606 3192 aliud
1642 3137 1730 3194 uas
1760 3142 1810 3192 in
1838 3137 2102 3209 honorem,

520 3204 751 3281 aliudin
788 3209 1147 3281 contumeliam
1189 3204 1356 3278 (Ibid.
1401 3210 1520 3279 2i).
1572 3211 1852 3281 Disputare
1882 3212 1961 3266 vis
1991 3204 2103 3268 me;

519 3278 686 3330 cum?
716 3276 826 3329 lmo
848 3279 1047 3333 mirare
1073 3276 1302 3346 mecbm,
1336 3287 1391 3334 et
1411 3276 1650 3335 exclama
1668 3276 1895 3337 'mecum
1921 3300 1933 3335 :
1970 3283 2014 3335 0
2034 3284 2104 3337 al-

521 3347 686 3422 titudo
725 3349 1233 3421 divitiarum_(Rom.
1276 3352 1476 3422 ιι,55).
1509 3352 1684 3407 Serm.
1734 3354 1792 3405 ll
1835 3354 1903 3409 de
1939 3353 2097 3411 Verb.

522 3416 714 3485 Apost.

1088 3492 1146 3549 S.
1189 3492 1520 3549 PROSPER.

594 3579 672 3635 Eo
702 3578 820 3650 ipso
852 3588 1093 3652 tempore
1122 3600 1228 3653 quo
1261 3586 1326 3640 ad
1356 3602 1545 3643 omnes
1574 3597 1764 3659 gentes
1793 3591 2102 3661 praedicatio

523 3668 797 3743 Evangelii
849 3674 1176 3743 mittebatur,
1226 3679 1467 3747 quaedam
1504 3680 1620 3736 loca
1659 3677 1918 3751 apostolis
1953 3686 2101 3743 adire

519 3762 901 3829 prohibebatur
925 3765 992 3821 ab
1012 3782 1080 3823 eo
1104 3768 1194 3837 qui
1225 3769 1329 3821 vult
1350 3786 1520 3825 omnes
1548 3770 1775 3828 homines
1798 3775 1967 3830 salvos
1992 3776 2103 3845 ﬁeri

518 3862 567 3909 et
594 3871 662 3907 aa
693 3858 1001 3926 agnitionem
1029 3861 1257 3916 veritatis
1290 3865 1479 3918 venire.
1512 3866 1693 3922 Multis
1725 3870 1906 3939 utique
1937 3871 1988 3924 in
2013 3871 2102 3927 illa

517 3948 806 4003 retardatis
849 3959 1009 4020 atque
1055 3954 1260 4008 aversis
1308 3954 1581 4027 Evangelii
1624 3973 1774 4014 mora
1805 3961 1923 4016 sine
1950 3963 2099 4032 agni-

521 4037 665 4094 tione
704 4041 970 4107 veritatis,
1001 4056 1056 4099 et
1079 4044 1196 4101 sine
1222 4050 1643 4117 regenerationis
1691 4054 2101 4109 consecratione

522 4132 819 4186 morituris.
864 4133 1019 4190 Dicat
1055 4150 1185 4207 ergo
1234 4137 1507 4208 Scriptura
1550 4142 1691 4211 quod
1738 4154 1947 4213 gestum
1979 4155 2098 4200 est:

523 4219 866 4280 Transeuntes
916 4240 1106 4295 autem,
1164 4232 1358 4301 inquit,
1406 4232 1690 4305 Phrygiam
1715 4246 1762 4290 et
1785 4236 2003 4293 Galatia:
2021 4255 2104 4295 re-

516 4315 717 4384 gionem
757 4321 900 4374 uetiti
929 4332 1048 4375 sunt
1074 4336 1304 4379 asancto
1344 4326 1547 4396 Spiritu
1600 4329 1741 4397 loqui
1789 4331 2001 4385 verbum
2049 4334 2104 4386 in

520 4411 662 4466 Asia.
698 4412 827 4468 Cum
854 4417 1105 4472 venissent
1133 4429 1299 4474 autem
1322 4422 1373 4474 in
1395 4420 1638 4492 Mysiam,
1663 4424 1919 4479 tentabant
1947 4427 2020 4480 ire
2050 4428 2105 4480 in

526 4504 839 4577 Bithyniam,
868 4520 918 4564 et
942 4526 1044 4565 non
1086 4515 1313 4581 permisit
1340 4516 1457 4570 illos
1488 4517 1718 4585 Spiritus
1739 4516 1885 4585 Iesu,
1918 4530 2021 4576 etc.
2046 4520 2103 4573 In

758 2418 1043 2459 CENSORI-IS.

599 2494 807 2567 Temere
910 2496 1285 2567 afﬁrmabimus

517 4600 682 4702 epist.
726 4602 794 4657 ad
833 4601 1111 4659 Ruﬁnum.
1165 4604 1310 4662 Idem
1359 4607 1517 4663 docet
1550 4611 1599 4664 in
1630 4624 1751 4681 cap.
1802 4612 1864 4667 H
1910 4620 2098 4667 contra
2126 4641 2179 4702 Β

516 4693 757 4767 Ingratos
782 4715 795 4751 :

644 4787 841 4859 2..ι-Βία
864 4789 999 4859 unde
1021 4792 1202 4859 probes
1225 4795 1350 4857 quod
1377 4800 1535 4859 gratia
1558 4796 1735 4847 Christi

2130 3250 2176 3313 (ζ
2208 3256 2323 3310 cap.
2356 3240 2449 3308 12,
2490 3248 2615 3296 tam.
2649 3239 2742 3295 VII

2219 1958 2330 2013 Lib.
2364 1957 2425 2011 de
2452 1954 2727 2023 Prtedest.,
2756 1971 2870 2025 cap.
2907 1953 2996 2007 il.

2940 2044 3083 2100 XIX.

3265 2154 3410 2194 "DEI
3440 2137 3583 2191 alibi.

3111 2208 3311 2265 Contra
3332 2211 3693 2279 Augustinum
3722 2222 3814 2276 ps-

3042 2296 3158 2334 rum
3182 2282 3421 2335 modeste
3439 2282 3689 2346 loquntur
3710 2280 3811 2333 (la-

3043 2350 3305 2417 tberinus,
3336 2360 3389 2407 et
3417 2353 3469 2406 in
3496 2351 3645 2405 illius
3679 2365 3809 2404 sen-

3042 2422 3263 2477 tentiam
3300 2438 3396 2476 suo
3444 2422 3606 2475 modo
3646 2420 3811 2474 intel-

3039 2492 3230 2563 lectam
3272 2494 3570 2563 procaciter
3607 2492 3806 2547 fertur.

3040 2562 3195 2620 Item.
3239 2562 3297 2619 In
3351 2566 3449 2618 hoc
3489 2563 3808 2633 turpissime

3031 2642 3181 2692 certe
3232 2635 3552 2690 Catherinus
3616 2635 3807 2702 lapsus

2210 2719 2295 2764 est
2341 2710 2484 2780 quod
2533 2723 2640 2763 non
2676 2707 2983 2777 intelligens
3027 2714 3258 2780 mentem
3280 2705 3587 2777 Augustini,
3618 2704 3803 2774 ipsum

2210 2777 2547 2851 impudenter
2577 2782 2855 2850 impugnat
2888 2789 2942 2833 et
2970 2777 3238 2849 reprobat.

2714 2870 2784 2941 ,s.
2833 2868 3294 2926 AUGUSTINUS.

2277 2962 2558 3029 Quomodo
2605 2976 2815 3032 sperem
2863 2969 2916 3016 te
2954 2960 3261 3016 auditurum
3307 2975 3429 3016 esse
3468 2959 3615 3032 quod
3655 2959 3800 3024 dico,
3880 3036 3885 3041 .

2206 3055 2298 3123 qui
2325 3062 2432 3108 tam
2463 3054 2515 3108 in
2549 3053 2794 3122 proximo
2823 3066 2927 3107 non
2959 3052 3111 3107 audis
3150 3052 3265 3122 ipse
3289 3051 3434 3123 quod
3461 3052 3623 3122 dicis,
3669 3051 3801 3109 dum

2208 3147 2304 3202 tibi
2330 3147 2586 3203 continuo
2613 3146 2974 3203 contradicis?
2999 3147 3115 3203 Lib.
3163 3164 3199 3205 tt
3229 3156 3410 3203 contra
3439 3148 3799 3215 Cresconium,

2452 2155 2734 2197 CENSORES.

2290 2213 2478 2267 Verum
2502 2214 2675 2282 opinio
2700 2210 2971 2281 Augustini

2215 2285 2309 2338 hoc
2334 2285 2485 2337 modo
2506 2284 2762 2337 intellecta
2788 2282 2971 2335 theolo-

2212 2358 2290 2427 gis
2316 2355 2662 2427 scholasticis
2702 2355 2817 2427 jam
2868 2369 2970 2406 non

2210 2425 2478 2497 probatur,
2514 2436 2560 2478 et
2588 2425 2791 2497 merito,
2819 2440 2883 2477 ea:
2909 2440 2969 2477 ea

2210 2495 2345 2550 enim
2387 2498 2633 2567 cogimur,
2655 2495 2877 2549 incidere
2912 2499 2968 2548 in

2210 2566 2509 2623 sententiam
2539 2566 2759 2636 Pelagii.

2936 3331 3057 3390 XX.

2443 3438 2728 3481 CENSOBBS.
3206 3442 3253 3481 S.
3280 3441 3625 3484 AUGUSTINUS.

2276 3495 2409 3549 Mihi
2455 3498 2508 3549 in
2537 3496 2634 3548 hac
2681 3502 2828 3566 parte
2865 3512 2966 3551 non
3028 3559 3033 3563 _

2204 3569 2451 3637 probatur
2488 3565 2723 3621 doctrina
2759 3565 2821 3620 B.
2862 3569 2968 3621 Au-

2204 3639 2422 3710 gustini,
2454 3648 2583 3710 etc.,
2617 3637 2706 3710 sed
2736 3641 2965 3693 existimo

2204 3708 2353 3763 aliter
2391 3708 2861 3780 philosophandum
2905 3713 2967 3764 de

2207 3780 2377 3845 donis,
2408 3795 2522 3847 qua:
2548 3781 2601 3833 in
2624 3781 2821 3834 Adatno
2851 3798 2967 3849 per-

2206 3852 2449 3905 didimus.

3110 3496 3164 3551 Si
3203 3508 3378 3554 autem
3434 3502 3537 3555 hoc
3595 3499 3803 3568 adjuto-

3041 3568 3175 3623 rium
3208 3573 3286 3625 vel
3337 3571 3527 3639 angelo
3573 3573 3656 3624 vel
3706 3573 3801 3624 lio-

3042 3640 3191 3705 mini,
3238 3656 3357 3695 cum
3414 3644 3646 3709 primum
3680 3642 3803 3696 facti

3040 3722 3183 3779 sunt,
3226 3711 3504 3779 defuisset,
3544 3713 3797 3781 quoniam

3038 3797 3145 3837 non
3179 3784 3297 3837 talis
3330 3792 3519 3838 natura
3573 3787 3710 3837 facta
3746 3798 3803 3837 e-

642 4848 839 4927 gull‘um
861 4848 1057 4927 omnino
1078 4848 1320 4906 hominem
1340 4848 1407 4907 de
1429 4862 1616 4927 cunctis
1634 4862 1717 4927 qui
1741 4867 2066 4927 generantur,

640 4911 934 4984 Praetereat,
960 4917 1038 4984 cui
1063 4930 1158 4984 non
1183 4931 1391 4980 regnum
1415 4911 1665 4984 vitamque
1694 4911 1887 4972 beatam

640 4973 1047 5047 Impertirejvelit
1072 4980 1095 5047 ‘l
1119 4978 1222 5047 Nec
1242 4973 1373 5030 Enim
1398 4983 1475 5033 vel
1501 4973 1725 5045 tempore
1751 4994 1915 5036 nostro

582 5072 595 5087 .
638 5035 880 5109 Qnipibug
905 5042 953 5086 in
979 5043 1125 5109 terris
1139 5043 1233 5102 jam
1257 5051 1445 5109 certum
1470 5054 1547 5095 est
1568 5035 1863 5097 itislnuatum

635 5096 812 5164 Qbristi
840 5096 1172 5164 Evangeliuui,
1203 5116 1266 5153 ne
1289 5104 1445 5155 dicam
1480 5109 1679 5157 exordia
1701 5109 1820 5158 doni

640 5158 745 5210 Non
770 5158 998 5224 potuisse
1012 5158 1168 5215 simul
1179 5172 1280 5216 toto
1303 5169 1571 5219 decurrere
1591 5172 1788 5220 mundo.

3038 3864 3139 3931 rat,
3189 3865 3242 3909 ut
3273 3854 3391 3909 sine
3432 3856 3618 3909 divino
3647 3854 3801 3931 adjuf

3040 3929 3177 3980 torio
3239 3935 3418 3994 posset
3479 3940 3703 3980 manere
3755 3929 3798 3978 si

2208 3993 2399 4058 vellet,
2453 4008 2558 4067 non
2601 3994 2785 4067 utique
2847 4010 2943 4050 sua
2989 3997 3144 4067 culpa
3202 3993 3557 4061 cecidissent;
3604 3998 3800 4065 adjuto-

2206 4067 2344 4118 rium
2383 4065 2580 4132 quippe
2625 4065 2908 4133 defuisset,
2958 4065 3227 4136 sinequo
3254 4083 3471 4123 manere
3522 4083 3631 4122 non
3672 4082 3793 4136 pos-

2208 4145 2351 4190 sent.
2380 4136 2531 4189 Nunc
2559 4147 2736 4190 autem
2767 4138 2961 4207 quibus
2990 4142 3145 4195 deest
3181 4138 3285 4194 tale
3311 4138 3661 4207 adjutorium,
3686 4138 3797 4207 jam

2210 4221 2367 4276 poena
2420 4208 2622 4276 peccati
2654 4216 2755 4262 est.
2784 4206 2897 4262 Lib.
2944 4210 3007 4264 de
3039 4210 3269 4281 Corrept.
3298 4218 3345 4264 et
3370 4206 3530 4281 grat.,
3565 4206 3795 4279 εαρέίί.

2641 4303 2701 4359 S.
2732 4301 3183 4358 INNOCENTIUS
3211 4316 3367 4371 papa.

2284 4394 2535 4451 Liberum
2561 4396 2703 4451 enim
2731 4395 3008 4450 arbitrium
3032 4395 3125 4451 ille
3152 4398 3367 4467 (nempe
3388 4396 3552 4451 homo
3574 4395 3794 4466 primus)

2211 4504 2518 4559 perpessus,
2571 4488 2697 4543 dum
2737 4488 2851 4543 suis
2897 4490 3251 4545 inconsultius
3295 4489 3462 4544 utitur
3510 4490 3674 4555 bonis,
3705 4503 3793 4543 ca-

2208 4582 2342 4638 dens
2380 4581 2435 4635 in
2480 4580 2939 4650 praevaricationis
2984 4580 3242 4651 profunda
3292 4581 3575 4639 demersus
3606 4592 3702 4650 est,
3733 4590 3791 4635 et

2208 4674 2342 4728 nihil
2374 4674 2825 4744 quemadmodum
2857 4674 3050 4730 exinde
3078 4688 3369 4745 exsurgere
3420 4683 3618 4743 posset,
3647 4679 3791 4728 inve-

2206 4767 2307 4833 nit,
2338 4782 2544 4837 suaque
2572 4767 2626 4822 in
2651 4776 2912 4822 aeternum
2938 4766 3186 4822 libertate
3217 4766 3475 4835 deceptus
3504 4766 3656 4835 hujus
3678 4765 3790 4819 rui-

2206 4874 2275 4912 na
2318 4857 2583 4929 jacuisset
2620 4872 2931 4928 oppressus,
2970 4858 3071 4913 nisi
3118 4872 3242 4913 eum
3290 4867 3413 4927 post
3458 4857 3647 4912 Christi
3691 4869 3786 4924 pro

2205 4968 2301 5010 sua
2332 4954 2505 5023 gratia
2534 4955 2827 5009 relevasset
2860 4954 3146 5035 adventus,
3176 4963 3277 5009 etc.
3312 4952 3379 5007 In
3408 4954 3559 5023 epist.
3590 4954 3650 5007 ad
3681 4952 3788 5006 Pa-

2205 5058 2304 5104 tres
2332 5049 2536 5104 concilii
2572 5047 3015 5121 Carthaginensis.

2936 5140 3079 5197 XXI.

592 5242 755 5313 (Lege
782 5247 941 5315 epist.
973 5250 1286 5320 synodicam
1320 5250 1424 5307 PP.
1451 5251 1850 5319 Africanorum,
1878 5268 1928 5309 c.
1946 5254 2027 5327 9.)

1217 5340 1399 5399 XVIII.

751 5446 1039 5488 CENSORES.
1508 5452 1555 5492 ε.
1590 5453 1935 5496 AUGUSTINUS.

565 5494 759 5582 Fateor
774 5504 1274 5582 sanesuspeflamihi
1415 5507 1575 5582 Nune
1589 5509 1641 5563 in
1662 5494 2098 5582 (familiarissimis

520 5585 638 5655 esse,
681 5574 982 5655 testimonia
1026 5574 1274 5655 Prosperi
1346 5580 1777 5655 meisusimililer
1820 5599 1925 5636 non
1975 5599 2100 5638 sen-

521 5651 567 5725 et
588 5640 869 5725 [fulgentia
900 5640 1273 5725 quoddiligen-
1351 5652 1603 5725 .ientibus
1630 5668 1713 5725 me
1730 5654 1838 5723 jatn
1863 5655 2097 5708 vulnera-

520 5719 710 5795 tissimi
732 5722 793 5795 et.
821 5719 1129 5795 citatissimi
1167 5722 1273 5772 Au-
1349 5723 1436 5787 tis,
1469 5719 1831 5795 torquetisque
1861 5728 2097 5780 sentien-

519 5785 711 5852 gustini
739 5784 978 5855 discipuli
1008 5789 1125 5842 sint.
1348 5784 1472 5847 tem.
1508 5784 1623 5846 Lib.
1657 5796 1721 5847 de
1741 5784 1955 5851 Duabus
1978 5799 2095 5852 Ani-

1348 5863 1545 5931 mabus,
1566 5880 1684 5933 cap.
1711 5863 1799 5919 H.

2447 5250 2733 5292 CENSORI-IS.

2279 5307 2594 5377 Augustinus
2656 5308 2966 5377 argumentis

2207 5378 2369 5431 victus
2411 5393 2596 5431 novam
2636 5379 2966 5448 praedestina-

2209 5449 2363 5502 tionis
2394 5448 2612 5515 formam
2639 5451 2825 5504 invexit
2853 5460 2966 5519 post

2206 5519 2411 5584 lapsum
2526 5519 2746 5574 hominis
2862 5537 2966 5575 non

2207 5590 2403 5657 ﬂuxam
2435 5594 2606 5659 quoad
2646 5599 2870 5645 eventum
2915 5601 2965 5645 et

2205 5661 2591 5731 inconstantem,
2650 5663 2839 5731 quippe
2900 5679 2964 5717 ex

2206 5730 2363 5805 libero
2384 5732 2612 5795 arbitrio,
2637 5730 2726 5786 sed
2755 5730 2817 5787 ea:
2842 5749 2961 5805 gra-

2205 5801 2276 5855 tia
2297 5809 2487 5858 certam
2512 5804 2682 5871 potius
2703 5813 2751 5858 et
2776 5801 2958 5859 ratam.

3202 5251 3249 5292 S.
3284 5253 3624 5296 AUGUSTINUS.
3770 5279 3783 5287 ς

3111 5308 3406 5366 Didicimus
3438 5315 3579 5367 enim
3612 5310 3783 5378 singu-

3038 5381 3115 5435 las
3157 5396 3396 5451 quasque
3438 5384 3657 5437 hatreses
3700 5383 3805 5432 in»

3038 5451 3225 5507 tulisse
3268 5453 3524 5508 Ecclesiae
3556 5452 3780 5521 proprias

3035 5524 3382 5591 quarstiones,
3436 5536 3616 5579 contra
3656 5536 3779 5590 quas

3040 5594 3347 5663 diligentius
3421 5596 3783 5649 defenderetur

3038 5664 3315 5733 Scriptura
3364 5666 3547 5721 divina
3562 5705 3579 5732 ,
3631 5678 3779 5731 quam

3036 5736 3083 5789 si
3138 5737 3280 5790 nulla
3333 5738 3455 5792 talis
3506 5736 3779 5792 necessitas

3036 5815 3269 5877 cogeret.
3303 5807 3441 5875 Quid
3466 5818 3633 5863 autem
3658 5818 3776 5858 ’δοες

3035 5877 3109 5947 git
3171 5878 3289 5935 loca
3360 5879 3726 5949 Scripturarun:
3750 5914 3767 5937 ,
