3988 6348
209 388 310 442 8M

1424 384 1747 442 νιΝθιοιιΕ
1786 384 2349 446 ΑυΟυδΤΙΝΙΑΝᾸΕ.

3388 393 3494 449 842

208 509 404 585 quibus
451 509 853 585 prtedestinatio
897 509 1283 585 commendata
1319 516 1423 585 est,
1455 509 1723 585 copiosius
1750 512 1884 585 etA
1908 512 2189 581 prtemium
2236 512 2554 571 vocationis.
2590 512 2655 568 In
2706 512 3001 585 fragmento
3042 512 3194 584 epist.
3238 510 3307 567 ad
3358 512 3498 572 Hin-

206 579 544 636 enucleatius
592 579 700 637 isto
749 590 933 638 nostro
965 582 1149 638 labore
1192 579 1453 646 defendi,
1505 583 1606 637 nisi
1661 580 1806 649 quod

204 651 698 725 Pelagianidicunt
738 654 965 725 gratiam
1014 652 1109 709 Dei
1152 653 1443 725 secundum
1486 654 1675 709 merita
1709 667 1807 708 no-

167 742 171 745 ‘
204 734 323 781 stra
344 719 505 779 dari?
532 719 647 779 Lib.
680 719 920 779 de'Dono
950 741 1171 797 penem,
1195 741 1310 796 cap.
1340 724 1432 782 20.

935 819 1103 876 XXII.

449 927 738 973 CENSORES.
1213 930 1260 970 8.
1292 930 1633 972 AUGUSTINUS.

282 990 600 1061 Augustinus
754 989 971 1058 primus,
999 1008 1015 1017 ·
1072 1059 1081 1061 _
1119 989 1196 1061 Ac
1218 1002 1311 1061 per
1326 990 1433 1061 hoc
1454 988 1808 1061 praedestina-

204 1061 349 1142 quod
369 1057 549 1141 'sciam.
571 1060 703 1142 inter
732 1057 974 1130 antiquos
1047 1059 1208 1142 tionis
1245 1057 1406 1128 hujus
1458 1059 1642 1142 ﬁdem,
1679 1074 1808 1142 qua:

205 1130 263 1185 in
300 1132 451 1186 ueteri
478 1130 647 1201 spatio
687 1148 868 1185 novam
897 1147 976 1183 se—
1046 1138 1234 1185 contra
1303 1145 1468 1185 novos
1527 1132 1809 1186 hmreticos

206 1205 392 1257 mitam
436 1201 646 1268 invenit,
712 1220 840 1259 nova
879 1203 972 1256 im-
1046 1217 1181 1258 nova
1249 1201 1613 1258 sollicitudine
1668 1217 1810 1258 nunc

206 1275 393 1345 pressit
416 1275 648 1346 vestigia.
1044 1271 1369 1346 defenditur,
1403 1289 1676 1343 nunquam
1708 1274 1809 1329 Ec-

1045 1346 1210 1402 clesia
1235 1343 1434 1399 Christi
1460 1360 1566 1399 non
1598 1347 1806 1399 habuit.

715 1418 832 1474 Lib.
862 1418 925 1472 de
957 1418 1105 1473 Dono
1127 1432 1344 1489 persev.,
1368 1415 1424 1469 in
1450 1416 1553 1486 ﬁne
1570 1432 1686 1485 cap.
1713 1416 1806 1472 25.

727 1534 783 1590 S.
819 1531 1273 1589 FULGENTIUS.

279 1649 388 1707 Nos
431 1648 633 1720 itaque,
657 1648 1000 1715 charissime,
1035 1648 1151 1703 haec
1182 1648 1397 1705 interim
1428 1663 1600 1720 pauca
1634 1648 1703 1704 de
1740 1648 1808 1704 li-

206 1742 327 1799 bris
377 1743 549 1799 sancti
596 1740 915 1813 Augustini,
971 1741 1138 1797 etde
1188 1742 1631 1812 responsionibus
1680 1741 1811 1798 Pro-

208 1837 355 1908 speri
396 1837 464 1892 ad
516 1838 620 1892 hoc
675 1836 960 1891 maluimus
1019 1836 1147 1892 huic
1189 1837 1373 1894 libello
1421 1837 1696 1908 inserere,
1751 1847 1810 1893 ut

208 1930 397 1986 cuncti
450 1930 699 1985 noverint
745 1929 874 2000 quid
929 1929 1159 1986 debeant
1221 1930 1290 1987 de
1338 1911 1890 2002 prtedestinationeB

211 2033 527 2079 sanctorum
561 2023 959 2092 impiorumque
1004 2024 1231 2091 sentire,
1264 2024 1535 2095 simulque
1563 2033 1622 2080 ut
1647 2039 1814 2095 appa-

207 2128 330 2174 reat
357 2119 599 2187 ejusdem
641 2116 700 2172 B.
734 2117 1017 2188 Augustini
1046 2118 1203 2174 dictis
1249 2127 1487 2173 tenorem
1530 2117 1811 2175 sententia:

211 2222 417 2271 nostra
447 2212 765 2271 convenire.
799 2210 914 2267 Lib.
949 2228 966 2267 1
997 2213 1061 2266 ad
1095 2210 1402 2279 Monimum,
1445 2228 1561 2284 cap.
1594 2213 1682 2270 '50.

931 2304 1121 2361 XXIII.

452 2415 743 2457 CENSORES.
836 2424 837 2427 ‘

283 2470 489 2541 Nempe
517 2473 849 2527 asserendum
878 2483 975 2537 est,

206 2546 443 2666 quamvis
482 2543 544 2598 Β.
576 2545 870 2616 Augustini,
910 2543 976 2599 B.

270 2614 482 2666 ulaentii
562 2627 607 2666 et
684 2617 976 2666 sequacium

270 2614 482 2686 ulgentii
562 2627 607 2670 et
663 2614 979 2685 sequacium

1218 2414 1264 2453 S.
1296 2414 1636 2455 AUGUSTINUS.

1123 2469 1263 2524 Dicit
1326 2471 1468 2525 enim
1536 2472 1809 2541 Scriptura

1052 2542 1119 2596 ad
1160 2541 1496 2597 Pharaonem
1527 2560 1540 2595 :
1569 2543 1707 2610 Quid
1743 2544 1812 2597 ad

1053 2612 1148 2666 hoc
1180 2624 1225 2667 te
1265 2614 1503 2677 excitaui,
1548 2623 1601 2667 ut
1645 2625 1813 2668 osten-

1910 619 2159 659 amarum.

2627 697 2794 755 XXV.

2145 804 2432 847 CENSORES.
2912 806 2957 846 S.
2984 807 3330 850 AUGUSTINUS.

1983 861 2060 916 De
2090 864 2392 917 auctoritate
2414 878 2529 916 cum
2557 863 2667 933 agi-
2813 862 3151 935 Tantumque
3172 866 3302 919 mihi
3334 866 3501 920 tribu-

1910 943 2010 997 tur,
2046 935 2387 1006 Augustinum
2427 934 2669 1007 sicame—
2743 944 2852 988 tum
2909 946 3023 1001 est,
3066 934 3145 990 fut
3200 938 3503 1007 ubicunque

1910 1020 2044 1069 mus,
2070 1005 2239 1078 ut’eos
2263 1023 2364 1060 non
2394 1005 2671 1059 audiamus
2747 1021 2833 1061 me
2874 1018 3136 1075 praesente
3177 1007 3322 1078 loqui
3368 1005 3503 1078 opus

1911 1079 1997 1146 qui
2020 1076 2169 1130 illum
2198 1094 2356 1146 supra
2396 1093 2551 1146 quam
2580 1093 2673 1147 par
2747 1087 2889 1131 esset
2915 1078 2979 1132 ad
3026 1076 3299 1149 populum,
3341 1076 3505 1133 raris-

1912 1158 1987 1203 est
2022 1150 2263 1204 extollere
2301 1150 2526 1204 student.
2746 1150 2880 1203 sime
2930 1158 3107 1203 tacere
3158 1159 3318 1217 atque
3369 1152 3505 1204 alios

2747 1221 2934 1274 audire
3002 1223 3364 1289 pcrmitterer.
3438 1220 3504 1275 In

2744 1292 2986 1361 prooemio
3040 1292 3128 1345 lib.
3174 1291 3380 1347 Iiet'ract

2284 1383 2611 1441 I'IILABIUS
2649 1382 3145 1440 ARELATENSIS.

1985 1477 2256 1547 Quidquid
2301 1494 2400 1548 pro
2448 1492 2514 1531 eo
2562 1476 2734 1546 gratia
2771 1491 2929 1545 quam
2970 1476 3022 1530 in
3064 1486 3116 1530 te
3161 1476 3337 1544 pusilli
3384 1492 3506 1532 cum

1912 1575 2122 1643 magnis
2172 1572 2551 1637 defendimus,
2600 1570 2831 1627 volueris
2877 1578 2969 1626 aut
3016 1571 3274 1635 valueris,
3318 1572 3511 1641 gratis-

1912 1666 2050 1721 sime
2080 1666 2409 1735 accipiemus
2441 1675 2695 1734 tanquam
2727 1678 2757 1717 a
2788 1663 2945 1719 nobis
2976 1662 3289 1719 charissima
3332 1675 3388 1720 et
3425 1679 3513 1721 re-

1913 1758 2301 1813 verendissima
2327 1757 2647 1813 auctoritate
2686 1757 2989 1812 decretum.
3020 1755 3088 1811 In
3127 1757 3277 1826 epist.
3306 1757 3375 1812 ad
3406 1758 3512 1813 Au-

1912 1860 2051 1923 gust.
2087 1850 2313 1906 Moleste
2345 1851 2526 1905 ferunt
2557 1849 2697 1921 quod
2729 1850 2797 1905 de
2829 1850 2913 1905 his
2938 1865 3062 1921 quae
3107 1850 3391 1906 adversum
3419 1866 3513 1906 ex-

1915 1945 2319 2002 cellentissima:
2361 1945 2698 2001 auctoritatis
2730 1946 2899 2000 virum
2945 1946 3086 2002 inter
3118 1947 3314 2002 multas
3343 1946 3511 2002 colla-

1918 2039 2093 2097 tiones
2123 2056 2432 2108 asseruere,
2466 2040 2793 2097 resistimus.
2822 2038 3051 2112 Prosper
3096 2042 3149 2096 in
3190 2043 3406 2115 epistola
3444 2043 3514 2097 ad

1915 2133 2095 2204 Ruﬁn.

2613 2227 2799 2285 XXVI.

2153 2338 2441 2379 CENSORES.

1992 2394 2131 2461 Quid
2170 2398 2305 2450 enim
2335 2396 2680 2450 vehementius

1914 2468 2182 2537 urgebant,
2213 2469 2300 2536 qui
2330 2465 2515 2521 Fausti
2536 2466 2680 2522 libris

1916 2540 2089 2609 infesti
2129 2548 2296 2602 erant,
2347 2555 2501 2607 quam
2543 2538 2691 2608 quod

1913 2608 2105 2664 Petrus
2132 2609 2395 2663 Diaconus
2413 2612 2680 2677 caeterique

2917 2338 2963 2380 8.
3005 2340 3344 2383 AUGUSTINUS.

2828 2394 2953 2450 Haec
2992 2408 3075 2452 est
3114 2399 3514 2468 prmdestinatio

2754 2468 3036 2523 manifesta
3059 2480 3112 2524 et
3137 2479 3281 2525 certa
3303 2481 3514 2529 sancto-

2755 2554 2892 2605 rum,
2943 2555 3100 2607 quam
3152 2554 3335 2607 postea
3387 2544 3512 2599 dili-

2753 2612 2965 2683 gentius
2988 2620 3042 2664 et
3062 2614 3365 2683 operosius,
3389 2630 3510 2669 cum

208 2688 464 2740 sententia
532 2688 596 2741 de
646 2688 979 2742 obduratione

210 2755 509 2813 Pharaonis
562 2760 796 2812 videatur
821 2760 973 2825 dura,

209 2831 484 2898 minusque
527 2832 803 2899 conformis
843 2832 977 2884 divi-

207 2916 302 2973 sae
324 2901 661 2973 benignitati,
703 2912 749 2957 et
790 2903 979 2956 idcirco

206 2971 360 3026 nobis
394 2971 495 3026 non
553 2974 773 3043 placeat,
812 2985 979 3028 tamen

207 3058 321 3096 non
378 3060 487 3098 esse
530 3047 787 3114 asperiore
855 3062 976 3099 cen-

209 3129 341 3168 sura
366 3115 761 3186 percellendam.

1052 2687 1173 2739 dam
1186 2689 1235 2737 in
1252 2694 1298 2739 te
1314 2685 1591 2756 potentiam
1612 2686 1815 2739 meam?

1052 2768 1158 2813 etc.
1188 2758 1327 2825 Ergo
1350 2760 1499 2829 cujus
1529 2758 1637 2829 vult
1664 2758 1815 2811 mise-

1053 2840 1214 2892 retur,
1243 2839 1290 2881 et
1319 2828 1468 2898 quem
1505 2828 1612 2882 vult
1651 2829 1815 2883 obdu-

1052 2913 1156 2954 rat.
1189 2900 1301 2955 lloc
1329 2899 1454 2954 facit
1489 2900 1627 2968 apud
1653 2915 1813 2969 quem

1053 2989 1159 3027 non
1208 2982 1291 3027 est
1339 2971 1617 3040 iniquitas.
1653 2972 1815 3026 Mise-

1052 3053 1202 3099 retur
1231 3044 1409 3111 itaque
1440 3045 1676 3113 gratuito
1713 3043 1813 3099 do-

1050 3130 1142 3181 no,
1168 3115 1394 3169 obdurat
1417 3125 1597 3168 autent
1630 3114 1831 3181 iustis--

1051 3186 1188 3243 simo
1238 3186 1453 3241 merito.
1496 3185 1670 3256 Epist.
1712 3184 1818 3241 1Οό

1047 3259 1114 3312 ad
1145 3257 1372 3313 Sixtum.

576 3374 906 3433 ECCLESIA
948 3373 1450 3432 LUGDUNENSIS.

1916 2698 2032 2734 cum
2054 2698 2110 2735 eo
2132 2682 2185 2734 in
2216 2682 2430 2752 epistola
2460 2697 2553 2735 sua
2580 2683 2680 2735 cri-

1915 2754 2209 2819 minantur,
2245 2762 2424 2806 contra
2454 2754 2678 2822 praedes-

1916 2824 2185 2878 tinationis
2224 2823 2345 2878 illos
2375 2826 2680 2878 sententiam

1916 2896 2137 2965 scriptos
2185 2898 2327 2950 esse?
2386 2895 2523 2962 Quid
2583 2900 2679 2949 hoc

1917 2976 2085 3019 autem
2153 2968 2222 3020 ad
2283 2968 2680 3036 Augustinum?

1920 3037 2060 3090 Nam
2112 3048 2293 3091 contra
2345 3040 2681 3104 praedestina-

1917 3108 2084 3180 tionis
2114 3110 2414 3163 sententiam
2465 3112 2678 3180 scriptos

1918 3197 1949 3233 a
1965 3196 2017 3233 se
2037 3178 2266 3233 Faustus
2289 3197 2387 3233 non
2405 3178 2676 3247 abnuebat,

1919 3252 2009 3305 sed
2043 3262 2223 3305 contra
2254 3252 2399 3305 illam
2428 3255 2682 3307 duntaxat

1845 3313 1892 3378 C
1922 3339 2035 3393 qua:
2064 3324 2139 3377 vel
2165 3327 2333 3393 fatum
2363 3333 2578 3390 asserat,
2603 3323 2683 3379 uel

1921 3394 2133 3448 liberum
2182 3395 2452 3448 arbitrium
2504 3406 2680 3467 neget,

2750 2682 2858 2755 jam
2935 2692 3121 2736 contra
3196 2683 3515 2755 Pelagianos

2754 2753 3148 2833 dieputaremus
3175 2798 3189 2821 ,
3223 2753 3514 2833 defendere

2755 2828 3048 2895 necessitas
3088 2828 3371 2895 compulit,
3406 2837 3513 2883 etc.

2757 2892 3012 2968 Lib._de
3076 2892 3227 2951 Dono
3293 2892 3514 2968 persev.,

2753 2983 2869 3037 cap.
2901 2966 2992 3023 20.
3250 3012 3251 3015 η

2834 3052 3065 3094 FAUSTUS
3106 3055 3431 3099 RHEGIENSIS.

2825 3110 2884 3165 Si
2914 3125 3043 3182 ergo
3068 3127 3204 3166 unus
3231 3115 3298 3169 ad
3325 3115 3510 3181 vitam,

2755 3181 2893 3236 alter
2933 3181 2999 3236 ad
3039 3184 3413 3252 perditionem,
3457 3196 3517 3242 ut

2755 3263 3004 3308 asserunt
3023 3256 3039 3325 (
3057 3256 3337 3325 Vasquez),
3354 3257 3515 3326 depu-

2759 3332 2897 3380 tatus
2944 3335 3065 3387 est,
3108 3326 3247 3397 sicut
3298 3329 3514 3397 quidam

2757 3406 3068 3471 sanctorum
3092 3396 3225 3471 dixit
3254 3417 3265 3450 :
3291 3396 3409 3455 Non
3429 3399 3517 3471 ju-

289 3488 484 3545 Beatus
531 3505 742 3561 quoque
801 3491 1059 3556 antistes,
1113 3499 1168 3545 et
1218 3489 1485 3562 gloriosus
1534 3487 1819 3545 confessor

212 3581 540 3653 Fulgentius
564 3584 634 3640 de
662 3583 765 3640 bac
801 3583 989 3655 judicii
1022 3583 1077 3639 in
1107 3593 1388 3655 utramque
1422 3591 1626 3654 partem
1676 3598 1818 3655 prae-

211 3674 443 3730 scientia
474 3683 531 3730 et
553 3675 1028 3745 praedestinatione
1049 3678 1326 3747 egregium
1353 3676 1550 3732 librum
1580 3675 1817 3746 scripsit,

210 3766 305 3836 qui
336 3766 474 3821 sicut
497 3779 552 3823 et
573 3778 766 3824 caetera
796 3771 911 3840 ejus
938 3769 1252 3825 admiranda
1280 3779 1337 3826 et
1360 3770 1665 3826 veneranda
1691 3770 1817 3826 seri.

209 3868 309 3928 pta
352 3873 567 3929 semper
610 3861 677 3917 ab
709 3861 950 3917 Ecclesia
999 3862 1232 3918 fideliter
1277 3872 1547 3933 receptus,
1579 3872 1634 3917 et
1678 3868 1822 3918 inter

209 3957 513 4023 scriptores
573 3956 969 4012 ecclesiasticos
1029 3955 1374 4012 laudabiliter
1433 3964 1823 4011 annumeratus

209 4054 323 4112 est,
355 4057 410 4103 et
444 4062 586 4103 nunc
616 4050 885 4105 nescimus
912 4065 1017 4120 qua
1052 4050 1283 4115 ratione,
1327 4050 1436 4105 imo
1482 4050 1818 4117 inﬁdelitate,

210 4148 273 4194 et
299 4140 649 4196 contentione
680 4140 841 4195 simul
874 4156 994 4197 cum
1025 4141 1087 4196 B.
1132 4142 1435 4213 Augustino
1464 4142 1737 4213 abjicitur,
1768 4151 1824 4197 et

209 4230 286 4285 ab
318 4233 385 4286 iis
416 4233 509 4303 qui
560 4233 809 4289 catholici
839 4233 1008 4289 videri
1038 4233 1225 4290 volunt
1268 4235 1428 4303 tales,
1460 4250 1524 4290 ac
1556 4235 1688 4289 tanti
1719 4234 1823 4288 viri

214 4323 318 4379 Dei
350 4323 685 4395 iniquissime
726 4325 988 4395 injuriati,
1019 4335 1074 4381 et
1113 4326 1280 4397 spreti
1308 4326 1459 4381 velut
1492 4324 1818 4397 quisquilias,

215 4429 269 4474 et
317 4430 674 4491 purgamenta
705 4420 959 4476 vilissima
1004 4421 1411 4486 conculcantur.
1446 4429 1501 4476 et
1550 4430 1634 4475 est
1665 4418 1823 4474 nimis

223 4511 501 4581 mirabile,
546 4512 653 4566 imo
691 4511 974 4579 horribile,
1017 4513 1288 4583 quomodo
1331 4520 1390 4569 ut
1418 4511 1531 4567 suis
1561 4511 1818 4567 adiuven-

216 4602 465 4657 tionibus
491 4610 547 4657 et
583 4602 803 4672 ineptiis
832 4604 1083 4659 credatur
1121 4604 1366 4675 exigant,
1401 4618 1520 4658 cum
1554 4602 1654 4672 ipsi
1695 4603 1823 4658 hea-

1920 3482 2137 3535 quorum
2180 3480 2453 3532 utrumque
2482 3467 2547 3519 ab
2579 3472 2685 3521 Au-

1919 3538 2111 3607 gustini
2126 3555 2278 3592 sensu
2292 3554 2395 3590 non
2412 3536 2686 3593 abhorrere

1921 3625 2028 3663 non
2060 3610 2263 3680 inﬁcias
2298 3610 2448 3663 ierint
2474 3611 2593 3680 ipsi.

2758 3467 2969 3541 dicandi
3000 3470 3289 3541 nascimur.
3315 3473 3408 3527 sed
3431 3467 3517 3541 ju-

2757 3538 2918 3610 dicati
2950 3539 3216 3610 (August.,
3251 3542 3338 3595 lib.
3387 3558 3407 3597 1
3432 3538 3518 3595 vde

2758 3608 2907 3685 Qrat.
2938 3608 2985 3663 et
3012 3611 3101 3685 lib.
3129 3614 3266 3685 arb.,
3295 3630 3409 3684 cap.
3435 3613 3515 3685 4).

2755 3680 2907 3735 Part.
2934 3698 2971 3747 ι,
3000 3683 3123 3736 dist.
3158 3683 3246 3752 89,
3277 3700 3330 3738 η.
3358 3680 3415 3740 ’6.

2222 3773 2281 3828 Β.
2323 3772 2577 3839 LUPUS,
2619 3775 2785 3829 abbas
2824 3774 3209 3830 Ferrariensis.

1996 3866 2500 3943 Reverendissimus
2542 3882 2679 3937 papa
2722 3868 2969 3923 Gelasius
3008 3882 3129 3923 cum
3177 3868 3516 3939 septuaginta

1923 3965 2190 4036 episcopis
2234 3964 2359 4018 viris
2388 3963 2767 4018 eruditissimis
2814 3972 3053 4017 statuens
3095 3962 3183 4033 qui
3220 3962 3516 4032 scriptores

1923 4064 2106 4113 essent
2126 4056 2212 4111 vel
2243 4070 2348 4110 non
2372 4064 2554 4110 essent
2581 4054 2902 4124 recipiendi,
2927 4064 3050 4124 post
3070 4054 3516 4123 approbationem

1923 4149 2206 4220 Augustini
2244 4160 2299 4205 et
2341 4148 2701 4219 amplissimas
2729 4148 2915 4203 laudes
2956 4147 3267 4219 Hieronymi
3308 4162 3518 4204 memo-

1924 4252 2099 4298 ratum
2148 4241 2504 4298 Faustum'ab
2533 4242 2854 4296 auctoritate
2904 4241 2986 4295 his
3027 4239 3205 4296 verbis
3246 4241 3518 4297 removit:

1930 4336 2194 4405 Opuscula
2211 4334 2395 4389 Fausti
2418 4333 2701 4403 Rhegensis
2724 4332 2867 4388 Galli
2886 4336 3205 4405 apocrypha.
3230 4332 3337 4388 Nos
3359 4332 3520 4403 igitur

1926 4430 2297 4501 incorruptum
2329 4438 2634 4485 sanctarum
2671 4428 3067 4498 Scripturarum
3101 4436 3389 4499 sequentes
3416 4428 3520 4482 in-

1925 4521 2224 4589 tellectum,
2258 4530 2312 4577 et
2344 4507 2654 4593 apostolicae
2686 4521 2831 4577 sedis
2863 4525 3181 4593 gravitatem
3224 4520 3523 4591 suspicien-

1929 4622 2028 4679 tes,
2061 4614 2187 4685 quid
2234 4614 2379 4668 aliud
2408 4613 2688 4669 dicamus?
2719 4612 2819 4669 nisi
2859 4622 3034 4669 taceat
3062 4612 3311 4678 Faustus,
3355 4620 3410 4667 et
3439 4614 3518 4668 si-

217 4695 470 4750 tissimos
520 4693 708 4751 Patres
744 4704 800 4751 et
848 4695 1244 4751 illustrissimos
1282 4695 1533 4750 doctores
1568 4694 1823 4750 Ecclesiae
1848 4703 1906 4766 ι)
1930 4705 2131 4760 ηιίιίιριι
2172 4705 2493 4769 sentientes,
2535 4704 2819 4773 loquamur
2862 4718 2982 4758 cum
3023 4703 3133 4758 suis
3179 4702 3522 4759 consortibus

213 4788 543 4860 abjecerint.
566 4788 685 4843 Lib.
721 4788 787 4845 de
820 4788 963 4845 Trib.
993 4786 1191 4861 Epist.,
1223 4806 1340 4861 cap.
1372 4789 1428 4845 8.

932 4902 1121 4959 XXIV.

467 5012 755 5055 GENSORES.
1108 5052 1117 5060 ,
1228 5013 1276 5053 8.
1305 5013 1645 5054 AUGUSTINUS.

287 5066 422 5123 Non
479 5085 651 5124 omnes
710 5070 986 5141 Augustini
1129 5066 1321 5124 Nimia:
1345 5070 1504 5139 igitur
1523 5071 1819 5128 contentio—

210 5140 524 5194 sententiam
554 5140 617 5195 de
651 5140 987 5211 prwdestina-
1062 5142 1148 5197 nis
1210 5149 1294 5195 est
1359 5142 1813 5211 praedestinationi

215 5212 362 5265 tione
438 5212 693 5281 probant,
773 5214 988 5267 horrida
1059 5212 1452 5279 contradicere,
1484 5214 1567 5267 vel
1590 5214 1656 5269 de
1683 5229 1821 5278 prte-

213 5281 401 5338 multis
452 5282 650 5339 videtur
696 5294 741 5340 et
779 5299 984 5356 aspera.
1062 5284 1421 5356 destinatione
1547 5283 1814 5340 dubitare.

1056 5353 1171 5408 Lib.
1217 5355 1281 5408 de
1322 5353 1472 5426 Dono
1512 5372 1731 5426 persev.,
1763 5358 1818 5411 in

1051 5427 1154 5496 [ine
1179 5442 1295 5496 cap.
1324 5425 1415 5481 21.

395 5547 456 5603 S.
486 5545 740 5611 AMOLO,
779 5543 1216 5615 archiepiscopus
1256 5543 1650 5616 Lugdunensis.

292 5661 403 5718 Sed
440 5660 554 5732 jam
602 5661 884 5716 audiamus
928 5660 989 5715 B.
1023 5661 1400 5730 Augustinum,
1448 5660 1717 5729 quomodo
1766 5669 1821 5716 et

221 5753 343 5824 ipse
416 5764 537 5823 post
586 5756 901 5822 Apostolum
973 5755 1270 5823 pru'cipuus
1334 5753 1821 5824 praadestinationis

222 5857 279 5901 et
308 5847 501 5916 gratia:
533 5847 852 5917 prtedicator
896 5848 1139 5904 hortetur
1166 5848 1353 5902 ﬁdeles
1381 5847 1449 5903 ad
1491 5848 1665 5903 studia
1708 5852 1820 5918 pie-

220 5939 357 5996 tatis
396 5946 455 5997 et
484 5938 795 5996 instantiam
835 5940 1120 6010 orationis,
1153 5949 1212 5996 ut
1240 5948 1549 5998 mereantur
1576 5940 1821 6012 accipere

518 6056 791 6125 PATROL.
842 6056 1087 6119 XLVII.

1926 4798 2285 4870 Hieronymus
2327 4807 2381 4853 et
2422 4797 2771 4865 Augustinus,
2815 4796 3021 4853 scilicet
3065 4795 3208 4852 illius
3248 4794 3518 4866 proverbii

1926 4889 2273 4946 recordantes
2301 4908 2314 4943 :
2335 4890 2715 4945 Conticescaut
2734 4903 2877 4944 ranae
2898 4887 3025 4943 dum
3042 4887 3239 4945 caelum
3262 4895 3432 4944 tonat.
3450 4885 3521 4942 In

1924 4983 2123 5037 collect.
2156 4983 2220 5037 de
2252 4981 2371 5036 trib.
2406 4982 2792 5052 qua’stionibus,
2819 4989 2998 5052 quiest.
3034 4981 3088 5037 5.

2588 5083 2828 5140 ‘XXVII.

2163 5191 2449 5234 CENSORI-38.
2920 5190 2966 5231 8.
3010 5191 3359 5234 AUGUSTINUS.

2000 5248 2322 5318 Iampridem
2348 5250 2605 5320 disputari
2636 5250 2688 5303 in
2833 5249 2951 5317 Ipsa
2972 5257 3056 5304 est
3075 5249 3233 5319 igitur
3253 5249 3523 5319 praedesti-

1930 5332 2195 5393 utramque
2228 5330 2425 5388 partem
2459 5322 2606 5391 coepit
2632 5323 2688 5393 in
2764 5322 2908 5373 natio
2945 5332 3272 5390 sanetorum,
3312 5337 3432 5392 qua:
3466 5324 3519 5378 in

1928 5392 2119 5449 scholis
2160 5394 2372 5463 quazstio
2403 5394 2465 5446 de
2496 5392 2692 5459 prwde-
2762 5398 2949 5463 sancto
2965 5399 3268 5447 sanctorum
3288 5392 3522 5449 maxime

1928 5462 2225 5531 stinatione,
2260 5480 2422 5533 neque
2453 5480 2544 5531 pro
2587 5464 2690 5517 ali-
2762 5462 2978 5528 claruit,
3004 5478 3161 5535 quam
3186 5479 3381 5535 negare
3401 5467 3522 5534 quis

1932 5554 2033 5604 quo
2072 5536 2375 5608 prajudicio
2418 5537 2584 5588 calere
2608 5537 2691 5608 ad

1932 5610 2067 5663 hanc
2086 5607 2480 5662 controversiam
2496 5607 2689 5660 credita

1926 5691 1999 5737 est
2036 5680 2316 5734 auctoritas
2354 5679 2650 5750 Augustini.

2765 5534 3518 5603 potestrecteintelligentiam

2763 5606 2973 5671 eloquia
3004 5607 3277 5663 veritatis?
3311 5607 3422 5663 Lib.
3456 5608 3519 5659 de

2752 5675 3019 5733 'Prazdest.
3057 5688 3249 5748 sanct.,
3281 5696 3395 5749 cap.
3430 5677 3517 5732 I5.

2592 5770 2833 5827 XXVIII.
2874 5768 2875 5771 “

2159 5880 2439 5922 CENSORES.

1999 5938 2315 5997 Sententiam
2354 5940 2417 5995 de
2460 5938 2683 6011 gratuita

2921 5880 2968 5921 8.
3009 5880 3348 5923 AUGUSTINUS.

2828 5937 2947 5994 Hoc
2969 5940 3080 5995 scio
3099 5938 3366 5994 neminem
3387 5950 3517 5992 con-

3082 6053 3159 6112 27
