3988 6348
432 1480 437 1485 ’
522 1466 673 1519 initia
685 1464 894 1527 habent,
920 1462 1172 1530 paulatim
1191 1460 1279 1515 ob-

531 426 636 487 843

530 543 772 602 electione
808 539 874 593 ad
913 537 1128 611 gloriam
1172 550 1280 611 am-

530 615 712 686 plexus
740 609 1071 686 Augustinus,
1095 609 1282 686 δυΙῙνα-

529 678 732 761 gatores
777 678 951 736 habuit
998 678 1283 761 complures

530 760 779 824 posteros,
813 769 969 824 neque
998 760 1174 824 tamen
1191 760 1281 824 aut

528 822 669 883 illius
713 822 1010 888 auctoritas,
1040 831 1128 876 aut
1160 822 1279 876 illo-

527 914 642 952 rum
666 912 946 952 consensus
970 912 1001 948 a
1023 894 1281 949 contraria

524 968 780 1039 sequenda
805 966 1092 1039 tuendaque
1118 974 1281 1039 retar-

526 1036 665 1095 dabit
691 1039 910 1109 insignes
940 1036 1138 1109 aliquos
1177 1036 1281 1103 pie-

458 1176 463 1181 ,
526 1119 627 1166 tate
657 1121 704 1166 et
732 1106 967 1165 doctrina
997 1106 1275 1181 theologos,

523 1198 743 1253 quorum
778 1190 975 1253 tantum
1007 1178 1165 1233 valuit
1190 1193 1282 1231 ea:-

526 1252 771 1321 emplum,
823 1261 876 1305 ut
927 1252 1021 1304 hoc
1061 1262 1284 1318 tempore

526 1325 861 1377 communiter
903 1332 948 1375 et
997 1322 1283 1377 promiscue

524 1393 826 1448 adhibeatur
843 1393 898 1446 in
925 1392 1132 1453 scholis,
1156 1399 1204 1442 et
1224 1400 1279 1442 ut

1356 674 1661 748 Scripturas
1690 684 1902 732 sanctas
1916 674 2110 748 defen-

1354 746 1550 813 dimus,
1592 749 1696 804 nisi
1738 747 1968 803 errando
2003 746 2110 799 dis-

1353 889 1505 946 Dono
1519 887 1736 961 persev.,
1752 907 1868 959 cap.
1888 890 1971 943 i‘J.
1994 887 2113 961 Nul-

1356 1034 1487 1089 trius
1510 1031 1990 1103 praedestinationis
2019 1046 2112 1086 ex-

1353 1106 1611 1174 emplum,
1660 1119 1818 1172 quam
1850 1103 1964 1174 ipse
1995 1117 2103 1174 me

1355 1172 1548 1231 diator.
1620 1174 1871 1245 Quisquis
1906 1172 2110 1245 Wfidelis

1355 1247 1467 1301 vult
1489 1262 1605 1301 eam
1630 1244 2108 1314 heneintvlligere,

1356 1316 1599 1399 attendat
1628 1318 1824 1399 ipsum,
1869 1324 2025 1396 atque
2057 1316 2110 1369 in

1352 1389 1447 1443 illo
1463 1388 1718 1443 .inveniat
1746 1397 1802 1444 et
1825 1402 1886 1443 se
1911 1388 2105 1456 ipsum.

1353 1459 1575 1525 Ibidem,
1600 1475 1715 1531 cap.
1740 1458 1833 1516 24.

524 1535 679 1590 ducta
703 1536 827 1601 alia,
859 1550 1030 1588 rerum
1057 1532 1281 1603 politura

524 1607 775 1662 videatur.

873 1697 930 1751 S.
974 1692 1419 1751 PRUDENTIUS
1456 1691 1763 1765 episcopus.

592 1787 727 1844 Cum
750 1786 917 1859 aliqui
940 1785 1240 1855 Gallorum,
1269 1785 1410 1843 sicut
1437 1784 1653 1857 quidam
1676 1784 1745 1841 de
1766 1783 1845 1841 eis
1865 1782 1940 1839 ait
1965 1783 2109 1855 quod

529 1894 718 1936 eorum
763 1894 979 1951 semper
1026 1881 1135 1937 sint
1174 1879 1452 1951 repentina
1482 1878 1729 1945 consilia,
1773 1893 2107 1949 nequaquam

522 1975 1046 2047 praedestinationem
1099 1974 1431 2045 perditorum
1481 1972 1963 2045 reprehenderent,
2011 1972 2106 2029 sed

521 2078 824 2125 sanctorum
857 2068 1389 2140 praedestinationem
1418 2082 1557 2123 novo
1584 2065 1819 2122 colludio
1848 2066 2108 2137 derogare

527 2163 836 2233 maluerint,
885 2179 1111 2234 quorum
1148 2165 1349 2219 insana:
1394 2161 1799 2233 praesumptioni
1837 2176 2107 2217 memora-

517 2255 643 2312 bilis
692 2256 832 2311 idem
884 2256 1213 2327 Augustinus
1275 2256 1466 2312 doctor
1515 2256 1744 2312 eximius
1802 2257 2106 2326 petentibus

520 2345 785 2416 Prospero
829 2356 882 2403 et
934 2347 1160 2417 Hilario,
1212 2348 1511 2405 orthodoxe
1561 2347 1920 2418 respondens,
1972 2349 2107 2405 duos

517 2436 704 2504 libros,
737 2439 966 2495 alterum
1004 2440 1072 2495 de
1121 2440 1607 2497 Praedestinatione
1651 2451 1982 2507 sanctorum,
2022 2442 2105 2497 al-

518 2540 689 2586 terum
720 2532 788 2587 de
838 2533 993 2589 Dono
1036 2535 1454 2604 perseverantia:
1504 2534 1817 2604 plenissime
1856 2535 2107 2592 fidelissi-

517 2637 709 2693 meque
737 2624 990 2693 confecit,
1015 2623 1069 2679 in
1101 2625 1294 2695 quibus
1321 2639 1590 2695 perpauca
1620 2625 1686 2683 de
1714 2626 2107 2697 prtedestinatis

512 2713 581 2770 ad
612 2715 909 2783 interitum,
945 2731 1105 2788 quam
1136 2731 1264 2773 vero
1297 2717 1447 2787 plura
1497 2718 1565 2774 de
1614 2718 2007 2789 praedestinatis
2037 2719 2105 2776 ad

512 2807 739 2879 gloriam
768 2809 1055 2865 verissime
1079 2809 1355 2867 disseruit.
1389 2809 1457 2866 In
1484 2812 1638 2884 epist.
1662 2813 1731 2867 ad
1758 2813 2105 2869 Hincmarum

512 2906 561 2953 et
589 2897 903 2956 Pardulum.

1216 2973 1409 3031 XXIX.

1502 3084 1550 3125 ὃ.
1592 3084 1937 3126 AUGUSTINUS.

1417 3139 1578 3195 Multa
1609 3140 1862 3205 diximus,
1899 3152 1952 3196 et
1993 3139 2101 3195 for-

1344 3210 1819 3281 tassejamdudum
1836 3212 2102 3280 potuimus

1346 3282 1669 3350 persuadere
1692 3299 1811 3353 qua:
1832 3284 2097 3348 volumus,

1342 3353 1737 3425 etadhuctam
1770 3356 1923 3408 bonis
1955 3358 2102 3425 inge-

1344 3424 1447 3506 niis
1490 3423 1567 3504 sic
1612 3424 1904 3506 loquimur,
1950 3423 2103 3506 quasi

557 3108 569 3122 ς
741 3078 1030 3124 οεκεοω.

584 3131 884 3211 Postremo,
926 3154 1003 3211 ne
1059 3137 1271 3211 longum

511 3205 700 3280 {fciam
727 3248 747 3280 ,
800 3206 935 3261 illud
991 3205 1271 3280 suscepisse

516 3275 873 3331 Tridentinum
903 3275 1176 3333 concilium
1202 3282 1272 3334 vi-

511 3346 660 3401 detur
685 3388 700 3414 ,
746 3357 802 3401 ut
848 3366 963 3402 cum
1025 3366 1268 3404 novorum

511 3417 884 3491 hereticorum,
902 3421 987 3487 qui
1004 3422 1272 3491 Augustini

513 3488 749 3566 doctrina
778 3490 1053 3566 aderroris
1071 3488 1151 3546 sui
1180 3510 1272 3566 pa-
1344 3494 1570 3566 obtusis,
1622 3488 1813 3564 quibus
1860 3506 1915 3551 et
1961 3488 2104 3566 quod

512 3559 785 3614 trocinium
806 3559 1273 3630 abutebantur,in—
1343 3559 1566 3620 nimium
1594 3559 1680 3623 est
1706 3582 1810 3621 non
1837 3575 1921 3622 est
1946 3559 2101 3623 satis.

512 3631 951 3707 corticeoccurrere
968 3633 1272 3707 vellet,non-
1340 3633 1455 3690 Lib.
1492 3638 1580 3707 Ade
1648 3635 1902 3693 Praidest.
1962 3638 2096 3707 SS.,

512 3701 669 3777 nullis
702 3774 714 3777 Α
745 3705 1030 3777 necessario
1066 3705 1268 3777 additis
1339 3722 1455 3776 cap.
1483 3705 1577 3774 20,
1599 3708 1655 3762 in
1680 3709 1802 3777 ﬁne.

511 3772 655 3827 illam
686 3774 874 3842 faceret
902 3773 1228 3830 catholicam.

579 3874 637 3931 S.
679 3874 1057 3933 RHEMIGIUS
1086 3892 1209 3932 cum
1247 3892 1344 3934 sua
1383 3878 1625 3936 Ecclesia
1658 3880 2025 3952 Lugdunensi.

583 3966 805 4040 Miriﬁce
836 3974 979 4037 prius
1027 3973 1241 4027 laudato
1270 3984 1444 4030 sancto
1475 3976 1765 4049 Augustino
1814 3977 1926 4033 ait:
1961 3976 2101 4034 San-

512 4069 725 4118 ctorum
754 4072 913 4135 atque
943 4064 1366 4121 orthodoxorum
1403 4068 1618 4124 Patrum
1656 4068 1725 4124 de
1756 4068 1929 4125 libero
1958 4068 2103 4126 arbi-

510 4154 617 4211 trio
648 4154 974 4225 plenissimis
1003 4167 1056 4212 et
1091 4158 1409 4214 clarissimis
1439 4159 1841 4217 deﬁnitionibus
1876 4177 1974 4217 nec
2002 4162 2101 4218 ad-

512 4248 748 4305 dendum
778 4249 980 4320 aliquid
1023 4250 1199 4307 fuerat
1248 4267 1350 4308 nec
1386 4253 1831 4324 subtrahendum,
1878 4256 2004 4325 quia
2047 4263 2102 4310 et

513 4341 656 4411 quod
689 4340 812 4397 ﬁdei
836 4341 1113 4397 catholica:
1142 4344 1504 4399 necessarium
1532 4354 1614 4400 est
1644 4346 1949 4415 plenissime
1972 4361 2101 4403 con-

516 4433 710 4501 tinent,
735 4441 792 4490 et
819 4433 864 4488 si
883 4432 1012 4503 quid
1033 4434 1158 4489 inde
1180 4435 1544 4503 subtrahatur,
1566 4436 1804 4492 veritatis
1822 4438 2100 4509 integritas

511 4527 760 4593 violatur.
791 4527 906 4584 Lib.
940 4528 1005 4582 de
1032 4529 1251 4583 tenenda
1277 4530 1423 4583 verit.
1459 4528 1523 4586 S.
1561 4530 1863 4613 Scriptura,
1896 4547 2013 4601 cap.
2040 4530 2097 4603 4,

509 4630 633 4677 tom.
664 4635 719 4675 rx
747 4616 891 4675 Bibl.
915 4618 1034 4675 PP.

1227 4710 1395 4769 XXX.

744 4822 1029 4864 CENSORES.

581 4879 706 4935 Non
739 4881 874 4933 enim
904 4896 1072 4950 pauca
1106 4895 1268 4947 neque

505 4953 875 5005 contemnenda
905 4962 1023 5005 sunt
1062 4952 1266 5021 Augus-

507 5024 600 5077 tini
620 5024 885 5092 dogmata,
917 5039 1029 5091 qua:
1054 5024 1129 5076 vel
1162 5022 1265 5076 Ec-

505 5094 673 5149 clesiae
689 5095 942 5148 universa:
964 5095 1039 5147 vel
1066 5093 1264 5147 theolov

506 5181 690 5232 garum
742 5175 833 5217 aut
881 5167 1111 5218 omnium
1179 5174 1265 5218 aut

506 5236 804 5301 multorum,
836 5251 927 5289 nec
955 5236 1123 5305 inﬁmi
1147 5237 1267 5290 sub-

504 5306 640 5361 sellii
668 5308 1031 5376 reprobantur.

790 5376 985 5433 XXXI.

741 5462 1023 5503 CENSOBBS.

576 5518 851 5587 Augustini
926 5529 973 5573 et
1037 5518 1261 5575 aliorum

504 5586 745 5655 Patrum,
777 5606 909 5660 quos
936 5607 1048 5644 cum
1077 5608 1137 5645 eo
1170 5608 1264 5647 no-

501 5660 730 5726 minavit,
862 5663 1260 5733 approbavitque

502 5743 680 5786 sancta
706 5732 959 5804 synodus,
994 5750 1095 5787 non
1126 5751 1259 5804 pau-

501 5814 582 5870 Ca,
610 5820 769 5873 neque
794 5806 922 5859 levia
955 5814 1125 5859 errata
1154 5807 1257 5859 cir-

502 5877 855 5948 eumferuntur
880 5920 894 5944 ,
962 5893 1077 5948 qua:
1134 5894 1255 5947 pro-

504 5945 633 6011 fecto
660 5988 676 6015 ,
758 5964 915 6021 neque
974 5945 1256 6004 ‘calhttlica

1499 4824 1546 4864 8.
1588 4824 1935 4869 AUGUSTINUS.

1411 4878 1520 4951 Nec
1574 4884 1813 4951 trepidus
1873 4897 1969 4937 ero
2031 4885 2099 4940 ad

1342 4950 1719 5019 proferendam
1776 4955 2097 5011 sententiam

1342 5038 1557 5096 meum,
1619 5022 1671 5077 in
1749 5040 1854 5093 qua
1930 5029 2098 5096 magis

1340 5094 1531 5146 amabo
1572 5096 1773 5167 inspici
1823 5113 1851 5150 a
1913 5094 2095 5167 rectis,

1339 5178 1496 5232 quam
1544 5166 1746 5220 timebo
1792 5169 2023 5223 morderi
2065 5166 2095 5226 a

1339 5235 1627 5302 perversis.
1647 5236 1932 5293 Gratanter
1948 5241 2091 5295 enim

1338 5307 1565 5374 suscipit
1625 5309 1837 5362 oculum
1891 5310 2095 5366 colum-

1340 5378 1523 5431 binum
1602 5378 1965 5445 pulcherrima
2040 5391 2096 5439 et

1339 5448 1737 5520 modestissima
1833 5451 2089 5520 cbaritas,

1336 5518 1552 5575 dentem
1612 5532 1793 5577 autem
1840 5518 2089 5580 caninum

1335 5593 1418 5646 vel
1449 5594 1614 5647 evitat
1642 5594 1947 5649 cautissima
1988 5597 2089 5651 hu-

1336 5663 1552 5731 militas,
1580 5666 1665 5720 vel
1694 5667 1933 5721 retundit
1959 5668 2086 5722 soli-

1332 5733 1549 5810 dissima
1571 5736 1787 5792 veritas.
1814 5739 2086 5810 Magisque

1330 5807 1528 5879 optabo
1567 5822 1595 5861 a
1630 5810 1869 5878 quolibet
1894 5807 2084 5879 repre-

1332 5876 1513 5945 hendi,
1556 5876 1713 5950 quam
1743 5882 1859 5936 sive
1904 5876 1971 5938 ab
1998 5899 2085 5936 er-

1330 5959 1481 6004 rante
1539 5951 1651 6005 sive
1719 5952 1785 6006 ab
1832 5953 2082 6011 adulante

1416 416 1971 491 SUPPLEMENTUM
2010 415 2103 473 AD
2142 408 2377 470 OPERA
2415 411 2474 468 S.
2514 408 2907 468 AUGUSTINI.

1359 541 1437 589 tra
1482 534 1638 589 istam
1683 532 2108 606 praedestina_tio—
2135 530 2190 591 Α
2211 535 2352 606 sunt,
2376 541 2532 597 neque
2550 524 2724 606 haberi
2745 520 2947 606 synadu
3046 516 3269 606 laudari.
3296 516 3495 606 Nullus
3537 517 3694 606 enim
3726 532 3823 606 re:

1358 621 1477 677 nem
1506 649 1520 673 ,
1593 595 1751 677 quam
1815 604 2107 677 secundum
2212 600 2320 652 ulla
2341 595 2649 653 mcumenica
2680 595 2858 649 voluit.

2128 3318 2175 3383 C

3706 400 3820 462 844

3047 591 3343 663 prcbensor
3368 662 3377 663 ί
3434 588 3823 663 formidandus

3045 672 3129 720 est
3153 662 3380 719 amatori
3406 662 3650 719 veritatis
3689 680 3706 715 :
3739 669 3821 715 et-

2212 741 2356 796 enim
2401 750 2492 796 aut
2517 739 2768 795 inimicus
2813 734 3246 806 reprehensuros
3276 744 3383 800 est,
3416 743 3505 789 aut
3544 733 3774 788 amicus
3805 748 3819 786 :

1354 807 1548 891 putare
1583 820 1842 891 potuisse.
1884 816 2111 891 Libade
2212 814 2257 867 si
2287 826 2435 891 ergo
2461 812 2715 891 inimicus
2741 810 2985 891 insultat,
3021 807 3275 891 ferendus
3305 816 3389 863 est
3407 807 3681 891 ;ham‘icus
3727 818 3823 891 au-

2204 877 2373 950 tem,‘
2392 884 2438 938 si
2485 890 2652 949 errat,
2684 877 2998 947 docendus;
3031 881 3076 934 si
3122 880 3299 947 docet,
3335 877 3663 944 audiendus,
3709 884 3819 930 etc.

1354 964 1460 1018 lum
1501 952 1612 1027 εἰει,
1665 952 1904 1031 inquam,
1959 960 2109 1015 illus-
2213 953 2329 1009 Lib.
2360 970 2398 1008 ιι
2421 952 2486 1008 de
2520 952 2811 1021 Trinit.,in
2833 952 3100 1023 procemio.

2568 1049 2628 1104 S.
2670 1046 2806 1107 PBU
2816 1044 3111 1101 DENTIUS
3135 1044 3442 1115 episcopus.

2285 1139 2339 1196 Si
2359 1140 2501 1195 enim
2521 1139 2715 1213 (sancti
2732 1139 3015 1210 Augustini
3039 1135 3366 1207 doctrinam)
3382 1138 3671 1194 adversam
3691 1135 3839 1213 ﬁdei,

2214 1232 2531 1289 orthodoxae
2552 1233 2604 1289 in
2632 1248 2901 1305 quoquam
2930 1231 3288 1302 conspiceret,
3322 1246 3666 1304 nequaquam
3695 1244 3825 1285 eam

2211 1324 2468 1381 Romana:
2516 1325 2775 1383 Ecclesia:
2815 1325 3041 1382 antistes
3087 1324 3412 1381 venerabilis
3456 1322 3824 1379 Innocentius

2211 1431 2334 1473 cum
2367 1417 2533 1472 totius
2578 1416 2726 1473 orbis
2757 1415 3027 1487 episcOpis
3054 1414 3406 1486 suscepisset,
3452 1430 3631 1487 neque
3676 1429 3825 1484 prse-

2213 1512 2415 1568 dictum
2464 1512 2870 1570 memorabilem
2914 1526 3134 1568 suarum
3178 1510 3524 1581 epistolarum
3555 1524 3825 1565 commu-

2214 1606 2356 1662 niter
2383 1606 2740 1677 privatimque
2770 1606 2961 1662 ofﬁciis
2993 1603 3286 1672 ail‘ecisset,
3318 1619 3488 1674 neque
3516 1617 3823 1660 successor

2212 1700 2333 1769 ejus
2360 1701 2608 1758 Zosimus
2638 1701 2828 1757 eodem
2869 1700 3082 1757 tramite
3115 1699 3462 1766 cucurrisset,
3497 1713 3681 1770 neque
3714 1696 3827 1751 Bo-

2214 1794 2442 1853 nifacius
2487 1795 2730 1867 ejusdem
2775 1794 3089 1864 apostolica:
3136 1795 3279 1851 sedis
3308 1795 3500 1866 praesul
3545 1794 3826 1864 epistolas

2214 1885 2627 1962 Pelagianorum
2673 1888 2776 1944 sibi
2804 1889 3008 1945 delatas
3035 1889 3084 1945 ei
3128 1888 3194 1944 ad
3236 1888 3672 1959 respondendum
3710 1887 3823 1941 mi-

2213 1985 2395 2053 sisset,
2423 1994 2518 2039 aut
2557 1988 2967 2053 responsionem
2996 1983 3114 2053 ejus
3156 1990 3387 2053 quatuor
3427 1981 3571 2037 libris
3595 1980 3823 2037 edicam

2212 2079 2564 2151 probabiliter
2608 2088 2768 2149 atque
2816 2077 3210 2134 honorabiliter
3253 2078 3589 2148 suscepisset.
3625 2074 3823 2131 Carle-

2209 2175 2387 2231 stinus
2436 2190 2693 2245 quoque,
2740 2180 3054 2229 memoratae
3108 2172 3255 2228 urbis
3305 2171 3628 2241 episcopus,
3686 2168 3823 2240 quid

2209 2274 2398 2322 contra
2426 2266 2709 2323 Gallorum
2739 2266 3002 2321 insaniam
3029 2279 3191 2334 super
3222 2280 3288 2320 eo
3317 2264 3534 2335 ejusque
3558 2264 3821 2319 docu-ina

2210 2363 2473 2430 senserit,
2519 2377 2586 2418 ex
2630 2359 2947 2417 auctoritate
2975 2358 3270 2430 apostolica
3302 2358 3643 2414 decretorum
3695 2372 3821 2412 suo-

2209 2469 2328 2509 rum
2358 2453 2489 2509 scita
2519 2453 2818 2517 declarant,
2855 2467 2976 2520 qua:
3007 2451 3077 2507 ita
3107 2466 3167 2507 se
3208 2450 3422 2515 habent,
3455 2461 3585 2517 etc.,
3613 2452 3714 2505 ubi
3742 2468 3820 2504 re.

2208 2546 2333 2598 citat
2360 2544 2583 2616 elogium
2611 2550 2792 2598 sancto
2814 2542 3103 2615 Augustino
3125 2541 3371 2597 delatum.
3406 2540 3471 2597 1η
3493 2542 3728 2611 epistola
3756 2541 3820 2595 ad

2211 2637 2555 2695 Hincmarum
2584 2647 2633 2695 et
2662 2636 2977 2694 Pardulum.

2890 2725 3121 2800 χχχιι.

2445 2838 2731 2880 οεκεοηε.
3208 2837 3254 2877 8.
3297 2835 3637 2878 AUGUSTINUS.

2283 2895 2534 2961 Quanam
2562 2896 2780 2951 concilia
2796 2909 2971 2967 quam
3115 2895 3192 2950 Ac
3211 2909 3304 2967 per
3324 2894 3427 2967 hoc
3450 2892 3817 2967 praedestina-

2205 2969 2509 3038 ponti/icum
2614 2965 2971 3023 Romanorum
3045 2966 3206 3021 tionis
3245 2966 3401 3034 hujus
3449 2965 3630 3038 tidem,
3694 2978 3818 3032 qua:

2206 3037 2373 3112 edicta
2414 3040 2691 3112 Augustini
2735 3040 2796 3094 de
2834 3053 2968 3112 prte-
3044 3047 3231 3093 contra
3293 3052 3464 3112 novos
3494 3037 3818 3112 “haereticos

2207 3108 2552 3165 destinatione
2606 3126 2667 3164 ac
2721 3108 2971 3180 reproba-
3046 3124 3183 3164 nova
3238 3108 3605 3164 sollicitudine
3668 3120 3816 3180 nunc

2207 3183 2345 3236 tione
2372 3184 2690 3245 sententiam,
2715 3178 2968 3253 quatenus
3044 3180 3367 3253 defenditur,
3398 3194 3688 3253 nunquam
3718 3178 3817 3253 Ec-

2207 3265 2447 3307 wternam
2510 3250 2737 3308 salutem
2805 3254 2970 3325 respi-
3044 3253 3207 3325 clesia
3232 3250 3429 3325 Christi
3461 3267 3568 3305 non
3597 3250 3814 3304 habuit.

2206 3326 2367 3392 ciunt,
2411 3326 2527 3394 pari
2572 3342 2690 3379 cum
2730 3326 2808 3379 his
2853 3322 2970 3396 qua:
3044 3323 3162 3377 Lib.
3225 3325 3288 3396 de
3354 3322 3499 3377 Dono
3584 3337 3814 3391 peneia,

2210 3399 2272 3449 de
2319 3397 2487 3463 gratia
2542 3396 2746 3457 docuit,
2801 3395 2968 3465 gradu
3042 3412 3157 3465 cap.
3190 3395 3291 3451 25.

2207 3468 2526 3522 auctoritatis
2580 3468 2863 3532 asciscant,
2913 3478 2969 3523 ut

2205 3538 2259 3592 in
2297 3538 2421 3606 ﬁdei
2460 3539 2704 3610 dogmata
2743 3539 3084 3595 transierint?

2780 3631 2838 3687 S.
2885 3630 3222 3690 PROSI’ER.

2278 3724 2592 3796 Agnoscant
2640 3725 3062 3785 calumniatores
3091 3725 3365 3796 superﬂuo
3400 3738 3520 3781 sese
3545 3726 3807 3796 objicere,

2207 3816 2349 3887 quod
2384 3816 2465 3871 his
2487 3817 2641 3873 libris
2665 3816 2885 3892 (nempe
2907 3820 3195 3889 postremis
3222 3820 3395 3875 sancti
3437 3819 3809 3890 Augustiniad

2208 3907 2531 3979 Prosperum
2556 3918 2611 3966 et.
2642 3910 2924 3977 Hilarium,
2954 3913 3044 3968 ubi
3071 3914 3185 3969 fuse
3212 3913 3320 3983 agit
3354 3912 3423 3969 de
3455 3915 3811 3983 praedestina—

2206 4000 2375 4073 tione)
2419 4017 2525 4058 non
2550 4004 2789 4074 speciale
2821 4020 2999 4076 neque
3020 4006 3312 4062 discretum
3349 4006 3718 4061 testimonium
3743 4006 3811 4061 sit

2206 4096 2560 4168 perhibitum,
2585 4113 2815 4171 quorum
2863 4100 2918 4154 in
2969 4102 3182 4156 cunctis
3227 4099 3590 4156 voluminibus
3619 4113 3810 4155 norma

2204 4188 2474 4245 laudatur.
2499 4190 2815 4259 Apostolica
2838 4190 2983 4247 enim
3018 4191 3199 4259 sedes,
3231 4193 3376 4261 quod
3405 4207 3434 4247 a
3460 4192 3808 4263 praecognitis

2203 4282 2306 4338 sibi
2332 4297 2439 4338 non
2463 4281 2764 4355 discrepat,
2789 4300 2913 4342 cum
2963 4286 3309 4358 prtecoguitis
3340 4291 3555 4357 probat,
3586 4297 3645 4344 et
3662 4286 3806 4358 quod

2199 4376 2406 4448 judicio
2432 4376 2630 4450 jungit,
2664 4378 2823 4436 laude
2851 4393 2960 4435 non
2990 4390 3226 4452 separat.
3257 4380 3450 4436 Contra
3492 4379 3805 4437 Callaicum

2202 4485 2318 4541 cap.
2348 4468 2439 4540 4?.

2884 4560 3123 4622 XXXIII.

2438 4667 2725 4710 εειιεοιιιε.
3205 4672 3253 4713 8.
3286 4671 3632 4715 AUGUSTINUS.

2128 4704 2184 4765 D
2283 4704 2863 4792 Quibus—uerbisadditis
2880 4728 2953 4780 ri-

2205 4797 2384 4865 gidum
2420 4795 2574 4862 illud,
2605 4812 2667 4848 ac
2692 4796 2846 4851 nimis
2869 4814 2952 4852 se-

2202 4883 2378 4919 verum
2406 4866 2680 4938 Augustini
2725 4884 2953 4935 sensum,

2207 4948 2259 4990 ut
2283 4940 2486 5007 quidem
2509 4938 2771 4992 nonnullis
2795 4940 2955 4993 visunt

2204 5026 2311 5063 esse
2330 5020 2594 5075 noverant,
2611 5011 2816 5064 scilicet
2833 5010 2951 5065 Tri-

2203 5080 2405 5135 dentini
2455 5082 2662 5145 Patres,
2694 5082 2953 5135 decretum

2207 5154 2409 5205 nullum
2440 5166 2559 5207 esse
2585 5166 2721 5220 opus
2750 5154 2949 5208 bonum

2207 5224 2308 5277 nisi
2366 5237 2433 5279 ex
2493 5225 2664 5293 gratia
2720 5221 2949 5292 Christi,

2203 5295 2440 5363 prudenti
2460 5296 2695 5350 cautione
2704 5296 2956 5350 moderati

2202 5374 2343 5421 sunt.

3120 4727 3239 4784 Non
3260 4730 3339 4784 sic
3359 4738 3441 4785 est
3468 4731 3791 4799 adiutorium

3046 4798 3164 4864 Dei,
3196 4814 3301 4854 non
3340 4802 3417 4856 sic
3471 4798 3553 4857 est
3586 4803 3792 4872 adjuto-

3047 4872 3184 4926 rium
3215 4872 3434 4935 Christi,
3470 4889 3577 4927 non
3609 4875 3685 4930 sic
3705 4885 3789 4929 est

3045 4942 3369 5014 adjutoriurn
3414 4942 3651 5014 Spiritus
3670 4961 3794 5000 san-

3045 5012 3135 5083 cti.
3186 5012 3317 5072 Item
3362 5032 3375 5067 :
3434 5012 3493 5070 Si
3542 5016 3787 5083 defuerit,

3045 5082 3175 5157 nihil
3210 5084 3337 5139 boni
3365 5101 3523 5157 agere
3570 5082 3789 5155 poteris,

3044 5156 3159 5226 agis
3188 5156 3413 5226 quidem
3441 5159 3534 5213 illo
3561 5173 3665 5213 non
3687 5158 3785 5211 ad-

3041 5227 3262 5297 juvantc
3293 5229 3462 5285 libera
3491 5232 3781 5293 voluntate,

3043 5299 3138 5353 sed
3168 5301 3326 5353 male.
3356 5299 3436 5354 Ad
3460 5301 3565 5356 hoc
3596 5301 3785 5355 idonea

3043 5379 3124 5423 est
3142 5370 3388 5425 voluntas
3437 5382 3527 5426 tua
3552 5388 3666 5442 qua:
3694 5386 3789 5426 vo-

3041 5451 3192 5495 catur
3254 5441 3464 5509 libera,
3541 5441 3593 5497 et
3646 5443 3787 5499 male

2201 5510 2410 5585 agendo
2429 5508 2490 5565 iit
2510 5509 2831 5567 damnabilis
2850 5511 3069 5566 ancilla.
3094 5512 3267 5567 Serm.
3293 5514 3361 5569 15
3383 5508 3457 5568 de
3486 5514 3628 5570 γετὸ.
3646 5515 3787 5585 Apo-

2200 5579 2336 5633 stoli.

2303 5687 2491 5728 SANCTI
2532 5689 2732 5729 PATRES
2775 5674 3019 5732 AFRICANI
3058 5693 3111 5732 IN
3147 5692 3392 5736 SARDINIA
3430 5695 3671 5737 axsuLss.

2266 5765 2407 5820 Ante
2430 5766 2734 5838 largitatein
2758 5768 2958 5841 quippe
2982 5770 3175 5841 gratia:
3218 5780 3304 5829 est
3332 5772 3387 5828 in
3435 5773 3643 5829 homine
3664 5771 3784 5841 qui-

2194 5858 2317 5916 dem
2350 5859 2582 5918 liberum
2629 5862 2936 5931 arbitrium,
2993 5866 3089 5921 sed
3131 5881 3237 5923 non
3289 5867 3488 5923 bonum
3530 5870 3786 5939 quianon

2197 5953 2581 6012 illuminatum.
2609 5956 2844 6014 Proinde
2872 5958 2970 6014 nisi
2993 5959 3167 6030 gratia
3191 5959 3370 6029 detur,
3397 5961 3587 6019 bonum
3604 5961 3782 6031 ipsum
