3988 6348
210 374 315 433 845

207 582 376 639 minis
406 582 687 640 arbitrium
719 585 925 656 absque
954 586 1097 641 dono
1128 588 1336 658 gratiae,
1366 589 1508 646 sicut
1524 599 1606 647 est
1620 592 1807 648 oculus

205 674 332 733 sine
362 676 504 744 luce,
530 692 653 733 nam
683 682 947 736 elocutus
973 680 1041 736 ad
1076 681 1364 739 videndum
1395 685 1567 742 lactus
1587 689 1807 755 est,sed

204 769 314 825 nisi
338 770 521 826 lumen
544 774 843 843 acceperit“
865 788 973 829 non
1005 774 1229 832 videbit.
1260 776 1329 832 In
1358 780 1509 848 epist.
1537 782 1805 852 synodica,

204 876 326 934 cap.
356 861 412 931 5,
463 873 599 920 tomo
635 864 700 921 Vl
730 863 869 921 Bibl.
915 863 1060 933 PP.,
1091 877 1228 939 part.
1272 886 1311 927 ι.
1362 872 1529 928 Nemo
1553 872 1716 931 habet
1738 875 1806 932 de

203 966 309 1009 suo
337 954 441 1010 nisi
473 954 813 1012 mendacium
863 966 919 1014 et
966 960 1548 1034 peccatum(Synodus
1590 965 1810 1024 Arausi-

204 1060 369 1116 cana,
399 1063 607 1106 canone
626 1049 746 1121 22).
772 1051 904 1117 Qua
923 1063 999 1108 est
1019 1056 1269 1110 sententia
1292 1058 1549 1130 exscripta
1577 1075 1640 1116 ea:
1659 1067 1806 1116 tract.

210 1141 249 1197 5
280 1143 344 1202 S.
377 1144 554 1203 Patris
579 1147 635 1202 in
659 1143 936 1204 Joannem.

892 1234 1131 1298 XXXIV.

450 1342 733 1389 CENSOIES.
1213 1349 1260 1393 8.
1294 1351 1636 1397 AUGUSTINUS.

286 1399 517 1482 Ridicuti
574 1404 976 1482 sancti__Augu-_-
1091 1408 1191 1482 ‘At
1228 1423 1330 1480 ego
1362 1410 1663 1482 ubicunque
1707 1413 1806 1481 sis,

208 1474 342 1528 stini
373 1475 671 1554 adoratorcs
704 1474 980 1554 ubiqu_ed_i-
1052 1474 1356 1551 ubicunque
1381 1483 1558 1553 legere
1578 1474 1689 1539 ista
1716 1474 1811 1554 ροᾷ

208 1555 335 1599 cunt
388 1546 536 1601 illum
582 1562 692 1604 esse
739 1546 981 1619 ﬁdetissi-
1055 1553 1205 1617 teris,
1230 1546 1284 1608 te
1307 1546 1458 1608 ante"
1476 1556 1607 1611 istos
1637 1557 1687 1610 in
1716 1546 1810 1612 tuo

206 1633 356 1697 mum
402 1621 720 1697 antiquitatis
773 1632 979 1689 testem,
1054 1624 1219 1679 corde
1247 1627 1524 1692 constitui,
1548 1642 1685 1697 quos
1702 1642 1808 1685 non

205 1698 268 1742 ut
304 1690 527 1759 loquitur
553 1691 822 1760 Calvinus,
864 1697 975 1761 pri-
1047 1701 1248 1752 amicos
1277 1713 1427 1753 meos
1468 1690 1524 1754 et
1562 1690 1813 1757 inimicos

208 1761 638 1843 "titill_ECt'le£I(P
683 1768 971 1831 oraculum,
1051 1778 1169 1822 tuos
1199 1767 1372 1843 aliqua
1407 1770 1457 1825 in
1491 1786 1663 1828 meam
1689 1786 1812 1843 par-

208 1832 497 1911 principcm
535 1834 751 1891 Patrum
781 1847 979 1911 _etom-
1053 1851 1155 1892 tum
1187 1832 1354 1911 gratia
1395 1832 1808 1911 propendentes,

206 1906 362 1958 nium
398 1906 665 1962 doctorum
707 1909 979 1965 subtilissi-

206 1990 373 2031 mum.
1055 1983 1368 2039 oﬁ‘easionis
1397 2000 1639 2055 aversos,
1662 2000 1717 2044 et
1745 1986 1814 2042 ob

1061 2058 1160 2109 hoc.
1201 2055 1292 2111 tibi
1341 2055 1596 2114 adversos
1635 2061 1685 2112 in
1717 2058 1815 2113 bac

220 2126 414 2174 nostra
438 2121 803 2196 disputatione
833 2127 1089 2183 constitui
1122 2129 1448 2196 cognitores,
1479 2140 1583 2185 etc.
1635 2128 1750 2185 Lib.
1774 2145 1814 2186 ιι

211 2200 399 2245 contra
427 2191 656 2262 Julian.,
691 2210 808 2267 cap.
841 2198 932 2252 10.

463 2283 520 2338 S.
556 2283 1005 2346 IIIERONYMUS
1033 2299 1194 2361 atque
1242 2292 1332 2349 alii
1361 2291 1567 2348 Patres.

290 2373 659 2447 Hieronymus,
694 2380 910 2449 epistola
934 2380 1005 2437 ‘25
1027 2382 1161 2437 inter
1184 2382 1588 2455 Augustinianas
1610 2384 1682 2439 ita
1710 2384 1814 2439 Au-

208 2472 482 2541 gustinum
510 2473 787 2545 alloquitur
826 2476 1039 2535 :Macte
1070 2481 1298 2536 virtute!
1330 2482 1383 2536 in
1418 2483 1550 2539 orbe
1575 2484 1815 2540 celebra-

205 2566 325 2630 tis,
375 2568 625 2623 catholici
666 2580 717 2624 te
760 2571 1098 2629 conditorem
1147 2576 1382 2645 antiquae
1431 2592 1643 2632 rursum
1690 2578 1814 2633 ﬁdei

207 2667 549 2714 venerantur
568 2670 729 2731 atque
758 2662 1077 2731 suspiciunt.
1100 2664 1289 2719 Audax
1306 2668 1574 2735 episcopus
1599 2670 1816 2736 epistola

214 2748 326 2805 159
358 2751 571 2822 inquit:
611 2752 951 2810 Thesaurum
1003 2756 1280 2827 sapientia:
1340 2760 1659 2827 desideravi,
1720 2761 1815 2817 sed

212 2844 403 2899 minus
429 2850 613 2916 accepi
641 2863 800 2916 quam
832 2849 1000 2917 volui,
1030 2848 1153 2905 licet
1172 2852 1351 2907 minus
1378 2867 1484 2907 non
1503 2853 1663 2908 debet
1685 2854 1809 2917 dici,

211 2937 318 2993 sed
343 2952 537 2994 munus
564 2941 707 3010 quod
740 2943 1017 2997 oraculum
1049 2943 1183 3015 legis
1241 2946 1530 3002 contulerit
1560 2946 1816 3017 Augusti-

210 3046 343 3098 nus,
377 3044 618 3089 sacratur
641 3032 885 3104 justitim,
937 3037 1262 3094 instaurator
1308 3039 1564 3109 spiritalis
1594 3043 1805 3112 gloriae,

213 3124 563 3194 dispensator
618 3130 806 3183 salutis
852 3137 1093 3185 aeternae.
1148 3130 1461 3199 δίκαιοιν,
1488 3135 1545 3189 in
1575 3132 1815 3190 Bullario

214 3216 500 3288 Augustini
524 3232 545 3272 :
568 3217 897 3288 Augustinus
920 3220 1060 3277 inter
1082 3222 1416 3281 intemeratae
1444 3226 1697 3282 Ecclesiae
1719 3227 1815 3284 do-

210 3316 405 3363 ctores
435 3309 758 3378 praecipuus,
791 3320 847 3365 et
868 3312 1254 3371 subtilissimus
1301 3316 1577 3388 Evangelii
1628 3333 1693 3375 ac
1730 3333 1815 3375 sa-
1843 3311 1893 3379 C

210 3416 435 3457 crarum
458 3401 765 3459 litterarum
800 3416 1183 3475 perscrutator.

810 3550 813 3553 ,
918 3500 1136 3557 XXXV.

456 3608 740 3651 CENSORES.

289 3664 357 3714 At
379 3667 511 3734 (equi
529 3670 867 3723 admiratores
890 3670 982 3723 do-

208 3742 333 3789 unt
372 3747 599 3793 sanctum
643 3741 984 3811 Augustinum

210 3820 482 3883 nunquam
528 3814 656 3867 adeo
714 3830 891 3883 vagam
938 3822 984 3867 et

209 3877 663 3938 indeterminatam
678 3885 727 3936 in
749 3877 982 3939 Ecclesia

210 3954 577 4025 auctoritatem
607 3957 900 4025 obtinuisse,
930 3968 981 4011 ut

210 4021 593 4098 catltolicirsese
620 4029 851 4082 omnibus
874 4021 983 4098 ejus

211 4091 552 4159 opinionibus
615 4102 763 4154 caecis
820 4091 983 4153 oculis

212 4161 517 4242 submittere
538 4179 825 4238 teneantur,
849 4183 894 4225 et
920 4172 1027 4227 illa?
1055 4174 1241 4244 absque
1272 4174 1553 4232 temeritate
1576 4185 1622 4231 et
1644 4192 1814 4232 errore

214 4248 290 4286 tm
296 4243 517 4308 pugnari
544 4258 645 4297 non
674 4248 885 4312 possint.

730 4359 786 4415 S.
840 4356 1308 4418 HIERONYMUS.

296 4451 427 4509 Mihi
456 4462 635 4509 autem
663 4454 941 4511 decretum
976 4466 1058 4512 est
1088 4465 1139 4512 te
1165 4471 1369 4525 amare,
1414 4466 1465 4514 te
1515 4461 1815 4530 suspicere,

215 4548 429 4611 colere,
459 4548 664 4612 mirari,
698 4557 895 4619 tuaque
950 4550 1090 4605 dicta
1132 4553 1285 4620 quasi
1327 4567 1447 4608 mea
1501 4551 1812 4613 defendere.

211 4645 384 4701 Certe
415 4653 470 4701 et
500 4646 551 4700 in
598 4644 825 4716 Dialogo
870 4660 1028 4716 quem
1063 4661 1232 4721 nuper
1259 4646 1423 4710 edidi,
1459 4658 1562 4703 tuae
1596 4650 1815 4704 beatitu-

217 4737 394 4805 dinis,
424 4747 479 4792 ut
510 4737 728 4807 dignum
761 4738 953 4804 fuerat,
1006 4738 1320 4793 recordatus
1363 4753 1502 4793 sum.
1543 4737 1713 4810 Epist.
1745 4740 1815 4795 50

214 4832 290 4886 ad
318 4830 382 4886 S.
414 4830 761 4903 Augustinum
808 4832 939 4884 inter
984 4829 1411 4900 Augustinianas.
1461 4830 1597 4886 Nolo
1635 4840 1813 4886 autem

219 4928 492 4984 sanctitas
517 4935 607 4982 tua
639 4929 720 4983 sic
747 4942 836 4983 me
867 4926 1162 4983 arbitretur
1213 4927 1325 4981 haec
1360 4926 1619 4994 scribere,
1666 4928 1817 4998 quasi

219 5024 291 5081 de
326 5023 389 5077 iis
419 5038 538 5093 quae
585 5035 731 5077 nunc
777 5020 993 5077 edidisti
1034 5036 1133 5091 ego
1174 5020 1432 5076 dubitem.
1489 5018 1728 5077 Hilarius
1769 5021 1821 5076 in

218 5118 449 5189 epistola
474 5116 542 5171 ad
572 5116 943 5188 Augustinum.

250 5214 253 5215 ⁷
907 5205 1145 5261 XXXVI.

1220 3613 1265 3653 S.
1298 3614 1642 3656 AUGUSTINUS.

1126 3669 1235 3725 Vos
1253 3682 1428 3725 autem
1446 3680 1622 3727 etiam
1646 3675 1812 3741 cauti,

1056 3750 1111 3797 et
1138 3753 1242 3797 tam
1272 3744 1587 3809 turbulenti,
1630 3755 1685 3801 et
1706 3756 1813 3801 tam

1057 3815 1182 3868 novi
1230 3816 1426 3869 nemini
1481 3816 1698 3871 dubium
1733 3827 1815 3873 est

1056 3890 1179 3954 quin
1215 3886 1344 3940 nihil
1383 3887 1599 3957 ilignum
1630 3900 1815 3943 aucto-

1058 3959 1218 4013 ritate
1253 3958 1569 4026 praeleratis.
1604 3960 1719 4015 Lib.
1753 3962 1816 4015 de

1061 4028 1103 4083 U
1112 4030 1292 4084 tilitate
1315 4032 1574 4098 credendi,
1589 4048 1703 4103 cap.
1723 4030 1809 4087 M.

455 5315 744 5357 CENSOBES.

304 5373 582 5443 (Sanctum
601 5370 982 5443 Augustinum)

218 5458 542 5509 utter-mur,
590 5459 641 5497 ιιι
683 5446 843 5507 decet,
896 5445 986 5497 sed

219 5531 327 5568 non
352 5516 603 5581 pecudum
648 5531 785 5569 more
811 5524 856 5568 et
878 5516 987 5569 sine

217 5587 449 5653 ratione;
486 5602 601 5640 cum
638 5587 748 5657 ipso
777 5585 986 5655 proﬁte-

217 5672 339 5709 mur
407 5657 545 5727 quod
609 5658 776 5711 minus
840 5657 989 5711 illum

219 5744 458 5785 amamus
507 5745 664 5799 quam
700 5729 983 5783 veritatem.

1222 5313 1268 5353 8.
1298 5313 1646 5356 AUGUSTINUS.

1132 5370 1186 5425 In
1214 5369 1315 5426 hoc
1367 5381 1419 5427 te
1449 5371 1602 5441 plane
1629 5371 1809 5441 laudo,

1058 5442 1201 5512 quod
1223 5443 1505 5497 veritatem
1551 5443 1653 5498 etsi
1680 5458 1817 5498 nun-

1059 5529 1216 5585 quam
1288 5515 1570 5582 percepisti
1596 5555 1612 5581 ,
1669 5526 1816 5573 certe

1060 5600 1216 5657 quam
1242 5586 1452 5653 putaSti,
1474 5586 1670 5641 homini
1692 5602 1819 5656 prte-

1063 5656 1250 5719 tulisti,
1270 5657 1388 5713 ideo
1409 5658 1623 5726 quidem
1648 5666 1817 5715 teme-

1059 5744 1139 5797 re,
1166 5729 1289 5798 quia
1316 5728 1641 5784 existimasti
1674 5732 1815 5789 scire

1059 5809 1113 5855 te
1140 5801 1280 5870 quod
1311 5801 1506 5869 nescis,
1546 5801 1641 5857 sed
1690 5803 1813 5859 ideo

223 5869 421 5944 libere,
456 5874 579 5943 quia
612 5887 896 5944 personam
929 5888 1033 5944 non
1078 5869 1298 5940 veritus,
1348 5872 1555 5941 elegisti
1597 5875 1811 5944 aperire

220 5942 371 6014 quod
400 5942 587 6002 sentis.
614 5942 735 6001 Lib.
772 5959 825 6000 tv
853 5944 917 5999 de
949 5943 1095 6015 Orig.
1126 5944 1334 6009 animte,
1363 5956 1480 6013 cap.
1516 5945 1566 6001 I.

1392 380 1718 443 VINDICIE
1757 385 2327 449 AUGUSTINIANAS.

206 488 490 545 arbitrium
533 504 639 546 non
668 489 919 548 habetur.
949 491 1036 549 Sic
1068 507 1299 567 namque
1330 506 1413 554 est
1442 498 1670 556 liberum
1702 504 1801 558 ho-
1831 509 1880 567 Α

1054 1899 1233 1980 κηφιυο
1261 1913 1357 1967 abs
1390 1899 1441 1968 ie
1483 1899 1677 1970 merito
1708 1899 1809 1971 tuae
1842 1899 1892 1960 Β

3396 394 3498 451 διδ

2251 506 2308 561 S.
2350 502 2620 562 ALIPIUS
2656 504 3151 566 TAGAS’I‘ENSIS.

1984 596 2257 654 Habemus
2285 598 2479 656 ducem
2513 598 2941 673 (Augustinum),
2985 602 3076 674 qui
3131 615 3232 658 nos
3279 617 3332 657 tn
3384 603 3498 673 ipsa

1910 692 2156 748 veritatis
2186 707 2388 749 arcana
2412 694 2521 749 Deo
2543 694 2656 763 jam
2690 703 3027 751 monstrante
3075 696 3351 766 perducat.
3380 695 3498 751 Lib.

1910 798 1968 840 tn
1990 786 2267 856 Augustin.
2296 795 2463 842 contr.
2494 786 2835 854 Academ.,in
2864 788 2987 857 ﬁne.
3006 789 3275 861 Rupertus
3298 790 3501 863 Abhas,

1911 877 2003 934 lib.
2034 895 2104 936 vtt
2130 880 2193 935 de
2229 880 2387 952 Oper.
2417 879 2652 951 Spiritus
2672 883 2859 950 sancti,
2886 899 3001 957 cap.
3034 882 3100 941 I9
3127 903 3140 938 :
3170 884 3276 942 Iste
3296 886 3503 945 estAn-

1910 971 2160 1042 gustinus
2190 972 2440 1029 columna
2470 982 2528 1032 et
2554 975 2953 1033 ﬁrmamentum
2982 979 3245 1037 veritatis.
3272 980 3503 1052 Prosper

1909 1064 1965 1120 in
1989 1066 2207 1137 epistola
2235 1066 2306 1121 ad
2336 1066 2591 1137 Ruﬁnum
2620 1081 2640 1121 :
2671 1067 3077 1140 (Augustinum)
3106 1070 3503 1130 abundantissi-

1911 1168 2001 1217 me
2025 1156 2257 1231 Spiritus
2287 1159 2536 1219 veritatis
2565 1159 2829 1232 implevit.

2579 1249 2851 1309 XXXVII.

2914 1362 2960 1405 ε.
2989 1364 3337 1411 AUGUSTINUS.

2817 1420 3021 1490 Nempe
3068 1439 3193 1479 cum
3241 1442 3387 1483 arma
3419 1439 3509 1485 tua

1913 1506 1995 1545 ma
2024 1494 2165 1565 omni
2189 1508 2251 1547 ea;
2278 1503 2425 1561 parte
2451 1494 2669 1565 ineatpu-
2746 1508 2883 1549 vana
2941 1495 3158 1565 quidem
3211 1507 3267 1553 et
3317 1500 3510 1557 obtusa

1912 1562 2138 1637 gnabilia
2158 1580 2258 1619 non
2278 1560 2407 1635 esse,
2432 1563 2533 1619 sint
2555 1560 2671 1621 licet
2740 1560 3009 1637 jactanter
3058 1567 3308 1625 ventilas.
3336 1569 3452 1628 Lib.
3476 1586 3510 1627 v

1911 1633 2157 1692 illustria.
2393 1633 2399 1635 ’
2742 1633 2925 1694 contra
2943 1635 3081 1706 θαι,
3108 1654 3223 1709 cap.
3256 1639 3310 1696 9.

2486 1726 2547 1784 8.
2574 1724 2936 1786 PAULINUS.

1993 1822 2226 1893 Ideoque
2268 1836 2392 1878 cum
2425 1821 2525 1876 hoc
2557 1819 2927 1879 Pentateucbo
2979 1830 3072 1879 tuo
3117 1832 3304 1880 contra
3337 1823 3511 1882 Mani-

1918 1915 2098 1972 chaeos
2133 1932 2222 1971 me
2247 1916 2379 1971 satis
2410 1914 2728 1981 armaveris,
2762 1916 2809 1971 si
2854 1931 2956 1987 qua
3008 1916 3062 1971 in
3122 1918 3257 1974 alios
3297 1933 3513 1992 quoque

1919 2013 2105 2068 hostes
2163 2010 2444 2066 catholicae
2492 2008 2620 2066 ﬁdei
2671 2008 2967 2066 munimina
3015 2013 3357 2083 comparasti,
3390 2014 3513 2086 quia

1919 2106 2098 2161 hostis
2126 2113 2333 2169 noster,
2358 2102 2447 2159 cui
2475 2101 2623 2159 mille
2650 2100 2881 2160 nocendi
2907 2111 3053 2160 artes
3082 2113 3190 2161 tam
3236 2104 3395 2163 variis
3418 2122 3514 2166 ex-

1917 2200 2242 2271 pugnandus
2266 2206 2355 2255 est
2381 2198 2526 2267 telis,
2558 2214 2718 2268 quam
2768 2208 3045 2271 oppugnat
3074 2201 3299 2270 insidiis,
3333 2217 3516 2275 quaso

1918 2306 2171 2364 promere
2200 2291 2332 2347 mibi
2364 2291 2434 2348 de
2464 2291 2887 2348 armamentario
2912 2299 3003 2348 tuo
3031 2299 3086 2349 et
3129 2294 3378 2353 conferre
3408 2310 3515 2354 non

1917 2389 2125 2447 abnuas
2152 2404 2299 2445 arma
2328 2386 2576 2458 juStitite.
2601 2384 2771 2460 Epist.
2801 2388 2865 2444 51
2891 2388 3037 2460 apud
3064 2389 3127 2448 S.
3150 2392 3512 2466 Augustinum.

1921 2483 2123 2555 Utpote
2155 2486 2295 2540 inter
2316 2484 2484 2541 multa
2516 2483 2612 2540 Dei
2640 2482 2806 2553 dona,
2831 2485 3026 2556 quibus
3058 2487 3208 2544 illum
3239 2490 3515 2547 abundan-

1918 2581 2129 2636 tissime
2183 2580 2420 2651 Spiritus
2467 2578 2711 2635 veritatis
2762 2579 3034 2649 implevit,
3095 2581 3299 2638 habens
3345 2584 3510 2641 etiam

1919 2675 2059 2728 hanc
2088 2672 2332 2729 scientia
2352 2671 2709 2739 etsapientiae
2737 2685 2804 2727 ex
2833 2670 2931 2728 Dei
2952 2672 3215 2730 charitate
3239 2676 3517 2747 virtutem,

1920 2781 1978 2826 ut
2010 2786 2117 2826 non
2149 2770 2323 2826 solum
2370 2770 2529 2825 istam
2573 2768 2751 2824 adhuc
2781 2770 2837 2823 in
2866 2771 2980 2825 suis
3015 2756 3517 2835 detruncationibus

2145 1352 2458 1415 censorius;

1984 1419 2355 1502 Contendimus
2389 1420 2561 1504 ipsius
2587 1435 2674 1475 ar-

1917 2864 2291 2936 palpitantem,
2326 2864 2423 2919 sed
2455 2864 2618 2917 etiam
2645 2860 2847 2917 multas
2874 2860 3024 2933 prius
3064 2864 3303 2923 haereses
3322 2867 3519 2927 invicto

1916 2958 2071 3013 verbi
2126 2958 2309 3029 gladio
2357 2956 2677 3012 debellaret.
2733 2954 2796 3011 S.
2855 2955 3087 3028 Prosper
3127 2962 3196 3013 ad
3251 2960 3517 3033 Ruﬁnum.

1916 3050 2152 3109 Joannes
2176 3050 2322 3107 XXII
2354 3051 2429 3106 ait
2462 3066 2475 3105 :
2517 3049 2872 3121 Augustinus,
2906 3057 3010 3107 etc.
3055 3051 3351 3110 Catholicae
3394 3055 3519 3115 ﬁdei

1921 3152 2214 3206 veritatem
2248 3148 2302 3201 in
2359 3147 2532 3200 lucem
2583 3142 2860 3214 produxit,
2908 3142 3098 3201 eduxit
3139 3147 3194 3204 in
3224 3148 3520 3221 publicum,

1923 3243 2099 3300 ﬁrmis
2128 3255 2193 3297 ac
2217 3239 2441 3295 invictis
2470 3236 2769 3293 rationibus
2798 3237 3066 3294 solidavit.

2566 3325 2859 3385 XXXVIII.

2156 3440 2442 3484 GENSOIIES.
2925 3438 2972 3479 8.
2996 3440 3344 3484 AUGUSTINUS.

1994 3497 2175 3570 Neque
2198 3515 2321 3554 eum
2337 3498 2392 3551 in
2419 3494 2686 3570 sententia-

1922 3585 2037 3626 rum
2057 3566 2267 3627 suarunt
2294 3578 2343 3623 et
2373 3566 2681 3639 fundamen-

1921 3651 2089 3697 torum
2115 3644 2296 3715 quibus
2312 3640 2687 3715 easgconﬁrmat

1919 3713 2134 3792 delectu
2164 3717 2290 3769 adeo
2346 3713 2539 3792 felicem
2580 3725 2687 3792 esse

1920 3792 1999 3855 (ut
2052 3783 2411 3841 demonstrabo
2464 3785 2510 3840 si
2556 3783 2683 3855 mihi

1918 3852 2052 3912 illud
2134 3858 2423 3929 injunctum
2502 3852 2680 3929 fuerit)

1918 3932 2043 3999 quin
2074 3926 2327 3983 mentibus
2365 3928 2550 3982 nostris
2576 3926 2681 3994 ple-

1919 4002 2183 4056 nissimam
2226 4001 2393 4070 ipsius
2433 3999 2685 4054 doctrina:

1917 4089 2018 4128 non
2058 4071 2425 4137 consentiendi,
2449 4073 2553 4125 imo
2584 4085 2681 4141 op-

1918 4148 2140 4217 positam
2186 4156 2385 4217 partem
2415 4141 2591 4197 tuendi
2620 4143 2686 4217 ti—
2756 4142 3121 4217 positionibus
3174 4141 3513 4213 inexploéum

1919 4214 2163 4272 bertatem
2212 4216 2507 4285 relinquat,
2564 4214 2687 4283 quin
2761 4216 3039 4285 remansit.

1918 4300 1963 4346 et
2010 4292 2220 4361 ipsemet
2259 4288 2323 4341 de
2360 4284 2681 4361 opinionum,
2766 4354 2783 4361 Δ
2830 4284 3059 4361 Probet,
3119 4285 3418 4361 si__ppt_est,
3468 4297 3518 4361 et

1916 4354 2045 4432 quas
2076 4361 2247 4430 docet,
2280 4354 2577 4416 certitudine
2602 4356 2686 4411 ad-
2761 4354 2973 4432 tatebor
3012 4371 3102 4432 me
3152 4356 3405 4432 didicisse
3452 4360 3520 4416 ab

1918 4426 2129 4487 dubitet.
2235 4426 2244 4430 ⁷
2760 4427 2869 4483 illo.
2886 4426 3002 4500 Lib.
3027 4444 3043 4482 I
3068 4428 3135 4486 de
3150 4428 3296 4500 Orig.
3310 4432 3519 4499 animat,

2759 4516 2876 4570 cap.
2912 4496 3002 4554 14.

2502 4594 2560 4651 S.
2594 4593 2928 4651 PROSPER.

1996 4688 2069 4743 De
2099 4687 2430 4759 argumentis
2452 4686 2627 4741 sancti
2654 4685 2939 4757 Augustini
2971 4690 3159 4740 c‘ontra
3192 4683 3515 4757 Pelagianos

1924 4783 1997 4838 ita
2009 4782 2152 4837 canit
2178 4779 2233 4835 in
2261 4779 2499 4835 carmine
2524 4786 2711 4834 contra
2741 4778 2983 4848 Ingratos
3004 4791 3128 4848 cap.
3158 4777 3193 4832 5
3217 4794 3229 4831 :

2021 4871 2165 4941 Istius
2180 4882 2302 4933 ergo
2328 4870 2457 4941 inter
2480 4874 2703 4941 oppetas,
2723 4868 2808 4941 qui
2829 4867 2895 4941 de
2914 4878 3078 4941 grege
3102 4874 3273 4918 sancto

2022 4934 2221 4984 Insanas
2240 4930 2483 4994 pepulere
2506 4930 2661 4992 feras,
2691 4930 2929 4980 industria
2951 4930 3125 4994 major,

2022 4996 2176 5063 ﬁtajus
2199 4992 2340 5056 opus,
2365 5000 2519 5063 totum
2545 4994 2855 5063 prastantius
2878 4993 3054 5063 imbuit.
3075 4992 3268 5063 orbem.

2025 5059 2229 5120 Quaque
2255 5069 2344 5118 per
2369 5056 2601 5119 mnbages
2623 5068 2804 5118 auceps
2831 5059 2927 5105 iter
2952 5056 3059 5120 egit.
3080 5058 3299 5117 opertas,

2024 5117 2183 5180 Hujus
2206 5120 2266 5169 ab
2289 5132 2495 5168 occursu
2519 5117 2600 5168 est
2623 5117 2925 5181 prmventus,
2948 5117 3084 5181 mille
3105 5120 3289 5167 viarum

2018 5179 2211 5234 Insidiis
2234 5181 2413 5231 aditum
2432 5196 2526 5231 non
2550 5179 2948 5243 repperientibus
2972 5179 3142 5243 ullum.

2018 5246 2236 5308 Cumque
2260 5244 2378 5294 foris
2404 5245 2564 5293 rabies
2589 5240 3065 5308 a‘v’idorum_ex_clusa
3084 5240 3310 5306 luporum

2019 5304 2318 5365 Frenderet,
2342 5309 2492 5369 inque
2514 5317 2687 5355 omnes
2708 5304 2960 5355 mendacia
2986 5304 3211 5356 verteret
3233 5309 3385 5369 artes,

2015 5372 2091 5423 Ne
2111 5378 2308 5421 mentes
2328 5369 2539 5419 ullarum
2557 5370 2719 5417 ovium
2738 5379 3055 5431 corrumpere
3081 5376 3266 5431 posset,

2019 5436 2128 5487 Neu
2151 5435 2297 5483 dubia
2320 5432 2529 5495 obliquis
2538 5430 2943 5495 turbaretcorda
2961 5430 3209 5495 querelis,

2019 5498 2164 5548 Istius
2179 5509 2269 5545 ore
2292 5496 2386 5545 vit‘i
2408 5492 2523 5543 fecit
2538 5492 2691 5551 Deus,
2716 5493 2854 5542 istius
2875 5505 2966 5544 ore

2019 5560 2240 5611 Flumina
2261 5558 2489 5607 librorum
2516 5554 2744 5605 mundum
2760 5553 3005 5606 efﬂuxere
3031 5568 3123 5617 per
3141 5568 3357 5618 omnem,

2020 5623 2139 5682 Quae
2156 5624 2303 5671 mites
2326 5619 2637 5682 humilesque
2660 5619 2851 5676 bibunt,
2875 5621 3165 5682 campisque
3183 5622 3452 5671 animorum

2014 5681 2213 5737 Certant
2233 5681 2390 5735 vitalis
2404 5681 2638 5732 doctrina
2662 5682 2928 5731 immittere
2947 5681 3092 5732 rivos.

2588 5773 2839 5833 XXXIX.

2912 5884 2961 5926 8.
2996 5880 3342 5926 AUGUSTINUS.

2821 5941 2879 6000 Si
2909 5942 3052 5999 enim
3098 5950 3254 6011 turpe
3278 5947 3362 5997 est
3392 5943 3509 6001 sine

2829 3494 2943 3572 Iioc
2983 3496 3222 3572 _quidem
3286 3499 3519 3572 dicitur;

2757 3568 2851 3622 sed
2885 3576 2938 3622 tu
2965 3566 3100 3624 dicis
3135 3585 3150 3623 :
3188 3568 3287 3638 Qui
3338 3566 3517 3630 autent

2759 3638 2908 3712 legit,
2928 3648 2995 3712 Act
3019 3641 3291 3712 intelligit,
3322 3644 3369 3698 si
3410 3658 3517 3701 non

2762 3710 3076 3780 Pelagianos
3113 3710 3216 3776 est,
3269 3713 3369 3769 hoc
3415 3730 3519 3773 non

2755 3782 2905 3836 dicit.
2958 3782 3075 3839 Lib.
3121 3799 3138 3836 ι
3185 3783 3367 3853 Operis
3420 3789 3517 3841 int-

2757 3859 2915 3926 per[.,
2943 3870 3059 3927 cap.
3092 3852 3178 3918 15,
3217 3852 3277 3909 ut
3321 3858 3517 3927 refelle

2756 3938 2829 3981 ret
2858 3927 2958 3980 ista
2980 3927 3186 3980 Juliant'
3205 3943 3223 3980 :
3256 3927 3395 3984 Nihil
3418 3929 3518 3985 ita-

2755 4013 2857 4068 que
2908 3996 2979 4052 ibi
3023 4000 3089 4054 de
3138 3999 3387 4055 omnibus
3412 4000 3517 4056 Au-

2754 4070 2953 4144 gustini
2983 4071 3315 4144 argumentis
3331 4082 3385 4127 et
3402 4084 3519 4144 pri»

2152 5884 2439 5930 CENSOBI'JS.

1995 5945 2057 6004 Si
2076 5945 2394 6019 Augustinus
2442 5943 2551 6000 tunc
2594 5958 2677 6001 re-
