3988 6348
504 385 603 439 847

502 510 579 555 cte
598 500 742 567 dicit,
766 500 991 555 deserere
1018 517 1133 555 eum
1155 519 1262 571 pos-

499 589 647 638 sunt,
697 582 752 625 ut
796 573 1027 626 omnibus
1084 575 1258 627 docto-

496 643 637 696 ribus
660 644 1031 713 mendfungam
1050 661 1068 705 ;
1085 647 1162 698 sin
1180 660 1259 698 ve-

496 730 557 767 ro
584 714 769 782 absque
817 716 1014 769 ratione
1044 715 1151 770 ha'c
1177 717 1257 769 di-

493 786 594 849 cit,
642 800 753 837 eam
815 786 967 839 etiam
1029 788 1257 842 deserere

495 871 703 927 possunt
749 855 843 909 hoc
873 858 983 927 ipso
1012 861 1149 926 quod
1177 876 1256 912 me

493 925 548 977 id
574 943 720 993 posse
764 925 963 993 asserit,
987 925 1109 997 quia
1143 931 1253 984 sine

491 998 686 1051 ratione
735 996 959 1064 loquitur
987 1044 1001 1067 ,

1333 576 1459 652 quid
1492 576 1762 652 expectas,
1790 584 1914 652 quid
1945 576 2085 637 sala;

1332 647 1433 717 gis,
1463 660 1519 702 ut
1548 650 1699 706 alicui
1734 647 1854 709 sine
1882 656 2089 710 ratione

1330 719 1543 774 credam
1594 739 1699 792 quo
1747 723 1951 781 facilius
2001 735 2089 781 tua

1331 791 1539 864 ratione
1583 791 1703 849 duci
1737 798 1935 864 possim
1959 798 1981 849 ἲ
2006 803 2083 851 An

1331 860 1542 937 lirmum
1569 860 1767 934 aliquid
1798 869 2090 937 supersedi-

1330 932 1512 987 licabit
1570 932 1706 990 ratio
1756 932 2087 993 tua-funda-

1082 1011 1128 1053 et
1182 1003 1254 1056 ita
1326 1014 1511 1058 mento
1567 1008 1925 1063 temeritatis?
1972 1011 2085 1066 Lib.

491 1070 667 1138 quovis
695 1071 845 1124 modo
891 1080 1125 1126 sumatur
1147 1073 1253 1127 Au-
1324 1090 1377 1127 γι
1406 1076 1469 1129 de
1502 1075 1673 1131 Utilit.
1722 1082 1965 1135 credendi
2015 1083 2085 1136 ad

491 1140 731 1221 gustinus
757 1182 797 1221 ,_
831 1140 995 1212 ipsius
1059 1144 1254 1221 manci-
1329 1144 1614 1219 Honorat.,
1640 1166 1755 1221 cap.
1783 1151 1869 1207 14.

490 1210 633 1277 piunt
684 1211 815 1286 ﬁeri,
853 1210 912 1286 et
941 1230 1113 1269 omnes
1143 1218 1251 1286 ejus

485 1284 762 1337 sententias
831 1284 1056 1340 adorare
1126 1284 1443 1360 nequaquam
1503 1306 1680 1362 cogor.

1022 1380 1080 1435 S.
1115 1380 1547 1440 BERNARDUS.

560 1472 640 1527 Ab
686 1471 769 1527 his
817 1471 1027 1528 duabus
1075 1473 1363 1541 columnis,
1398 1478 1756 1547 Augustinum
1813 1479 2004 1551 loquor
2029 1490 2084 1537 et

488 1556 860 1631 Ambrosium,
905 1563 1110 1621 credite
1135 1566 1288 1634 mihi,
1337 1566 1563 1625 difficile
1588 1571 1813 1640 avellor,
1865 1588 1987 1628 cum
2016 1574 2082 1630 iis

483 1668 576 1709 me
602 1670 789 1714 errare
808 1664 900 1712 aut
924 1673 1117 1729 sapere
1145 1659 1336 1716 fateor.
1377 1660 1439 1715 In
1463 1663 1681 1733 epistola
1711 1666 1778 1721 77
1804 1667 1873 1721 ad
1902 1667 2082 1741 Hugo-

480 1761 616 1801 nem.

1225 1844 1337 1900 XL.

716 1950 1002 1991 CENSORES.
1478 1955 1526 1996 S.
1562 1957 1906 2002 AUGUSTINUS.

554 2003 669 2060 Hoc
689 2007 883 2076 sufﬁcit
930 2008 999 2060 ad
1039 2008 1240 2078 confes-
1316 2010 1328 2042 ’~
1387 2010 1667 2069 Neminem
1689 2017 1844 2072 velim
1865 2019 1944 2074 sic
1966 2034 2081 2074 am-

475 2076 673 2158 sionem
690 2078 843 2158 banc
870 2079 932 2132 ab
976 2076 1239 2158 e/frenatis
1314 2082 1475 2152 plecti
1519 2087 1696 2141 omnia
1725 2104 1865 2158 mea,
1904 2100 1963 2146 ut
1992 2107 2080 2147 me

477 2147 757 2222 Augustini
775 2149 1130 2206 adoratoribus
1151 2169 1241 2207 επ·
1312 2147 1590 2222 sequatur,
1647 2160 1748 2213 nisi
1797 2147 1864 2215 in,
1906 2161 1972 2217 iis
2022 2162 2078 2218 in

475 2219 836 2291 torquendam,
887 2223 1081 2276 licitum
1130 2241 1240 2279 esse
1311 2219 1508 2291 quibus
1577 2219 1664 2283 me
1737 2246 1843 2287 non
1893 2248 2078 2290 errare

472 2290 658 2368 absque
697 2293 881 2368 erroris
910 2304 957 2368 et
984 2296 1239 2368 temerita-
1313 2290 1675 2368 perspexerit.
1710 2301 1822 2357 Lib.
1869 2304 1931 2358 de
1969 2304 2077 2359 Do-

478 2361 546 2442 tis
574 2370 697 2415 nota
733 2362 1007 2435 Augustini
1034 2377 1238 2442 senten-
1311 2361 1377 2423 no
1405 2361 1621 2440 persev.,
1653 2389 1767 2442 cap.
1797 2374 1887 2430 21.

470 2430 569 2487 tias
600 2449 704 2487 non
731 2430 930 2505 semper
956 2438 1125 2507 sequi.

972 2530 1033 2587 S.
1082 2528 1569 2590 ILDEPHONSUS.

539 2616 777 2672 Audiant
810 2618 869 2672 Β.
905 2620 1288 2692 Augustinum,
1319 2623 1407 2680 cui
1456 2625 1835 2686 contradicere
1856 2629 1936 2688 las
1966 2646 2071 2690 non

467 2717 568 2764 est.
594 2710 767 2766 Serm.
799 2710 835 2764 2
856 2712 919 2767 de
939 2710 1099 2769 Beata
1124 2713 1361 2787 Virgine.

1201 2806 1340 2863 XLI.

708 2912 996 2954 CBNSORBS.

539 2963 785 3034 Plerique
802 2971 1103 3025 mortalium
1119 2973 1230 3041 pie-

466 3046 570 3093 tate
597 3056 657 3092 ac
686 3042 932 3096 doctrinis
980 3043 1227 3111 illustres,

464 3111 717 3184 episcopi,
772 3113 1085 3183 cardinales,
1144 3117 1229 3184 ip-

466 3183 673 3258 siusque
700 3183 907 3254 (scilicet
931 3183 1229 3258 Augustini)

464 3252 638 3326 amici,
680 3252 809 3308 servi
866 3271 926 3309 ac
970 3252 1224 3326 fautores,

1477 2920 1526 2961 S.
1558 2922 1904 2965 AUGUSTINUS.

1377 2975 1422 3031 Ο
1472 2977 1518 3032 si
1566 2994 1660 3034 vos
1711 2996 1821 3036 non
1878 2982 2071 3040 essetis

1305 3048 1395 3116 qui
1455 3058 1644 3105 contra
1698 3053 2065 3110 testimonium

1304 3120 1550 3175 veritatis
1590 3121 1780 3177 falsum
1822 3126 2068 3181 testimo-

1305 3190 1451 3265 nium
1480 3200 1721 3247 vestrum
1766 3205 1821 3249 et
1866 3195 2067 3265 dicitis,

1303 3270 1358 3315 et
1380 3262 1600 3331 insuper
1639 3265 1915 3322 scribitis!
1952 3260 2065 3322 Lib.

1388 388 1950 452 SUPPLEMENTUM
1991 395 2084 451 AD
2125 393 2358 455 OPERA
2401 400 2459 457 S.
2500 399 2890 460 AUGUSTINI.

1334 505 1545 591 ratione
1570 509 1817 579 cuiquam
1842 512 2084 591 credere,
2117 513 2171 574 A
2193 514 2317 591 rum'
2337 517 2682 575 dissensiones
2738 522 2953 586 invexit,
3027 528 3083 577 et
3109 522 3269 578 aliam
3288 522 3399 591 jam
3426 524 3505 579 eis
3525 525 3789 582 dederam

3674 412 3783 470 858

2196 587 2427 663 doctores
2477 591 2611 645 inter
2656 608 2710 645 se
2757 593 2949 657 divisit,
3029 587 3481 663 tanquam'citius‘
3504 596 3783 652 redituris.

2195 660 2356 736 turbis
2410 670 2476 736 _et
2553 665 2953 718 contentionibus
3026 665 3093 719 Et
3126 660 3316 736 scripsi
3366 667 3433 721 ad
3476 681 3572 723 vos
3621 669 3784 724 etiam

2194 732 2456 810 partimin
2511 735 2709 810 Africa,
2760 737 2947 805 partim
3022 732 3787 810 librum,'quemsiadjuvante

2192 801 2245 853 in
2276 799 2568 880 Galliatani
2598 807 2709 880 ipso
2732 799 2942 876 vivente,
3021 799 3253 865 Domino
3281 799 3577 880 diligenter"
3635 811 3782 879 lege-

2191 887 2344 941 quam
2368 890 2395 927 e
2423 877 2541 930 vivis
2566 879 2770 931 sublato
2796 895 2947 933 επον-
3020 881 3137 935 ritis
3166 890 3220 936 et
3259 877 3517 938 vivaéiter
3570 877 3784 938 intelle-

2193 944 2257 996 tis
2306 947 2620 1003 occasionem
2648 948 2885 1020 prtebuit.
3022 951 3213 1007 xeritis
3245 992 3263 1019 ,
3314 953 3485 1007 nullas
3532 954 3786 1009 existimo

2233 1046 2236 1050 -
3020 1023 3162 1079 inter
3185 1039 3281 1080 vos
3300 1025 3367 1078 de
3379 1024 3476 1081 hac
3496 1041 3555 1082 re
3574 1025 3787 1081 dissen-

3019 1095 3201 1167 siones
3245 1095 3468 1167 ulterius
3494 1099 3606 1167 jam
3643 1096 3785 1151 futu-

2916 1181 3025 1223 ras.
3050 1164 3223 1236 Epist.
3242 1165 3313 1221 47
3336 1168 3404 1222 ad
3433 1164 3786 1223 Valentinum.

2510 1278 2567 1335 S.
2595 1279 2872 1338 THOMAS
2903 1281 3451 1341 VILLANOVANUS.

2258 1394 2303 1450 Ο
2335 1396 2483 1453 sidus
2510 1400 2824 1471 maximum,
2851 1403 3174 1473 ‘Augustine
3196 1403 3373 1470 Pater,
3400 1418 3669 1475 quantum
3693 1406 3785 1464 Ec-

2188 1490 2406 1549 clesiam
2432 1494 2528 1549 Dei
2554 1505 2643 1550 tua
2664 1496 2929 1567 sapientia
2950 1497 3217 1553 irradians
3242 1498 3517 1556 illustrasti
3548 1504 3560 1556 !
3588 1506 3788 1569 Quan-

2187 1591 2299 1638 tum
2331 1593 2418 1640 tua
2441 1589 2731 1657 praesentia
2760 1605 3006 1647 errorum
3032 1594 3283 1648 tenebras
3305 1594 3546 1669 etl‘ugasti
3572 1598 3585 1651 !
3628 1599 3785 1656 Nunc

2185 1677 2328 1731 enim
2361 1687 2413 1733 te
2434 1687 2676 1746 auctore,
2710 1692 2762 1738 te
2788 1683 3071 1755 magistro,
3099 1685 3173 1741 ita
3193 1688 3374 1743 omnia
3403 1700 3524 1745 sunt
3569 1692 3783 1757 lucida,

2186 1776 2244 1822 ut
2265 1783 2450 1826 errare
2473 1787 2582 1827 non
2608 1773 2800 1843 possit,
2828 1775 2929 1831 nisi
2968 1776 3062 1846 qui
3087 1792 3155 1833 ex
3185 1778 3445 1835 industria
3472 1782 3601 1838 velit
3629 1784 3781 1839 allu-

2186 1860 2375 1918 cinari.
2404 1863 2499 1919 Est
2547 1866 2717 1935 enim,
2752 1876 2814 1923 ut
2843 1869 2973 1924 mihi
3023 1870 3256 1938 videtur,
3286 1872 3342 1927 in
3393 1875 3637 1932 Ecclesia
3683 1878 3782 1933 Dei

2186 1954 2369 2011 schola
2417 1959 2719 2031 theologica
2748 1962 2898 2019 velut
2925 1964 3171 2035 quaedam
3203 1981 3352 2038 area,
3399 1979 3501 2026 etc.
3538 1969 3713 2028 Cone.
3752 1973 3777 2027 1

2182 2046 2246 2102 de
2274 2048 2337 2105 S.
2370 2050 2690 2123 Augustino.

2890 2148 3076 2209 XLIV.

2413 2250 2704 2296 CENSORES.
3185 2259 3231 2298 8.
3256 2261 3597 2305 AUGUSTINUS.

2254 2304 2391 2383 Quin
2432 2310 2610 2364 eadem
2662 2309 2943 2383 Augustini
3085 2314 3332 2373 Arbitror
3378 2334 3507 2376 sane
3540 2304 3780 2378 nonnulo

2177 2374 2460 2463 obscuritas
2491 2397 2597 2463 pro.
2628 2374 2807 2463 clypeo
2840 2383 2941 2453 fuit
3015 2384 3095 2440 los
3127 2387 3389 2445 tardiores
3439 2374 3781 2463 id'op'iiiiid.

2177 2446 2361 2502 hwresi
2415 2523 2426 2533 _
2456 2446 2935 2535 prwdestinatiano-
3011 2471 3100 2512 ros
3125 2474 3211 2535 me
3230 2464 3461 2518 sensisse
3488 2446 3651 2535 quod
3677 2446 3777 2520 non

2175 2534 2313 2583 rum,
2337 2523 2426 2589 qui
2443 2524 2648 2595 ferocia
2690 2526 2933 2580 horrida-
3008 2529 3175 2595 sensi,
3222 2543 3314 2587 aut
3362 2549 3467 2589 non
3506 2523 3782 2592 'sensisse

2174 2608 2271 2715 Ἐκ
2294 2608 2391 2674 sua
2416 2593 2660 2678 dogmata
2695 2597 2749 2650 in
2775 2596 2934 2669 hujus
3008 2593 3354 2669 quod-sensi;
3399 2622 3634 2689 quorum
3693 2624 3777 2663 er-

2226 2672 2352 2715 αινιε
2435 2667 2673 2715 doctrina
2750 2672 2938 2715 funda-
3012 2686 3188 2715 rm-pm
3266 2675 3393 2715 mihi
3445 2678 3602 2715 mih...
3680 2695 3777 2715 nnn

2226 2666 2352 2717 atris
2435 2667 2673 2722 doctrina
2747 2666 2938 2739 funda-
3011 2666 3189 2728 rorem
3265 2666 3604 2733 mihi-tribui
3680 2695 3779 2734 non

2174 2732 2314 2790 bant.
2747 2732 2758 2739 ’
3010 2742 3210 2801 debere
3257 2748 3376 2814 quis
3431 2756 3640 2805 nesciat
3667 2791 3684 2815 ,
3726 2732 3776 2805 si

3008 2815 3155 2890 velut
3200 2832 3287 2872 me
3322 2830 3639 2890 sequentes,
3680 2838 3775 2877 ne—

2173 2892 2289 2961 que
2308 2880 2781 2961 apprehendentes
2806 2885 3150 2945 deviaverint
3194 2890 3246 2943 in
3279 2880 3509 2961 aliquam
3560 2880 3775 2947 falsita—

2173 2959 2305 3016 tem,
2334 2959 2462 3006 dum
2508 2968 2673 3034 cogor
2697 2972 2807 3034 per
2835 2961 3080 3034 quaedam
3108 2961 3274 3034 densa
3317 2959 3381 3016 et
3417 2979 3581 3034 opaca
3630 2964 3777 3019 viam

2170 3036 2415 3102 carpere,
2464 3028 2897 3102 quandoquidem
2927 3048 3027 3090 nec
3055 3032 3185 3102 ipsis
3235 3035 3435 3091 sanctis
3454 3028 3777 3090 divinorum

2173 3093 2432 3174 librorum
2463 3093 2869 3174 auctoritatibus
2917 3106 3027 3159 ullo
3076 3093 3238 3159 modo
3285 3107 3565 3174 quisquam
3616 3118 3775 3162 recte

2170 3166 2413 3221 tribuerit
2432 3174 2537 3221 tam
2562 3172 2758 3227 multos
2794 3182 2848 3228 et
2870 3175 3050 3231 varios
3095 3166 3318 3231 errores
3362 3166 3771 3241 haereticorum,

2171 3251 2508 3319 cuinomnes
2536 3256 2603 3296 ex
2627 3243 2831 3299 eisdem
2862 3245 3153 3319 Scripturis
3183 3246 3342 3319 falsas
3364 3258 3522 3319 atque
3549 3248 3776 3304 fallaces

464 3307 761 3389 fratre-8,-“
783 3307 1229 3399 ῇιὲίν-εὼῇἓνίνιώὥ
1300 3307 1358 3385 1"-
2096 3316 2143 3381 ρ
2174 3307 2456 3406 opinignes
2486 3328 2611 3368 suas
2635 3325 2900 3372 conentur
2922 3307 3237 3374 delendere.
3271 3317 3383 3373 Lib.
3414 3307 3520 3374 {de
3546 3320 3776 3387 Trinit.,

464 3392 797 3463 reliquerunt.
999 3392 1010 3399 ⁷
1299 3392 1528 3470 Iuliam,
1560 3422 1675 3478 cap.
1689 3392 1790 3461 '79:

530 3483 786 3574 Nunquid
815 3488 938 3571 ideo
966 3492 1078 3574 vim
1118 3494 1360 3551 veritatis
1415 3496 1657 3574 effugere
1677 3490 1921 3574 poteris,
1941 3505 2066 3574 quia

461 3556 622 3612 nobis
652 3562 1035 3636 calumniando
1064 3564 1327 3636 importas
1359 3556 2063 3633 socios"falsi'tatistvlibl‘;

460 3639 639 3683 contra
666 3630 807 3700 Jul.,
838 3648 959 3703 cap.
987 3635 1039 3690 7.

786 3724 844 3778 S.
879 3724 1299 3788 VINCENTIUS
1336 3731 1751 3794 FERRERIUS.

530 3812 720 3870 Audco
748 3814 933 3873 dicere
969 3836 980 3873 :
1014 3819 1217 3878 Omnes
1246 3824 1499 3883 doctores
1520 3830 1613 3899 qui
1636 3842 1902 3888 venerunt
1933 3846 2055 3904 post

463 3905 822 3975 Augustinum
887 3918 1257 3969 sustentantur
1335 3930 1500 3986 super
1567 3919 1685 3989 ejus
1762 3922 2059 3980 doctrinam

458 4007 736 4071 sanctam,
792 4016 981 4071 puram
1014 4049 1029 4073 ,
1080 4005 1515 4077 immaculatam,
1561 4013 1680 4068 auri
1748 4017 2051 4086 purissimi,

456 4092 577 4148 sine
606 4107 793 4151 errore
816 4094 1074 4153 falsarum
1102 4100 1439 4170 opinionum.
1486 4102 1659 4160 Serm.
1694 4105 1759 4162 de
1787 4106 1849 4164 S.
1881 4109 2058 4181 Augu-

456 4191 613 4246 stino.

1172 4287 1333 4344 XLII.

697 4390 983 4434 CENSORES.
1458 4399 1505 4439 8.
1541 4402 1883 4447 AUGUSTINUS.

531 4444 853 4531 Inauditum.
880 4450 936 4502 in
984 4448 1221 4531 Ecclesia
1367 4454 1507 4509 Ecce
1530 4473 1636 4512 non
1655 4474 1754 4528 ego
1775 4444 1932 4531 unus,
1960 4465 2054 4520 sed

456 4528 552 4589 est,
592 4519 729 4594 quod
768 4528 815 4575 et
836 4520 1223 4594 ipseuAugusti-
1298 4534 1375 4580 tot
1398 4540 1459 4579 ac
1487 4531 1617 4582 tanti
1649 4519 1820 4587 sancti
1875 4519 2054 4590 crudi;

456 4608 553 4672 nus
585 4591 885 4671 detestatur,
907 4664 918 4674 Ι
940 4591 1073 4674 licet
1109 4594 1220 4674 ejus
1295 4596 1442 4674 tique
1466 4600 1714 4657 doctores
1732 4604 1825 4659 tibi
1848 4620 1945 4674 pro
1969 4622 2053 4663 me

454 4662 833 4732 impertinentes
849 4664 1224 4746 adoratoresil-
1297 4662 1379 4746 vel
1412 4683 1645 4740 mecum,
1686 4662 1890 4746 proqu'e
1937 4662 2053 4734 om;

455 4737 565 4786 tum
590 4750 746 4816 supra
775 4742 1077 4789 ceterorum
1112 4735 1222 4817 fa:
1294 4740 1442 4817 nium
1483 4735 1723 4817 nostrum
1755 4735 1816 4801 et
1858 4756 1943 4802 tua
1976 4752 2053 4817 ip-

455 4814 591 4859 trum
628 4806 799 4885 capita
848 4817 1058 4885 ponant.
1104 4808 1218 4861 Soli
1292 4811 1429 4877 sius,
1449 4814 1505 4885 si
1536 4815 1698 4885 sapis,
1760 4819 1936 4876 salute
1963 4806 2054 4877 re-

453 4885 676 4949 antentes
702 4879 774 4929 sic
793 4878 1165 4932 ratiocinantur
1196 4895 1214 4932 :
1290 4878 1613 4949 spondentf
1648 4878 1764 4943 Lib.
1807 4905 1822 4946 ι
1875 4902 2055 4948 contra

458 4946 603 5001 Unus
632 4951 729 5027 hoc
772 4949 949 5027 doctor
974 4951 1214 5018 asseruit,
1287 4946 1429 5022 ful.,
1461 4971 1575 5027 cap.
1605 4956 1660 5014 7.

452 5034 573 5093 ergo
600 5019 907 5074 credendum
925 5032 1019 5074 est.

1163 5115 1352 5172 IDEM.

523 5206 761 5274 Quilibet
787 5208 978 5266 doctor
1025 5218 1111 5266 est
1137 5221 1428 5269 contentus
1468 5214 1533 5270 ad
1566 5217 1903 5286 probandum
1960 5222 2048 5279 di-

456 5309 602 5356 ctum
632 5315 817 5369 suum,
843 5303 892 5358 si
922 5311 1100 5375 potest
1128 5304 1328 5363 habere
1359 5322 1520 5365 unam
1540 5312 1915 5371 auctoritatem
1942 5316 2053 5373 Au-

452 5395 671 5465 gustini.
701 5395 844 5453 Ibid.

1157 5491 1339 5549 XLIII.

693 5594 977 5637 CENSORES.
1459 5605 1505 5645 8.
1542 5606 1884 5650 AUGUSTINUS.

528 5650 657 5735 Haec
696 5652 969 5735 Augustini
992 5653 1215 5735 obscuri-
1343 5659 1438 5735 _De
1459 5676 1561 5735 qua
1579 5664 1895 5720 difﬁcillima
1914 5679 2051 5735 quaa-

454 5730 533 5776 tas
562 5724 715 5797 etiam
746 5726 804 5797 in
849 5729 1217 5797 pertractandis
1289 5724 1492 5797 stione,
1520 5733 1621 5789 hoc
1651 5745 1737 5791 est
1763 5737 1832 5792 de
1862 5724 2050 5794 volun-

453 5794 919 5876 prtedestinationis
946 5804 1007 5877 .et
1033 5800 1220 5877 gratia:
1293 5811 1401 5877 tate
1424 5794 1480 5877 et
1506 5806 1695 5877 gratia,
1752 5823 1859 5862 non
1916 5826 2051 5877 opus

455 5867 709 5945 mysteriis
739 5868 1013 5945 apparuit;
1037 5867 1220 5945 siqui-
1292 5871 1454 5945 habui
1468 5867 1629 5929 etiam
1646 5867 1698 5930 in
1715 5876 1815 5932 hac
1826 5867 2050 5945 epistola

457 5938 589 5995 dem.
610 5938 664 5993 in
710 5937 911 5994 scholas
957 5939 1216 6010 theologo-
1291 5937 2050 6019 diutiusdisputare,quoniam

2173 3396 2291 3451 cap.
2322 3380 2378 3437 2.

2390 3496 2777 3573 FACUNDUS,
2804 3502 3092 3574 episCOpus
3124 3503 3552 3563 Hermianensls.

2242 3609 2380 3678 Quid
2403 3622 2579 3669 autem
2603 3614 2656 3668 in
2686 3613 2789 3671 hoc
2838 3617 3134 3674 miremur?
3154 3618 3340 3690 Neque
3367 3621 3571 3677 melius
3622 3620 3771 3694 loqui

2170 3705 2346 3772 potuit
2374 3708 2700 3777 Augustinus
2730 3725 2892 3778 quam
2920 3710 3219 3779 prophetae,
3263 3728 3426 3783 quam
3454 3715 3693 3785 apostoli
3714 3727 3771 3772 et

2168 3798 2537 3869 evangelista,
2566 3816 2792 3871 quorum
2825 3804 3095 3860 mentibus
3134 3806 3379 3863 similiter
3405 3809 3547 3865 male
3600 3810 3759 3867 intel-

2166 3888 2319 3945 lectis
2346 3899 2402 3946 et
2421 3892 2712 3965 incongrue
2758 3894 3037 3966 adhibitis,
3090 3906 3196 3953 tam
3226 3899 3380 3955 multi
3410 3915 3538 3957 suos
3580 3903 3770 3960 defen-

2166 3980 2299 4038 dere
2322 3994 2589 4039 conantur
2614 4000 2851 4043 errores.
2905 3986 3065 4042 Libro
3106 4000 3287 4045 contra
3333 3991 3655 4049 Hocianum.
3691 3996 3767 4052 De

2166 4075 2420 4132 Facundo
2444 4078 2817 4137 Hermianensi
2846 4079 2965 4151 lege
2991 4093 3236 4139 sanctum
3266 4084 3533 4143 Isidorum
3561 4090 3627 4143 de
3653 4087 3762 4143 Ec-

2163 4169 2285 4226 cles.
2320 4169 2521 4241 Script.
2547 4187 2664 4242 cap.
2697 4172 2785 4230 19.

2876 4288 3038 4346 XLV.

2396 4395 2679 4437 CENSORES.

2232 4448 2367 4504 Milli
2431 4453 2736 4508 concludere
2808 4453 2926 4508 licet

2158 4536 2276 4575 eum
2307 4522 2531 4578 noluisse
2571 4525 2679 4578 suis
2702 4527 2757 4579 in
2782 4525 2924 4580 libris

2160 4593 2317 4645 animi
2342 4594 2424 4647 sui
2443 4612 2593 4649 sensa
2619 4595 2757 4650 clare
2777 4613 2927 4665 expo-

2161 4679 2297 4731 nere,
2323 4676 2409 4718 aut
2434 4667 2485 4719 in
2519 4668 2581 4720 iis
2604 4668 2923 4733 exponendis

3170 4400 3216 4440 S.
3242 4401 3589 4445 AUGUSTINUS.

3068 4456 3169 4525 Qui
3200 4472 3265 4512 ea
3290 4474 3412 4527 quas
3442 4476 3537 4529 pro
3568 4468 3760 4517 natura

2996 4530 3352 4599 quaestionum
3366 4532 3601 4586 dilucide
3621 4535 3760 4589 dicta

2997 4600 3251 4655 existimo
3272 4602 3447 4657 adhuc
3478 4619 3586 4657 non
3610 4604 3759 4658 intel-

2997 4670 3184 4741 ligunt,
3229 4688 3335 4726 non
3379 4674 3511 4728 mihi
3561 4678 3760 4729 calum-

2159 4736 2283 4810 satis
2311 4739 2505 4810 clarum
2535 4754 2633 4791 non
2663 4741 2840 4804 fuisse,
2870 4749 2921 4793 ut
2998 4736 3213 4796 nientur
3244 4759 3338 4810 pro
3388 4760 3506 4800 mea
3539 4748 3759 4800 faculta-

2160 4808 2361 4861 nullum
2401 4809 2676 4877 legentibus
2700 4814 2763 4867 de
2811 4815 2923 4884 ejus
2998 4814 3066 4868 tis
3110 4808 3420 4884 indigentia,
3473 4820 3567 4872 sed
3594 4817 3757 4872 Deum

2158 4894 2278 4956 vera
2330 4891 2494 4956 mente
2550 4891 2599 4935 et
2652 4884 2926 4938 intentione
3001 4885 3176 4954 potius
3216 4902 3312 4955 pro
3339 4887 3646 4956 accipienda
3672 4891 3758 4943 in-

2159 4950 2433 5007 dubitandi
2471 4953 2638 5007 locum
2660 4955 2923 5025 relinque-
3001 4950 3294 5027 telligen’tia
3378 4950 3755 5027 deprecentur.

2159 5031 2255 5077 ret.
3001 5028 3114 5080 Lib.
3148 5044 3205 5082 ιη
3240 5028 3303 5082 de
3332 5040 3526 5099 peccat.
3579 5029 3754 5085 Merit.

2996 5111 3044 5155 et
3109 5101 3310 5154 remiss.
3366 5113 3543 5155 contra
3598 5100 3754 5157 Pela-

2992 5172 3155 5242 gium,
3183 5188 3298 5243 cap.
3324 5170 3383 5227 2.

2518 5284 2576 5341 S.
2608 5284 3045 5345 PRUDENTIUS
3067 5290 3379 5361 episcopus.

2226 5376 2616 5456 O.monstrum
2670 5402 3022 5472 horrendum,
3069 5421 3103 5462 ο
3161 5406 3396 5478 linguam
3448 5404 3751 5480 praeciden-

2156 5490 2279 5545 dam
2307 5492 2319 5546 !
2352 5508 2473 5563 quae
2500 5494 2585 5549 vel
2607 5494 2966 5566 ignorantiam
2987 5498 3073 5554 vel
3096 5499 3353 5558 invidiam
3381 5506 3545 5561 tantis
3564 5505 3754 5561 docto-

2155 5585 2306 5641 ribus
2328 5585 2619 5657 importare
2648 5605 2755 5646 non
2778 5593 2993 5660 metuit,
3046 5602 3102 5649 ut
3129 5594 3221 5666 qui
3249 5595 3481 5653 obscura
3507 5599 3748 5657 revelare

2153 5680 3031 5767 subierant,obscurioribusdictis
3042 5703 3103 5745 ea
3119 5690 3427 5761 implicasse
3438 5695 3745 5763 credantur,

2156 5779 2285 5837 etc.,
2301 5772 2368 5829 de
2384 5788 2485 5844 qua
2510 5790 2568 5830 re
2590 5783 2754 5833 testes
2781 5778 2939 5835 nobis
2959 5790 3084 5836 sunt
3107 5782 3231 5838 libri
3257 5784 3551 5843 beatissimi
3566 5786 3744 5841 Patris

2157 5866 2459 5936 Augustini.
2491 5867 2607 5926 Lib.
2634 5872 2698 5926 de
2732 5870 2989 5932 Prtedest.
3032 5886 3211 5934 contra
3248 5875 3411 5935 Joan.
3438 5878 3739 5953 Erigettam,

2156 5976 2273 6030 cap.
2304 5958 2391 6016 11.
