3988 6348
252 381 359 441 849

964 495 1149 554 XLVI.

485 607 773 649 CENSORES.
1251 610 1298 647 S.
1331 599 1683 647 AUGUSTINUS.

320 665 1020 749 Augustinusmumpondere
1123 737 1135 749 _
1163 662 1356 749 Nimia:
1379 658 1632 749 vanitatis
1656 665 1713 714 et
1739 671 1849 749 cie:

245 728 471 807 alicuius
498 728 859 809 insuperabilis
887 737 1019 809 diﬂi-
1090 737 1271 809 citatis
1294 742 1439 809 sunt,
1488 731 1532 786 si
1563 730 1721 809 etiam
1767 728 1852 809 his

246 799 455 863 sulta'tis
481 799 818 879 premebatur,
839 810 904 864 ad
925 799 1019 863 illa
1091 805 1445 864 consideratis
1485 800 1722 879 nondum
1771 799 1853 854 di-

244 880 399 951 uerba
420 876 703 951 Scriptura:
753 876 1019 951 confugie-
1092 889 1320 951 gnantur
1391 876 1697 951 exclamare
1747 887 1851 951 no-

247 950 334 1005 bat
357 968 373 1005 :
395 942 681 1006 Oaltitudo
710 942 1014 1007 divitiarum
1087 942 1292 1007 biscum
1328 966 1341 1001 :
1377 947 1421 1001 0
1470 943 1686 1013 altitudo
1722 942 1852 996 divi-

1089 1025 1282 1077 tiarum
1316 1017 1580 1088 sapientia:
1612 1023 1660 1069 et
1679 1016 1847 1088 scienf

1091 1095 1177 1149 tia:
1220 1085 1574 1160 DeilEpist.
1634 1086 1737 1142 105
1782 1085 1847 1141 ad

1092 1166 1326 1223 Sixtum.

244 1021 526 1095 sapientiae
549 1031 603 1078 et
623 1024 860 1082 scientiae
884 1025 975 1080 Dei
998 1025 1013 1079 ι

740 1260 1095 1319 ADRIANUS
1115 1274 1251 1331 papa
1272 1257 1343 1313 Vl

320 1351 379 1407 In
410 1353 663 1409 omnibus
690 1350 774 1408 bis
796 1352 1206 1410 exclamandum
1231 1357 1320 1407 est
1344 1361 1467 1402 cum
1493 1340 1793 1414 Augustino
1825 1355 1842 1392 :

250 1446 301 1501 0
326 1448 545 1502 altitudo
570 1448 870 1503 divitiarum
901 1448 1170 1519 sapientia:
1214 1454 1259 1501 et
1287 1441 1512 1498 scientia:
1532 1436 1674 1492 Dei!
1703 1436 1759 1491 In
1812 1433 1848 1487 4

245 1540 687 1611 Sententiarum,
730 1550 924 1613 quaest.
957 1543 1010 1609 1,
1043 1544 1107 1596 de
1132 1536 1463 1611 poenitentia,
1494 1534 1549 1589 in
1579 1529 1846 1587 solutione

245 1635 396 1692 tertii
421 1635 593 1693 dubii.

939 1727 1148 1785 XLVII.

486 1836 771 1880 CKNSOBES.
1249 1834 1297 1877 8.
1330 1830 1675 1876 AUGUSTINUS.

321 1891 623 1949 Doctrinam
688 1892 854 1950 sancti
904 1893 1011 1949 Au-

242 1965 785 2040 gustinidcmysteriis
806 1968 1009 2040 gratiae,
1085 1965 1152 2040 lls
1209 1960 1499 2040 no_li_s,_sed
1555 1970 1610 2014 tu
1660 1965 1844 2040 contra

243 2030 517 2108 libertatis,
548 2030 1008 2108 prcedestinotionis
1081 2039 1181 2093 ista
1212 2035 1349 2108 nihil
1371 2033 1614 2108 dicturus
1634 2030 1716 2084 vis
1738 2044 1847 2108 non

242 2117 297 2162 et
322 2101 663 2163 Eucharistire
694 2110 1010 2179 di/ferentem
1081 2107 1332 2177 intelligi,
1374 2103 1517 2179 quod
1548 2118 1647 2179 ego
1672 2101 1846 2179 veris-

241 2195 359 2236 essc
400 2172 774 2249 difﬁcillimam
803 2183 1006 2237 intelle-
1079 2172 1844 2249 simumatquehﬁrmissimum

241 2260 335 2305 ctu
361 2260 410 2308 et
435 2245 725 2310 obscuram.
1082 2247 1221 2308 dixi.
1241 2245 1422 2303 Lib.iv
1437 2246 1593 2316 Oper.
1614 2245 1844 2316 imperf.,

1087 2340 1205 2391 cap.
1238 2320 1361 2391 140.
1398 2319 1597 2388 Relege
1622 2358 1636 2381 ,
1687 2326 1740 2391 et
1755 2315 1848 2391 in-

1087 2384 1441 2465 telliges.Lib.
1469 2384 1557 2457 tu,
1572 2402 1690 2458 cap.
1719 2384 1841 2440 191.

797 2488 1296 2551 CASSIODORUS.

320 2584 438 2655 Ipse
464 2586 625 2642 etiam
655 2585 844 2642 doctor
863 2585 1093 2641 eximius
1114 2580 1460 2640 beatissimus
1488 2576 1840 2651 Augustinus,

243 2675 545 2733 debellator
575 2676 977 2744 haereticorum,
1017 2677 1271 2733 defensor
1301 2673 1539 2730 ﬁdelium
1568 2680 1623 2727 et
1668 2660 1851 2724 fame-5

239 2784 433 2824 sorum
461 2770 638 2840 palma
661 2769 1043 2838 certaminum,
1089 2771 1143 2826 in
1196 2766 1523 2840 quibusdam
1568 2763 1722 2820 libris
1758 2762 1846 2818 ni-

240 2860 357 2915 mia
388 2859 706 2917 difﬁcultate
728 2862 1062 2929 reconditur,
1091 2860 1147 2916 in
1169 2858 1493 2931 quibusdam
1526 2857 1604 2913 sic
1628 2865 1711 2912 est
1742 2856 1847 2927 pla-

240 2953 527 3021 nissimus,
561 2962 619 3009 ut
646 2952 808 3010 etiam
839 2953 1075 3024 parvulis
1104 2953 1360 3023 probetur
1386 2958 1662 3020 acceptus,
1686 2947 1844 3019 cujus

240 3055 434 3117 aperta
458 3049 645 3102 suavia
676 3055 823 3115 sunt,
857 3048 1087 3104 obscura
1133 3062 1265 3101 vero
1286 3045 1500 3116 magnis
1523 3042 1845 3099 utilitatibus

242 3140 439 3196 farcita
468 3140 843 3211 pinguescunt.
867 3139 998 3211 Cap.
1024 3136 1097 3195 22
1123 3140 1185 3193 de
1215 3138 1375 3192 divin.
1392 3137 1620 3192 Lection.
1643 3136 1701 3190 In
1725 3133 1846 3205 qui-

243 3233 352 3288 bus
374 3242 594 3303 propter
616 3234 997 3290 obscuritatem
1016 3246 1199 3288 rerum
1221 3239 1277 3287 et
1292 3229 1642 3286 subtilitatem
1658 3228 1843 3297 dispu-

1438 375 1760 436 VINBICIE
1799 375 2368 437 AUGUSTINIANIE.

1879 496 1934 557 Δ
1959 507 2101 555 rum,
2127 501 2180 548 et
2210 499 2363 563 pater
2407 492 2627 549 luminis
2652 507 2817 563 super
2846 493 3024 549 omnia
3057 493 3338 549 luminaria
3360 493 3512 561 Splen

1153 1892 1382 1950 Prorsus
1430 1889 1720 1957 intelligar,
1752 1899 1846 1941 ve-
1874 1898 1923 1960 Β

3438 371 3541 427 δᾷΟ

1957 586 2114 651 dens,
2140 584 2476 641 delectabilis
2508 586 2704 653 oculis,
2735 600 2799 640 ac
2849 600 2945 654 per
2974 587 3154 641 omnia
3208 585 3539 656 respiciens;

1958 677 2037 732 sic
2058 675 2389 747 Augustinus
2418 676 2716 733 Ecclesium
2738 675 3044 743 illustravit,
3099 693 3309 751 gemma
3356 678 3543 736 docto-
3585 680 3599 689 ’

1958 786 2102 836 rum,
2135 777 2290 841 pater
2313 769 2710 840 theologorum,
2742 771 2928 826 suavis
2948 772 3181 842 eloquio,
3210 788 3398 829 omnes
3427 788 3543 829 ma-

1959 861 2118 917 terias
2146 860 2478 931 penetrando
2506 860 2826 916 dilucidans.
2869 862 3032 917 Parte
3061 880 3096 919 u
3130 864 3333 920 Histor.
3362 866 3440 921 tit.
3484 867 3540 921 8.

1955 953 2025 1009 Et
2046 955 2261 1025 inferius
2283 972 2303 1009 :
2335 954 2523 1009 Merito
2547 954 2709 1024 igitur
2740 953 2880 1031 sicut
2907 956 2987 1011 sol
3019 955 3310 1028 refulgens,
3339 961 3418 1015 sic
3440 960 3543 1014 iste

1954 1045 2009 1102 in
2036 1047 2236 1116 templo
2257 1045 2353 1102 Dei
2373 1045 2587 1101 refulsit
2615 1047 2902 1115 splendore
2931 1048 3190 1105 doctrina:
3205 1052 3540 1111 clarissimae.

1955 1137 2019 1195 S.
2048 1138 2272 1209 Prosper
2318 1138 2375 1192 in
2426 1138 2576 1209 epist.
2616 1136 2683 1190 ad
2716 1137 3056 1209 Augustinum
3088 1142 3418 1199 :Recensilo
3449 1160 3544 1198 au—

1953 1239 2063 1286 tem
2087 1228 2189 1286 hoc
2214 1228 2561 1286 beatitudinis
2587 1237 2693 1283 tute
2726 1230 2883 1298 libro,
2917 1232 3052 1287 sicut
3078 1233 3168 1302 qui
3197 1244 3439 1291 sanctam
3460 1245 3541 1293 at-

1953 1339 2058 1395 que
2084 1324 2438 1395 apostolicam
2461 1322 2725 1379 doctrinae
2746 1331 2851 1379 tuae
2880 1327 3253 1384 auctoritatem
3276 1338 3432 1385 antea
3454 1344 3544 1387 se-

1953 1418 2277 1489 quebantur,
2338 1416 2786 1488 intelligentiores
2831 1418 3000 1473 multo
3059 1420 3539 1491 instructioresque

1953 1519 2078 1566 sunt
2099 1510 2252 1581 facti,
2280 1511 2352 1567 ita
2379 1510 2472 1582 qui
2534 1509 2903 1581 persuasionis
2955 1525 3068 1567 sua:
3107 1512 3542 1583 impediebantur

1951 1605 2201 1674 obscuro,
2231 1605 2528 1662 aversiores
2554 1619 2714 1674 quam
2749 1602 2965 1661 fuerant
2994 1619 3356 1665 recesserunt.

1974 1706 1981 1713 ’
2719 1696 2778 1751 L.

2951 1812 2997 1851 S.
3029 1813 3371 1858 AUGUSTINUS.

2857 1865 3062 1933 Quaeris
3116 1879 3173 1926 tu
3242 1877 3544 1932 rationem?

2786 1950 2887 2008 ego
2915 1953 3266 2010 expavescam
3300 1946 3542 2002 altitudi-

2784 2023 2907 2064 nem
2938 2027 2954 2064 :
2990 2012 3034 2066 0
3075 2014 3292 2069 altitudo
3335 2018 3545 2072 divitia-

2782 2097 2901 2134 rum
2927 2084 3190 2146 sapientiae
3241 2095 3289 2141 et
3318 2091 3546 2146 scientia:

2784 2151 2884 2230 Dei
2907 2154 2929 2207 .'
2955 2151 3033 2208 Tu
3061 2158 3401 2230 ratiocinare,
3443 2176 3544 2230 ego

2787 2226 2981 2302 mirer;
3051 2236 3118 2302 tu_
3154 2228 3398 2302 disputa,
3445 2226 3547 2302 ego

2187 1808 2451 1853 CINSORES
2460 1836 2473 1854 .

2026 1868 2406 1924 Observandum
2431 1880 2502 1923 est
2519 1869 2715 1938 ipsum-

1955 1951 2057 1995 met
2099 1951 2332 1995 sanctum
2374 1941 2712 2011 Augustinum

1953 2014 2107 2083 fateri
2134 2030 2188 2068 se
2214 2014 2350 2069 circa
2380 2014 2568 2067 multas
2591 2026 2711 2079 prte-

1954 2084 2305 2139 destinutionis
2408 2084 2712 2155 quwstiones

1953 2156 2169 2229 dubium
2218 2172 2351 2229 stupe
2369 2155 2617 2229 literne,
2640 2171 2712 2229 se

1951 2226 2071 2280 illas
2116 2226 2545 2299 insuperabilibus
2565 2226 2713 2299 difﬁ-

1951 2295 2436 2368 cultatibus'plenas
2466 2295 2712 2365 reperire,
2786 2296 3033 2365 credam;
3075 2295 3411 2356 altitudinem
3459 2295 3543 2357 vi-

1949 2372 2133 2440 quibus
2212 2371 2408 2425 nullam
2488 2387 2715 2440 unquam
2786 2368 2909 2434 deo,
2967 2370 3033 2423 ad
3084 2370 3403 2438 profundum
3437 2388 3545 2428 non

1949 2441 2367 2514 responsionem,
2403 2443 2482 2495 cui
2511 2445 2717 2514 acquie-
2790 2440 3064 2514 pervenio.
3143 2442 3331 2497 Postea
3377 2463 3388 2496 :
3442 2444 3547 2500 Re-

1949 2523 2129 2586 sceret,
2147 2512 2271 2571 dare
2292 2515 2509 2584 potuerit
2537 2512 2720 2586 praeter
2791 2512 3013 2586 quievit,
3045 2515 3166 2581 quia
3196 2514 3402 2570 invenit
3448 2516 3545 2571 ad-

1948 2585 2259 2658 igrtor'arttiw
2292 2582 2405 2639 sua:
2441 2595 2488 2658 et
2538 2582 2719 2658 altitu-
2791 2582 3161 2649 mirationem;
3191 2601 3350 2658 nemo
3391 2601 3545 2658 qum-

1950 2642 2419 2728 dinisjudiciorum
2449 2655 2549 2710 Dei
2584 2673 2709 2713 con-
2790 2664 2872 2728 rat
2903 2670 2933 2709 a
2958 2669 3047 2728 me
3081 2642 3422 2728 occultornui
3458 2674 3545 2714 ra-

1950 2725 2240 2797 fessionem.
2784 2727 3005 2781 tionem.
3032 2725 3126 2782 Ille
3147 2728 3305 2785 dicit:
3335 2726 3549 2785 Inseru-

2785 2798 2963 2871 tabilia
3006 2808 3124 2871 sunt
3160 2799 3364 2871 judicia
3410 2803 3545 2870 ejus,

1949 2879 2005 2926 et
2028 2880 2080 2926 tu
2112 2872 2342 2928 scrutari
2370 2873 2612 2930 venisti?
2653 2872 2749 2931 Ille
2776 2870 2941 2943 dicit,
2990 2868 3383 2943 [ripest—ignbiles
3428 2868 3547 2927 sunt

1948 2945 2042 2996 vita
2063 2944 2197 3012 ejus,
2245 2952 2303 3000 et
2333 2953 2391 3000 tu
2419 2945 2743 3016 investigare
2769 2941 3003 3016 venisti?
3059 2940 3116 2996 Si
3146 2940 3538 3016 iinscrutabilia

1948 3017 2179 3089 scrutari
2209 3017 2425 3083 venisti,
2450 3024 2507 3089 et
2546 3014 3291 3089 investigabilia_investigare
3318 3014 3534 3083 venisti,

1948 3086 2132 3156 crede,
2154 3086 2264 3158 jam
2291 3088 2517 3159 periisti.
2544 3088 2712 3145 Serm.
2743 3084 2816 3144 ΞΟ
2846 3085 2908 3140 de
2942 3084 3097 3140 Verb.
3130 3084 3312 3156 Apost.

2465 3201 2525 3260 S.
2554 3201 3013 3259 FULGENTIUS.

244 3328 514 3383 talionum
554 3328 733 3384 minus
778 3327 1143 3399 Augustinum
1187 3325 1488 3395 intelligere
1534 3337 1841 3393 possumus,
1870 3297 1919 3363 (ἶ
2023 3317 2231 3374 Revera
2258 3317 2404 3373 enim
2428 3316 2625 3374 frustra
2657 3317 2808 3373 labor
2856 3318 3145 3388 superﬂuae
3200 3320 3546 3377 scrutationis

244 3423 396 3479 vela
428 3424 651 3479 Domino
687 3422 1094 3496 intelligentiam
1129 3420 1483 3492 postulemus,
1508 3417 1595 3473 vel
1641 3419 1710 3472 ab
1766 3417 1845 3473 eis

249 3532 397 3588 quos
426 3517 545 3586 ipse
567 3531 666 3574 suo
690 3516 837 3573 dono
890 3516 1200 3572 illuminare
1221 3514 1470 3585 dignatus
1498 3519 1603 3577 est,
1628 3509 1846 3565 humili-

242 3621 337 3669 ter
367 3626 467 3668 nos
494 3612 675 3670 doceri
720 3612 1008 3684 patiamur,
1058 3625 1122 3666 ac
1176 3609 1554 3679 deprecemur.
1605 3603 1845 3659 Ecclesia

245 3713 616 3786 Lugdunensis
664 3712 756 3768 lib.
836 3711 900 3767 de
952 3711 1171 3766 tenenda
1217 3722 1380 3763 sacrm
1430 3705 1630 3774 Script.
1674 3703 1846 3771 uerit.,

244 3825 370 3879 cap.
413 3809 467 3864 9.

938 3896 1167 3954 XLVIII.

1254 4004 1302 4045 8.
1336 3999 1688 4044 AUGUSTINUS.

1160 4062 1217 4119 Si
1249 4076 1354 4116 non
1398 4060 1481 4114 vis
1525 4056 1849 4127 intelligere,

1094 4145 1186 4188 aut
1214 4134 1259 4188 si
1292 4143 1341 4187 te
1371 4130 1526 4200 ﬁngis
1556 4144 1665 4185 non
1688 4125 1849 4181 intel-

1094 4206 1301 4272 ligere.
1365 4203 1473 4259 noli
1537 4200 1851 4272 obstrepere

1093 4268 1395 4332 volentibus
1451 4283 1503 4329 et
1556 4268 1855 4326 valentibus

1095 4348 1417 4417 intelligere.
1443 4345 1560 4399 Lib.
1595 4358 1646 4399 tv
1674 4351 1854 4397 contra

1094 4421 1232 4488 Jul.,
1260 4434 1375 4488 cap.
1405 4417 1497 4472 46.

842 4518 900 4573 S.
932 4514 1266 4573 PROSPER.

339 4614 399 4670 In
421 4613 613 4685 quibus
665 4611 975 4686 (Augustini
1006 4610 1192 4682 dictis)
1234 4608 1381 4664 nulla
1401 4615 1484 4662 est
1531 4602 1855 4668 obscuritas,

499 4008 783 4050 CBNSORES.

331 4065 483 4122 Nova
497 4075 799 4138 argumenta
816 4066 883 4119 ad
908 4080 1020 4138 pro

246 4138 484 4194 bandum
516 4137 808 4192 doctrinam
858 4137 1021 4191 sancti

246 4211 533 4283 Augustini
610 4210 674 4265 de
692 4281 699 4283 Α
766 4209 1021 4283 mysteriis

245 4281 439 4354 gratia;
463 4290 510 4336 et
556 4281 1021 4354 prwdestinationis

248 4351 369 4408 esse
388 4352 651 4407 obscuram
678 4363 726 4407 et
757 4351 1023 4422 difﬁcilem

247 4424 543 4479 intellectu.

252 4706 309 4761 si
333 4704 402 4760 de
434 4704 538 4759 ﬁde
565 4703 1054 4775 praedestinationis
1085 4708 1141 4757 et
1161 4700 1369 4773 gratias,
1395 4713 1459 4753 ex
1491 4712 1597 4767 qua
1627 4704 1711 4751 est
1738 4707 1853 4748 om—
1880 4700 1935 4761 Ι)
2030 4696 2384 4775 Cum_sanctus
2404 4690 2721 4775 Augustinus

268 4800 428 4855 nium
456 4798 718 4854 bonorum
745 4798 896 4868 origo
931 4838 948 4864 ,
979 4792 1491 4867 perseverantiaque
1516 4790 1852 4853 meritorum,

256 4894 370 4949 hoc
395 4899 659 4959 teneatur,
715 4890 856 4961 quod
907 4890 1071 4945 habet
1097 4887 1315 4944 veritas.
1376 4881 1443 4937 In
1471 4883 1575 4952 ﬁne
1620 4896 1758 4948 resp.
1788 4878 1855 4931 ad

256 4984 529 5055 Excerpta
552 4985 894 5040 Genuensium
912 5000 976 5039 ea:
996 4982 1138 5038 libris
1170 4981 1231 5037 S.
1295 4977 1567 5049 Augustini
1621 4975 1685 5029 de
1712 4973 1856 5028 Prae-

257 5078 399 5133 dest.
426 5087 720 5135 sanctorum
740 5088 785 5132 et
825 5079 887 5131 de
917 5075 1067 5131 Dono
1095 5074 1501 5147 perseverantiw.

974 5168 1159 5226 XLIX.

512 5281 796 5325 CENSORES.
1272 5274 1319 5315 8.
1350 5268 1690 5313 AUGUSTINUS.

343 5338 575 5409 Denique
601 5348 656 5393 ut
676 5338 768 5392 hoc
789 5345 942 5406 caput
970 5335 1032 5390 de
1175 5331 1292 5409 Non
1324 5340 1516 5409 tamen
1548 5328 1760 5409 laboras
1797 5334 1862 5409 ut

262 5414 436 5468 sancti
464 5395 737 5483 A'ugustini
768 5395 1033 5483 verborum
1107 5420 1191 5483 me
1212 5402 1497 5472 intelligas,
1538 5397 1679 5483 quod
1706 5395 1859 5483 lfacib

262 5467 1034 5552 obscuritatbirrefragabilira-
1108 5476 1231 5530 lime
1278 5467 1468 5552 pote},
1500 5467 1593 5526 sed
1649 5467 1861 5552 laboras

264 5538 408 5610 tione
432 5538 758 5621 concludant,
782 5538 853 5605 "et
906 5565 1037 5605 vera:
1108 5556 1165 5601 ut
1188 5538 1289 5601 me
1319 5543 1556 5621 refellas,
1568 5538 1725 5621 "quod
1755 5551 1859 5619 non

263 5628 435 5695 ipsius
486 5628 669 5681 mentis
740 5612 1032 5694 detegenda:
1103 5629 1278 5695 potes.
1315 5612 1860 5695 Ltb._t-|-10pcrisim-

1952 3411 2304 3481 impenditur,
2339 3411 2427 3468 ubi
2456 3410 2600 3465 nulla
2630 3411 2957 3465 inventionis
2998 3411 3151 3479 copia
3201 3409 3544 3482 suffragatur,

1952 3516 2010 3563 et
2039 3507 2198 3563 noxia
2229 3506 2515 3563 curiositas
2543 3505 2597 3560 in
2620 3514 2831 3561 reatum
2856 3505 3100 3576 protinus
3132 3503 3349 3574 labitur,
3378 3520 3546 3574 quan-

1952 3601 2023 3657 do
2075 3599 2293 3657 modum
2350 3614 2507 3655 suum
2549 3601 2786 3654 humana
2818 3597 3119 3668 inﬁrmitas
3151 3613 3256 3654 non
3306 3600 3544 3655 metitur.

1936 3693 2092 3761 -Quin
2118 3694 2296 3763 potius
2322 3692 2375 3747 in
2404 3693 2508 3748 hoc
2561 3689 2979 3761 profundissimo
3006 3676 3204 3745 divina}
3259 3690 3546 3745 voluntatis

1954 3801 2155 3842 arcano
2183 3784 2315 3841 nihil
2368 3784 2529 3868 aliud.
2549 3792 2751 3839 nostra:
2797 3783 2961 3838 saluti
3004 3797 3304 3851 congruere
3332 3782 3547 3837 noveri.

1955 3895 2097 3946 mus,
2128 3879 2229 3935 nisi
2260 3893 2382 3935 cum
2411 3877 2584 3933 David
2614 3877 2981 3947 unusquisque
3006 3885 3243 3930 nostrum
3268 3874 3545 3931 humiliter

1955 3971 2100 4027 dicat
2129 3987 2143 4024 :
2178 3954 2441 4023 Mirabilis
2472 3971 2613 4041 facta
2635 3978 2706 4024 est
2733 3969 2947 4022 scientia
2992 3976 3081 4021 tua
3102 3983 3164 4022 ea:
3192 3983 3271 4021 me
3285 3983 3306 4035 ;
3332 3968 3545 4039 confor-

1956 4072 2067 4117 tata
2095 4070 2189 4130 est,
2221 4077 2312 4115 nec
2338 4070 2515 4132 potero
2545 4061 2614 4113 ad
2635 4076 2767 4115 eam.
2801 4059 2937 4114 Cum
2982 4060 3140 4115 beato
3167 4074 3380 4130 quoque
3408 4059 3549 4115 l'au-

1956 4158 2010 4214 lo
2040 4156 2279 4227 religiosi
2319 4155 2573 4210 clamoris
2597 4154 2885 4225 jungamus
2929 4153 3177 4209 affectum
3207 4156 3296 4224 qui
3351 4155 3464 4209 ait:
3502 4151 3548 4206 0

1957 4252 2181 4308 altitudo
2231 4250 2524 4305 divitiarum
2554 4248 2822 4318 sapientia
2850 4257 2897 4301 et
2958 4247 3185 4301 scientiw
3214 4246 3345 4303 Dei!
3388 4246 3504 4302 Lib.
3532 4263 3546 4302 ι

1957 4346 2027 4402 de
2054 4343 2227 4400 Verit.
2262 4342 2517 4414 praedest.
2582 4341 2725 4413 Lege
2758 4340 3082 4410 Prosperum
3115 4340 3179 4394 ad
3210 4339 3339 4396 dub.
3374 4339 3408 4394 4
3432 4349 3487 4396 et
3514 4339 3545 4391 7

1960 4435 2323 4493 Genuensium

2722 4525 2807 4580 LI.

2956 4633 3000 4672 5.
3036 4630 3383 4673 AUGUSTINUS.

2864 4688 3070 4744 Videtis
3101 4695 3245 4744 certe
3268 4687 3394 4758 quid
3421 4695 3549 4746 tunc

2198 4634 2484 4678 CENSORI-IS.

1963 4770 2263 4824 sententiam
2320 4781 2467 4819 suam
2513 4766 2565 4815 in
2628 4762 2723 4814 hac

1964 4842 2179 4895 materia
2210 4850 2284 4892 ter
2310 4835 2594 4898 mutaverit,
2629 4832 2724 4886 hoc

1965 4929 2057 4965 nos
2096 4914 2164 4965 ad
2212 4907 2522 4964 credendum
2569 4905 2724 4956 indu-

1964 4986 2060 5049 xit,
2092 4991 2322 5036 sanctum
2354 4978 2721 5049 Augustinum,

1966 5055 2192 5125 quamvis
2209 5050 2470 5125 eminentis
2496 5056 2627 5125 esset
2640 5048 2722 5125 in-

1967 5118 2124 5197 genii,
2158 5126 2273 5197 suis
2310 5118 2723 5197 meditationibus

1966 5195 2067 5253 non
2130 5195 2453 5266 acquievisse,
2507 5201 2553 5247 et
2612 5200 2725 5261 post

1967 5278 2039 5324 tot
2084 5277 2296 5324 conatus
2347 5267 2415 5319 ad
2463 5272 2726 5335 penetran-

1966 5342 2091 5396 dum
2112 5335 2575 5413 praedestinationis
2596 5350 2726 5403 mys-

1967 5414 2153 5467 terium
2204 5416 2529 5480 consumptos
2561 5421 2725 5480 coac-

1967 5494 2075 5540 tum
2153 5486 2311 5554 fuisse
2374 5478 2724 5549 inﬁrmitatem

1968 5573 2115 5611 suam
2126 5556 2297 5627 fateri.

2796 4762 2862 4816 de
2914 4760 3037 4824 ﬁde,
3086 4769 3247 4828 atque
3296 4758 3550 4828 operibus

2795 4832 3127 4894 sentiebam,
3180 4830 3424 4899 quamvis
3481 4831 3551 4886 de

2796 4901 3218 4959 commendanda
3252 4900 3343 4954 Dei
3380 4904 3551 4970 gratia

2797 4974 3115 5034 laborarem,
3140 4973 3193 5026 in
3217 4985 3320 5040 qua
3346 4980 3555 5028 senten-

2797 5047 2869 5101 tia
2913 5046 3046 5099 istos
3098 5043 3291 5098 fratres
3337 5054 3552 5100 nostros

2798 5117 3015 5188 (nempe
3035 5114 3554 5189 Serui-Pelagianos)

2798 5186 2915 5243 esse
2945 5202 3083 5242 nunc
3108 5186 3285 5250 video,
3306 5187 3425 5255 quia
3444 5186 3553 5245 non

2797 5258 2933 5315 sicut
2965 5261 3140 5329 legere
3171 5258 3336 5312 libros
3362 5273 3514 5315 meos
3534 5301 3552 5327 ,

2796 5332 2867 5386 ita
2898 5330 3059 5386 etiam
3108 5329 3159 5384 in
3204 5329 3282 5384 eis
3329 5345 3553 5386 curave-

2797 5411 2922 5457 runt
2992 5399 3253 5470 proﬁcere
3319 5416 3551 5458 mecum.
3620 5400 3637 5469 ῤ

2797 5474 2913 5528 Lib.
2955 5475 3018 5528 de
3064 5472 3309 5537 Friedest.
3354 5483 3557 5527 sancto-
3616 5496 3636 5531 ς,

2801 5562 2938 5611 rum,
2968 5562 3082 5615 cap.
3101 5543 3154 5600 4.

2548 5645 2605 5701 S.
2633 5639 2971 5699 PROSPEB.

264 5684 631 5769 difﬁcultatem
653 5684 1030 5760 'demonitrem,
1103 5684 1258 5763 peril,
1290 5704 1405 5757 cap.
1432 5684 1556 5741 141.

265 5779 380 5827 etc.

818 5859 877 5917 S.
900 5853 1309 5914 ANTONINUS.

346 5956 511 6026 Quasi
538 5954 620 6014 sol
646 5951 944 6019 refulgens.
987 5946 1354 6021 quldomlnus
1397 5938 1595 6004 dicitur
1621 5940 1861 6013 planeta-

2041 5744 2175 5812 Quia
2201 5758 2330 5814 ergo
2371 5753 2472 5797 nec
2512 5738 2681 5809 justa,
2728 5749 2829 5792 nec
2874 5730 3206 5796 rationabilis
3243 5729 3563 5799 intelligitur

1970 5854 2159 5896 eorum
2189 5836 2355 5891 fuisse
2400 5832 2677 5905 persuasio
2698 5872 2712 5896 ,
2743 5829 2833 5900 qui
2864 5826 3021 5898 hujus
3064 5824 3167 5879 viri
3194 5823 3411 5896 (nempe
3441 5824 3555 5879 Au-

1971 5931 2193 6005 gustini)
2241 5928 2522 5988 scientiam
2577 5936 2658 5984 tot
2717 5925 3167 5982 incrementorum
3229 5919 3555 5989 profectibus
