3988 6348
499 362 596 419 851

1386 362 1953 421 SUPPLEIEN’I’UM
1993 363 2086 420 AD
2124 361 2355 419 OPERA
2391 363 2452 421 8.
2493 363 2887 421 AUGUSTINI.

3678 360 3795 417 852

496 476 840 545 aediﬁcatam,
866 483 947 531 tot
988 489 1248 530 annorum
1278 474 1472 530 studiis
1498 476 1792 546 expolitam
1844 477 1911 533 ad
1950 478 2085 534 sdo-
2114 478 2169 541 Α
2192 476 2246 532 in
2270 491 2371 548 qua
2402 486 2482 533 est
2512 477 2996 547 praedestinationis
3024 476 3269 547 enectus,
3303 486 3358 534 et
3387 478 3793 550 prmscientiam

492 570 768 628 leseentiaa
790 569 1090 626 rudimenta
1118 569 1458 633 revocabant,
1484 578 1541 623 ut
1573 571 1741 642 magis
1762 571 2084 644 suffragari:-

491 675 577 719 tur
604 664 869 720 haereticis
885 663 1028 733 quod
1050 664 1190 718 inter
1211 663 1359 718 initia
1386 664 1759 719 conversionis
1772 680 1883 719 suae
1909 665 2082 735 impe-

490 758 592 813 rite
611 768 874 822 senserat,
902 771 1060 825 quam
1104 754 1383 827 prodesset
1415 754 1691 812 catholicis
1721 756 1862 826 quod
1909 756 2083 827 penti-

493 850 665 905 licalis
695 850 987 920 diligentiae
1018 851 1215 906 veritas
1243 850 1528 918 revelarat,
1561 852 1756 907 merito
1803 851 1925 907 illos
1978 852 2081 910 hoc

489 942 798 1012 pra-judicio
822 952 1054 1010 utentes,
1087 952 1142 999 et
1188 946 1241 997 in
1288 943 1373 999 bis
1414 958 1534 1017 quas
1581 942 1783 1000 dudum
1835 946 2079 1002 abdicata

488 1033 699 1091 fuerant
723 1036 1093 1105 immorantes,
1130 1036 1201 1107 pii
1224 1035 1464 1093 doctoris
1491 1038 1729 1108 gravitas
1754 1046 1903 1092 notat
1931 1038 2075 1106 quod

487 1126 575 1195 qui
591 1137 915 1183 curaverunt
937 1143 1124 1184 omnes
1146 1142 1335 1184 sensus
1349 1128 1518 1199 ipsius
1539 1129 1793 1200 indagare
1808 1131 2078 1188 noluerint

482 1232 606 1277 cum
629 1220 746 1293 ejus
765 1206 1066 1279 eruditione
1081 1221 1360 1293 prolicere.
1380 1220 1533 1294 Resp.
1550 1223 1618 1277 ad
1638 1222 1761 1279 dub.
1786 1221 1821 1276 5
1842 1232 2069 1294 czcerpt.

481 1312 762 1388 Genuam,
788 1320 842 1374 in
868 1320 988 1389 ﬁne.
1058 1326 1063 1329 '

1219 1411 1328 1469 LII.

1486 1518 1534 1560 8.
1560 1517 1899 1560 AUGUSTINUS.

1379 1575 1524 1630 Dicis
1544 1590 1629 1629 me
1653 1591 1868 1646 quoque
1890 1576 2065 1644 ipsum

704 1519 990 1561 CINSOREB.

553 1573 664 1630 Nec
709 1580 1002 1632 mirandum
1043 1586 1136 1640 est,
1186 1578 1233 1631 si

477 1645 805 1718 (Augustini)
849 1649 1055 1719 ingenio
1101 1644 1231 1701 inter
1304 1648 1591 1719 innovasse
1612 1644 1802 1719 sensus
1821 1658 2069 1711 meos,et

476 1728 550 1789 tot
569 1717 845 1773 sententias
870 1717 984 1789 qua:
1006 1720 1083 1773 illi
1112 1736 1229 1786 pro-
1304 1717 1455 1773 initio
1504 1717 1875 1774 conversionis
1932 1734 2066 1773 mete

472 1788 662 1845 babiles
714 1788 1051 1854 videbantur,
1100 1793 1232 1860 ﬂuc—
1306 1789 1406 1861 hoc
1469 1790 1703 1846 sensisse
1769 1791 1914 1861 quod
1988 1799 2061 1845 tu.

470 1868 941 1939 tuante,asseratu_r
965 1857 1133 1933 ipsum
1155 1872 1229 1915 ter
1299 1857 1406 1939 Sed
1460 1857 2061 1939 {alligant-falleris,
2094 1875 2144 1939 Β

1300 1936 1415 1988 sive
1435 1932 1810 1988 calumniando
1841 1935 1904 1987 iis
1948 1950 2066 2004 quas

1306 2020 1445 2059 nunc
1463 2004 1583 2060 dico
1598 2047 1613 2071 ,
1638 2006 1753 2059 sive
1774 2018 1878 2058 non
1912 2005 2069 2061 intel-

471 2073 710 2146 ligendo,
735 2076 817 2132 vel
831 2076 1017 2202 Potius
1042 2092 1150 2131 non
1178 2075 1403 2147 legendo
1422 2089 1487 2130 ea
1502 2092 1622 2147 quae
1639 2085 1768 2131 tunc
1788 2075 1921 2131 dixi.
1949 2075 2062 2135 Lib.

471 2160 522 2201 vr
554 2156 737 2201 contra
756 2146 828 2202 Ju
856 2188 896 2202 ..
926 2164 1042 2202 can.
1078 2148 1164 2202 I2.

471 2160 522 2201 vr
554 2156 737 2201 contra
756 2146 896 2216 Jul.,
926 2164 1042 2219 cap.
1078 2148 1164 2203 I2.

470 1942 694 1988 mutasse
714 1933 1031 1988 sententiam.

1180 2239 1364 2296 IDEM.

535 2330 749 2388 Maneat
779 2332 955 2402 plane,
988 2341 1208 2389 maneat
1237 2332 1340 2389 ista
1385 2330 1643 2401 conditio,
1689 2342 1747 2389 ut
1771 2333 1965 2391 horum
1994 2334 2062 2391 li-

465 2425 683 2481 brorum
713 2428 923 2483 novitas
943 2429 1221 2499 repudiata
1246 2428 1509 2497 videatur,
1535 2431 1579 2485 si
1608 2430 1663 2486 in
1689 2430 1878 2488 eadem
1895 2447 2060 2489 causa

464 2518 705 2593 ejusdem
737 2521 839 2575 viri
867 2521 1097 2593 (scilicet
1126 2522 1440 2595 Augustini)
1470 2523 1722 2585 dissentit
1743 2525 2058 2597 antiquitas,

462 2622 517 2669 et
555 2622 612 2668 ut
645 2614 832 2675 inutile
857 2624 949 2670 aut
993 2615 1347 2686 incongruum
1380 2617 1656 2688 judicetur
1683 2621 1828 2693 quod
1866 2622 1932 2681 ab
1972 2624 2057 2683 his

461 2718 583 2773 quae
609 2715 802 2762 contra
829 2705 1148 2778 Pelagianos
1172 2707 1416 2765 condidit
1443 2710 1731 2769 dissonans
1760 2713 2052 2775 invenitur.

462 2793 530 2850 In
551 2796 654 2866 [ine
682 2796 771 2851 lib.
798 2809 936 2853 cont.
959 2797 1151 2863 Collat.

1187 2892 1324 2953 LIII.

692 2997 978 3041 CENSORI8.

529 3050 826 3121 Swpissime
848 3056 1089 3123 (sanctus
1106 3058 1217 3113 Au-

457 3124 726 3199 gustinus)
760 3126 926 3195 fassus
955 3136 1028 3180 est
1070 3129 1215 3199 difﬁ-

373 3238 379 3243 .
456 3194 666 3267 cultates
712 3194 803 3249 aut
856 3213 888 3249 a
943 3194 1214 3267 semetipso

456 3276 543 3319 aut
573 3266 635 3319 ab
664 3268 971 3323 adversariis
1015 3271 1069 3325 in
1114 3266 1213 3327 hac

456 3339 667 3391 materia
681 3354 773 3407 pro
779 3342 889 3407 ρο.ςὲ
896 3352 973 3395 tas
986 3357 1102 3396 suas
1115 3360 1214 3398 res-

454 3409 727 3475 ponsiones
769 3413 1029 3478 excedere,
1073 3430 1214 3468 men-

453 3487 651 3556 temque
669 3497 816 3535 suam
856 3486 1019 3554 magis
1046 3485 1215 3556 objec-

453 3552 677 3625 tionibus
703 3555 873 3607 vexari
898 3552 1051 3625 quam
1083 3552 1213 3615 solu-

456 3622 677 3679 tionibus
705 3622 1048 3696 acquiescere.

1460 3001 1508 3044 8.
1541 3005 1883 3050 AUGU8'I'INU8.

1360 3059 1443 3117 Ad
1482 3062 1661 3119 omnia
1690 3080 1776 3121 tne
1806 3065 1901 3121 tibi
1930 3080 2047 3123 res-

1288 3133 1566 3202 pondisse,
1593 3134 1826 3202 Iuliane,
1851 3149 1902 3192 et
1934 3153 2050 3193 om-

1286 3205 1370 3257 nia
1420 3203 1704 3272 refellisse,
1736 3220 1867 3276 etc.,
1918 3219 2045 3277 puto

1284 3360 1384 3399 cax
1403 3361 1511 3401 non
1534 3363 1613 3405 es.
1638 3347 1752 3403 Lib.
1784 3367 1833 3405 v1
1863 3347 2044 3409 contra

1283 3414 1422 3485 Jul.,
1451 3434 1566 3487 cap.
1609 3420 1699 3474 26.
1755 3420 1905 3477 Unde
1950 3424 2040 3480 tibi

1285 3488 1495 3544 duobus
1508 3491 1775 3558 prioribus
1794 3494 1944 3548 libris
1964 3496 2043 3551 sic

1284 3576 1372 3623 me
1421 3562 1765 3630 respondisse
1788 3566 2039 3635 arbitror,

1286 3640 1345 3687 ut
1372 3646 1402 3686 a
1432 3634 1579 3688 nullo
1609 3636 1836 3694 amplius
1862 3641 2043 3694 τιεαυὶ-

1286 3648 1345 3687 υι
1372 3648 1402 3686 a
1432 3648 1579 3688 nuuo
1609 3648 1836 3708 amplius
1862 3648 2037 3708 requi-

1282 3712 1451 3760 ratur.
1502 3702 1660 3760 Initio
1706 3709 1793 3763 lib.
1845 3724 1874 3763 v
1902 3721 2037 3765 cont.

1279 3776 1535 3831 eumdem.

1159 3889 1344 3947 IDEM.

542 3997 647 4073 Ijec
666 4000 766 4051 sola
785 4007 862 4052 est
880 4002 981 4052 illic
1001 4004 1294 4073 synodorum
1319 4012 1493 4073 exerta
1517 4014 1752 4073 potestas,

541 4061 643 4137 gen
663 4076 787 4125 quos
810 4076 907 4137 non
930 4061 1128 4137 possent
1150 4069 1338 4117 ratione
1364 4061 1598 4121 evincere
1626 4061 1799 4137 nostri,

546 4124 602 4196 χῖ
626 4124 941 4196 premerent,
952 4130 1182 4196 discussae
1198 4139 1353 4194 artes,
1376 4136 1606 4196 virusque
1629 4124 1873 4189 retectum
1899 4148 1975 4191 est

543 4185 777 4261 ἐξῄειξῇ
799 4185 1303 4261 sensus,_nullumque
1325 4185 1787 4261 omniuo'relictuni,

453 4310 519 4365 Et
542 4249 694 4365 Doct‘a
719 4250 859 4312 ﬁdes,
884 4249 1012 4314 quod
1038 4267 1131 4303 non
1151 4249 1443 4307 dissolveret
1463 4249 1824 4321 argumentum.

548 4327 645 4365 nos
671 4328 732 4365 ea
768 4331 781 4365 :

500 4322 519 4365 t
548 4323 732 4377 postea
768 4331 781 4366 :

543 4381 622 4450 An
642 4380 788 4450 alium
809 4386 857 4432 in
881 4384 1025 4450 linem
1050 4394 1215 4450 posset
1239 4390 1512 4450 procedere
1534 4400 1757 4449 sanctum

543 4442 828 4516 Eoncilium,
856 4450 934 4496 cui
959 4442 1065 4494 dux'
1091 4442 1334 4516 Aurelius,
1354 4442 1704 4516 ingeniumque

544 4506 852 4574 Augustinus
876 4517 1003 4570 erat,
1027 4506 1373 4574 queui_Cbristi
1400 4506 1555 4574 gratia
1578 4506 1728 4567 cornu

548 4567 789 4635 Uberipre
807 4573 972 4633 rigans
990 4567 1159 4635 nostro
1180 4572 1348 4626 lumen
1368 4567 1504 4626 dEdit
1524 4590 1630 4635 aevo
1646 4581 1670 4630 ‘2

456 4630 648 4686 Contra
676 4629 937 4705 Ingratos,
962 4650 1079 4705 cap.
1110 4634 1164 4689 2.

1174 4727 1309 4785 LIV.

680 4834 967 4877 CBNSORES.

520 4887 741 4967 Fatetur
794 4892 813 4962 (
839 4891 1164 4967 Augustinus
1184 4894 1205 4967 )

446 4978 592 5035 suam
683 4964 972 5017 doctrinam
1067 4964 1206 5035 (de

442 5033 919 5111 praedestinatione
948 5038 995 5111 λ
1053 5033 1206 5092 talem
1279 5040 1620 5109 Christianis,
1656 5046 1773 5097 sive
1800 5033 2038 5102 multitu-

440 5108 578 5180 esseg
640 5116 695 5159 nt
819 5108 1023 5180 populis
1119 5122 1207 5165 aut
1280 5108 1685 5180 diniEcclesim,
1720 5130 1813 5168 cur
1842 5120 2033 5171 metui-

442 5176 991 5255 hominibustardioris
1008 5182 1200 5255 ingenii
1273 5198 1390 5238 mus
1422 5176 1727 5239 senatorum
1762 5187 2032 5253 praedesti-

445 5253 779 5315 prwdtcanda
809 5266 910 5305 non
934 5254 1019 5307 sit.
1068 5253 1073 5255 ⁷
1276 5255 1544 5309 nationem
1592 5266 1645 5311 et
1700 5270 1879 5311 veram
1933 5259 2029 5314 Dei

446 5338 455 5343 ’
630 5390 641 5397 _
1276 5326 1520 5395 gratiam,
1548 5326 1598 5380 id
1625 5335 1727 5391 est,
1763 5343 1882 5397 qum
1922 5345 2027 5385 non

441 5390 738 5462 secundum
792 5404 983 5448 merita
1031 5404 1211 5451 nostra
1263 5390 1440 5462 datur,
1499 5397 1638 5453 sicut
1681 5390 1801 5452 eam
1844 5410 2028 5457 sancta

435 5458 721 5600 Ξεὲὶιὲἓηι
746 5464 1018 5531 praedicat,
1048 5467 1378 5536 praedicare?
1398 5458 1511 5523 Lib.
1544 5470 1608 5523 de
1632 5468 1781 5523 Dono
1804 5486 2021 5541 perseo.,

416 5633 434 5683 ξ
1150 5628 1335 5685 IDEM.

510 5712 886 5787 (Augustinus)
901 5718 985 5787 pia
1003 5726 1177 5775 tamen
1200 5725 1578 5795 constantique
1598 5725 1841 5782 doctrina
1858 5728 2030 5784 abun-

440 5806 629 5863 danter
659 5808 905 5878 probavit
934 5811 1326 5881 praedicandam
1356 5832 1479 5873 esse
1508 5818 1761 5875 Ecclesiae
1792 5822 2029 5891 prtedes-

438 5902 776 5975 tinationem,
804 5905 856 5960 in
886 5920 990 5977 qua
1019 5918 1101 5963 est
1126 5910 1313 5979 gratiae
1333 5912 1676 6000 praeparatio,
1699 5922 1754 5969 et
1774 5914 2023 5982 aratiam.

1452 4838 1500 4881 8.
1534 4840 1872 4883 AUGU8'I‘INU8.

1351 4897 1477 4970 Haec
1522 4906 1682 4966 atque
1732 4900 2039 4970 hujusmodi

1278 4983 1400 5045 cum
1424 4969 1673 5045 dicuntur
1703 4969 1815 5025 sive
1855 4976 2036 5045 paucis

2188 570 2305 639 Dei,
2338 587 2441 642 qua
2472 580 2597 629 ante
2626 572 2821 628 saecula
2851 580 3049 627 aeterna
3076 570 3270 643 quibus
3308 582 3454 629 esset
3482 572 3795 628 collaturus

2187 677 2280 719 sua
2312 663 2450 719 dona
2482 663 2977 736 praescivit..Cujus
2998 665 3396 735 praedicationis
3421 665 3672 736 quisquis
3705 675 3792 720 est

2184 760 2547 833 impugnator,
2580 759 2961 832 apertissimus
2981 768 3065 815 est
3086 758 3392 831 Pelagianae
3414 759 3672 823 elationis
3695 759 3792 819 ad-

2178 853 2345 923 jutor.
2376 851 2444 908 In
2473 853 2575 921 ﬁne
2606 853 2765 923 Resp.
2793 852 2861 907 ad
2885 860 3125 921 excerpta
3154 849 3523 911 Genuensittm.

2915 944 3026 1000 LV.

2222 1070 2226 1074 ‘
2404 1054 2692 1095 CENSORI-ES.
3173 1057 3221 1098 8.
3260 1055 3607 1097 AUGUSTINUS.

2254 1110 2385 1165 Mihi
2424 1113 2538 1165 licet
2567 1112 2757 1166 addere
2802 1111 2939 1181 quod
3082 1112 3200 1168 Non
3250 1121 3374 1167 sunt
3421 1128 3549 1183 ergo
3609 1112 3785 1167 verba

2177 1184 2225 1237 si
2260 1185 2483 1239 diversas
2521 1185 2686 1237 sancti
2732 1182 2937 1254 Augus-
3014 1199 3135 1240 mea
3175 1184 3315 1240 inter
3360 1198 3420 1239 se
3462 1182 3782 1249 contraria,

2178 1256 2271 1308 tini
2312 1257 2448 1308 circa
2491 1254 2624 1309 hanc
2670 1256 2939 1308 materiam
3011 1257 3257 1325 quamvis
3284 1265 3336 1310 te
3359 1255 3663 1324 patiantur,
3696 1258 3783 1310 Vel

2176 1328 2546 1396 propositiones
2567 1327 2809 1393 colligere
2835 1326 2938 1385 vel-
3012 1344 3117 1383 non
3142 1327 3507 1397 intelligendo,
3525 1327 3616 1383 vel
3642 1327 3782 1382 alios

2174 1397 2303 1462 lem,
2345 1416 2527 1470 corpus
2569 1400 2830 1467 quoddam
2872 1416 2933 1452 ea:
3010 1400 3309 1469 intelligere
3353 1414 3455 1470 non
3495 1397 3775 1463 sinendo,

2183 1468 2527 1523 diversissimis
2550 1470 2781 1539 partibus
2808 1486 2929 1523 coa-
3004 1468 3353 1525 contrarium.
3388 1468 3498 1523 Lib.
3527 1486 3557 1524 v
3581 1482 3780 1524 contra

2173 1550 2407 1611 plorem;
2436 1541 2583 1594 isthic
2624 1544 2754 1594 «nim
2795 1558 2929 1595 asse-
3002 1541 3143 1606 Jul.,
3176 1558 3287 1610 cap.

2172 1613 2238 1664 rit
2267 1612 2480 1666 salutent
2521 1623 2743 1666 nostram
2785 1616 2932 1668 abso-

2171 1683 2278 1737 luto
2303 1685 2504 1740 decreto
2520 1685 2784 1752 deﬁnitam
2799 1701 2924 1750 esse,
2947 1686 3073 1741 alibi
3126 1701 3245 1740 vero
3284 1685 3407 1739 dicit
3428 1685 3776 1739 nihilominus

2170 1770 2201 1808 a
2230 1756 2386 1811 libero
2412 1766 2585 1811 nostro
2615 1756 2825 1811 arbitrio
2854 1760 3103 1827 pendere,
3133 1768 3240 1813 etc.

2864 1848 3052 1907 IDEM.

2246 1940 2511 2011 Legantur
2555 1951 2665 1997 tres
2714 1942 2780 1998 ad
2836 1943 3203 2003 Marcellinum
3260 1942 3426 2013 ipsius
3477 1943 3644 2009 libri,
3705 1942 3773 1999 ad

2168 2042 2414 2089 sanctum
2458 2035 2738 2091 Paulinum
2768 2034 3031 2092 Nolanum
3063 2036 3291 2106 epistola
3322 2043 3676 2102 retractetur,
3705 2034 3773 2089 ad

2166 2128 2539 2187 beatissimum
2580 2145 2797 2201 quoque
2826 2132 3139 2202 apostolicae
3187 2131 3332 2189 sedis
3364 2140 3485 2191 tunc
3532 2132 3773 2205 presby-

2168 2229 2339 2279 terum
2369 2221 2603 2290 Xistom,
2627 2238 2768 2281 nunc
2794 2239 2927 2285 vero
2950 2225 3277 2294 pontiﬁcem,
3303 2226 3513 2285 emissas
3544 2225 3774 2295 pagina

2165 2331 2531 2376 recurrantur.
2563 2321 2642 2376 Ad
2666 2332 2911 2376 sanctum
2945 2322 3250 2385 Pinianum,
3281 2320 3347 2376 ad
3372 2321 3653 2376 Valerium
3684 2335 3770 2373 co-

2165 2416 2348 2468 mitem
2368 2455 2383 2479 ,
2417 2414 2483 2469 ad
2513 2429 2702 2470 servos
2729 2414 2928 2470 Christi
2956 2415 3249 2470 Timasium
3281 2424 3335 2471 et
3357 2415 3615 2471 Iacobum
3662 2415 3772 2469 tlis-

2166 2505 2371 2561 tinctim
2395 2507 2538 2561 edita
2567 2507 2837 2562 volumina
2872 2509 3235 2565 revolvantur.
3261 2509 3370 2565 Sex
3396 2508 3513 2563 libri
3543 2508 3769 2577 priores

2161 2611 2347 2654 contra
2374 2600 2667 2668 Juliannm,
2694 2618 2829 2657 unus
2852 2603 2917 2657 ad
2946 2610 3190 2659 sanctum
3220 2602 3490 2657 Aurelium
3521 2602 3768 2656 Cartha-

2160 2692 2439 2762 ginensem
2467 2693 2777 2764 episcopum
2832 2694 2897 2749 de
2938 2692 3114 2750 Gestls
3144 2693 3459 2759 Palaesrinis,
3504 2694 3657 2748 alius
3702 2692 3767 2748 ad

2161 2784 2381 2840 Paulum
2414 2795 2469 2841 et
2512 2787 2831 2856 Eutropium
2882 2789 3193 2845 sacerdotes
3234 2799 3418 2845 contra
3446 2787 3666 2858 Pelagii
3714 2797 3767 2842 et

2156 2876 2397 2934 leestii
2429 2883 2777 2951 quaestiones,
2828 2892 2882 2938 et
2930 2884 2996 2938 ad
3028 2883 3200 2939 beatae
3240 2883 3510 2939 memoriae
3552 2898 3761 2953 papam

2156 2969 2487 3027 Bonifacium
2514 2974 2635 3045 libri
2668 2983 2899 3045 quatuor
2939 2977 3301 3046 explicentur.
3349 2980 3426 3032 Ac
3463 2974 3628 3031 sicin
3674 2975 3760 3030 his

2153 3066 2406 3121 omnibus
2452 3068 2729 3138 operibus,
2781 3070 3069 3141 multisque
3098 3070 3215 3125 aliis
3262 3086 3382 3142 quae
3426 3083 3761 3125 enumerare

2150 3157 2366 3229 longum
2399 3170 2516 3225 est,
2549 3158 2688 3217 idem
2744 3160 3003 3217 doctrinae
3050 3163 3292 3232 spiritus,
3337 3161 3517 3218 eadem
3553 3161 3763 3232 prmdio

1284 3252 2045 3350 ᾇίῶά
2076 3259 2123 3333 c
2152 3252 2382 3350 cationis
2414 3253 2580 3308 forma
2611 3255 2904 3324 praecessit.
2932 3253 2997 3311 In
3026 3256 3128 3326 ﬁne
3169 3255 3261 3310 lib.
3313 3264 3487 3311 contra
3528 3255 3757 3326 Callet,

2150 3364 2263 3419 cap.
2296 3345 2386 3402 4i.

2884 3441 3017 3498 LVI.

3145 3549 3193 3591 8.
3233 3547 3577 3591 AUGUSTINUS.

3053 3606 3188 3661 Hinc
3233 3614 3317 3663 est
3345 3608 3485 3675 quod
3516 3614 3753 3663 senten-

2983 3678 3083 3739 tias
3111 3693 3259 3735 mcas
3282 3678 3421 3739 inter
3444 3692 3501 3734 se
3521 3688 3747 3737 contra,

2980 3750 3089 3804 rias
3108 3759 3259 3818 putas
3275 3751 3358 3805 vel
3376 3749 3550 3819 putari
3569 3752 3722 3819 Cupis

2983 3830 3233 3891 tanquam
3265 3822 3337 3875 im
3347 3823 3567 3889 probem
3601 3838 3706 3891 quo

2979 3906 3108 3947 ante
3151 3893 3561 3962 approbaverim
3591 3934 3607 3956 ,
3653 3904 3747 3947 aut

2980 3964 3275 4031 amplectar
3301 3965 3444 4033 quod
3474 3976 3600 4019 ante
3631 3978 3771 4037 resy

2979 4036 3210 4103 puerim.
3242 4036 3384 4093 Audi
3423 4050 3556 4108 ergo
3585 4049 3743 4104 aper-

2980 4117 3085 4165 tam
3117 4108 3438 4165 sententiam
3464 4122 3658 4169 meam.
3686 4116 3743 4165 et

2977 4177 3247 4247 intelligo,
3281 4178 3366 4234 vel
3414 4177 3529 4233 sine
3582 4179 3740 4237 inteb-

2975 4247 3144 4319 Iigere
3161 4251 3316 4316 alios,
3333 4266 3439 4309 non
3458 4250 3737 4305 oliunden-

2973 4321 3042 4375 du
3062 4320 3317 4402 caligines
3335 4321 3611 4402 nebulosa
3628 4320 3735 4402 (Iis-

2976 4393 3263 4459 putationis
3292 4393 3568 4449 serenitati
3622 4394 3736 4453 sit»

2138 4459 2432 4515 carissima:
2478 4460 2737 4515 veritatis.
2778 4459 2894 4521 Lib.
2932 4478 2965 4518 v
2988 4472 3169 4519 contra
3197 4460 3334 4528 Jul.,
3368 4480 3489 4532 cap.
3518 4463 3574 4518 9.

2834 4574 3020 4635 IDEM.

2380 3546 2664 3587 CENSOBES.

2223 3600 2358 3656 Hinc
2404 3605 2655 3658 concludo
2684 3604 2818 3671 quod
2864 3606 2907 3659 si

2146 3674 2269 3729 mihi
2302 3692 2402 3729 non
2424 3674 2540 3729 licet
2566 3676 2733 3735 dicere
2758 3692 2909 3737 sanc-

2146 3755 2251 3818 tum
2288 3749 2629 3818 Augustinum
2672 3750 2724 3801 in
2756 3747 2908 3801 variis

2146 3815 2393 3869 libroruin
2420 3834 2629 3871 suorum
2659 3820 2784 3873 locis
2814 3819 2909 3874 sibi

2145 3890 2514 3943 contradixisse
2540 3931 2553 3953 ,
2598 3890 2779 3943 saltem
2827 3893 2909 3959 (as

2144 3967 2215 4012 est
2239 3959 2361 4014 mihi
2381 3962 2585 4017 credere
2604 3962 2762 4032 ipsius
2780 3964 2906 4015 doc-

2142 4034 2328 4089 trinam
2401 4047 2512 4087 esse
2580 4034 2907 4088 intricatissi-

2144 4118 2299 4165 mam.
2351 4119 2466 4159 cum
2504 4106 2649 4161 nulla
2694 4106 2907 4169 reperiri

2143 4176 2301 4241 possit
2365 4174 2654 4233 intricatior
2680 4217 2693 4240 ,
2750 4193 2905 4244 quam

2139 4261 2257 4319 qua:
2280 4245 2377 4300 sibi
2397 4248 2496 4315 ipsi
2518 4264 2806 4319 repugnare
2828 4249 2902 4302 vi-

2140 4316 2345 4372 dsatur.

2066 4657 2121 4725 D
2216 4675 2297 4729 'l‘u
2347 4684 2558 4740 autem,
2613 4673 2958 4733 dilectissime
2996 4684 3054 4735 et
3098 4673 3556 4733 venerandissima
3600 4674 3728 4730 mihi

2145 4768 2335 4834 frater,
2368 4769 2413 4823 si
2440 4782 2566 4823 vere
2593 4767 2770 4824 dehis
2793 4767 3183 4839 quastinnibus
3213 4768 3404 4827 instrui
3431 4768 3723 4835 desideras.

2143 4862 2282 4919 sicut
2333 4862 2645 4919 desiderare
2677 4872 2730 4918 te
2756 4863 3027 4933 convenit,
3080 4864 3212 4933 ipsis
3259 4864 3402 4925 beati
3447 4864 3723 4936 Augustini

2142 4955 2600 5024 disputationibus
2630 4956 3019 5025 cognoscendis
3052 4957 3301 5027 impende
3326 4972 3547 5025 curam,
3577 4968 3629 5013 ut
3662 4958 3720 5014 in

2141 5049 2442 5104 conﬁtenda
2488 5051 2580 5105 Dei
2618 5051 2788 5120 gratia
2826 5050 3295 5109 delacatlssimam
3332 5066 3399 5110 ac
3428 5053 3719 5113 saluberri-

2140 5156 2281 5195 mani
2324 5140 2648 5209 evangelica:
2676 5141 3093 5212 apostoliczaque
3136 5143 3398 5198 doctrinae
3428 5145 3720 5217 intelligen-

2138 5234 2264 5286 tiam
2296 5230 2661 5303 consequsris.
2693 5230 2763 5288 In
2788 5234 2941 5298 epist.
2973 5234 3041 5287 ad
3073 5231 3346 5303 Ruﬁnum,
3371 5234 3424 5291 ist
3457 5236 3583 5307 ﬁne.

2851 5322 3003 5380 LVII.

3132 5432 3177 5473 8.
3214 5434 3559 5480 AUGUSTINUS.

3038 5489 3142 5545 Ista
3190 5493 3399 5549 nelaria
3430 5506 3482 5549 et
3511 5495 3714 5550 damna-

2964 5559 3090 5616 biIIa
3131 5559 3385 5621 dogmata
3417 5567 3469 5621 in
3502 5565 3592 5621 hac
3626 5564 3713 5618 tri-

2966 5633 3161 5703 partita
3197 5633 3459 5694 divisione
3480 5637 3709 5709 quisquis

2964 5715 3148 5763 mente
3160 5709 3423 5764 catholica
3444 5711 3704 5774 exhorret,

2966 5776 3113 5851 illius
3138 5780 3370 5851 quinque
3417 5780 3609 5850 partitae
3638 5780 3703 5829 la.

2968 5848 3163 5906 hebrus
3206 5848 3534 5922 insidiasque
3576 5851 3705 5905 devi-

2966 5932 3061 5994 tet,
3083 5933 3243 5997 atque
3265 5923 3338 5983 ita
3357 5924 3497 5985 inter
3518 5933 3702 5985 utrum-

2368 5428 2654 5471 CENSORES.

2198 5484 2480 5555 Nunquam
2497 5498 2667 5542 tamen
2684 5488 2889 5558 longius

2137 5559 2234 5630 zeli
2306 5562 2490 5613 ardore
2573 5560 2890 5630 Augustinus

2137 5627 2375 5703 abreptus
2429 5640 2535 5699 est,
2593 5627 2746 5703 quam
2804 5634 2890 5687 ubi

2139 5697 2447 5775 Pelagianos
2525 5697 2887 5775 impugnavit;

2139 5770 2283 5823 dum,
2310 5775 2440 5825 enim
2487 5774 2550 5827 ab
2596 5770 2773 5828 eorum
2812 5774 2891 5829 lo-

2138 5844 2324 5905 quendi
2350 5846 2542 5898 ratione
2566 5855 2611 5899 et
2635 5848 2890 5901 erroribus

2138 5914 2429 5989 longissime
2462 5919 2693 5978 recedere
2721 5920 2859 5979 iutsn
