3988 6348
213 326 323 384 855

214 445 313 508 dit,
362 441 415 493 in
452 439 764 511 periculosos
800 456 974 495 exces-

208 529 300 568 sus
339 512 539 578 incidit,
577 521 635 566 ut
664 514 784 567 hinc
812 511 973 581 aliqui

208 584 435 655 theologi
457 583 695 655 doctrina
712 593 761 637 et
786 584 977 654 pietate

209 654 439 728 insignes
482 654 710 711 dixerint
736 671 852 710 eum
892 672 976 710 vc-

208 727 387 781 ritatis
442 727 627 781 limites
681 736 972 797 transgres-

208 814 325 853 sum
346 815 474 862 esse,
494 800 652 853 nimio
669 799 975 871 disputatio-

206 872 295 924 nis
316 871 488 924 calore
505 887 773 925 accensum
792 872 970 943 fuisse,

206 953 302 996 aut
377 944 577 1013 visunt"
602 944 757 1011 fuisse
805 946 978 1013 facem

209 1013 485 1068 hwreticis.
537 1012 702 1068 Verba
743 1013 853 1068 lucc
896 1014 980 1067 in-

208 1086 433 1139 solentia
477 1095 522 1139 et
546 1084 868 1156 impudentia
898 1101 981 1139 es-

209 1167 348 1223 sent,
378 1157 480 1211 nisi
509 1170 628 1212 ocra
648 1165 835 1212 essent.

1406 316 1728 375 VINDICIAE
1765 313 2329 375 AUGUSTINIANIE.

1048 454 1152 510 que
1179 437 1257 510 sit
1274 448 1490 510 cautus,
1524 448 1579 494 ut
1618 438 1698 494 sic
1726 438 1811 494 de-
1836 440 1889 494 Δ

1048 508 1213 566 clinet
1241 508 1616 575 Manichasum,
1651 524 1719 566 ne
1745 523 1807 567 se

1050 583 1270 639 inclinet
1296 582 1351 637 in
1373 580 1670 651 Pelagium,
1697 596 1808 637 rur-

1048 669 1250 725 susque
1296 654 1366 709 ita
1394 667 1456 709 se
1495 654 1743 724 sejungat
1775 668 1806 707 a

1048 725 1369 809 Pelagianis,
1419 740 1486 807 ne
1513 739 1573 781 se
1592 725 1809 809 conjun-

1045 806 1144 869 gat
1174 796 1504 867 Manichaeis,
1550 804 1643 851 aut
1671 795 1718 850 si
1751 795 1807 851 in

1048 869 1326 925 alterutris
1382 869 1497 939 jam
1553 876 1806 936 tenetur,

1048 957 1150 997 nec
1186 941 1267 997 sic
1303 955 1363 996 se
1404 955 1433 995 a
1480 940 1811 1011 quibuslibet

1051 1012 1235 1068 alteris
1261 1022 1474 1080 servet,
1522 1022 1580 1066 ut
1608 1013 1661 1066 in
1688 1012 1812 1067 alte-

1053 1099 1141 1139 ros
1169 1086 1356 1138 irruat.
1379 1082 1496 1138 Lib.
1530 1098 1603 1148 ιν,
1630 1093 1811 1137 contra

1053 1157 1184 1211 duas
1210 1155 1361 1226 epist.
1392 1154 1579 1227 Pelag.
1609 1170 1728 1228 cap.
1753 1154 1808 1210 ὃ.

742 1248 802 1306 S.
835 1246 1289 1306 FULGENTIUS.

295 1339 358 1395 Β.
399 1340 732 1411 Augustinus
774 1341 996 1397 indutus
1034 1342 1240 1397 virtute
1271 1354 1341 1395 ex
1374 1339 1487 1394 alto
1527 1340 1810 1396 abundan-

213 1433 325 1487 tius
378 1432 485 1488 illis
522 1434 771 1489 omnibus
820 1433 1099 1500 laboravit,
1145 1448 1250 1488 non
1300 1439 1479 1486 autem
1532 1432 1669 1502 ipse,
1715 1432 1812 1489 sed

214 1526 390 1594 gratia
444 1525 540 1581 Dei
580 1540 703 1582 cum
750 1526 863 1594 illo,
913 1535 1054 1592 etc.;
1100 1540 1319 1581 sensum
1363 1524 1562 1595 quippe
1606 1524 1808 1582 Christi

208 1712 395 1767 ofﬁcia
428 1714 687 1770 discrevit
726 1721 783 1769 et
814 1714 1037 1780 merita;
1080 1726 1297 1783 semper
1337 1712 1535 1769 divinis
1580 1712 1812 1771 humana

209 1802 539 1873 subjiciens,
586 1813 641 1861 et
674 1803 938 1860 veraciter
978 1803 1180 1860 docens
1222 1802 1482 1859 divinitus
1524 1804 1723 1860 homini
1755 1812 1812 1861 et

209 1897 452 1967 gratuito
498 1896 904 1968 justilicationis
958 1895 1189 1960 donum,
1245 1904 1300 1951 et
1351 1896 1506 1953 bona:
1552 1896 1811 1953 voluntati

211 1990 501 2044 exordium
521 2032 535 2054 ,
579 1998 635 2045 et
666 1990 885 2059 plenum
916 1989 1080 2065 tribui
1105 1988 1512 2059 glorificationis
1538 1991 1812 2049 edoctum.

208 2077 331 2132 Lib.
360 2095 399 2135 ιι
421 2082 483 2135 de
519 2080 679 2137 Verit.
711 2083 953 2153 prwdest.
986 2088 1034 2136 et
1056 2089 1217 2152 grat.,
1245 2096 1365 2153 cap.
1401 2082 1487 2137 18.

933 2171 1112 2231 LVIII.
1166 2218 1169 2221 ,

1208 2283 1256 2323 S.
1300 2282 1646 2325 AUGUSTINUS.

1123 2339 1353 2397 Possunt
1366 2341 1475 2396 duo
1494 2356 1713 2397 errores
1737 2342 1815 2396 in-

451 2282 738 2322 CENSORI-IS.

284 2337 318 2390 1
320 2350 511 2408 psemet
558 2338 878 2411 Augustinus
921 2339 977 2395 in

206 2409 447 2478 pluribus
502 2409 717 2481 Operam
765 2427 978 2466 suorum

206 2482 341 2536 locis
366 2483 501 2536 hunc
528 2483 690 2536 animi
716 2483 797 2537 sui
824 2484 979 2553 impeo

207 2563 320 2627 tum
347 2554 604 2627 agnoscit,
620 2570 719 2627 quo
743 2555 977 2626 (scilicet

206 2626 267 2678 in
331 2626 787 2695 disputationibus
851 2642 973 2682 cum

208 2695 521 2771 Pelagianis
551 2706 607 2753 et
635 2696 974 2771 Manichaeis)

205 2767 288 2821 ita
330 2770 567 2841 abreptus
593 2778 686 2835 est,
736 2780 789 2824 ut
814 2772 869 2825 in
896 2767 978 2825 er-

204 2854 383 2894 rorem
404 2840 696 2912 oppositum
721 2840 803 2897 illi
829 2859 977 2911 quem

207 2913 475 2968 destruere
516 2913 837 2982 intendebat,
882 2914 974 2968 de-

207 2982 451 3037 clinaret.

1051 2421 1134 2469 ter
1164 2429 1222 2468 se
1251 2426 1373 2469 esse
1401 2413 1684 2478 contrarii,
1716 2415 1814 2470 sed

1049 2484 1210 2540 ambo
1282 2494 1408 2539 sunt
1476 2485 1811 2553 detestandi,

1052 2558 1175 2627 quia
1206 2555 1369 2611 ambo
1397 2566 1524 2611 sunt
1552 2558 1809 2614 contrarii

1048 2628 1263 2684 veritati
1295 2642 1455 2682 :nam
1481 2629 1525 2682 si
1558 2636 1809 2698 propter-

1047 2716 1119 2756 ea
1162 2699 1419 2773 diligendi
1444 2772 1451 2773 γ
1474 2712 1599 2755 sunt
1647 2700 1802 2773 Pela:

1048 2770 1192 2843 giani
1222 2771 1344 2841 quia
1380 2772 1619 2843 foderunt
1646 2770 1813 2827 Mani;

1052 2842 1278 2906 chaos,
1359 2842 1613 2912 diligendi
1687 2854 1813 2899 sunt

1050 2917 1211 2971 etiam
1236 2913 1515 2969 Manichaei
1544 2914 1670 2983 quia
1689 2915 1811 2971 ode-

1050 2995 1176 3041 runt
1203 2986 1542 3055 Pelagianos.
1582 2987 1689 3041 Sed
1718 2988 1810 3042 ab-

1051 3060 1122 3115 sit
1191 3066 1247 3111 ut
1317 3056 1579 3113 catholica
1637 3067 1810 3113 mater

206 3133 437 3196 propter
483 3124 779 3185 alterorum
811 3129 991 3187 odium
1019 3130 1220 3187 alteros
1246 3128 1406 3201 eligat
1437 3142 1640 3194 amare,
1686 3144 1805 3184 cum

206 3208 472 3255 monente
508 3210 667 3270 atque
701 3201 991 3272 adjuvante
1030 3203 1140 3257 Deo
1173 3203 1371 3257 debeat
1399 3211 1683 3272 utrumque
1720 3202 1803 3255 vi-

209 3275 354 3346 tare,
386 3280 441 3324 et
466 3273 648 3346 cupiat
692 3285 973 3346 utrumque
1019 3274 1242 3330 sanare!
1276 3272 1392 3327 Lib.
1422 3287 1462 3327 ιι
1488 3273 1556 3327 ad

209 3338 376 3409 cium,
410 3359 524 3414 cap.
537 3338 614 3399 ’2.

1635 3274 1806 3343 onifa-

1833 3237 1881 3302 C

3302 332 3305 333 '
3402 320 3507 376 854

2653 440 2766 499 LX.

2148 542 2435 588 CENSOIIES.

1984 598 2145 657 Modo
2183 617 2248 658 ne
2272 604 2327 658 in
2355 602 2673 677 Pelagiano-

1910 688 2048 737 rum,
2093 690 2221 746 quos
2259 677 2519 746 (sanctus
2559 678 2672 734 Au-

1912 746 2179 817 gustinus)
2237 746 2542 818 insequitur,
2594 767 2675 805 er-

1911 831 2052 872 rores
2086 818 2338 885 incidam,
2386 820 2514 876 mihi
2561 823 2674 878 licet

1912 890 2181 945 verborum
2228 890 2409 959 quibus
2464 893 2534 947 ad
2588 909 2674 950 eos

1913 962 2289 1033 expugnandos
2354 965 2520 1018 utitur
2578 967 2676 1020 im-

1912 1042 2088 1106 petum
2108 1051 2211 1091 non
2232 1036 2395 1107 sequi.

2904 553 2951 594 S.
2982 553 3329 598 AUGUSTINUS.

2818 608 2893 664 Ita
2953 618 3009 666 et
3062 611 3393 669 Manichazos
3454 626 3509 672 et

2747 678 3062 751 Pelagianos
3086 698 3406 752 superamus
3430 694 3505 742 at-

2747 766 2853 823 que
2879 754 3131 822 vitamus,
3164 770 3392 825 quorum
3425 759 3507 814 sic

2748 838 2965 900 errores
3018 834 3373 900 utrorumque
3424 830 3508 886 di-

2748 894 2886 952 versi
2918 907 3075 971 Δειιιιιι,
3130 906 3189 953 ιιι
3226 894 3319 971 qui
3354 900 3507 957 video

2747 974 2835 1044 tur
2860 967 3036 1024 minor
3055 1010 3082 1044 ,ξ
3103 972 3217 1044 ipse
3244 967 3389 1028 illius
3410 973 3503 1044 qui

2746 1039 2958 1095 videtur
2981 1042 3152 1110 major
3174 1039 3506 1101 demonstre-

2752 1118 2839 1166 tur
2857 1110 3103 1181 adjutor.
3145 1112 3262 1169 Lib.
3293 1131 3353 1172 ιιι
3376 1131 3504 1172 con-

2750 1190 2828 1235 tra
2842 1177 2995 1260 Jul-1
3012 1182 3168 1256 Oper.
3184 1185 3470 1260 imperfect.
3485 1226 3507 1259 ,

2749 1269 2865 1324 cap.
2898 1253 3021 1309 178.

2487 1344 2545 1405 S.
2603 1341 2937 1403 PROSPER.

1988 1436 2072 1491 An
2098 1446 2230 1491 vero
2258 1432 2334 1492 ita
2354 1446 2415 1493 se
2440 1450 2704 1494 novorum
2735 1452 3022 1495 censorum
3055 1455 3242 1498 norma
3266 1445 3509 1503 exactior

1916 1528 2261 1598 temperavit,
2288 1536 2346 1584 ιιι
2371 1528 2517 1585 nulla
2548 1544 2735 1587 eorum
2764 1544 2884 1603 qua:
2924 1532 3099 1588 excisa
3128 1544 3252 1591 sunt
3279 1547 3508 1608 asserat,

209 1616 445 1683 habens,
505 1628 612 1672 tam
665 1619 852 1688 gratiae
894 1618 989 1674 Dei
1035 1633 1197 1688 quam
1243 1618 1463 1673 humani
1506 1617 1711 1674 arbitrii
1759 1628 1812 1675 et
1915 1628 1972 1676 et
2013 1620 2255 1692 quaedam
2288 1637 2352 1677 ex
2392 1621 2478 1679 his
2505 1638 2628 1695 quae
2655 1622 2876 1680 defensa
2922 1634 3048 1681 sunt
3087 1628 3347 1700 reSpuat'l
3375 1629 3512 1687 Con-

1920 1726 1999 1771 tra
2016 1714 2326 1773 Collatorem
2357 1718 2419 1775 S.
2452 1718 2727 1791 Augustini
2751 1720 3193 1799 reprehensorem,
3224 1741 3341 1795 cap.
3380 1727 3435 1783 I.

2651 1812 2785 1871 LXI.

2158 1922 2444 1963 CENSORES.

1994 1978 2135 2033 Hinc
2156 1982 2215 2047 ﬁt
2248 1988 2301 2032 ut
2327 1980 2522 2033 medius
2550 1988 2677 2034 stem

1922 2052 2055 2105 inter
2093 2050 2365 2119 Pelagium
2412 2059 2459 2103 et
2508 2050 2680 2106 Calvi-

1924 2137 2070 2186 num;
2112 2124 2154 2175 si
2205 2123 2337 2175 enim
2382 2122 2532 2175 verba
2573 2125 2679 2177 Au-

1924 2194 2114 2268 gustini
2158 2193 2442 2268 mitigando
2487 2209 2564 2268 me
2606 2196 2681 2268 ni-

1922 2262 2084 2319 mium
2133 2262 2467 2331 demitterem,
2526 2262 2677 2319 Pela-

1918 2337 2101 2409 gianus
2125 2353 2285 2409 essem
2312 2354 2331 2401 ξ
2375 2337 2419 2389 si
2448 2351 2564 2390 vero
2593 2352 2679 2390 eo-

1916 2408 2033 2462 rum
2101 2408 2429 2464 altitudinem
2510 2418 2679 2462 tenere

1916 2480 2117 2543 vellem,
2156 2480 2445 2535 Calvinista
2476 2494 2673 2545 essem;

1916 2553 2143 2607 medium
2183 2568 2303 2624 ergo
2334 2567 2451 2606 cum
2494 2549 2673 2605 Eccle-

1917 2625 1997 2677 sia
2020 2634 2182 2680 teneo.

2918 1923 2964 1963 S.
2990 1924 3337 1970 AUGUSTINUS.
3449 1970 3451 1973 .

2823 1980 2977 2037 Nulla
3004 1993 3086 2039 est
3126 1985 3307 2055 itaque
3350 1983 3508 2043 fovea
3578 1996 3593 2021 ‘

2753 2068 2911 2137 quam
2956 2063 3202 2137 metuens
3229 2056 3381 2127 quasi
3422 2072 3511 2137 re-

2753 2133 2933 2198 vertar
2966 2129 3019 2180 in
3068 2129 3240 2198 viam,
3292 2143 3398 2198 quo
3434 2129 3512 2183 vi-

2752 2195 2896 2251 deris
2939 2210 3024 2252 me
3061 2197 3199 2252 velle
3230 2195 3507 2255 revocare.

2754 2264 2851 2338 Dic
2894 2274 3071 2338 tamen
3124 2283 3371 2338 quaenam
3417 2268 3509 2326 illa

2752 2336 2839 2411 via
2868 2335 2966 2411 sit,
3014 2350 3067 2395 et
3095 2335 3299 2411 explica
3341 2340 3508 2397 ratio-

2751 2408 3072 2466 cinationem
3102 2408 3269 2468 tuam.
3300 2411 3415 2467 Lib.
3444 2428 3503 2470 tu

2751 2491 2929 2538 contra
2956 2481 3094 2551 Jul.,
3124 2498 3241 2557 cap.
3272 2483 3328 2543 8.

2623 2712 2813 2772 IDEM.

1990 2809 2097 2865 Sed
2140 2822 2239 2864 nec
2285 2821 2406 2864 cum
2445 2806 2715 2864 hmreticis
2755 2808 2870 2879 tibi,
2915 2822 3017 2867 nec
3053 2822 3178 2867 cum
3218 2810 3503 2871 catholicis

1916 2904 2071 2975 plena
2124 2904 2410 2958 concordia
2467 2910 2571 2958 est.
2628 2900 2864 2957 Postea:
2915 2901 2994 2958 Tu
3046 2901 3275 2960 informe
3326 2905 3511 2963 nescio

1916 2997 2043 3067 quid
2072 2996 2288 3053 tertium
2322 3007 2376 3051 et
2413 2995 2626 3065 utrique
2657 2994 2794 3063 parti
2823 2993 3204 3050 incOnveniens
3230 2994 3500 3067 reperisti,

1918 3105 2025 3161 quo
2054 3105 2154 3145 nec
2196 3087 2535 3144 inimicorum
2566 3100 2890 3142 consensum
2940 3088 3268 3159 acquireres,
3311 3105 3412 3147 nec
3451 3089 3509 3146 in

1919 3194 2222 3240 nostrorum
2252 3181 2607 3251 intelligentia
2636 3194 3008 3251 permaneres.
3038 3181 3205 3250 lbid.,
3231 3200 3347 3255 cap.
3380 3185 3434 3240 5.

2630 3291 2789 3350 LXII.

2155 3402 2439 3444 CENSORES.

2919 3402 2965 3441 S.
3001 3403 3341 3445 AUGUSTINUS.

530 3437 586 3494 s.
624 3436 969 3508 ruospnn,
1005 3456 1094 3495 seu
1122 3435 1491 3495 POMERIUS.

289 3525 521 3588 Sanctus
562 3531 890 3604 Augustinus
919 3534 1204 3603 episcopus
1248 3547 1374 3589 acer
1415 3532 1653 3603 ingenio,
1689 3550 1812 3591 sua-

208 3622 301 3697 vis
324 3623 557 3695 eloquio,
587 3627 863 3683 saecularis
908 3626 1233 3683 litteratura:
1275 3626 1501 3696 peritus,
1551 3626 1603 3681 in
1632 3628 1811 3683 eccle-

210 3713 454 3770 siasticis
498 3716 770 3773 laboribus
803 3732 1088 3788 Operosus,
1125 3719 1176 3772 in
1214 3716 1538 3787 quotidianis
1567 3717 1810 3789 disputa-

209 3806 460 3862 tionibus
483 3807 681 3879 clarus,
720 3809 774 3865 in
818 3811 965 3867 omni
994 3826 1089 3867 sua
1123 3810 1336 3867 actione
1367 3809 1714 3881 compositus,
1758 3812 1812 3866 in

211 3898 560 3968 expositione
602 3916 697 3957 sua
721 3902 849 3960 ﬁdei
877 3914 1077 3961 nostra:
1116 3902 1435 3970 catholicus,
1471 3901 1524 3959 in
1557 3907 1813 3975 quaestio-

210 3992 383 4050 nibus
413 3993 759 4052 absolvendis
802 4007 1029 4063 acutus,
1071 3997 1125 4051 iu
1156 3994 1497 4052 revinceudis
1542 3995 1815 4053 haereticis

1996 3461 2147 3517 Ratio
2173 3461 2265 3532 (ob
2282 3475 2440 3529 quam
2465 3458 2677 3532 scilicet
2822 3460 2948 3514 Haec
2982 3469 3064 3514 est
3102 3460 3507 3529 praedestinatio

1915 3550 2023 3589 non
2045 3531 2290 3589 tenemur
2306 3532 2460 3601 sequi
2486 3531 2550 3586 Β.
2575 3531 2677 3586 Au-
2749 3533 3035 3586 manifesta
3057 3540 3114 3588 et
3134 3542 3283 3587 certa
3302 3544 3507 3591 sancto-

1915 3603 2578 3679 gustinumin‘quzcstione
2600 3602 2668 3658 de
2750 3618 2905 3679 rum,
2946 3617 3105 3673 quam
3153 3618 3338 3679 postea
3385 3606 3508 3661 dili-

1918 3675 2392 3748 praedestinatione
2458 3685 2671 3748 sancto-
2747 3675 3352 3748 gentiusetoperosius,
3378 3691 3500 3732 cum

1917 3744 2399 3829 rumadgloriain.
2422 3748 2490 3800 de
2513 3744 2673 3829 modo
2742 3745 2853 3829 jam
2916 3754 3109 3829 contra
3182 3744 3502 3829 Pelagianos

1918 3815 2174 3890 cperandi
2224 3815 2419 3872 divina:
2450 3817 2672 3890 gratias,
2745 3815 3177 3890 disputaremus,
3211 3815 3505 3890 defendere

1918 3886 2050 3961 εἰς.)
2097 3890 2205 3948 lucc
2234 3898 2329 3955 est,
2370 3886 2490 3958 quia
2528 3886 2678 3961 Peleu
2750 3886 3043 3961 necessitas
3083 3888 3364 3961 compulit.
3414 3888 3506 3946 Di-

212 4103 669 4159 cmcuuspncrus,
720 4100 775 4148 et
815 4092 867 4147 in
896 4089 1229 4162 explicandis
1270 4089 1567 4159 Scripturis
1596 4090 1816 4146 canoni-

211 4181 299 4238 cis
329 4197 554 4239 csurus.
583 4183 700 4239 Lib.
731 4199 787 4239 ιιι
810 4185 872 4238 de
896 4182 1015 4239 Vita
1036 4182 1389 4254 contemplat.,
1414 4198 1531 4252 cap.
1557 4182 1649 4237 51.

962 4276 1097 4332 LIX.

455 4384 739 4428 CENSORBS.

1218 4385 1267 4425 S.
1302 4382 1645 4426 AUGUSTINUS.

1916 3960 2061 4036 giuni
2094 3963 2157 4018 de
2180 3962 2284 4036 illis
2312 3960 2678 4030 questionibus

1920 4034 2185 4105 nunquam
2204 4034 2560 4105 disputarunt,
2587 4047 2678 4105 nec

1919 4104 2083 4161 sancti
2121 4105 2398 4176 Augustini
2446 4104 2677 4176 doctrina

1919 4188 1989 4233 est
2015 4174 2411 4249 irrefragabt'lis,
2437 4175 2534 4229 nisi
2561 4191 2677 4228 cum

1920 4266 2098 4305 eorum
2150 4264 2344 4303 errores
2384 4249 2672 4317 impugnat,

1920 4333 1965 4375 et
2013 4321 2129 4375 licet
2186 4330 2366 4374 contra
2422 4319 2679 4389 ejusmodi

1918 4392 2113 4447 relatas
2172 4392 2437 4461 opiniones
2493 4390 2682 4461 praedi-

2752 3959 2981 4015 dieinius
3045 3957 3220 4013 enim’
3266 3960 3507 4033 singulas

2751 4044 2990 4103 quasque
3059 4033 3294 4103 intereses
3358 4036 3503 4087 intu-

2754 4101 2885 4159 lisse
2931 4101 3203 4182 _Ecclesi:e
3267 4104 3510 4174 pr0prias

2752 4186 3101 4246 quassttoues,
3146 4182 3334 4246 contra
3372 4189 3508 4245 quas

2753 4242 3062 4329 diligentius
3098 4242 3507 4329 “defenderetur

2752 4315 3029 4385 Scriptura
3080 4315 3296 4388 divina,
3347 4331 3509 4388 quam

2752 4391 2797 4444 si
2848 4388 2990 4443 nulla
3041 4386 3165 4442 talis
3214 4386 3510 4445 necessitas

292 4440 541 4510 Profecto
554 4445 858 4515 quandoque
871 4460 981 4499 con-
1127 4443 1451 4515 Mentientes
1511 4442 1818 4499 conclusio-

212 4522 326 4567 stat
354 4513 982 4588 (Augustinumﬂnquw-
1056 4528 1173 4588 nes,
1218 4522 1308 4567 aut
1342 4513 1647 4588 irrepentes
1688 4529 1817 4584 pau-

214 4586 475 4657 stionibus
505 4586 568 4640 de
594 4584 759 4653 gratia
787 4599 834 4641 et
856 4584 980 4657 'pm-
1054 4586 1226 4656 latim,
1274 4584 1355 4657 vel
1396 4585 1685 4640 minuendo
1729 4589 1811 4643 vel

215 4656 564 4711 destinatione
606 4675 719 4711 cum
770 4656 977 4714 excessu
1053 4658 1299 4713 addendo
1340 4656 1393 4710 in
1439 4658 1808 4714 assensionem

215 4730 454 4782 locutum
481 4745 609 4795 esse,
638 4732 980 4799 verbaqueip-
1056 4728 1326 4793 falsitatis,
1374 4728 1493 4797 quis
1539 4744 1645 4783 non
1700 4745 1813 4785 me-

212 4801 331 4872 sius
358 4816 466 4854 esse
487 4802 802 4872 mitigando;
831 4818 895 4857 ne
918 4803 980 4856 ab
1060 4811 1192 4872 tuat,
1251 4802 1387 4872 quis
1431 4814 1537 4872 non
1596 4801 1814 4856 oderit?

216 4870 437 4924 illorum
468 4870 656 4927 duritie
693 4883 739 4927 et
768 4874 985 4929 acrimo-
1061 4871 1171 4926 Lib.
1203 4887 1238 4926 ιι
1268 4873 1333 4925 de
1351 4870 1567 4942 Ordine,
1617 4887 1735 4942 cap.
1756 4872 1813 4927 4.

217 4944 314 4996 nia
342 4944 393 4995 in
424 4960 648 4999 errorem
670 4946 993 4999 contrarium
1134 4944 1229 4999 Dic
1262 4941 1401 5014 quod
1447 4940 1693 4999 dicturus
1731 4959 1812 5009 es,

215 5015 475 5085 incidam,
502 5016 698 5068 licitum
728 5018 851 5070 mihi
883 5033 987 5070 esse
1059 5017 1271 5085 egregie
1285 5020 1579 5085 corrector.
1602 5015 1718 5069 Lib.
1757 5030 1814 5072 ιιι

219 5084 372 5159 debet
411 5083 863 5157 temperamentum
889 5089 986 5142 ali—
1063 5083 1244 5159 operis
1269 5083 1497 5157 imperii,
1528 5101 1642 5158 cap.
1670 5086 1758 5142 57.

219 5156 365 5226 quod
424 5156 733 5212 catholicum
792 5161 988 5215 adden-

221 5228 351 5281 dum
383 5229 659 5299 inquirere.

759 5320 1007 5382 SIXTUS
1036 5324 1101 5382 III
1133 5342 1289 5397 papa.

303 5414 436 5485 Quae
463 5426 594 5473 sunt
623 5415 842 5474 tandem
870 5418 958 5475 illa
987 5418 1256 5475 credenda
1285 5427 1339 5474 et
1367 5416 1636 5474 dicenda?
1683 5416 1824 5472 Nihil

224 5508 372 5566 ultra
414 5508 576 5567 liceat
605 5512 850 5581 novitati,
884 5513 1007 5584 quia
1038 5511 1170 5568 nihil
1211 5511 1337 5568 addi
1382 5511 1634 5567 convenit
1667 5519 1819 5567 vetu-

222 5605 379 5662 stati.
426 5605 718 5680 Perspicua
747 5589 1012 5680 majorum
1060 5607 1214 5674 ﬁdes,
1261 5615 1317 5663 et
1358 5606 1646 5661 credulitas
1676 5606 1821 5662 nulla

2753 4467 2989 4531 cogeret.
3060 4456 3173 4531 Lib.
3242 4460 3303 4515 de
3363 4460 3509 4516 Dono

1922 4474 2137 4532 cassent,
2173 4463 2408 4517 Ecclesia
2438 4477 2523 4517 eos
2552 4477 2679 4515 nun-

2753 4529 2978 4603 persev.,
3003 4545 3122 4600 cap.
3144 4529 3237 4586 20.

1919 4552 2073 4606 quam
2106 4539 2201 4591 hac
2231 4536 2297 4588 de
2319 4550 2477 4588 causa
2502 4534 2557 4587 in
2594 4549 2681 4586 ηιιρ

1845 4639 1894 4700 n
1922 4624 2116 4700 meum
2144 4606 2680 4700 iw'fl'l‘i‘i’i‘fmj‘ffff'

1921 4682 2041 4749 psit,
2082 4680 2160 4735 vel
2189 4677 2442 4733 ascribere
2484 4676 2674 4747 potuit.

2619 4788 2808 4845 IDEM.

1992 4888 2302 4956 Agnoscant
2347 4882 2775 4939 calumniatores
2831 4879 3103 4951 superﬂuo
3160 4895 3220 4936 se
3274 4880 3512 4951 obiicere

1922 4978 2064 5051 quod
2094 4978 2175 5032 his
2199 4976 2353 5033 libris
2376 4973 2705 5047 (Augustini)
2729 4990 2835 5029 non
2858 4973 3091 5043 speciale
3112 4989 3285 5045 neque
3305 4974 3512 5031 discre-

1927 5080 2036 5129 tum
2070 5068 2438 5125 testimonium
2468 5069 2538 5124 sit
2568 5066 2915 5138 perliibitum,
2957 5080 3187 5136 quorum
3219 5066 3271 5123 in
3302 5068 3515 5125 cunctis

1927 5162 2288 5219 voluminibus
2317 5176 2505 5217 norma
2535 5159 2807 5217 laudatur.
2842 5159 3151 5230 Apostolica
3181 5160 3323 5216 enim
3353 5163 3514 5219 sedes

1927 5257 2067 5329 quod
2090 5272 2121 5313 a
2147 5255 2488 5328 praecognitis
2518 5255 2619 5310 sibi
2664 5269 2768 5310 non
2800 5252 3105 5322 discrepat,
3150 5269 3270 5311 cum
3302 5271 3514 5326 praeco-

1928 5348 2089 5420 gnitis
2122 5348 2332 5418 probat,
2377 5358 2431 5402 et
2456 5346 2597 5418 quod
2628 5344 2839 5416 judicio
2865 5344 3065 5416 jungit,
3108 5345 3266 5404 laude
3291 5364 3401 5406 non
3432 5363 3518 5407 se-

1934 5453 2101 5517 parat.
2140 5442 2279 5498 Ibid.
2308 5459 2423 5514 cap.
2452 5443 2545 5497 ‘25.

2633 5552 2816 5609 LXIII.

2165 5663 2453 5706 CENSORBS.
2923 5668 2971 5709 So
3009 5664 3351 5710 AUGUSTtNUS.

223 5705 373 5761 omni
400 5704 762 5776 permixtione
795 5707 1061 5762 turbetur.
1098 5704 1266 5777 Epist.
1292 5706 1358 5758 ad
1388 5702 1549 5758 Joan.
1583 5703 1821 5758 Antioch.

148 5820 153 5823 ι
229 5798 250 5870 (
284 5797 385 5854 Hic
414 5808 494 5854 est
521 5798 728 5869 Sixtus,
771 5800 837 5855 ad
877 5815 1035 5872 quem
1068 5809 1286 5855 sanctus
1335 5797 1664 5869 Augustinus
1695 5798 1827 5854 scri~

232 5892 349 5969 psit
372 5892 642 5969 egregiam
671 5894 953 5977 epiStolam
988 5893 1089 5954 105
1120 5899 1308 5952 contra
1338 5890 1671 5975 Pelagianos.
1700 5890 1717 5946 i

2019 5742 2200 5796 Verum
2236 5744 2282 5796 si
2315 5742 2691 5814 (Augustinus)
2838 5741 2975 5814 Quid
3020 5742 3162 5798 enim
3193 5742 3445 5807 diligebat
3475 5744 3527 5798 in

1935 5816 2142 5871 adderet
2163 5824 2421 5886 peccatum
2448 5815 2697 5885 originale
2768 5816 2933 5872 Iacob
2954 5824 3239 5886 antequam
3275 5824 3430 5869 natus
3462 5818 3531 5871 [θη

1937 5902 2043 5944 esse
2070 5885 2233 5943 solum
2274 5901 2483 5943 causam
2525 5900 2696 5959 repro-
2769 5890 2930 5946 cisset
2978 5886 3175 5963 aliquid
3222 5885 3371 5959 boni,
3423 5886 3528 5946 nisi
