3988 6348
204 348 314 401 857

1389 346 1506 403 VIN
1514 344 1719 404 DICIAE
1757 343 2319 405 AUGUSTINIANE.

3188 278 3221 293 ρ

3390 345 3494 402 858

194 466 382 522 etesiae
408 464 751 529 dimicantes,
785 472 842 521 et
868 465 1109 523 maxime
1134 473 1323 522 contra
1350 463 1670 535 versipelles
1699 462 1802 519 ini-
1826 464 1882 524 Α
1904 470 1959 517 et
2011 460 2294 532 diligenter
2336 458 2535 532 legant.
2594 458 2709 524 Lib.
2759 473 2819 514 IlI
2880 458 3030 515 Rhet.
3090 457 3320 534 Eccles.,
3365 480 3485 537 cap.

192 562 373 618 micos
418 558 731 632 gratiaDei
763 558 1005 615 doctrina
1048 561 1166 629 ejus
1200 560 1467 625 instructi,
1507 558 1590 614 vel
1621 558 1801 629 potius

192 657 393 712 eadem
424 654 670 709 illustrati
698 651 867 722 gratia
894 666 1108 720 semper
1129 652 1387 708 exstitere
1413 650 1667 716 victores,
1689 659 1796 707 etc.

194 752 266 806 In
301 750 603 824 praefatione
632 747 834 803 collect.
867 763 930 801 ex
958 746 1100 801 libris
1133 745 1195 802 S.
1228 745 1526 817 Augustini.
1564 744 1660 798 Hic
1694 743 1800 798 Eu-

194 846 422 917 gyppius
460 843 523 899 S.
558 840 821 913 Fulgentii
862 841 1058 895 'amicus
1102 841 1222 911 fuit,
1249 840 1316 893 ad
1343 854 1491 910 quem
1520 838 1673 893 etiam
1712 837 1799 891 lit-

197 949 339 993 teras
377 938 541 993 dedit.
573 935 707 1007 Lege
751 934 815 991 S.
856 934 1123 989 Isidorum
1158 934 1221 989 de
1258 931 1454 1004 Script.
1487 931 1793 997 ecclesiast.,

195 1048 320 1106 cap.
352 1032 440 1089 15.

904 1122 1096 1181 LXIX.

436 1236 724 1280 CENSORI-19.
1190 1235 1251 1295 gs.
1284 1232 1631 1276 AUGUSTINUS.
1695 1273 1702 1283 ,

274 1316 521 1384 Quamvis
585 1317 720 1372 enim
770 1320 962 1388 prafe-
1111 1314 1251 1388 Ecce
1276 1315 1418 1370 inter
1438 1328 1587 1369 meos
1605 1321 1789 1388 testes,

195 1388 361 1443 renda
384 1391 450 1442 sit
488 1406 548 1443 ea
576 1391 824 1443 sententia
837 1386 965 1459 qua:
1035 1387 1124 1444 vel
1154 1387 1303 1459 inter
1336 1394 1547 1441 nostros
1593 1386 1803 1441 consti-

196 1461 357 1515 talem
387 1460 595 1515 modum
624 1458 961 1529 prtedeslina-
1038 1468 1152 1514 tuto
1193 1458 1435 1529 judices,
1481 1472 1639 1527 quem
1690 1472 1793 1526 pu-

194 1533 352 1586 tionis
401 1533 607 1585 omnino
657 1542 825 1603 negat,
868 1542 959 1585 ta-
1034 1531 1157 1603 tasti
1254 1530 1543 1603 Patronum
1620 1537 1787 1603 luunt,

194 1620 316 1658 men
386 1614 443 1656 ut
498 1599 742 1657 damnata
807 1599 959 1658 etiam
1033 1601 1205 1657 Lib.t.
1235 1609 1415 1656 contra
1441 1600 1555 1655 Jul.
1589 1615 1704 1671 cap.
1734 1599 1788 1655 6.

192 1685 460 1730 censeatur
506 1676 598 1728 illa
651 1692 768 1745 qua:
818 1676 959 1745 affir-

194 1758 326 1827 mat,
358 1746 642 1827 uildmidum
673 1748 768 1827 erit
792 1764 947 1827 quam
976 1746 1057 1827 _s_it
1085 1750 1371 1827 necessario
1403 1761 1632 1827 connexa
1676 1761 1792 1800 cum

195 1816 433 1871 articulis
473 1835 504 1871 a
538 1816 811 1873 Caelestino
830 1819 1075 1887 deﬁnitis.
1108 1816 1171 1872 Si
1193 1819 1329 1872 enim
1358 1834 1461 1872 non
1489 1818 1575 1885 sit,
1601 1834 1788 1888 quam-

1904 551 1993 608 42.

2587 622 2800 681 LXXII.

2141 731 2429 774 csssonss.
2901 733 2949 775 s.
2979 712 3322 779 sucusrmus.

1974 809 2655 888 ReferentesGatharinum
2803 812 2848 869 Ο
2926 814 3156 871 frontem
3223 817 3489 888 qualium-

1900 883 2054 960 plura
2081 885 2656 960 contr_a_August_inum
2731 900 2940 960 cunque
3064 883 3487 960 episcoporum!

1900 956 2131 1021 dixisse,
2186 955 2388 1035 addunt
2439 974 2449 1008 :
2490 955 2657 1011 Tanta
2731 955 2866 1035 Lib.‘
2910 974 2942 1003 ν
2985 955 3164 1014 contra
3190 955 3328 1027 Jul,
3369 978 3486 1035 cap.

1900 1038 2198 1082 ceterorum
2227 1030 2491 1081 doctorum
2534 1043 2657 1081 con-
2730 1029 2815 1083 11.

1896 1099 2113 1155 sniratio
2144 1100 2265 1153 satis
2295 1100 2518 1155 ostendit
2562 1099 2658 1152 Ca-

1900 1169 2161 1245 tharinum
2193 1172 2247 1245 in
2271 1188 2339 1245 ea
2364 1188 2441 1245 re,
2473 1188 2574 1245 non
2600 1180 2655 1245 ut
2696 1169 3035 1245 Catharinum
3059 1214 3073 1238 ,
3099 1176 3188 1244 qui
3228 1192 3320 1230 suo
3348 1191 3488 1245 stepe

1898 1242 2101 1312 ingenio
2153 1243 2369 1295 nimium
2418 1243 2654 1309 indulsit,
2698 1244 2787 1297 sed
2836 1254 2891 1298 ut
2947 1242 3215 1301 catholica
3241 1242 3485 1303 Ecclesia:

1897 1313 2333 1385 archiepiscOpum
2357 1322 2406 1369 et
2433 1315 2693 1369 doctorem
2743 1314 2799 1369 id
2834 1317 3071 1385 sensisse,
3095 1326 3199 1374 etc.
3277 1337 3285 1345 ’

2466 1407 2528 1465 S.
2579 1408 2915 1466 BASILIUS.

1969 1501 2404 1558 Contemnuntur
2432 1492 2649 1557 Patrum
2673 1502 2945 1572 dogmata,
2979 1505 3290 1573 apostolicae
3319 1506 3488 1563 tradi-
3539 1564 3541 1568 ,

1896 1595 2074 1665 tiones
2111 1596 2501 1662 annihilantur,
2536 1611 2799 1652 novorum
2832 1597 3110 1652 hominum
3158 1598 3373 1655 inventa
3406 1601 3487 1654 in-

1896 1689 2272 1746 troducuntur.
2310 1690 2609 1761 Episcopus
2634 1701 2817 1747 autem
2849 1692 2936 1748 ille
2967 1703 3049 1749 est
3078 1694 3165 1764 qui
3196 1702 3378 1751 custos
3404 1703 3489 1751 est

1897 1784 2155 1841 doctrinas
2186 1784 2426 1853 Patrum,
2483 1794 2539 1841 et
2584 1788 2759 1841 omnis
2790 1788 3048 1844 novitatis
3077 1787 3275 1845 hostis.
3326 1788 3483 1860 Apud

194 1864 1787 1959 ἦέᾌῖρὶεῖιηῖιῖῖιῖἓὶἷηῡὲἰὲὶὶῆἷ’ρῖᾰρῐῑὶἇὶᾱὲζ’ῥὲἦῖιέἰᾶἶᾶα
1818 1878 1865 1940 n
1895 1881 2247 1938 ειοεοιουεωη
2276 1882 2373 1938 ιω.
2495 1882 2560 1939 de
2585 1899 2717 1939 ..ηε
2760 1895 2807 1939 ει
2838 1864 2986 1950 (ac.
3026 1885 3270 1943 Ecclesia:
3295 1887 3483 1943 tu..-

193 1971 371 2015 tamen
401 1962 495 2013 erit
520 1962 673 2031 hujus
698 1963 994 2032 quaestionis
1021 1961 1374 2017 determinatio
1412 1962 1585 2016 liberte
1614 1962 1784 2032 dispu-

193 2033 419 2114 tantium
466 2031 724 2102 electioni,
756 2035 893 2099 quod
923 2034 1119 2088 censuit
1166 2036 1319 2088 etiam
1366 2033 1649 2089 cardiualis
1679 2031 1786 2087 Ba-

191 2119 392 2158 rontus.
1702 2126 1705 2127 ⁷

648 2199 992 2257 BARONIUS
1020 2201 1328 2256 cardinalis.

267 2297 403 2352 Cum
438 2296 598 2367 igitur
647 2296 828 2352 Fausti
879 2297 1162 2352 sententia:
1200 2297 1398 2368 ubique
1442 2296 1510 2351 ab
1543 2295 1786 2353 Ecclesia

200 2390 368 2447 fuerit
389 2390 803 2455 contradictum,
825 2391 1041 2445 videant
1066 2398 1266 2461 quanto
1298 2388 1539 2458 periculo
1567 2387 1785 2457 quidam

194 2497 262 2539 ex
300 2470 729 2549 recentioribus,
780 2483 907 2537 dum
962 2482 1015 2537 in
1069 2490 1353 2537 novatores
1383 2489 1685 2552 exsurgunt
1729 2489 1789 2536 ut

194 2590 294 2632 eos
321 2576 621 2641 cnnlutont,
648 2590 677 2629 a
710 2574 883 2630 sancti
908 2575 1189 2643 AuguStini
1220 2573 1286 2627 de
1319 2568 1787 2642 prmtlestinatione

196 2670 469 2727 sententia
519 2669 815 2738 recedunt,
864 2683 986 2723 cum
1017 2667 1213 2738 alioqui
1265 2678 1412 2721 arma
1459 2680 1564 2719 non
1615 2665 1791 2721 desint

194 2764 399 2835 quibus
416 2763 717 2819 adversarii
740 2762 1115 2833 prolligentur.
1151 2761 1231 2816 Ad
1258 2777 1345 2816 an.
1378 2758 1502 2827 490,
1535 2778 1588 2831 p.
1618 2756 1746 2814 444.
1834 2784 1867 2805 ι-
1892 2776 2100 2835 causam
2117 2756 2220 2813 det.
2250 2760 2375 2813 Item
2404 2776 2417 2813 :
2456 2757 2651 2835 Omitto

437 2965 721 3006 CENSOBES.
1201 2964 1247 3004 S.
1275 2962 1616 3004 AUGUSTINUS.

273 3045 413 3113 Quid
461 3047 677 3117 (nempe
706 3046 953 3101 cardina-
1098 3044 1193 3100 Vis
1230 3044 1415 3117 audire
1453 3044 1579 3114 quid
1626 3043 1788 3117 etiam

197 3118 267 3173 lis
298 3115 611 3188 Petronius)
639 3118 954 3188 probabilem
1029 3119 1143 3186 ipse
1172 3118 1240 3188 de
1273 3116 1372 3170 hac
1414 3131 1472 3171 re
1501 3115 1784 3186 apertissi-

196 3199 401 3243 tantum
446 3206 551 3245 esse
594 3187 723 3244 dicit
778 3190 956 3261 Augu-
1028 3204 1115 3244 me
1157 3187 1396 3243 dixerit?
1430 3189 1566 3261 Ecce
1622 3188 1787 3261 etiam

194 3261 320 3316 stini
346 3262 647 3315 sententiam
672 3303 688 3328 ,
731 3259 957 3314 dum'lo—
1030 3262 1205 3329 ipsum
1247 3259 1785 3328 numeroilliadjun-

196 3332 371 3401 qm'tur
410 3342 465 3386 ut
496 3333 723 3402 privatus
744 3334 954 3397 'doctor,
1029 3346 1096 3402 go
1126 3341 1457 3389 sanctorum.
1489 3330 1513 3383 l
1524 3331 1707 3384 bidem.

194 3414 247 3459 et
294 3405 745 3459 dembnstrativam
763 3448 779 3474 ,
834 3406 959 3459 dum

196 3477 448 3529 consentit
472 3478 667 3531 caeteris
697 3475 963 3542 Patribus,
996 3476 1121 3531 satis
1158 3475 1353 3529 indicat
1383 3474 1591 3528 minime
1618 3490 1789 3529 neces-

194 3550 391 3601 sarium
434 3564 538 3602 esse
566 3548 831 3604 adhwrere
875 3548 1189 3619 Augustino,
1220 3548 1320 3601 nisi
1342 3547 1429 3601 ubi
1454 3547 1650 3601 caeteris
1684 3544 1790 3600 Pa-

194 3620 361 3674 tribus
388 3620 475 3674 ille
500 3621 740 3674 concinit.

621 3723 1014 3781 PERRONIUS
1052 3724 1366 3781 cardinalis.

267 3815 621 3886 Augustinus,
653 3816 918 3871 maximus
946 3824 1066 3887 post
1084 3816 1354 3887 apostolos
1375 3815 1792 3887 praedestinatio-

195 3907 284 3963 nis
305 3908 516 3973 doctor,
534 3910 643 3965 imo
659 3925 719 3965 os
747 3910 993 3981 etlingua
1019 3912 1220 3967 veteris
1243 3909 1499 3967 Ecclesiae
1529 3920 1788 3981 quantum

194 4002 264 4057 ad
310 4002 455 4057 illam
487 4002 553 4057 de
584 4003 754 4073 gratia
800 4004 1125 4060 doctrinam.
1160 4004 1275 4060 Lib.
1322 4021 1339 4061 ι
1390 4021 1529 4075 resp.
1562 4008 1632 4060 ad
1676 4022 1786 4079 reg.

195 4091 403 4150 Britan.
430 4112 546 4165 cap.
577 4096 665 4153 12.

899 4192 1093 4249 LXXI.

438 4299 721 4343 CENSORES.

266 4376 585 4447 Augustinus
718 4376 959 4433 Valerius

1202 4302 1249 4344 8.
1277 4301 1621 4345 AUGUSTINUS.

1105 4379 1162 4434 Si
1193 4379 1418 4450 legisses
1448 4380 1535 4436 vel
1565 4380 1610 4435 si
1650 4379 1791 4437 lecta

195 4447 485 4501 cardinalis
530 4450 583 4502 in
629 4465 722 4503 sua
762 4449 957 4504 Rheto-
1034 4447 1270 4507 ﬁdeliter
1315 4452 1659 4507 considerare
1688 4466 1787 4507 vo-

194 4519 309 4593 rica
347 4518 689 4593 ecclesiastica
721 4521 828 4575 hac
858 4522 957 4575 cle-
1034 4522 1245 4585 luisses,
1320 4538 1589 4593 nunquam
1667 4540 1789 4592 pro-

194 4592 334 4665 ficos
362 4602 528 4665 monet
562 4592 957 4665 :BeatiAugu-
1033 4594 1175 4650 lecto
1214 4595 1281 4649 de
1329 4592 1521 4649 litteris
1572 4594 1691 4665 ejus
1721 4595 1786 4650 ad

196 4662 328 4715 stini
355 4662 551 4731 scripta
583 4663 769 4718 clerici
800 4673 957 4719 caute

197 4731 491 4786 admodum
535 4734 734 4801 legant,
766 4744 863 4789 etc.
891 4734 957 4790 Et

197 4804 297 4856 hoc
325 4804 449 4872 quid
472 4806 614 4857 aliud
640 4816 713 4859 est
732 4823 884 4874 quam
906 4808 960 4861 id

195 4874 388 4946 ipsum,
462 4876 598 4944 quod
670 4889 959 4932 monentem

197 4946 495 5001 audivimus
526 4947 955 5015 Benaventuram,

198 5016 551 5085 Augustinum
610 5019 727 5088 plus
792 5021 959 5075 dicere

200 5090 506 5159 aliquando,
538 5099 585 5145 et
624 5092 793 5145 minus
834 5093 960 5148 velle

197 5160 458 5232 intelligi?

1033 4809 1385 4878 quastionem
1457 4824 1576 4877 qua:
1648 4809 1787 4863 inter

1034 4894 1133 4933 nos
1155 4880 1380 4933 vertitur
1413 4880 1703 4947 pertinent,
1731 4882 1785 4935 in

1036 4952 1116 5004 his
1144 4951 1250 5004 tuis
1282 4950 1435 5005 libris
1476 4952 1657 5005 nescio
1683 4967 1787 5020 qua

1032 5031 1211 5076 mente
1259 5020 1547 5088 posuisses.
1628 5022 1789 5079 Lib.t

1032 5102 1209 5148 contra
1237 5090 1377 5163 Jul.,
1406 5108 1526 5164 cap.
1554 5094 1607 5149 5.

642 5256 992 5315 VALERIUS
1039 5258 1357 5314 cardinalis.

275 5347 428 5405 Beati
459 5349 741 5417 Augustini
769 5352 968 5420 scripta
992 5351 1173 5407 clerici
1198 5362 1354 5407 caute
1394 5348 1679 5405 admodum
1712 5349 1792 5405 le-

197 5451 358 5513 gant;
394 5442 465 5497 ita
490 5442 632 5497 enim
662 5443 909 5499 acumine
934 5446 1128 5515 ingenii
1153 5444 1419 5514 praestitit,
1449 5452 1504 5499 et
1534 5444 1602 5499 de
1628 5443 1790 5500 rebus

198 5536 519 5593 difficilibus
544 5546 652 5593 tam
681 5537 957 5594 subtiliter
972 5538 1284 5609 disputavit,
1316 5548 1374 5594 ut
1403 5554 1507 5594 non
1530 5539 1789 5595 mediocri

199 5631 422 5702 ingenio
480 5633 693 5701 praediti
725 5634 823 5688 viri
856 5634 975 5703 ejus
1010 5635 1179 5691 libros
1224 5636 1460 5707 legentes
1493 5636 1544 5691 in
1576 5649 1791 5691 errores

200 5726 496 5795 aliquando
528 5727 663 5797 lapsi
689 5728 817 5781 sint.
850 5728 955 5787 Sed
977 5729 1092 5799 ejus
1123 5730 1286 5784 libros
1310 5730 1694 5798 pulcherrimos
1725 5729 1793 5785 de

201 5820 458 5874 Doctrina
491 5819 822 5889 Christiana,
855 5834 910 5878 et
940 5824 1187 5895 egregios
1226 5818 1504 5878 sermones
1534 5838 1667 5894 quos
1699 5822 1794 5877 ha-

197 5913 319 5969 buit
345 5912 474 5969 dum
496 5915 783 5985 episcopus
812 5914 877 5972 ad
904 5915 1161 5987 populum
1181 5914 1611 5975 condonaretur.
1645 5922 1790 5983 steptt

1826 3770 1846 3781 -
1891 3738 2051 3791 genus
2098 3724 2281 3790 multa,
2339 3732 2452 3793 qua?
2501 3723 2651 3777 habet

1889 1976 2045 2043 mine,
2080 1991 2196 2046 cap.
2243 1975 2332 2030 14.

2576 2068 2810 2125 LXXIII.

2128 2178 2415 2220 CENSORES.
2896 2181 2942 2221 S.
2972 2180 3314 2225 AUGUSTINUS.

1967 2256 2169 2332 Vellem
2205 2270 2265 2332 Δει
2309 2258 2405 2310 hoc
2453 2264 2501 2311 et
2543 2258 2683 2329 alia,
2740 2331 2750 2332 ί
2794 2258 2930 2315 Vide
2982 2276 3102 2329 quae
3131 2268 3331 2327 taceas,
3360 2275 3484 2332 qua

1890 2331 2127 2403 qutedam
2194 2328 2436 2403 (nempe;
2458 2337 2648 2403 contra
2722 2331 2894 2387 dicas.
2927 2332 3063 2387 Pnto
3091 2332 3235 2403 quod
3266 2343 3319 2388 te
3345 2328 3481 2403 pun-

1891 2400 2248 2475 Augustinum
2320 2400 2648 2475 testimonia)
2722 2411 2813 2475 gat
2837 2400 3207 2473 conscientia,
3241 2400 3485 2461 sed'vin-

1890 2490 2005 2543 quae
2098 2472 2407 2545 subjungam
2478 2473 2653 2528 mitius

1891 2553 2132 2614 concepta
2159 2586 2172 2611 ,
2203 2545 2291 2601 sed
2335 2546 2500 2615 refero
2539 2554 2653 2598 tan-

1893 2626 2021 2681 tum,
2065 2632 2169 2670 non
2202 2616 2389 2683 probo,
2421 2616 2467 2669 si
2496 2618 2651 2685 quid-

1890 2704 2046 2755 quam
2122 2688 2279 2759 justa:
2355 2685 2652 2759 o/fensionis

2727 2477 2802 2529 cit
2827 2485 3032 2529 rectum
3065 2475 3335 2542 timorem,
3358 2491 3481 2534 cum

2728 2546 2923 2615 ingerit
2950 2562 3263 2615 perversum
3306 2547 3479 2616 pudo-

2726 2633 2864 2685 rem,
2918 2632 3135 2688 quoquo
3163 2618 3325 2673 modo
3369 2619 3479 2683 jam

2725 2688 3060 2745 defendenda
3144 2689 3479 2758 praecipitata

2723 2760 3009 2817 sententia.
3062 2758 3177 2817 Lib.
3220 2776 3255 2814 v
3300 2770 3481 2817 contra

1893 2831 2104 2904 honoris
2169 2846 2326 2885 causa
2396 2830 2533 2904 quod
2587 2832 2650 2885 de
2720 2831 2858 2900 Jul.,
2890 2849 3007 2904 cap.
3038 2831 3093 2887 9.

1891 2903 2174 2976 Augustino
2193 2903 2476 2976 subjungit.

2391 2996 2448 3050 5.
2510 2992 2981 3053 HIERONYMUS.

1964 3086 2119 3144 Absit
2142 3096 2320 3143 autem
2352 3104 2382 3143 a
2414 3102 2501 3145 me
2523 3098 2581 3144 ut
2607 3088 2898 3159 quidquam
2926 3088 2993 3145 de
3017 3088 3171 3144 libris
3192 3086 3481 3146 beatitudi-

1894 3181 1979 3236 nis
2010 3190 2115 3237 tuaa
2151 3166 2416 3254 attingere
2468 3183 2733 3251 audeam;
2784 3183 2985 3240 sulllcit
3025 3184 3168 3240 enim
3200 3184 3331 3240 mibi
3360 3199 3487 3255 pro-

1814 3278 1862 3344 C
1892 3276 2025 3333 bare
2053 3292 2193 3343 mea,
2229 3286 2284 3333 et
2330 3278 2504 3333 aliena
2535 3294 2643 3333 non
2674 3293 2923 3349 carpere.
2958 3278 3131 3348 Epist.
3166 3280 3234 3336 15
3258 3278 3326 3334 ad
3368 3277 3481 3334 Au-

1890 3370 2175 3443 gustinum,
2210 3380 2345 3427 torno
2373 3387 2411 3428 tt
2438 3372 2669 3445 Operam
2701 3372 2763 3428 S.
2795 3372 3089 3445 Augustini.

2569 3464 2806 3522 LXXW.

2884 3575 2933 3615 8.
2962 3576 3305 3619 AUGUSTINUS.

2795 3652 2840 3709 0
2870 3652 3005 3709 mira
3034 3653 3318 3710 defensio!
3349 3654 3483 3713 Tam

2723 3723 2950 3797 densum
2984 3796 2991 3797 γ
3008 3734 3067 3797 et
3115 3737 3323 3781 arctum
3374 3737 3482 3797 est,

2725 3797 2815 3850 ubi
2841 3796 3274 3851 eisadbzeserunt
3296 3796 3480 3867 pedes,

2726 3876 2782 3938 ut
2810 3882 2907 3922 eos
2935 3867 3169 3923 evellere
3198 3876 3478 3938 conantes,

2723 3937 2921 4010 frustra
2945 3946 3001 3993 et
3031 3953 3249 4004 manus,
3293 3948 3349 3994 et
3385 3937 3481 4010 pe-

2723 4008 2835 4082 des,
2868 4018 2923 4082 et
2967 4018 3128 4080 caput
3171 4008 3399 4082 ligant,'
3426 4018 3484 4068 et

2724 4080 2776 4134 in
2822 4079 3013 4135 eodem
3039 4079 3045 4080 ⁷
3064 4081 3176 4135 luto
3213 4079 3481 4137 'btesitan-

2129 3573 2415 3614 CENSORI-28.

1920 3710 1935 3723 ο
1964 3649 2094 3706 Haec
2151 3668 2242 3722 ego
2288 3652 2421 3705 inter
2460 3650 2567 3705 alia
2594 3652 2649 3707 id

1895 3794 2112 3864 (nempe
2181 3794 2399 3863 Pighius
2462 3804 2650 3849 contra

1893 3866 2272 3935 Augustinum)
2291 3907 2305 3928 ,
2358 3866 2484 3919 duxi
2531 3881 2651 3933 pro-

1892 3937 2147 4007 ponenda,
2185 3946 2250 4009 ut
2285 3936 2649 4009 intelligamus

1893 4025 1993 4062 non
2068 4008 2220 4061 nimis
2278 4007 2648 4062 inverecundos

1892 4084 2024 4149 fore,
2067 4080 2111 4131 si
2148 4078 2237 4149 qui
2267 4079 2397 4146 forte
2425 4096 2529 4133 non
2574 4080 2649 4133 ita

1890 4167 1946 4205 se
1976 4150 2153 4221 faciles
2184 4150 2471 4216 adhibeant,
2502 4152 2557 4205 in
2583 4151 2648 4204 iis
2723 4158 2803 4205 tes
2823 4191 2839 4216 ,
2869 4152 3069 4207 arctius
3118 4151 3482 4210 involvantur.

1890 4222 2126 4276 omnibus
2155 4222 2483 4275 admittendis
2536 4237 2648 4290 qua:
2720 4221 2835 4276 Lib.
2917 4233 3097 4277 contra
3183 4223 3485 4282 Donatistae

1893 4294 2051 4367 videri
2073 4293 2519 4367 cuipiampossint
2539 4308 2651 4367 pro-
2724 4303 2838 4363 post
2860 4295 3209 4363 collationem,
3240 4312 3359 4367 cap.
3389 4295 3480 4355 19.

1892 4365 2057 4436 posita
2086 4364 2244 4435 fuisse
2264 4363 2327 4417 ab
2342 4366 2648 4435 Augustino.

2441 4458 2502 4515 S.
2548 4458 2939 4518 ANSELMUS.

1964 4553 2103 4609 Nihil
2137 4554 2282 4624 potui
2307 4554 2546 4609 invenire
2566 4569 2653 4611 me
2679 4555 2885 4612 dixisse
2912 4556 3055 4628 quod
3076 4558 3311 4614 maxime
3333 4557 3480 4613 beati

1030 4649 1383 4737 oll'undendas
1400 4649 1624 4720 nebulas
1643 4667 1785 4737 igno-

1916 4649 2181 4721 \ugustini
2212 4649 2369 4704 dictis
2414 4664 2520 4703 non
2569 4650 2859 4706 cohaereat.
2914 4650 3135 4723 Prefat.
3171 4649 3481 4724 Henclagii.

1032 4736 1275 4791 rantibus
1317 4752 1378 4792 ea
1410 4752 1528 4807 qum
1558 4736 1687 4791 nihil
1718 4737 1785 4792 ad
1824 4736 1847 4737 7’
1891 4742 2000 4798 Nec
2047 4745 2252 4799 crimen
2286 4743 2506 4808 renuis,
2541 4742 2636 4799 sed
2665 4744 3081 4801 criminosorum
3136 4746 3351 4802 turbam
3390 4758 3482 4801 re-

1891 4835 2079 4907 quiris.
2115 4836 2177 4892 S.
2208 4835 2555 4905 Hieronymus
2587 4835 2812 4906 Apolog.
2839 4834 2873 4889 Ξ
2897 4846 3077 4891 contra
3098 4835 3369 4906 Ruﬁnum.

2588 4926 2805 4985 LXXV.

2122 5034 2411 5077 CENSOBES.
2890 5034 2937 5076 Β.
2964 5034 3308 5078 Αυϐσετικυι.

1973 5112 2111 5184 quid
2139 5113 2206 5168 ad
2250 5114 2369 5182 hoc,
2401 5130 2432 5169 o
2469 5112 2655 5168 Baiani
2803 5113 3102 5184 Rependite
3130 5113 3259 5169 mihi
3289 5114 3482 5172 beneﬂ-

1898 5183 2475 5257 scltolastico-mastiges
2506 5228 2520 5252 ,
2582 5200 2655 5239 σε·
2727 5183 2972 5251 ciumjet
2994 5183 3039 5239 si
3054 5186 3481 5257 memagistrnm

1899 5256 2138 5325 pelienda
2192 5256 2498 5325 scholastica
2555 5268 2649 5325 est,
2730 5257 2959 5311 libenter
2989 5256 3233 5324 vocatis,
3275 5258 3484 5316 reddite

1897 5339 1952 5380 ut
2010 5344 2143 5382 unus
2186 5340 2359 5399 regnet
2411 5329 2652 5399 Augusti.
2726 5327 2856 5382 mihi
2887 5327 3207 5383 mercedem.
3233 5328 3485 5388 Lib.tds

1898 5400 2035 5453 nus?
2082 5402 2162 5453 An
2207 5401 2520 5471 Augustinus
2562 5416 2654 5468 po-
2727 5400 2941 5467 Ordine,
2968 5415 3084 5470 cap.
3122 5400 3210 5456 10.

1898 5471 2001 5524 tius
2054 5470 2303 5540 legendus
2347 5472 2415 5525 ad
2484 5471 2651 5528 lucem

1896 5540 2239 5609 scholastica,
2268 5551 2315 5597 et
2341 5544 2409 5596 ad
2436 5546 2549 5617 ejus
2578 5543 2823 5601 amussim
2862 5542 3186 5615 exigendus?

2334 5635 2668 5694 ECCLESIA
2734 5636 3046 5693 ROMANA.

1970 5728 2302 5799 Augustinus
2352 5738 2459 5784 tam
2492 5729 2663 5785 multa
2707 5729 2796 5802 pie
2819 5771 2835 5797 ,
2868 5730 3136 5788 subtiliter
3174 5741 3230 5788 et
3263 5733 3483 5804 copiose

1895 5823 2152 5894 scripsit,
2198 5832 2257 5879 ut
2310 5824 2673 5881 Christianam
2721 5825 3021 5882 doctrinam
3069 5828 3303 5882 maxime
3334 5826 3482 5883 illus-

1899 5914 2074 5982 trarit,
2107 5926 2263 5985 quem
2296 5916 2561 5987 imprimis
2606 5914 2777 5976 secutl
2804 5922 2952 5985 sum,
2984 5916 3073 5987 qni
3109 5917 3293 5985 postea
3327 5915 3479 5972 titan-
