1994 3174
263 159 315 188 859

262 268 327 296 viar.
342 268 432 302 Rom.,
449 268 509 296 lect.
525 267 552 296 6.

601 313 717 345 LXXVI.

379 368 517 390 οιιιεεοιιιςι
761 372 784 392 S.
797 372 970 394 AUGUSTINUS.

295 396 366 435 Licet
380 405 413 435 ea;
427 397 570 435 Augustino
585 398 639 425 Aa-
711 399 769 428 Non
808 402 886 430 valde
920 409 996 435 curo,
1019 401 1057 429 in-

259 433 355 472 gustini
368 432 512 472 doctrinam
527 433 638 461 aliorum
675 444 764 471 quam,
776 438 952 472 superborum
972 432 1057 472 impe-

258 468 410 509 sgriptorum
416 470 518 509 judicio
530 478 636 498 censen-
674 468 956 508 ritorumquejudicia,
964 468 1056 509 qui-si-

260 504 319 544 dam
327 504 530 544 egeponére,»tice_t
537 510 560 533 et
576 515 636 544 pro-
673 509 772 536 militer
782 504 809 536 in
828 504 957 544 legendos
973 504 1057 538 libros

259 540 325 579 prio,
338 540 414 576 idque
427 542 497 569 salva
511 542 636 577 honori/i-
673 545 786 579 atquein
797 540 953 573 salulandos
967 544 1056 573 homi-

257 576 349 603 cenlia.
604 576 607 577 ⁷
672 576 965 643 nesirﬂiunt.Lib.tde
977 581 1053 615 0rd.,

671 624 731 643 can.
783 636 790 643 .

671 624 731 651 cap.
747 618 790 645 II.

591 660 719 690 LXXVII.

375 710 518 733 CENSORES.
757 714 780 735 ε.
794 716 965 737 AUGUSTINUS.

295 739 385 781 Neque
410 742 475 781 adeo
491 749 636 781 perversum
708 744 843 781 Auxilium
872 745 919 773 Dei
939 746 1050 781 quaeris,

258 775 359 814 esthoc
382 777 533 814 consilium,
546 783 573 814 ut
589 779 636 805 ha-
673 784 702 807 ut
724 780 886 814 impleantur
910 775 970 808 vani
990 775 1051 810 libri

258 811 316 851 bhere
325 819 377 839 non
389 813 470 848 possit
490 811 635 849 adju'torem
673 816 721 850 tui,
737 811 828 843 etnon
840 817 940 851 quieris
951 821 980 844 ut
990 825 1052 845 cor-

257 845 351 875 Deuns.
389 845 395 848 ⁷
521 845 531 849 ⁷
671 845 791 886 rigantur
815 845 934 886 pei'versi
955 860 1050 881 sensus

671 888 720 924 tui.
736 887 794 915 Lib.
820 896 848 915 ιιι
870 894 960 916 contra
978 889 1048 924 λιιι..

535 935 540 938 -
665 923 742 958 Oper.
763 924 865 960 imperf.
871 945 878 958 ,
894 925 976 953 initio.

549 967 577 996 S.
587 968 753 997 PROSPER.

293 1010 370 1040 Unde
386 1018 450 1048 ergo
471 1012 529 1042 Ima
542 1016 675 1045 sententia
691 1021 745 1044 tam
759 1019 846 1045 severi
862 1018 974 1045 emersit
987 1024 1052 1045 exa-

260 1057 360 1086 minis?
371 1058 450 1087 Unde
463 1060 489 1087 in
502 1060 571 1089 hanc
589 1063 774 1091 austeritatem
797 1063 981 1107 supercilium.
997 1069 1051 1092 tam

258 1105 359 1133 tetricae
382 1105 477 1134 frontis
497 1114 526 1135 se
542 1109 665 1142 armavit,
682 1114 710 1136 ut
740 1117 880 1138 mensuras
908 1105 1050 1144 sensuum,

259 1152 378 1188 pondera
394 1153 571 1189 locutionum,
585 1163 713 1185 numeros
728 1157 892 1192 syllabarum
905 1158 1052 1188 iusidiosus

257 1205 392 1229 scrutator
403 1202 541 1235 eventilet,
558 1211 737 1239 magnumque
748 1212 778 1232 se
788 1204 891 1240 aliquid
915 1205 1052 1234 conﬁcere

260 1252 419 1282 praesumat,
434 1248 456 1276 si
472 1248 607 1277 catholico
623 1250 792 1285 priedicatori
806 1251 924 1286 (scilicet
950 1252 1054 1288 Augus-

259 1292 327 1328 tino)
341 1297 432 1322 notam
446 1294 545 1322 erroris
557 1295 657 1331 alligat,
675 1297 749 1332 quasi
765 1297 929 1333 incognitum
943 1298 1052 1334 aliquod

259 1348 338 1375 opus,
352 1345 380 1369 et
402 1341 475 1376 quod
498 1344 629 1370 hactenus
658 1343 766 1372 latuerit
782 1345 936 1379 impetatur,
951 1353 984 1374 an
999 1354 1053 1375 non

1065 922 1088 952 Β

259 1387 303 1415 illa
316 1387 349 1415 iis
363 1389 498 1417 morsibus
509 1389 632 1418 doctrina
647 1391 775 1425 lanietur,
787 1399 847 1428 qum
854 1401 984 1422 novorum
998 1393 1054 1422 hie-

259 1434 404 1462 reticorum
419 1441 571 1465 commenta
593 1436 711 1473 disjecit,
724 1442 751 1466 et
773 1438 937 1468 diabolieutn
964 1445 1054 1469 tumo-

257 1486 315 1506 rem
332 1479 480 1516 Pelagianae
493 1483 618 1513 elationis
629 1483 720 1513 elisit?
731 1484 841 1522 Prwfat.
861 1486 984 1514 adversus
994 1486 1055 1515 Col-

711 161 993 194 surrLEueut‘uu
1013 163 1061 193 AD
1079 162 1196 193 orsus
1214 162 1246 192 s.
1266 155 1464 194 secuemit.

262 221 376 257 logicam
390 220 559 257 disciplinam
568 220 611 250 via
622 224 652 250 et
663 221 772 252 ratione
797 223 975 253 tradiderunt.
991 223 1056 252 Brs-
1068 225 1095 257 Α
1108 224 1276 259 Augustinum
1307 233 1362 252 esse
1382 224 1489 252 Patrem

1855 165 1911 195 860

1522 231 1624 261 genere
1632 226 1801 260 tentatioais,
1813 227 1907 255 ῡοωις

1525 269 1569 294 ne,
1585 262 1738 291 conﬁteor?
1752 262 1840 297 Quid?
1855 263 1907 290 nisi

1523 297 1652 327 delectari
1661 306 1703 327 me
1713 299 1851 332 laudibus,
1859 299 1906 326 sed

1526 334 1642 369 amplius
1678 334 1736 367 ipsa
1774 336 1890 362 veritate
1898 356 1905 367 ,

1526 377 1607 403 quam
1631 371 1765 399 laudibus.
1786 371 1904 398 Postea:

1529 405 1716 434 Verumtamen
1748 407 1852 434 nollent
1880 412 1905 433 ut

1111 258 1229 292 Patrum,
1245 261 1375 287 doctorem
1399 261 1488 288 docto-

1108 304 1176 327 rum,
1189 296 1300 330 primum
1311 298 1435 332 Angelum
1447 298 1487 324 in—

1109 336 1145 357 ter
1160 337 1265 359 caeteros
1291 334 1433 367 episcopos,
1448 335 1489 361 in-

1109 373 1145 393 ter
1152 376 1237 395 omnes
1246 369 1489 396 emcellentissimunt

1108 408 1129 429 at
1158 412 1213 430 vere
1234 404 1447 439 irre/‘ragabi/em,
1466 412 1489 433 et

1107 438 1272 473 ine/[‘abilitcr
1286 438 1435 472 mirabilem,
1445 442 1488 468 sed

1108 475 1221 502 habitam
1237 484 1291 503 esse
1318 476 1380 503 dicit
1394 485 1411 503 a
1433 478 1487 505 suis

1106 511 1336 545 prwdecessoribus
1357 511 1487 541 Innocen-

1106 546 1151 579 tio,
1167 546 1280 582 Zosimo,
1294 546 1432 583 Bonifacio
1445 550 1485 577 iu-

1106 586 1143 609 ter
1156 583 1291 619 magistros
1311 584 1428 620 optimos.

1525 443 1569 470 vel
1578 448 1687 478 augeret
1698 443 1763 470 mihi
1775 442 1904 476 gaudium

1522 478 1669 513 cujuslibet
1693 480 1755 505 boni
1774 479 1830 505 mei
1852 478 1905 505 sul-

1523 514 1636 549 lragatio
1661 514 1717 541 oris
1736 514 1838 547 alieni;
1860 514 1905 542 sed

1520 555 1611 585 auget,
1622 550 1717 583 fateor,
1731 558 1784 577 non
1803 550 1903 583 solum,

1521 587 1567 613 sed
1580 592 1607 613 et
1620 587 1782 619 vituperatio
1793 586 1903 613 minuit.

1521 622 1580 650 Lib.
1594 630 1610 649 ι
1622 622 1755 657 Confess.,
1770 630 1835 657 cap.
1860 621 1903 652 57.

1353 666 1478 695 SANCTI
1500 668 1648 697 PATRES.

1138 709 1252 739 Sanctus
1266 711 1369 741 Prtesul
1384 714 1544 751 Augustinus
1564 721 1711 751 assumptus
1727 721 1764 745 est
1777 725 1842 744 cum
1858 725 1904 744 an-

1102 756 1175 791 gelis,
1190 757 1233 785 ubi
1245 759 1340 795 gaudet
1354 769 1412 788 cum
1426 763 1572 798 prophetis,
1583 764 1684 791 [letatur
1697 772 1755 791 cum
1762 765 1905 800 apostolis,

1101 810 1209 837 quorum
1223 805 1316 840 plenus
1327 807 1430 842 spiritu,
1443 816 1503 844 quia
1516 810 1693 844 prteditceruut
1717 811 1830 846 mystica
1847 812 1906 847 fecit

1101 850 1175 877 nobis
1190 852 1289 884 peruia,
1301 857 1359 887 post
1373 861 1436 888 quos
1451 856 1564 882 secunda
1576 855 1743 891 dispensandi
1766 857 1842 885 verbi
1858 856 1908 884 Dei

1102 896 1200 930 primus
1210 897 1313 934 refulsit
1326 900 1423 934 gratia.
1435 900 1557 929 Ecclesia
1569 901 1762 938 Augustiuiana
1783 904 1816 931 in
1832 905 1907 932 anti-

1103 943 1192 977 pbona
1202 944 1236 972 ad
1259 944 1426 982 Magniﬁca,
1443 947 1470 975 in
1500 948 1622 983 ejusdem
1650 950 1834 979 solemnitate.
1850 951 1909 979 Ex-

1103 990 1292 1020 cellentissimae
1301 995 1463 1022 auctoritatis
1475 995 1559 1022 virum
1571 1000 1649 1024 vocat
1671 997 1791 1024 eumdem
1822 1004 1908 1026 sane-

1103 1042 1146 1066 tus
1159 1038 1276 1075 Prosper
1291 1041 1318 1069 in
1333 1041 1414 1077 epist.
1431 1042 1464 1070 ad
1477 1042 1614 1070 Ruﬁnum.
1630 1043 1795 1072 Admirabitis
1810 1045 1908 1080 dispu—

1103 1087 1171 1112 tator
1185 1085 1284 1114 dicitur
1295 1087 1328 1115 ab
1343 1089 1439 1117 eodem
1452 1090 1477 1117 in
1494 1097 1566 1125 resp.
1579 1090 1613 1118 ad
1624 1090 1732 1119 dubium
1742 1092 1758 1118 8
1770 1091 1906 1121 Genuen-

1102 1131 1184 1159 sium.
1200 1132 1326 1168 Magister
1351 1135 1476 1163 mirabilis
1496 1143 1510 1163 a
1531 1135 1694 1165 Cassiodoro
1719 1138 1744 1165 in
1772 1139 1853 1172 prol.
1871 1139 1905 1167 ad

1104 1178 1231 1213 psalmos.
1249 1179 1298 1208 Cui
1312 1182 1488 1210 contradicere
1498 1183 1538 1218 fas
1562 1192 1613 1211 non
1628 1188 1682 1218 est,
1694 1188 1800 1212 sanctus
1832 1185 1906 1214 lide-

1105 1224 1223 1259 phonsus
1235 1233 1317 1255 serm.
1333 1227 1350 1254 2
1365 1227 1399 1256 de
1416 1228 1447 1257 Β.
1461 1229 1581 1265 Virgine.
1599 1230 1697 1258 Beatus
1719 1230 1861 1259 Jordanus
1876 1232 1908 1261 de

1103 1269 1220 1299 Saxonia
1236 1272 1293 1300 haec
1305 1274 1399 1302 scribit
1412 1283 1418 1301 :
1436 1274 1498 1303 Post
1513 1275 1630 1303 Paulum
1653 1277 1778 1304 neminem
1790 1283 1907 1306 sancto-

1104 1326 1162 1346 rum
1175 1321 1287 1356 prtefero
1312 1321 1340 1348 in
1354 1321 1473 1349 doctrina
1497 1322 1559 1357 ﬁdei
1580 1323 1824 1359 Augustina,unde
1852 1325 1907 1360 ipse

1105 1366 1208 1400 proprie
1220 1366 1315 1394 dicitur
1326 1366 1393 1394 alter
1403 1370 1521 1403 angelus.
1533 1367 1621 1396 Serm.
1636 1369 1697 1397 illi.

1441 1413 1562 1443 LXXXI.

1222 1466 1366 1488 CENSORES.

1141 1494 1242 1522 Nouum
1255 1496 1352 1523 crimen
1361 1518 1368 1529 ,
1383 1496 1482 1531 inquiet

1603 1469 1627 1490 S.
1640 1469 1813 1490 AUGUSTINUS.

1555 1497 1644 1535 Nune
1655 1497 1702 1525 tibi
1725 1502 1811 1535 certe,
1830 1502 1906 1535 quod

256 1525 375 1556 latorem.

584 1565 726 1595 LXXVIII.

372 1617 516 1641 CENSORES.

295 1642 373 1673 Vides
392 1647 466 1674 tertio
480 1651 635 1683 quantopere

257 1679 369 1718 alienum
392 1687 462 1716 putet
477 1679 636 1718 Augustinus

254 1723 271 1743 α
284 1716 327 1751 pia
351 1717 461 1755 doctoris
481 1716 634 1755 humilitate,

258 1756 281 1790 et
295 1753 378 1779 veraci
388 1753 420 1790 de
433 1762 460 1780 se
469 1755 525 1790 ipso
540 1753 636 1790 cogita;

257 1787 335 1826 tione,
348 1788 416 1823 quod
427 1787 485 1816 velit
504 1795 550 1817 aut
565 1787 636 1826 putet

254 1823 332 1851 libros
337 1832 404 1861 suos
417 1826 511 1853 armis
518 1823 634 1861 expertes

254 1867 317 1898 esse.
330 1858 393 1898 uit
416 1861 496 1898 igitur
506 1858 583 1889 etiam
593 1864 633 1898 ip-

253 1895 305 1934 sius
316 1895 469 1934 Augustini,
484 1902 507 1924 et
517 1899 563 1934 pia
578 1895 632 1926 hinc

252 1929 396 1965 humilitas,
408 1937 433 1959 et
445 1929 523 1961 ueras}
546 1935 580 1961 de
606 1943 634 1962 ss

252 1966 309 2005 ipso
319 1968 459 2005 cogitatio;
470 1977 501 1996 ac
513 1970 631 2005 proinde,

250 2002 295 2037 qui
306 2003 338 2041 de
350 2003 432 2037 ipsius
443 2005 546 2041 scriptis
557 2002 633 2034 aliter

250 2040 363 2077 sentiunt
378 2059 386 2072 ,
407 2042 554 2068 mendacem
582 2042 631 2077 fa—

251 2074 334 2113 ciunt,
349 2083 413 2113 qua,
422 2084 499 2104 verax
521 2074 630 2113 supponi

251 2108 323 2137 debet
337 2108 393 2145 ejus
405 2112 522 2140 intentio.

752 1620 776 1640 S.
792 1621 963 1642 AUGUSTINUS.

1104 1530 1198 1565 aliquis
1208 1551 1215 1563 ,
1230 1536 1254 1558 et
1280 1531 1349 1566 quod
1359 1530 1484 1559 inuidiam
1520 1537 1577 1560 tam
1593 1533 1664 1561 male
1677 1540 1708 1561 ac
1724 1533 1790 1561 falso
1803 1530 1850 1563 de
1863 1544 1906 1565 me

1105 1567 1203 1605 redolet
1213 1587 1224 1605 ,_
1236 1574 1325 1594 vocare
1356 1567 1485 1605 nominem
1521 1569 1604 1605 lueris
1624 1569 1758 1605 opinatus,
1775 1570 1905 1605 ignosco.

1103 1603 1130 1642 in
1140 1603 1285 1642 judicium,
1299 1604 1367 1642 quod
1382 1604 1483 1642 Augus-
1520 1604 1578 1642 ιιι.
1593 1612 1619 1632 tv
1635 1603 1713 1639 Oper.
1735 1603 1862 1642 impcrf.,
1882 1615 1905 1636 c.

708 1631 993 1685 oui'léiiii‘i‘éé’iisi
1009 1650 1051 1678 εη-
1061 1631 1086 1664 δ
1102 1638 1183 1685 fit?!”
1197 1639 1483 1685 infitiatione:
1518 1641 1546 1669 4-

673 1684 814 1722 telligant,
822 1690 901 1719 agant
923 1686 980 1715 Deo
989 1694 1051 1722 gru-

673 1720 738 1752 tias;
753 1721 797 1755 qui
809 1725 896 1748 autem
907 1729 959 1749 non
971 1720 1051 1749 in'tel-

673 1755 758 1790 ligunt
775 1776 783 1789 ,
803 1761 881 1784 orent
903 1762 930 1785 ut
956 1765 1050 1786 eorum

672 1791 717 1827 ille
732 1793 774 1827 sit?
790 1791 884 1819 doctor
898 1793 1020 1827 interior,
1034 1802 1049 1821 a

671 1826 748 1862 cujus
763 1826 831 1855 faeie
841 1833 883 1855 est
895 1830 1006 1857 scientia
1023 1834 1050 1858 et

671 1863 833 1891 intellectus.
858 1864 909 1897 Qui
924 1872 988 1893 vero
1006 1873 1051 1894 er-

669 1905 730 1927 rare
739 1907 782 1926 me
790 1900 955 1935 existimant,
967 1902 1049 1929 etiam

669 1935 836 1969 aiqueetiam
845 1943 905 1970 qua:
919 1942 982 1964 sunt
991 1937 1050 1965 dic-

670 1974 695 1997 ta
707 1971 890 2004 considerent,
906 1980 939 1999 ne
950 1972 1049 2001 fortas-

669 2006 709 2044 sis
721 2006 772 2044 ipsi
785 2011 885 2044 e_rrent.
903 2007 935 2034 In
952 2009 1004 2044 [ine
1016 2009 1048 2036 li-

670 2042 709 2083 b_ri
728 2043 761 2070 ds
784 2041 862 2070 Dono
885 2041 1048 2079 perseveran-

667 2083 720 2106 lue.

607 2158 700 2188 IDEM.

288 2199 381 2236 Magna
393 2202 464 2230 enim
479 2204 564 2239 gloria
575 2213 623 2234 sua
640 2206 758 2235 humano
783 2207 879 2243 generi
903 2210 1047 2238 consulue-

1101 1674 1175 1701 verit.
1193 1674 1343 1702 Absoluetur
1351 1682 1428 1710 reus,
1443 1675 1482 1704 vel

1102 1710 1158 1748 ipso
1171 1710 1313 1748 Augustino
1324 1711 1422 1748 judice,
1439 1711 1595 1746 nequeenim
1609 1712 1659 1740 ulli
1682 1720 1781 1741 neniam
1793 1714 1907 1748 facilius

1100 1746 1273 1808 impertimur,
1287 1754 1365 1783 quam
1375 1747 1415 1774 illi
1432 1748 1476 1783 qui
1488 1747 1521 1775 de
1542 1748 1628 1777 nimiis
1642 1756 1703 1785 erga
1715 1757 1763 1777 nos
1778 1746 1907 1779 (adibus

1102 1789 1194 1808 accusa
1207 1789 1249 1809 ur.

1386 1828 1416 1857 S.
1433 1829 1620 1860 POSSIDIUS.

1140 1873 1171 1902 Si
1185 1879 1276 1902 cuncta
1296 1875 1346 1902 mei
1366 1876 1482 1910 corporis
1506 1877 1620 1904 membra
1630 1882 1786 1906 verterentur
1805 1880 1838 1907 in
1857 1881 1904 1908 liu-

1100 1929 1173 1957 guas,
1189 1922 1274 1949 adhuc
1289 1930 1340 1950 non
1360 1931 1442 1954 essem
1455 1923 1548 1961 dignus
1572 1929 1618 1952 aut
1633 1926 1765 1961 sufﬁciens
1779 1927 1813 1953 ad
1845 1928 1902 1954 lau-

1100 1968 1215 1995 dandum
1229 1973 1328 1996 tantum
1352 1968 1457 1997 Patrem
1484 1974 1507 1997 et
1521 1970 1661 2006 doctorem,
1677 1976 1701 2000 et
1721 1977 1821 2001 tantum
1842 1974 1903 2010 fidei

1099 2015 1236 2042 relucentis
1272 2015 1481 2044 illuminatorem.
1518 2018 1603 2052 Epist.
1628 2019 1661 2046 ad
1701 2019 1901 2051 Macedonium.

1100 2060 1216 2089 Sanctus
1230 2061 1348 2090 Thomas
1362 2061 1557 2092 Villanovanus
1567 2066 1605 2092 ait
1620 2074 1627 2092 :
1643 2066 1745 2101 Oqucm
1760 2071 1785 2094 te
1796 2076 1897 2096 memo-

1099 2115 1152 2135 rem
1170 2108 1273 2135 Patrem
1285 2109 1476 2146 Augustinum?
1487 2110 1578 2138 Omnis
1593 2112 1650 2138 laus
1662 2113 1773 2148 inferior
1796 2119 1820 2141 te
1837 2120 1896 2148 est;

1098 2155 1197 2181 conc.I
1214 2154 1250 2182 de
1263 2154 1293 2183 S.
1310 2154 1468 2191 Augustino.
1486 2157 1604 2191 Quorum
1616 2159 1732 2193 profecto
1746 2166 1900 2190 sanctorum

1098 2201 1212 2229 virorum
1227 2202 1335 2239 (nempe
1360 2203 1501 2239 Augustini
1517 2209 1544 2232 et
1558 2204 1683 2242 Thomas)
1696 2215 1772 2242 penes
1788 2209 1897 2237 catholi-

252 2247 323 2282 rint,
350 2249 372 2276 si
399 2248 577 2286 Augustinum
598 2252 632 2280 ab
655 2261 750 2282 errore
777 2257 978 2291 revocaverint;
994 2258 1045 2286 nisi

249 2291 320 2321 forte
333 2294 446 2323 modesti
471 2296 596 2326 homines
610 2307 724 2332 NOVIQUE
739 2309 871 2330 csusoues
887 2310 1043 2339 magnorum

249 2389 291 2413 ter
305 2391 461 2423 parcunt,et
477 2389 644 2426 securi,quia
661 2392 744 2421 libros
760 2394 818 2429 ejus
834 2402 914 2423 nemo
929 2404 1042 2432 usquam

215 2447 227 2456 α
249 2433 370 2469 recipiat,
391 2436 594 2472 conquiescunt,
611 2442 692 2474 atque
720 2438 882 2474 ignoverint.
905 2440 992 2477 Epist.
1008 2444 1042 2471 ad

248 2478 383 2514 Ruﬁnum.

595 2520 714 2548 LXXIX.

365 2569 507 2593 σιειιεοιιισ.

284 2597 370 2630 Quam
381 2599 468 2636 multi
492 2600 559 2636 ferre
574 2609 624 2629 non

244 2637 361 2668 possunt,
377 2634 440 2662 istos
461 2634 576 2664 homines
591 2637 626 2664 ad

244 2675 367 2708 nauseam
387 2678 465 2708 usque
481 2674 622 2707 inculcare,
660 2675 711 2708 ﬁne
724 2675 768 2702 lib.
785 2684 815 2703 ιιι
830 2681 920 2705 contra
940 2679 1039 2707 Acade-

244 2704 545 2740 Augustinum'Patrem
571 2704 624 2736 esse
660 2704 749 2740 micas.

244 2739 367 2774 Patrum,
379 2741 508 2770 doctorem
531 2744 620 2772 docto-

242 2783 312 2846 or-um,
321 2777 436 2838 mimum
443 2784 500 2813 post
510 2781 648 2816 scriptores
656 2783 802 2819 canonicos,
810 2784 963 2819 mirabilem,
976 2786 1040 2814 irre-

256 2819 319 2846 raga
336 2820 345 2838 ι
357 2820 406 2839 em.

256 2819 406 2847 ragaouem.

746 2575 769 2595 S.
791 2577 962 2599 AUGUSTINUS.

700 2603 836 2642 lnvidetis,
850 2605 958 2642 inquam
973 2608 1040 2635 arri-

662 2639 738 2672 dens,
757 2639 892 2668 laudilius'
907 2642 984 2670 meis.
1007 2643 1040 2671 In

599 2864 707 2895 LXXX.

360 2915 503 2937 CENIOBES.

747 2922 770 2942 I.
775 2923 947 2945 AUGUSTINUS.

281 2942 344 2973 Non
376 2946 440 2976 dixit
469 2944 620 2980 Calatinus

693 2951 762 2987 Quid
777 2952 857 2987 igitur
871 2953 920 2984 tibi
944 2954 971 2985 in
984 2953 1036 2985 hoc

1098 2256 1141 2275 cos
1164 2249 1293 2276 universos
1308 2250 1421 2285 ingentia
1436 2255 1460 2278 et
1481 2259 1582 2279 omnem
1603 2252 1707 2280 laudem
1733 2262 1898 2291 supergressa

1097 2295 1212 2329 nomina,
1220 2296 1440 2324 commendatione
1452 2298 1512 2324 novi
1523 2299 1646 2333 prreconii
1660 2300 1738 2335 plane
1750 2310 1804 2329 non
1813 2307 1896 2339 egent.

250 2339 324 2373 prius
338 2342 494 2370 meritorum
509 2343 568 2371 seni
592 2344 787 2374 honorabiliter
812 2355 844 2376 ac
865 2329 1044 2379 miseiicordi-
1061 2329 1086 2360 υ
1099 2339 1250 2369 “nam”
1267 2341 1321 2375 vni
1333 2341 1359 2370 i“
1376 2342 1448 2370 δ¹¹¹¹³
1459 2343 1493 2370 ad
1508 2343 1701 2373 Loumenm'

1427 2398 1560 2428 LXXXII.

1211 2451 1352 2472 εειηεοιιιιε.

1132 2488 1178 2527 Est
1193 2491 1260 2517 enim
1272 2491 1298 2518 in
1309 2491 1370 2527 jure
1383 2491 1473 2520 titulus

1095 2525 1127 2562 de
1138 2525 1221 2558 pluris
1235 2525 1372 2562 positione,
1385 2532 1412 2554 ut
1427 2528 1473 2562 qui

1094 2560 1153 2595 plus
1182 2560 1296 2596 postulat
1315 2562 1400 2590 minus
1426 2560 1473 2591 lla-

1093 2596 1167 2629 beat;
1190 2602 1212 2624 et
1242 2598 1313 2626 nobis
1340 2607 1356 2625 a
1378 2605 1473 2626 natura

1092 2636 1269 2667 comparatum
1292 2640 1328 2661 est
1359 2640 1387 2661 ιιι
1412 2643 1471 2662 cum

1092 2668 1185 2703 aliquis
1200 2669 1259 2704 plus
1271 2672 1343 2706 justo
1369 2672 1473 2699 extolli-

1092 2708 1145 2737 tur,
1158 2706 1270 2733 naturali
1280 2706 1393 2740 quadam
1411 2715 1471 2739 pro—

1092 2741 1212 2775 pensione
1247 2749 1369 2769 conemur
1396 2743 1471 2770 illum

1094 2775 1246 2810 deprimere,
1255 2782 1278 2805 et
1299 2776 1389 2805 Iaudes
1404 2780 1472 2806 ultro

1093 2819 1144 2839 non
1167 2814 1269 2848 roganti
1298 2815 1471 2847 concedimus,

1092 2848 1131 2875 vel
1154 2848 1316 2877 obtrudimus
1340 2852 1470 2879 recusanti

1091 2884 1159 2918 quod
1173 2893 1220 2920 pro
1232 2894 1277 2913 suo
1288 2887 1350 2923 jure
1361 2887 1470 2923 exigenti

1090 2927 1251 2958 negaremus.
1280 2922 1346 2956 Quae
1376 2929 1469 2958 postea

1088 2956 1208 2994 applicat
1217 2963 1312 2988 sancto
1318 2956 1480 2998 Augustino.

1591 2455 1615 2476 S.
1637 2457 1812 2480 AUGUSTINUS.

1545 2493 1609 2531 ora,
1638 2496 1765 2531 obsecro,
1784 2503 1814 2526 ut
1840 2506 1893 2526 non

1510 2527 1612 2567 laudari
1634 2532 1740 2567 volens,
1758 2527 1808 2562 sed
1832 2533 1892 2562 hu—

1510 2565 1576 2604 dans
1592 2567 1716 2595 invocem
1731 2565 1892 2604 Dominum,

1509 2605 1536 2628 et
1550 2602 1585 2629 ab
1610 2603 1727 2632 inimicis
1750 2607 1815 2633 meis
1841 2602 1894 2633 Sal?

1508 2643 1558 2675 [us
1575 2637 1658 2675 tiam.
1688 2639 1772 2675 Epist.
1794 2641 1828 2668 22
1856 2642 1892 2668 ad

1508 2672 1662 2712 Paulinum.
1670 2672 1821 2705 Praesertim
1827 2685 1892 2712 quo-

1508 2710 1578 2748 niam
1589 2712 1669 2748 multi
1687 2717 1752 2740 sunt
1764 2712 1805 2741 hic
1831 2710 1890 2748 qui,

1509 2745 1676 2774 detrahendo
1701 2748 1777 2776 nobis
1786 2771 1793 2783 ,
1805 2745 1889 2776 cae—te;

1509 2788 1600 2819 rorum
1620 2784 1735 2817 animos,
1747 2791 1762 2811 a
1789 2785 1889 2819 quibus

1508 2817 1583 2854 diligi
1594 2820 1718 2847 videmur
1726 2840 1734 2853 ,
1758 2817 1889 2848 adversus

1508 2862 1556 2890 nos
1572 2857 1731 2890 perturbare
1741 2864 1823 2884 cunan
1829 2861 1886 2884 tur.

1509 2889 1593 2925 Epist.
1622 2891 1674 2920 227
1692 2892 1727 2920 ad
1752 2892 1875 2921 Albinum

1507 2931 1560 2955 etc.
