3988 6348
182 334 291 393 861

1367 331 1691 395 VINDICIA‘.‘
1727 330 1869 393 AUC
1881 328 2298 395 USTINIANE.

750 488 764 505 .
796 447 1261 505 ιιιειιοΝἵιιυδ.

707 447 764 509 S.
796 446 1261 511 lllERONYilUS.
1792 454 1847 517 Δ
1871 452 2029 512 decet
2054 456 2262 511 honore
2286 463 2572 513 veneratus
2600 464 2742 523 sum,
2773 456 2830 509 et
2860 446 3192 507 habitantem
3223 446 3277 503 in
3309 455 3359 503 te
3391 446 3471 502 di-

250 546 414 604 Certe
450 542 707 615 quidquid
728 540 833 598 dici
866 543 1065 613 potuit,
1098 552 1153 598 et
1181 542 1394 599 sublimi
1438 543 1656 615 ingenio
1698 541 1769 600 de
1875 544 1984 601 lexi
2018 545 2307 601 Dominum
2342 544 2708 611 Salvatorem;
2738 532 2834 599 sed
2864 556 3028 612 nunc,
3053 541 3097 597 si
3129 540 3246 598 fieri
3272 549 3471 613 potest,

1875 638 2088 693 cumulo
2116 636 2320 709 aliquid
2348 636 2617 705 addimus,
2638 646 2696 695 et
2716 636 2877 708 plena
2898 636 3256 707 complemus,
3281 644 3339 690 ut
3359 635 3473 691 ahs«

168 637 581 709 Scripturarum
621 644 931 691 sanctarum
958 635 1159 692 hauriri
1193 636 1448 705 fontibus,
1476 652 1505 690 a
1533 643 1589 693 te
1618 635 1766 707 posi-

3370 326 3473 382 UL!

1792 454 1847 517 Δ
1871 452 2029 512 decet
2054 456 2262 511 honore
2286 463 2572 513 veneratus
2600 464 2742 523 sum,
2773 456 2830 509 et
2860 446 3192 507 habitantem
3223 445 3277 503 in
3309 455 3359 503 te
3391 446 3473 502 di-

174 744 297 789 tum
343 742 504 803 atque
556 731 844 788 dissertum
895 741 998 789 est.
1026 729 1136 791 Sed
1194 746 1378 803 quaeso
1413 732 1771 787 reverentiam
1875 747 1979 802 que
2022 732 2098 789 tui
2140 731 2373 791 nominis
2408 732 2681 789 mentione
2724 746 2792 786 ne
2835 745 2992 785 unam
3038 729 3252 803 quidem
3283 728 3470 785 horam

1872 825 2151 896 pmterire
2190 825 2477 896 patiamur.
2511 824 2747 881 Postea:
2782 823 2955 881 Macte
2999 824 3197 880 virtute
3237 824 3289 879 in
3337 822 3471 880 orbe

175 833 331 881 tuam
360 840 654 901 parumper
693 823 913 897 patiaris
933 840 1016 880 tne
1050 836 1196 880 tuum
1230 825 1451 881 laudare
1473 825 1766 899 ingenium.

168 919 355 997 Epist.
389 920 458 978 50
491 922 558 981 ad
585 920 803 999 August.

832 1010 1116 1073 LXXXIII.

417 1120 701 1163 CENSORES.

250 1177 502 1235 Ecclesia:
573 1178 777 1232 interest
850 1194 943 1232 sua

170 1255 357 1306 omnia
388 1254 514 1323 jura
555 1266 657 1323 non
680 1251 769 1303 uni
804 1265 942 1303 com-

166 1320 409 1386 mittere}
428 1320 745 1392 periclitatur
762 1323 942 1379 exerci-

168 1406 256 1450 tus
300 1397 450 1468 cujus
488 1392 941 1468 roburAunius‘ho-f

167 1468 333 1521 minis
356 1462 538 1520 virtute
565 1464 763 1518 nititur.
798 1462 937 1531 Quid

165 1540 311 1592 enim
339 1539 384 1592 si
411 1536 633 1590 htrretici
661 1534 764 1588 suis
794 1550 938 1605 argu-

164 1611 260 1663 tiis
286 1618 492 1679 possent
512 1609 737 1663 evincere
760 1622 810 1659 se
832 1622 935 1679 non

163 1678 293 1735 esse
325 1690 493 1751 aperte
524 1679 600 1751 ab
648 1678 937 1748 Augustino

166 1748 485 1806 damnatos?
508 1748 754 1804 Ecclesia:
782 1765 940 1803 causa

166 1824 453 1878 deserenda
483 1829 631 1883 esset,
665 1830 712 1874 et
744 1821 932 1889 insit/fi-

165 1895 310 1964 ciens
328 1895 457 1964 foret
470 1895 696 1947 omnium
715 1892 937 1946 aliorum

165 1963 396 2020 Patrum
461 1980 767 2031 consensus,
816 1966 937 2031 quia

166 2038 492 2121 Augustinus
506 2047 574 2090 est
590 2036 939 2121 neces-sarius?

167 2105 367 2179 Iniqua
387 2118 519 2164 certe
542 2116 668 2179 esset
696 2105 937 2161 Ecclesia:

164 2177 420 2246 conditio,
433 2180 516 2235 cui
540 2177 678 2232 Deus
700 2194 799 2232 non
825 2180 939 2233 uni-

162 2269 289 2307 cum
306 2252 585 2317 doctorem,
599 2250 687 2304 sed
705 2251 938 2304 doctores

162 2324 428 2396 promisit,
453 2337 504 2396 ut
536 2339 637 2376 non
668 2321 938 2396 circumfe-

161 2393 347 2451 ramur
358 2394 496 2450 omni
511 2402 658 2448 vento
668 2393 934 2448 doctrinas.

1181 1122 1227 1159 S.
1256 1119 1604 1167 AUGUSTINUS.

1085 1175 1281 1231 Desine
1337 1176 1573 1243 talibus,
1635 1189 1771 1231 unus

1012 1248 1177 1307 homo
1196 1264 1333 1312 sum,
1355 1248 1612 1305 [Ecclesiae
1634 1248 1774 1304 inter

1012 1335 1110 1376 nos
1126 1322 1298 1389 agitur
1312 1333 1607 1383 causa,non
1627 1334 1768 1386 mea,

1015 1391 1291 1456 Ecclesiae,
1318 1391 1554 1461 inquam,
1573 1405 1693 1460 quae
1718 1392 1773 1445 in

1012 1465 1156 1518 nullo
1176 1462 1388 1517 homine
1404 1477 1550 1529 spem
1570 1477 1771 1531 ponere

1012 1552 1041 1591 a
1064 1549 1161 1589 suo
1183 1532 1766 1601 didicitiiedemptore.

1010 1607 1323 1675 Quanquam
1348 1621 1448 1659 nec
1463 1606 1531 1659 de
1549 1620 1634 1658 me
1651 1605 1773 1671 ipso

1013 1678 1184 1741 vobis,
1215 1677 1420 1731 etiamsi
1452 1692 1623 1730 meam
1652 1690 1770 1730 con-

1011 1751 1369 1804 versationem
1404 1748 1656 1813 nossetis,
1687 1763 1769 1802 re-

1010 1830 1095 1876 cte
1152 1820 1463 1874 crederetur
1521 1820 1770 1874 inimicus

1010 1891 1161 1947 mihi.
1198 1890 1279 1945 Ad
1315 1891 1769 1947 existimationem

1011 1962 1287 2019 hctnlnum
1322 1977 1511 2032 magna
1555 1962 1768 2016 testium

1010 2036 1217 2109 quitne
1246 2041 1505 2109 noverunt
1538 2035 1772 2105 suppetit

1010 2105 1183 2175 copia,
1213 2106 1278 2159 ad
1328 2105 1421 2159 Dei
1464 2119 1591 2159 vero
1635 2120 1766 2161 con-

1011 2186 1252 2248 spectum
1277 2177 1388 2231 sola
1414 2177 1766 2248 conscientia,

1010 2247 1168 2322 quam
1206 2257 1389 2303 contra
1433 2247 1769 2322 criminatio-

1013 2319 1107 2377 lies
1138 2330 1340 2375 virstras
1374 2335 1497 2373 cum
1544 2319 1768 2388 intrepi-

1010 2391 1130 2448 dam
1143 2406 1347 2465 geram,
1364 2405 1468 2465 non
1489 2405 1572 2465 me
1589 2399 1769 2465 tamen

1011 2467 1109 2520 sub
1144 2462 1329 2518 "oculis
1370 2462 1767 2533 Omnipoteutls

161 2538 461 2612 iustiﬁcam
486 2536 680 2595 audeo.
712 2535 827 2591 Lib.
863 2552 918 2590 ιιι
944 2545 1124 2590 contra
1154 2534 1505 2600 Cresconium,
1532 2551 1646 2605 cup.
1673 2535 1764 2589 80.

761 2630 824 2691 S.
855 2630 1194 2692 PROSPER.

240 2728 443 2799 Viginti
476 2726 707 2797 amplius
748 2728 905 2787 annis
940 2736 1127 2785 contra
1177 2726 1421 2785 inimicos
1452 2726 1640 2795 gratiae
1674 2724 1767 2780 Dei

160 2822 436 2881 catholica
463 2820 607 2879 acies
637 2821 799 2891 hujus
821 2837 930 2879 vnn
954 2821 1117 2879 ductu
1147 2830 1345 2891 pugnat
1370 2830 1426 2879 et
1449 2820 1636 2885 vincit;
1662 2822 1767 2875 vin-

164 2916 242 2975 cit
273 2916 421 2983 dico,
447 2917 571 2989 quia
604 2932 710 2975 non
741 2914 942 2985 patitur
972 2916 1243 2985 respirare
1271 2928 1408 2984 quos
1437 2914 1588 2972 vicit.
1618 2912 1767 2973 Prte-

167 3014 265 3080 fat.
282 3021 465 3071 contra
488 3011 824 3075 Cotlatorem.
848 3010 912 3069 Et
933 3011 988 3069 in
1009 3010 1261 3067 Carmine
1285 3018 1474 3071 contra
1500 3009 1761 3081 Ingratos.

160 3118 288 3174 cap.
324 3104 358 3159 3
388 3121 401 3156 :

257 3194 410 3258 istius
434 3207 558 3258 ergo
581 3196 714 3258 inter
734 3200 953 3258 cunctos,
981 3196 1059 3255 qui
1086 3193 1151 3243 de
1174 3206 1333 3258 grege
1359 3200 1526 3247 sancto

260 3256 466 3329 insanas
488 3255 730 3323 pepulere
757 3255 905 3318 feras,
923 3258 1161 3329 industria
1182 3255 1359 3329 major,

264 3319 423 3387 gajus
444 3319 588 3384 opus,
612 3328 767 3369 totum
793 3321 1108 3387 prtestantius
1131 3319 1516 3387 inibuithorbem.

262 3380 385 3446 Nam
408 3380 700 3446 quocunque
715 3383 930 3446 gradum
955 3382 1202 3432 convertit
1224 3380 1424 3432 callidus
1447 3381 1600 3431 hostis
1623 3420 1637 3445 ,

260 3445 483 3509 Quaque,
522 3456 611 3508 per
633 3445 867 3506 ambages
889 3456 1069 3506 anceps
1096 3446 1194 3493 iter
1219 3446 1323 3509 egit
1345 3452 1562 3509 apertas,

254 3504 421 3568 Hujus
445 3508 507 3557 ab
523 3504 734 3557 occursu
757 3504 835 3557 est
856 3504 1157 3568 praeventus,
1175 3504 1308 3556 mille
1334 3504 1520 3558 viarum

260 3570 458 3622 [usldiis
479 3572 663 3622 aditum
688 3582 782 3620 non
805 3569 1209 3632 repperientlbus
1229 3568 1400 3620 ullum.

819 3653 1108 3711 LXXXIV.

407 3761 693 3803 CENSORI-IS.

236 3816 375 3889 Qum
399 3830 534 3874 certe
558 3835 657 3874 non
685 3834 744 3874 eo
774 3820 933 3887 consi-

165 3971 218 4034 ttt
238 3960 444 4034 aliquid
468 3962 742 4034 Augustini
763 3961 935 4016 laudi-

166 4033 254 4086 bus
304 4032 584 4125 detructuﬁt
622 4033 801 4097 velim;
834 4034 935 4086 uti-
1008 4044 1088 4087 tra
1142 4032 1281 4125 lui,
1326 4034 1488 4104 Oper.
1529 4036 1763 4107 imperf.,

1878 4052 2039 4125 Epist.
2069 4054 2134 4110 77
2166 4056 2235 4110 ad
2266 4032 2645 4113 Possessoretn.

164 4120 289 4156 nam
319 4105 484 4170 major
504 4103 610 4158 illis
637 4120 747 4158 mea
775 4120 935 4171 opera

164 4176 283 4241 ﬁeri
308 4185 478 4244 posset
499 4176 758 4233 accessio!

1180 3763 1225 3807 8-
1260 3761 1603 3803 AUGUSTINUS.

1076 3816 1166 3874 Sic
1206 3818 1390 3875 audire
1429 3819 1599 3876 debeo
1633 3834 1766 3879 con-

1008 3961 1192 4018 laudes
1236 3969 1373 4021 tuas.
1405 3960 1522 4017 Lib.
1553 3979 1610 4017 ιιι
1641 3979 1764 4017 cono

1005 4121 1121 4175 cap.
1157 4105 1246 4163 10.

846 4264 1001 4326 PIUS
1032 4266 1094 4322 Il.

236 4359 470 4431 Magnus
513 4361 876 4429 Augustinus.
906 4360 1151 4421 doctrina
1180 4373 1233 4419 et
1266 4363 1589 4421 verecundia
1612 4364 1764 4434 juxta
1868 4359 2007 4435 tione

1873 918 2187 988 celebraris,
2217 918 2468 975 catholici
2515 928 2565 974 te
2605 918 2939 974 conditorem
2981 920 3215 989 antiquas
3252 932 3471 974 rursum

1878 1011 2006 1073 ﬁdei
2038 1020 2363 1070 venerantur
2392 1022 2554 1082 atque
2594 1012 2922 1082 suspiciunt,
2950 1022 3034 1080 et,
3065 1012 3209 1085 quod
3254 1011 3467 1084 signum

1882 1108 2105 1178 majoris
2148 1108 2337 1181 gloriae
2395 1115 2523 1174 est,
2572 1121 2761 1165 omnes
2824 1106 3063 1165 haeretici
3109 1105 3467 1165 detestantur.

1877 1198 2046 1270 Epist.
2071 1196 2146 1252 25
2174 1198 2244 1252 ad
2272 1197 2410 1270 Aug.

2520 1290 2814 1351 LXXXVI.

2108 1401 2393 1443 CENSQBES.

1950 1456 2049 1523 Qui
2098 1459 2244 1528 prius
2293 1459 2637 1529 Augustinum

1875 1530 1927 1584 in
1949 1530 2182 1584 omnibus
2204 1529 2539 1601 deposcebant
2554 1533 2639 1601 ju-

1875 1602 2067 1668 dicent,
2101 1619 2234 1655 nunc
2280 1602 2373 1655 sibi
2422 1602 2636 1657 liberum

1874 1685 2055 1742 putant
2079 1690 2139 1730 ne
2159 1674 2365 1739 quidem
2386 1673 2634 1727 arbitrum

2876 1402 2923 1443 ε.
2954 1402 3300 1446 AUGUSTINUS.

2781 1459 2896 1516 Non
2944 1460 3089 1515 enim
3131 1476 3223 1514 vos
3272 1456 3469 1516 oblitos

2709 1531 2893 1597 credo,
2908 1531 3101 1601 judicis
3121 1530 3249 1587 mihi
3274 1541 3470 1586 munus

2710 1602 2877 1659 fuisse
2935 1604 3191 1657 delatum.
3258 1601 3371 1656 Lib.
3431 1614 3471 1657 ιι

2708 1683 2846 1729 cont.
2874 1675 3201 1729 Academicos
3220 1715 3233 1737 ,
3265 1689 3381 1744 cap.
3411 1672 3465 1729 8.
3488 1684 3493 1689 '

1828 1800 1831 1803 _
1876 1744 2210 1799 honorarium
2250 1745 2305 1799 in
2339 1745 2456 1799 aliis
2486 1745 2633 1798 illum
2706 1745 2879 1816 (Sane
2920 1746 3167 1800 Clemens
3197 1744 3303 1800 VIII
3347 1758 3470 1798 san-

1828 1816 2167 1869 .admittere.
2704 1827 2848 1869 ctum
2902 1817 3257 1869 Auaustinum
3318 1815 3466 1869 iudi-

1796 1853 1848 1921 Β
1876 1826 2167 1871 admittere.

2704 1815 2848 1873 etum
2902 1817 3257 1888 Augustinum
3312 1815 3433 1888 judi
3450 1844 3466 1856 -

2707 1905 2824 1942 cem
2847 1887 3125 1942 constituit
3148 1890 3198 1942 in
3223 1887 3469 1957 quaestio-

2708 1958 2866 2014 nibus
2894 1958 2963 2015 de
2992 1956 3253 2030 auxiliis.)

2450 2052 2507 2107 8.
2542 2050 2881 2107 PROSPER.

1940 2144 2222 2215 Tantaque
2254 2143 2543 2201 insolentia
2584 2143 2821 2199 damnati
2861 2142 3112 2201 fovemur
3136 2158 3369 2211 errores,
3401 2152 3461 2201 ut

1873 2239 2154 2309 pravitatis
2184 2238 2404 2305 invidia,
2433 2248 2490 2295 et
2516 2246 2765 2294 auctores
2792 2241 2961 2294 nostri
2994 2240 3275 2309 pulsentur
3299 2247 3353 2295 et
3378 2239 3467 2309 ju-

1869 2334 2037 2389 tlices.
2091 2333 2308 2405 Praefat.
2356 2342 2537 2387 contra
2576 2330 2913 2401 Collaturem,
2944 2349 3039 2405 pro
3085 2334 3146 2389 S.
3191 2332 3467 2406 Augustini

1869 2428 2105 2482 doctrina
2134 2426 2474 2499 defendenda.

2514 2515 2828 2573 LXXXVII.

2103 2627 2389 2668 CBNSORES.

1944 2683 2053 2738 Nec
2074 2700 2245 2739 verum
2268 2694 2342 2743 est
2361 2685 2499 2754 quod
2520 2685 2630 2753 ipse

1868 2763 1975 2808 tum
2025 2756 2114 2809 alii
2155 2758 2474 2827 dogmatista:
2518 2760 2625 2826 fre-

1866 2837 2075 2896 quenter
2095 2829 2318 2898 jactant,
2340 2828 2628 2881 universam

1866 2899 2028 2951 sancti
2048 2898 2319 2968 Augustini
2338 2901 2624 2954 doctrinam

1866 2979 2042 3025 contra
2110 2969 2418 3040 Pelagianos
2469 2972 2629 3039 fuisse

1867 3040 2206 3111 approbatum
2254 3041 2318 3094 ab
2367 3041 2626 3109 Ecclesia,

1867 3113 2196 3180 pluribusque
2218 3115 2429 3168 summis
2452 3115 2626 3184 ponti-

1869 3184 2077 3256 ficibus,
2104 3187 2336 3256 adeoque
2363 3195 2556 3240 certam
2580 3195 2630 3242 et

1786 3237 1837 3309 C
1866 3237 2223 3337 inconcussam

2865 2628 2911 2669 S.
2946 2627 3289 2671 AUGUSTINUS.

2778 2684 2964 2743 Utrum
2984 2687 3147 2745 etiam
3172 2697 3357 2744 noster
3378 2688 3465 2751 (rio

2702 2756 2911 2828 vulus),
2950 2757 3073 2812 licet
3106 2759 3359 2827 exiguus,
3395 2774 3464 2817 ex

2700 2828 2891 2883 eodem
2924 2844 3029 2899 quo
3061 2829 3220 2883 etiam
3252 2839 3372 2885 tuus
3400 2846 3463 2885 a-

2702 2899 2945 2955 bundans
2960 2940 2978 2966 ,
3025 2909 3242 2956 emanet
3289 2903 3464 2971 capite

2700 2971 3047 3037 ﬂuentorum,
3075 2976 3174 3026 hoc
3202 2987 3233 3026 a
3262 2980 3315 3027 te
3339 2987 3463 3043 pro-

2704 3043 2813 3098 bari
2840 3044 3107 3110 volumus,
3136 3044 3348 3113 tuisque
3371 3060 3459 3101 re—

2701 3116 2919 3185 scriptis
2946 3114 3014 3170 de
3041 3114 3311 3173 communi
3343 3130 3465 3183 par-

2703 3186 3015 3257 ticipatione
3077 3188 3234 3242 unius
3277 3187 3466 3255 gratias

2702 3259 2992 3313 consolari.
3040 3257 3211 3328 Epist.
3272 3259 3342 3314 95
3397 3258 3465 3313 ad

2703 3328 3065 3402 innocentium
3085 3345 3270 3402 papant
3287 3339 3468 3385 contra

2706 3401 3036 3473 Pelagianos.

2322 3492 2382 3550 Β.
2415 3492 2812 3553 HORMISDAS
2843 3509 3005 3566 papa.

1942 3584 2018 3641 De
2040 3584 2266 3646 arbitrio
2288 3596 2465 3647 tamen
2487 3587 2661 3646 libero
2678 3598 2730 3645 et
2746 3588 2913 3665 gratia
2939 3586 3033 3643 Dei
3057 3585 3184 3658 quid
3203 3585 3464 3655 Romana,

1870 3677 1972 3735 hoc
2000 3688 2084 3734 est
2109 3679 2375 3738 catholica
2402 3690 2657 3751 sequatur
2679 3690 2736 3739 et
2760 3691 2941 3741 servet
2966 3679 3231 3745 Ecclesia.
3258 3679 3382 3737 licet
3409 3678 3466 3734 in

1870 3775 2033 3830 variis
2055 3775 2208 3831 libris
2229 3776 2371 3832 beati
2396 3779 2697 3848 Augustini,
2713 3787 2769 3836 et
2790 3780 3023 3834 maxime
3048 3776 3110 3832 ad
3140 3776 3465 3847 Prosperum

164 3867 931 3956 ιξο’τί’ξηῖέᾶηῇξᾶηᾌναῇξίι’,ξ,
1010 3867 1767 3960 ιυιῖιξιίίςζῇιξιεῖᾷᾗδηῖδξίο
1870 3867 2233 3939 θιλΗίΙθιίιιιιι
2284 3871 2498 3927 abunde
2550 3873 2715 3941 possit
2755 3870 3037 3946 cognosci,
3085 3879 3263 3927 tamen
3312 3879 3367 3927 et
3407 3870 3463 3927 in

1866 3961 2083 4019 scriniis
2110 3962 2493 4021 ecclesiasticis
2532 3979 2790 4035 expressa
2830 3963 3061 4035 capitula
3102 3962 3461 4020 continentur.

2495 4148 2828 4205 LXXXVIII.

2099 4253 2387 4294 CENSOBBS.

1944 4308 2025 4365 Ex
2052 4309 2148 4363 hac
2172 4318 2342 4365 autem
2372 4310 2630 4379 approba-

2064 4382 2287 4452 (nempe
2339 4381 2628 4436 Innocentii

169 4451 385 4516 nobilis,
420 4452 574 4523 cujus
623 4460 768 4515 tanta
811 4453 984 4525 gloria
1030 4463 1116 4513 est
1166 4464 1224 4511 ut
1270 4457 1469 4515 nullius
1516 4457 1764 4516 laudibus
1868 4451 2043 4524 palm)
2085 4453 2384 4522 hujusmodi
2432 4453 2625 4507 littera-

166 4555 398 4615 crescat,
434 4546 897 4619 vituperationem
926 4548 1215 4610 minuatur.
1250 4548 1377 4609 Cum
1407 4560 1534 4607 esset
1566 4550 1763 4608 /Eneas

169 4641 402 4712 Sylvius,
434 4635 583 4712 epist.
617 4642 720 4697 150
742 4643 817 4732 ad
845 4644 1164 4701 cardinalem
1196 4643 1599 4716 Caravajalium.

835 4736 1097 4798 LXXXV.

398 4846 665 4893 03880388
673 4872 686 4885 .

236 4902 346 4958 Sed
379 4912 575 4961 tantum
614 4912 669 4959 ut
710 4904 928 4975 manife-

166 4982 294 5031 stem
332 4991 483 5043 quam
532 4975 665 5030 male
707 4976 770 5031 de
812 4992 926 5031 vero

168 5046 453 5115 Augustino
483 5048 689 5104 maritus
733 5048 797 5100 sit
836 5048 928 5103 iste

167 5118 546 5187 supposititius,
580 5119 667 5185 qui
714 5132 926 5183 suntpa-

169 5188 451 5242 rationibus
482 5189 671 5242 odiosis
694 5198 739 5241 et
769 5190 931 5241 laudi-

170 5257 258 5312 bus
287 5259 611 5330 hyperbolice
635 5276 794 5330 supra
821 5277 927 5317 θυι-ν

170 5346 285 5385 nem
322 5329 669 5400 adulationem
707 5346 927 5400 exagge-

1169 4849 1215 4889 8.
1247 4848 1592 4889 AUGUSTINUS.

1071 4904 1253 4974 Neque
1284 4914 1463 4961 tamen
1497 4904 1622 4960 huic
1654 4913 1760 4961 tam

1003 4977 1249 5032 familiari
1269 4979 1445 5035 amico
1462 4991 1583 5033 meo
1602 4978 1759 5033 velim

998 5047 1216 5115 credas,
1245 5064 1364 5117 qua:
1404 5048 1471 5102 de
1509 5062 1593 5103 me
1623 5048 1761 5105 forte

1000 5119 1221 5176 laudans
1309 5119 1523 5174 dixerit.
1600 5120 1753 5175 Sensi

1002 5191 1143 5242 enim
1191 5190 1351 5244 etiam
1399 5192 1567 5258 ipsunt
1612 5206 1756 5257 saepe

1003 5276 1103 5313 non
1135 5260 1423 5314 mentiendi
1448 5261 1753 5324 stuclio,sed

1000 5330 1211 5402 amandi
1256 5334 1613 5402 propensione
1644 5333 1752 5388 falli

170 5403 294 5458 ratis
318 5443 334 5469 ,
386 5402 531 5475 plus
564 5399 645 5475 illi
707 5399 929 5460 detraxit
995 5399 1550 5475 judicantems'Epist.
1582 5404 1651 5461 52
1685 5405 1754 5457 ad

168 5489 318 5595 gnam
372 5472 631 5529 addiderit
688 5474 927 5528 auctori-

186 5552 299 5595 atts‘.

186 5552 299 5600 atis‘.

1001 5472 1302 5531 Paulinum.
1335 5472 1390 5529 Si
1426 5474 1659 5531 laudanti
1700 5494 1755 5529 a-

1003 5545 1144 5600 mico
1171 5543 1496 5600 credendum
1522 5561 1624 5599 non
1653 5555 1757 5611 est,

1004 5631 1102 5677 nec
1160 5617 1376 5673 inimico
1436 5617 1757 5677 detrahenti.

672 5687 789 5741 Lib.
824 5703 879 5742 ιιι
911 5698 1089 5741 contra
1120 5686 1313 5742 litteras
1343 5684 1527 5759 Petil.,
1553 5703 1669 5761 cap.
1701 5688 1757 5749 2.

685 5779 745 5837 S.
780 5778 1246 5843 HIERONYMUS.

238 5873 397 5938 hinni
426 5874 642 5953 quidem
690 5883 933 5953 tempore
965 5872 1349 5941 beatitudinem
1381 5882 1528 5942 tuast
1557 5890 1624 5939 eo
1651 5890 1758 5953 quo

1865 4541 1981 4581 rum
2012 4526 2075 4579 de
2102 4541 2205 4581 uno
2226 4535 2317 4581 aut
2341 4525 2503 4581 altero
2527 4535 2628 4580 tan-

1790 4633 1840 4692 υ
1868 4604 1975 4692 tum
2004 4595 2532 4692 errp're‘loquen'tiut‘n.
2552 4598 2631 4650 in-

1868 4673 2001 4734 ]erre
2026 4667 2150 4721 velle
2180 4677 2335 4720 lotam
2361 4666 2428 4720 Β.
2452 4668 2632 4738 Augu-

1865 4740 1988 4791 stini
2027 4740 2312 4793 doctrinam
2360 4739 2424 4793 de
2461 4739 2631 4807 gratia

1865 4808 2024 4876 fuisse
2052 4809 2341 4878 specialiter
2369 4810 2433 4862 ab
2466 4807 2629 4868 Inno-

1863 4880 2030 4932 centio
2052 4880 2413 4948 approbatum,
2427 4890 2499 4935 est
2520 4897 2628 4935 ma-

1868 4951 2032 5003 litiose
2052 4951 2365 5019 simplicibus
2388 4952 2623 5017 illudere,

1864 5029 1910 5075 et
1934 5020 2249 5075 eruditorum
2279 5024 2525 5089 patientia
2549 5024 2627 5077 in-

1866 5092 2195 5151 tolerabiliter
2222 5094 2385 5149 abuti.

2870 4255 2917 4295 S.
2951 4253 3300 4296 AUGUSTINUS.

2775 4312 3101 4383 Scripsimus
3152 4312 3328 4383 etiam
3396 4313 3465 4368 ad

2706 4383 2875 4439 beata:
2904 4382 2909 4383 ⁷
2940 4382 3214 4438 memoriae
3276 4397 3465 4453 papam

2706 4455 3097 4519 Innocentium,
3123 4462 3320 4521 prieter
3343 4469 3466 4509 con-

2704 4528 2947 4582 ciliorum
2982 4525 3289 4590 relationes,
3323 4525 3463 4580 litte-

2705 4615 2791 4652 ras
2822 4597 3130 4661 familiares,
3148 4596 3235 4650 [Illi
3259 4596 3325 4650 de
3350 4598 3463 4664 ipsa

2702 4683 2861 4723 causa
2924 4667 3196 4723 aliquanto
3262 4667 3463 4722 diutius

2702 4739 2931 4820 egimus.
2949 4736 3030 4819 A.d
3054 4736 3232 4820 omnia
3260 4736 3352 4791 ille
3373 4753 3463 4792 no-

2704 4807 2786 4865 bis
2814 4807 3093 4877 rescripsit
3120 4807 3314 4865 eodem
3346 4824 3460 4862 mo-

2703 4881 2772 4936 do
2821 4895 2927 4947 quo
3001 4878 3079 4933 fas
3127 4886 3243 4932 erat
3303 4887 3462 4947 atque

2699 4949 3459 5021 oportebatapostolicazsedis

2699 5019 3014 5078 antistitem.
3054 5019 3227 5089 Epist.
3260 5019 3362 5076 106
3392 5020 3461 5074 ad

2701 5094 3002 5153 Paulinum.

2292 5205 2350 5263 S.
2384 5203 2842 5265 INNOCEN'I'IUS
2871 5217 3029 5276 papa.

1939 5316 2153 5373 Librum
2196 5335 2358 5389 sane,
2390 5321 2481 5391 qui
2508 5321 2626 5390 eius
2658 5320 2875 5391 (nempe
2904 5320 3128 5391 Pelagii)
3158 5335 3281 5379 esse
3310 5321 3460 5380 dice-

1864 5421 2035 5477 retur,
2066 5411 2221 5466 nobis
2260 5429 2288 5465 a
2338 5423 2522 5467 vestra
2565 5412 2827 5471 cbaritate
2859 5414 3230 5469 transmissum
3260 5417 3459 5471 evolvi-

1868 5519 2005 5567 tnus,
2038 5502 2090 5557 in
2116 5520 2224 5575 quo
2249 5503 2414 5558 multa
2457 5503 2809 5573 blasphemia,
2836 5506 2966 5560 nihil
3007 5507 3150 5579 quod
3194 5508 3454 5577 placeret,

1868 5595 1995 5655 nihil
2023 5597 2165 5669 quod
2194 5614 2300 5657 non
2332 5597 2543 5667 penitus
2572 5598 2882 5670 displiceret
2912 5615 2940 5653 a
2972 5600 3161 5671 quovis
3191 5601 3453 5657 damnan-

1865 5690 1990 5746 dtuu
2024 5701 2186 5760 atque
2214 5691 2552 5757 calcandum,
2579 5691 2667 5746 cui
2692 5692 2914 5758 similia,
2942 5693 3042 5749 nisi
3073 5693 3166 5762 qui
3195 5693 3293 5747 ista
3326 5694 3458 5746 scri-

1864 5791 2067 5862 pserat,
2082 5797 2240 5839 nemo
2256 5784 2393 5841 alter
2410 5785 2463 5843 iu
2489 5793 2721 5841 mentem
2745 5784 3011 5855 reciperet
3026 5794 3187 5854 atque
3203 5784 3452 5840 sentiret.

1864 5871 2036 5956 Epist.
2067 5875 2139 5934 96
2162 5877 2230 5934 ad
2260 5877 2623 5957 Augustinum,
2656 5893 2771 5951 qua:
2800 5876 2979 5957 incipit
3018 5892 3037 5939 ε
3076 5874 3450 5940 Fratetnitstis
