3988 6348
561 369 670 431 865

566 582 749 653 vigore
777 581 1036 646 ﬁrmatas,
1064 589 1171 638 etc.

1448 370 2109 434 SUPPLEMEMENTUM
2152 372 2247 432 AD
2285 375 2524 435 urERA
2563 377 2625 436 ὃ.
2665 377 3059 439 AUGUSTINI.
3754 380 3853 432 εδ.

562 497 755 545 vestra:
778 489 945 547 lineas
966 485 1153 560 plenas
1171 488 1555 564 ﬁdei,totoque
1574 493 1850 566 religionis
1869 493 2149 551 catholicae
2176 494 2230 556 A
2252 494 2322 566 rit
2359 494 2676 565 Augustinus
2718 499 2796 553 uel
2826 498 3015 554 sentire
3088 513 3206 552 cum
3234 498 3418 555 littera:
3446 499 3513 557 S.
3559 500 3857 561 Innocentii
3894 536 3906 547 ι

1210 675 1497 735 LXXXIX.

793 784 1081 825 CENSORES.

635 841 805 907 Quam
859 843 1006 895 multi
1050 842 1158 895 sine
1212 841 1321 896 ullo

556 911 856 967 discrimine
904 913 1172 983 Augustini
1220 930 1319 968 au-

553 983 835 1037 ctoritatem
865 984 1217 1049 admittebant,
1233 985 1320 1055 qui

557 1070 696 1107 nunc
744 1056 928 1109 audita
976 1056 1318 1124 lintitatione,

556 1141 711 1198 quam
777 1130 890 1198 ejus
957 1128 1319 1195 approbationi

555 1195 855 1252 Ctelestinus
898 1205 1159 1265 apposuit.
1196 1199 1321 1253 dum

555 1268 777 1321 audiunt
821 1270 1017 1338 aliquid
1046 1286 1111 1324 ex
1136 1272 1318 1341 Augu-

556 1342 689 1409 stino
719 1342 970 1409 proponi,
1000 1344 1273 1406 quwrilant
1300 1359 1318 1397 :

560 1408 725 1464 Estne
749 1412 843 1464 hoc
874 1415 937 1465 de
960 1413 1065 1466 illis
1099 1414 1319 1481 profun-

558 1482 789 1536 dioribus
804 1484 1321 1553 quiestionibus,quas

556 1568 663 1606 non
725 1570 922 1608 necesse
954 1556 1206 1626 judicavit
1255 1574 1317 1609 a-

557 1634 790 1690 struere,
837 1642 965 1693 quas
1003 1630 1055 1679 in
1105 1628 1318 1695 ancipiti

1561 786 1609 829 S.
1642 788 1984 831 AUGUSTINUS.

1463 843 1572 901 Sed
1617 847 1840 900 multum
1885 862 2006 902 eum
2050 847 2152 903 ista

1392 914 1757 989 fallit_opinio.
1783 918 1967 989 Longe
1999 918 2153 974 aliter

1393 1001 1454 1041 se
1468 986 1664 1043 habent
1676 986 2000 1055 quaestiones
2011 990 2148 1056 istas,

1393 1073 1527 1127 quas
1583 1074 1702 1115 esse
1752 1070 1946 1129 prattter
1990 1060 2149 1116 ﬁdem
2206 1073 2210 1077 ‘

1393 1131 1703 1195 arbitratur,
1718 1146 1875 1201 quam
1900 1141 2022 1187 sunt
2046 1134 2150 1189 illa

1394 1202 1448 1275 in
1476 1202 1704 1275 quibus,
1736 1205 1880 1257 salva
1913 1203 2016 1259 ﬁde
2044 1220 2149 1275 qua

1392 1272 1678 1327 Christiani
1754 1288 1988 1343 sumus,
2058 1272 2152 1332 aut

1394 1343 1669 1412 ignoratur
1687 1346 1827 1414 quod
1853 1361 2034 1401 verum
2057 1349 2147 1415 sit,

1392 1424 1446 1469 et
1463 1417 1727 1469 sententia
1746 1417 2021 1471 deﬁnitiva
2039 1433 2151 1473 sus-

1394 1487 1663 1553 penditur,
1687 1497 1773 1541 aut
1802 1489 1955 1544 aliter
1988 1505 2147 1558 quam

1390 1566 1473 1611 est
1500 1598 1515 1622 ,
1560 1557 1788 1612 humana
1837 1570 1891 1613 et
1935 1557 2145 1617 inﬁrma

1390 1629 1694 1700 suspicione
1716 1630 2020 1700 conjicitur.
2031 1632 2145 1688 Lib.

556 1696 804 1763 opinandi
826 1697 1059 1751 libertate
1078 1698 1319 1768 reliquit?
1389 1699 1453 1752 de
1482 1699 1606 1754 Pec.
1631 1702 1785 1773 orig.,
1810 1696 1923 1774 cap.
1947 1701 2039 1758 25.

927 1833 1255 1891 ECCLESIA
1302 1832 1794 1896 LUGDUNENSIS.

618 1926 825 2005 .Beatus
854 1964 989 2019 papa
1017 1950 1343 2008 leestinns
1370 1952 1439 2008 de
1467 1953 1788 2023 quibusdam
1836 1958 2148 2028 profundio-

557 2041 707 2097 ribus
732 2042 1120 2111 quaestionibus
1148 2044 1201 2099 in
1226 2044 1459 2101 decretis
1489 2047 1600 2102 suis
1632 2048 1810 2118 posuit
1854 2052 2040 2109 dicens
2079 2052 2149 2110 de

556 2134 659 2202 eis,
697 2134 827 2202 Quae
854 2136 987 2190 sicut
1009 2153 1112 2191 non
1140 2138 1394 2193 audemus
1420 2153 1740 2198 contemnere
1762 2185 1777 2211 ,
1823 2145 1898 2200 ita
1928 2163 2032 2201 non
2060 2164 2149 2202 ne-

557 2243 694 2283 cesse
722 2229 963 2285 habemus
988 2242 1235 2287 astruere.
1261 2234 1343 2294 Sit
1377 2249 1509 2305 ergo
1538 2237 1681 2293 inter
1706 2218 1911 2311 nos‘pia
1934 2244 2143 2299 cautela

556 2329 611 2374 et
634 2320 956 2390 moderatio,
987 2333 1256 2395 quatenus
1278 2328 1486 2383 sanctis
1508 2328 1759 2386 Patribus
1792 2332 2007 2391 debitus
2033 2350 2149 2392 ser-

556 2420 711 2468 vetur
737 2414 931 2481 honor,
962 2426 1016 2472 et
1044 2418 1290 2489 quolibet
1338 2421 1459 2490 quis
1508 2424 1813 2493 acquiescat
1864 2429 2025 2483 modo
2078 2444 2144 2485 ex

557 2507 670 2563 illis
694 2510 944 2565 sensibus
967 2511 1058 2582 qui
1082 2512 1150 2567 de
1176 2512 1277 2569 hac
1306 2516 1571 2571 sententia
1601 2516 1671 2573 ab
1709 2519 1787 2574 eis
1814 2522 1973 2590 positi
1998 2532 2143 2592 sunt,

553 2616 664 2657 non
701 2604 1007 2673 judicemus
1057 2621 1179 2663 esse
1257 2607 1590 2681 haereticum.
1644 2612 1762 2669 Lib.
1822 2614 1885 2671 de
1931 2618 2149 2674 tenenda

552 2696 698 2751 verit.
730 2696 949 2768 Script.,
974 2715 1092 2772 cap.
1123 2701 1211 2770 12,
1237 2711 1359 2755 tom.
1384 2718 1434 2756 ιχ
1458 2701 1598 2758 Bibl.
1632 2703 1751 2761 PP.

1304 2813 1417 2870 XC.

781 2921 1068 2964 CENSORI-IS.

623 2976 732 3033 Sed
769 2995 926 3049 neque
978 2996 1152 3034 verum
1197 2991 1313 3047 est,

1549 2928 1595 2968 S.
1626 2928 1967 2972 AUGUSTINUS.

1463 2982 1588 3057 Ilaec
1603 3000 1744 3057 ergo
1774 3002 1891 3057 qua:
1918 2988 2063 3056 istis,
2089 2998 2147 3045 ut

551 3050 689 3128 quod
730 3061 1022 3128 assumunt,
1060 3052 1317 3128 Romanos
1390 3052 1544 3128 dixi,
1584 3050 2060 3128 dua'btts'epistolis
2083 3059 2148 3114 il-

551 3123 815 3191 episcopos
827 3124 1135 3193 approbasse
1147 3126 1319 3179 omnia
1390 3123 1564 3180 lorum
1587 3123 1887 3197 respondeo
1909 3130 1974 3184 ad
2002 3140 2146 3188 tuam

552 3200 795 3270 tanquam
849 3197 1133 3270 necessaria
1203 3212 1319 3266 quae
1392 3198 1731 3270 potissimum
1759 3201 1992 3270 dirigere
2018 3218 2144 3258 san-

554 3263 871 3338 Augustinus
899 3266 951 3318 in
982 3267 1138 3338 hisce
1176 3263 1314 3335 quor-
1386 3263 1646 3338 ctitatem,
1666 3286 1771 3325 non
1798 3263 1904 3327 tam
1932 3272 2144 3329 discen-

552 3334 796 3387 stionibus
837 3336 1109 3392 docuisset.
1141 3334 1314 3393 Et-re-
1386 3339 1451 3392 da

555 3404 712 3458 citata
741 3404 1020 3461 leestini
1073 3411 1313 3464 clausula

553 3474 702 3530 aiunt
725 3492 739 3527 :
765 3477 963 3543 Quibus
993 3482 1155 3534 verbis
1178 3480 1314 3534 clare

555 3546 817 3620 signiﬁcat
844 3565 952 3603 esse
976 3552 1173 3615 aliquas
1207 3570 1315 3620 pro-

553 3614 875 3694 fundiorum
910 3614 1119 3675 illarum
1172 3614 1314 3694 qua:-

552 3689 795 3754 stionum,
824 3691 1113 3767 _de_quibus
1140 3689 1313 3767 loqui-

552 3768 656 3824 tur,
691 3761 1040 3819 conclusiones
1094 3766 1157 3819 ιώ
1202 3761 1315 3819 Ἀη-

1517 3356 1674 3409 quam
1750 3345 2102 3400 examinanda
2120 3386 2137 3411 ,

1386 3420 1439 3486 et
1505 3412 1593 3486 ubi
1666 3411 1885 3486 forsitan
1945 3417 2143 3486 aliquid

1385 3479 1756 3549 displicuerit,
1805 3479 2144 3544 emendanda

1386 3555 1660 3608 constitui.
1720 3555 1905 3630 Postea
1964 3574 1983 3613 :
2026 3564 2143 3630 Ago

1386 3633 1564 3679 autem
1613 3627 1814 3695 gratias
1844 3627 2145 3686 sincerissi-

1387 3709 1489 3749 mas
1530 3697 1580 3751 in
1620 3713 1719 3753 nos
1756 3702 2144 3757 benevolentia:

1389 3775 1515 3833 tuae,
1548 3771 1687 3838 quod
1719 3785 1809 3826 eas
1853 3789 1938 3827 me
1978 3773 2146 3830 latere

591 3834 756 3906 ustino
786 3836 1004 3889 traditas
1035 3878 1049 3899 ,
1082 3854 1196 3906 qua:
1220 3840 1312 3892 de-
1388 3834 1609 3895 noluisti
1657 3841 1864 3897 litteras
1897 3845 2143 3901 inimico-

585 3914 666 3957 ent
695 3904 828 3986 inter
856 3904 1144 3976 adiaphora
1177 3926 1314 3963 com-
1388 3926 1503 3965 rum
1532 3914 1717 3986 gratiae
1749 3913 1861 3979 Dei,
1880 3916 1930 3969 in
1952 3916 2144 3986 quibus

553 3978 745 4045 putari.
1388 3978 1636 4053 reperiin
1698 3978 1891 4041 nomen
1965 3978 2144 4043 meum

1386 4056 1716 4128 calumniose
1789 4067 1946 4128 atque
2033 4062 2131 4115 evi-

555 4116 748 4200 denter
798 4136 1132 4191 expressum.
1181 4123 1299 4180 Lib.
1348 4140 1365 4180 ι
1420 4130 1486 4181 ad
1525 4116 1874 4198 Bonifacium'
1904 4147 2094 4200 papam
2124 4174 2139 4200 ,

554 4205 668 4261 cap.
704 4189 755 4245 1.

1116 4266 1176 4322 S.
1235 4268 1569 4324 PROSI’ER.

558 4350 561 4351 ⁷
629 4354 953 4425 (Bonifacius
981 4358 1138 4432 papa)
1169 4377 1288 4415 cum
1321 4371 1467 4418 esset
1493 4364 1859 4433 doctissimus,
1884 4368 2141 4426 adversus

557 4445 722 4503 libros
750 4456 926 4504 tamen
952 4450 1360 4522 Pelagianorum
1386 4456 1445 4509 Β.
1478 4457 1763 4526 Augustini
1792 4460 2028 4531 episcopi
2052 4478 2141 4518 re-

560 4560 757 4614 sponsa
791 4547 1063 4615 poscebat.
1092 4546 1241 4603 Unde
1263 4557 1319 4605 et
1346 4550 1671 4606 venerabilis
1701 4556 1977 4609 memoriw
2008 4571 2144 4625 pon-

559 4637 688 4692 tifex
721 4638 1044 4695 Coelestinus
1074 4680 1089 4703 ,
1122 4650 1229 4696 etc.
1272 4641 1375 4697 Per
1400 4642 1543 4697 hunc
1571 4643 1741 4698 virum
1774 4645 1912 4701 intra
1944 4647 2142 4706 Gallias

556 4733 676 4786 istis
708 4734 872 4803 ipsis,
916 4736 1001 4803 qui
1031 4744 1232 4791 sanctae
1288 4738 1566 4793 memoriae
1610 4738 1892 4810 Augustini
1938 4744 2138 4815 scripta

555 4826 975 4897 reprehendunt,
1011 4829 1439 4899 maleloquentim
1469 4841 1552 4886 est
1599 4833 1845 4904 adempta
1890 4836 2131 4894 libertas.

550 4920 761 4987 Postea,
783 4922 967 4977 celebri
1004 4923 1095 4976 illo
1127 4922 1385 4979 Caelestini
1412 4924 1476 4980 de
1506 4926 1791 4996 Augustino
1820 4928 1984 4999 elogio
2010 4935 2138 4987 reci-

553 5024 680 5082 tato,
706 5016 963 5069 exclamat
994 5031 1013 5070 :
1038 5015 1237 5071 Contra
1271 5017 1427 5072 istam
1464 5018 1777 5076 clarissimae
1816 5022 2137 5081 laudationis

550 5106 751 5171 tubam,
784 5117 969 5162 contra
998 5109 1154 5163 istam
1197 5110 1549 5166 sacratissimi
1584 5114 1872 5170 testimonii
1903 5116 2135 5187 dignita-

552 5208 655 5252 tem
688 5198 849 5253 audet
892 5199 1175 5270 quisquam
1222 5202 1469 5274 maligna:
1500 5204 1957 5274 interpretationis
1989 5225 2135 5265 mur-

554 5304 674 5345 mur
739 5292 1027 5349 emittere?
1080 5292 1149 5350 In
1200 5295 1304 5365 ﬁne
1361 5297 1478 5353 libri
1540 5309 1718 5354 contra
1775 5300 2129 5376 Collatorem,

545 5401 663 5457 cap.
705 5383 795 5441 45.

1266 5462 1400 5520 XCI.

784 5565 1068 5611 CENSORES.
1543 5572 1590 5612 8.
1624 5575 1963 5618 AUGUSTINUS.

619 5619 682 5702 Si
720 5623 809 5706 cui.
852 5633 1020 5706 tamen
1072 5634 1308 5706 postutot
1452 5628 1800 5706 Indeletiam
1872 5636 2133 5706 rescripta

552 5693 843 5765 testimonia
874 5693 1115 5751 obscurus
1135 5699 1307 5753 adhuc
1379 5693 1657 5757 venerunt.
1735 5704 1908 5765 Causa
1985 5693 2134 5763 ﬁnita

545 5763 796 5818 uidebitur
815 5767 1084 5847 Augustini
1104 5786 1303 5847 sensus,
1378 5780 1480 5847 est,
1495 5788 1649 5847 error
1670 5763 1872 5831 utinam
1903 5777 2136 5847 aliquan-

547 5838 1115 5910 exspectetAtantisper,
1168 5838 1304 5895 brevi
1377 5838 1754 5898 do'ﬁniaturl
1810 5838 2039 5903 Serm.'2
2073 5851 2137 5904 de

548 5905 781 5974 loquetur
804 5905 1111 5981 Romaquul
1134 5924 1302 5967 senss-
1384 5911 1533 5968 Verb.‘
1593 5916 1846 5985 Apostott,
1896 5920 1949 5973 tn
1985 5918 2136 5992 δικ..

2173 1892 2225 1954 Β
2252 1887 2335 1959 hic
2383 1888 2779 1955 prtrdestinatus
2821 1892 3014 1959 fuerat,

2170 3288 2220 3354 C
2322 3300 2467 3356 Certe
2498 3288 2812 3373 probabilior
2832 3315 2881 3360 et
2903 3323 3013 3361 ma-

2256 564 2505 623 debuerit.
3090 585 3241 647 papa:
3261 571 3507 647 adversus
3536 570 3859 647 Pelagianos

3089 640 3255 768 Roqta
3277 643 3331 699 in
3358 644 3595 715 Africam
3614 640 3859 718 pereatis-

3089 729 3176 768 sen
3207 753 3219 767 .

3088 729 3219 769 εεηι.

2963 805 3150 864 IDEM.

2326 898 2439 954 lmo
2464 900 2713 955 noverint
2740 916 2847 957 non
2878 901 3053 957 solum
3104 902 3402 960 Romanam
3431 905 3855 979 Africamqu

2262 991 2681 1059 Ecclesiam,sed
2696 1003 2749 1049 et
2764 1009 2953 1051 omnes
2980 996 3168 1051 mundi
3195 1008 3397 1068 partes,
3422 1000 3721 1057 universos
3742 1017 3855 1073 pro-

2254 1085 2531 1143 missionis
2572 1087 2710 1142 ﬁlios
2737 1104 2857 1143 cum
2889 1088 3136 1146 doctrina
3168 1089 3326 1162 hujus
3355 1092 3459 1149 viri
3481 1092 3718 1166 (nempe
3754 1096 3855 1151 AI-

2253 1179 2499 1246 gustini)
2526 1220 2542 1248 ,
2574 1182 2715 1236 sicut
2741 1181 2794 1237 in
2825 1191 2935 1237 tota
2966 1183 3093 1251 ﬁde,
3118 1183 3192 1240 ita
3223 1186 3277 1242 in
3300 1188 3493 1259 gratia:
3513 1188 3853 1247 confessione

2253 1284 2571 1342 congruere.
2597 1271 2768 1344 Epist.
2806 1276 2874 1329 ad
2900 1276 3171 1345 Ruﬁnum.

2978 1367 3133 1426 XCII.

2490 1474 2776 1515 CENSORES.
3257 1480 3306 1522 S.
3333 1483 3697 1526 Λυθσετωοε.

2323 1531 2752 1607 Augustinus,_et
2781 1532 2871 1603 qui
2904 1535 3017 1604 ejus
3102 1606 3117 1607 γ
3161 1535 3304 1607 Ergo
3347 1540 3489 1595 trahi
3516 1556 3547 1595 a
3577 1541 3753 1599 Patre
3793 1542 3851 1599 ad

2252 1601 2317 1656 de
2341 1601 3016 1671 prwdestinatione‘senten-
3087 1601 3398 1673 Christum,
3446 1618 3503 1668 et
3549 1615 3752 1670 audire
3799 1630 3853 1670 ac

2253 1673 2377 1749 tiam
2402 1684 2705 1749 sequuntur,
2729 1676 2783 1729 in
2816 1675 3015 1749 prrpde-
3086 1679 3295 1735 discere
3315 1696 3345 1735 a
3371 1680 3555 1749 Patre,
3593 1694 3659 1740 ut
3682 1688 3853 1741 veniat

2250 1745 2576 1819 sanationem
2603 1748 2849 1819 referunt,
2879 1746 3017 1819 hunc
3087 1749 3155 1804 ad
3204 1750 3503 1819 Christum,
3538 1745 3679 1812 nihil
3718 1758 3853 1812 aliud

2253 1815 2411 1897 trahi,
2426 1817 2573 1897 illum
2597 1815 2699 1897 non
2715 1816 2873 1897 trahi,
2895 1818 3017 1881 quia
3088 1829 3354 1897 est_quam
3377 1815 3581 1882 donum
3605 1829 3853 1897 accipere

3087 1891 3345 1967 a_Patre,
3402 1911 3509 1967 quo
3557 1891 3761 1954 credat
3802 1901 3851 1954 in

3089 1962 3385 2039 Christum.
3418 1962 3434 2039 ί
3452 1967 3645 2039 Neque
3715 1972 3854 2026 enim

3089 2034 3369 2111 audientes
3423 2034 3784 2111 Evangelinm
3829 2058 3854 2097 a

3089 2120 3196 2177 non
3220 2106 3718 2177 audientibusfsed
3747 2128 3856 2169 cre-

3088 2175 3278 2232 dentes
3304 2192 3336 2232 a
3366 2195 3469 2236 non
3499 2175 3853 2240 credentibus

3087 2247 3453 2323 discernebat,
3477 2255 3564 2323 qui
3593 2254 3849 2310 dicebat:

3088 2317 3258 2392 Nemo
3301 2324 3432 2376 venit
3483 2317 3551 2377 ad
3607 2342 3719 2392 me,
3766 2328 3854 2382 nisi

3085 2391 3239 2459 fuerit
3286 2394 3333 2446 ei
3387 2394 3562 2449 datum
3614 2414 3652 2450 a
3705 2397 3855 2454 Patre

3084 2477 3228 2537 meo;
3259 2463 3415 2521 Fides
3460 2468 3625 2537 igitur
3675 2480 3734 2523 et
3782 2473 3853 2524 in-
3911 2484 3921 2495 '

3085 2532 3277 2608 ehoata
3335 2548 3390 2591 et
3455 2532 3707 2608 pcrl'ecta
3769 2541 3850 2597 Dei

3088 2603 3288 2660 donum
3322 2617 3422 2662 est.
3457 2603 3578 2664 'Lib.
3615 2612 3689 2665 de
3710 2610 3849 2666 Prc-

3086 2675 3218 2731 dest.
3246 2689 3558 2748 sanctorum,
3587 2699 3723 2755 cap.
3758 2685 3809 2740 8.

2753 2764 2817 2823 S.
2877 2764 3340 2828 PRUDENTIUS.

2321 2854 2453 2925 Quae
2482 2855 2646 2911 verba
2677 2863 2787 2924 tua,
2820 2872 2984 2928 quam
3022 2859 3132 2915 sint
3178 2863 3577 2921 mendaciorum
3636 2868 3847 2927 nebulis

2252 2946 2504 3018 caligata,
2536 2947 2779 3019 ejusdem
2821 2950 3149 3006 sanctissimi
3198 2951 3370 3010 Patris
3409 2958 3705 3028 Augustini
3732 2978 3845 3020 ver-

2251 3043 2337 3101 bis
2363 3045 2595 3102 eluceat.
2626 3044 2743 3101 Lib.
2774 3046 2839 3101 de
2870 3045 3124 3102 Prtedest.
3158 3061 3334 3106 contra
3371 3050 3607 3125 Erigen.,
3637 3074 3770 3128 cap.
3803 3059 3846 3113 8.
3930 3035 3936 3039 Ι

2957 3139 3136 3197 XCIII.

2250 1957 2341 2011 ille
2368 1974 2471 2012 non
2496 1961 2687 2028 fuerat,
2724 1957 2895 2030 itaque
2913 1977 3016 2015 non

2252 2030 2413 2096 magis
2445 2099 2448 2100 ν
2478 2032 2803 2100 quaerendum
2870 2049 2977 2087 esse
3000 2074 3015 2097 ,

2249 2116 2406 2169 quare
2430 2099 2515 2155 hic
2535 2103 2791 2168 traltatur,
2804 2101 2894 2158 ille
2912 2119 3016 2157 non

2254 2170 2515 2244 trahatur,
2545 2190 2700 2244 quam
2721 2175 2907 2239 dicere,
2926 2191 3017 2228 cur

2390 2242 2783 2317 prtcdestinatus
2836 2246 3013 2317 fuerit,

2249 2314 2339 2368 ille
2359 2330 2461 2367 non
2483 2317 2658 2387 fuerit.
2692 2316 2793 2371 Ubi
2824 2314 3009 2386 postea

2250 2395 2483 2455 arguunt
2537 2397 2779 2442 sanctum
2832 2389 3013 2458 Augu-

2252 2458 2471 2522 stinum,
2503 2460 2641 2528 quod
2681 2459 2817 2513 dixit
2844 2461 3010 2525 trahi,

2252 2535 2307 2582 et
2320 2528 2696 2598 praedestinari
2713 2530 2853 2586 idem
2867 2545 3009 2587 esse.

2488 3246 2776 3292 οειηεοιῑε.
3258 3255 3304 3296 S.
3338 3258 3688 3301 AUGUSTINUS.

3160 3309 3326 3368 Valde
3342 3326 3546 3370 remota
3572 3326 3669 3372 est
3684 3332 3716 3371 a
3736 3334 3849 3373 sen-

2248 3374 2327 3445 gis
2342 3377 2581 3458 expedita
2596 3379 3013 3458 responsioalio-
3083 3382 3235 3458 sibus
3280 3386 3457 3458 carnis
3488 3387 3603 3443 haec
3638 3391 3847 3458 schola,

2247 3461 2361 3499 rum
2386 3446 2648 3523 est-[hunc
2673 3448 2829 3523 trahi,
2860 3451 3009 3523 illum
3082 3454 3134 3508 in
3181 3469 3283 3523 qua
3335 3456 3489 3512 Pater
3538 3459 3771 3516 auditur
3804 3446 3851 3518 ei

2248 3533 2346 3570 non
2363 3517 2520 3593 trahi,
2542 3519 2666 3588 quia
2689 3520 2771 3593 hic
2798 3522 3008 3575 trahen-
3080 3517 3257 3593 docet,
3291 3536 3348 3582 ut
3394 3530 3639 3585 veniatur
3672 3532 3746 3587 ad
3770 3517 3853 3589 Fié

2248 3598 2348 3661 rem
2406 3587 2571 3661 Deum
2620 3591 2761 3659 sequi
2809 3593 3004 3661 uoluit,
3083 3587 3379 3652 Iiumeib.
3430 3616 3447 3654 ι
3494 3603 3557 3655 de
3587 3587 3848 3660 Ρηεάέεὶ.

2246 3658 2336 3741 ille
2382 3658 2568 3741 noluit,
2609 3658 2763 3741 quod
2793 3664 2904 3733 ipse
2936 3658 3007 3719 ι).
3086 3678 3275 3741 sanct.,
3322 3687 3445 3741 cap.
3499 3675 3553 3728 8.
3588 3674 3693 3741 (At
3726 3658 3851 3731 liber

2246 3730 2585 3817 Augustinus.
2610 3733 2763 3817 fateri
2809 3730 3013 3817 coactus
3086 3738 3154 3817 de
3178 3730 3849 3817 Praedes'tinatioheetgre

2246 3810 2317 3884 est
2343 3803 2394 3856 in
2426 3802 2515 3885 lib.
2551 3804 2615 3885 de
2665 3802 3013 3864 Prtedestina-
3086 3811 3155 3865 tia
3201 3827 3305 3867 non
3350 3822 3432 3869 est
3460 3802 3849 3885 Angusﬁniet

2248 3873 2382 3928 tione
2410 3883 2457 3928 et
2483 3876 2669 3946 gratia.
3084 3884 3411 3939 contrarium
3466 3873 3649 3953 docet,
3688 3873 3846 3944 ac'illi

3084 3956 3296 4030 anetori
3327 3956 3629 4026 imponunt,
3672 3972 3733 4015 ut
3763 3977 3846 4030 pa-

2643 4027 2721 4075 tet
2748 4035 2867 4093 cap.
2904 4023 2996 4089 I3,
3021 4024 3063 4098 ς
3081 4026 3184 4080 Hic
3210 4023 3498 4097 quicunque
3523 4023 3847 4101 respondit.)

2850 4114 2911 4173 S.
2947 4116 3249 4176 TIIOMAS.

2319 4201 2499 4269 Quare
2527 4213 2708 4261 autem
2739 4208 2796 4262 in
2825 4209 3050 4278 speciali
3080 4212 3260 4268 trahat
3281 4213 3445 4280 hunc,
3476 4226 3533 4273 et
3558 4216 3717 4273 illum
3746 4234 3844 4275 non

2248 4294 2448 4363 trahat,
2482 4311 2590 4351 non
2622 4307 2707 4354 est
2755 4300 2895 4357 ratio
2944 4304 3146 4375 aliqua,
3188 4306 3290 4361 nisi
3321 4306 3722 4378 bencplacitum
3753 4328 3842 4369 vo-

2250 4386 2722 4458 luntatisdivinae;
2749 4394 2893 4451 unde
2920 4395 3050 4452 dicit
3079 4397 3406 4470 Augustinus
3437 4419 3453 4455 :
3490 4421 3509 4453 ε
3543 4402 3721 4471 Quem
3743 4415 3842 4461 tra-

2248 4480 2347 4549 hit,
2378 4494 2433 4538 et
2461 4499 2619 4554 quem
2648 4502 2756 4543 non
2787 4490 2976 4559 trahit,
3008 4508 3175 4562 quare
3204 4493 3354 4550 illum
3378 4497 3579 4567 trahat,
3608 4510 3663 4554 et
3694 4502 3838 4556 illum

2248 4589 2355 4630 non
2387 4578 2583 4646 trahat,
2617 4581 2727 4636 noli
2752 4581 3019 4654 judicare,
3051 4587 3097 4642 si
3149 4600 3256 4643 non
3284 4588 3367 4646 vis
3393 4605 3597 4649 errare.
3632 4612 3651 4646 ι
3690 4593 3836 4651 Com-

2173 4686 2230 4750 Ι)
2256 4679 2411 4737 ntent.
2436 4673 2506 4727 ad
2533 4690 2653 4745 cap.
2684 4675 2718 4732 6
2743 4675 2900 4731 Joan.

2955 4770 3140 4829 XCIV.

2478 4874 2763 4916 CENSOBES.
3239 4880 3288 4921 8.
3320 4884 3679 4929 AUGUSTINUS.

2321 4928 2382 5011 Si
2405 4928 2535 5012 nihil
2559 4929 2867 5012 Christiana:
2893 4949 3059 4989 ενα-ο
3118 4936 3255 5012 _Pro
3320 4944 3692 5012 magnitudine
3755 4962 3833 5002 ss-

2247 5000 2430 5074 ditioni
2453 5003 2916 5074 postAugustinum
2932 5022 3007 5059 ac-
3078 5009 3295 5074 pientite
3327 5000 3522 5069 γεεῖη
3554 5031 3645 5071 res
3669 5000 3830 5072 inira-

2246 5072 2470 5145 cesserit,
2514 5072 2823 5129 scholastica
2862 5076 3004 5131 theo-
3078 5072 3216 5135 biles
3246 5083 3459 5137 dicitis!
3486 5085 3605 5141 Lib.
3631 5103 3691 5145 ιιι
3712 5106 3833 5144 cou-

2245 5142 2383 5225 loqia
2404 5145 2604 5213 penitus
2626 5146 2914 5218 abjicieuda
2934 5150 3004 5219 [o-
3077 5161 3159 5206 tra
3183 5150 3323 5222 Jul.,
3355 5170 3474 5225 cap.
3498 5159 3552 5213 5.

2241 5222 2336 5268 ret.

2960 5290 3119 5349 XCV.

2479 5393 2766 5437 CBNSORES.

3240 5404 3289 5445 S.
3320 5407 3667 5451 AUGUSTINUS.

2314 5450 2587 5521 Augustini
2644 5454 3001 5511 auctoritatem

3148 5459 3308 5517 Modo
3336 5458 3514 5520 autem
3540 5481 3636 5522 vos
3663 5470 3832 5523 vestri

2243 5520 2678 5607 interponentibus
2703 5530 3001 5607 responderi
3074 5534 3317 5607 magistri
3383 5549 3503 5607 esse
3563 5520 3833 5607 poteritis;

2243 5600 2427 5682 potest,
2476 5591 2760 5682 Ecclesium
2789 5591 2855 5648 in
2894 5599 3001 5653 suis
3070 5591 3191 5657 Lib:
3220 5620 3260 5661 tt
3288 5608 3352 5661 de
3375 5591 3590 5680 Ordine:

2238 5663 2363 5731 ﬁliis
2392 5680 2550 5734 usque
2579 5664 2734 5720 hodie
2776 5684 2998 5725 crescere

2234 5734 2293 5787 in
2311 5735 2613 5791 eruditione.

2602 5830 2880 5891 TIIOMAS
2917 5834 3471 5902 YILLANOVANUS.

2310 5922 2641 5992 Augustinus
2670 5924 2881 5995 primus
2904 5925 3069 6003 erepit
3097 5930 3388 5993 catholicas
3414 5936 3665 5995 veritates
3694 5950 3829 5995 sna-
