3988 6348
542 350 650 415 81⁸1

1291 477 1402 536 CII.

773 587 1059 630 CENSOIES.
1531 590 1581 631 Β.
1623 592 1967 634 AUGUSTINUS.

607 666 795 742 Annon
838 665 941 742 ltoc
994 666 1162 737 ipsum
1204 676 1299 742 est
1402 666 1600 742 _Unde
1626 669 1720 726 tibi
1743 671 1954 727 duobus
1986 670 2134 742 prio-

536 738 672 811 quod
737 736 938 811 Matina
1014 736 1295 811 concedit,
1370 740 1517 795 ribus
1563 738 1713 797 libris
1761 742 1840 798 sic
1880 736 2130 800 me'res.

533 808 768 880 quodque
788 808 851 863 ab
880 825 941 863 eo
965 811 1180 878 superbe
1199 810 1298 864 dic-
1372 812 1629 881 pondlssc
1677 814 1941 882 arbitror,
1993 823 2052 871 ut
2100 828 2132 871 ιι

533 890 641 957 tum
682 882 983 957 eaaggerari
1036 883 1297 957 consuevit
1371 884 1768 957 nulloamplius
1798 886 2127 957 requiratur.

533 952 595 1006 ab
644 952 990 1019 adversariis,
1045 955 1294 1009 rationent
1374 954 1485 1010 Lib.
1522 972 1551 1010 v
1587 952 1768 1012 contra
1809 952 1925 1013 Jul.
1975 958 2133 1015 Pela-

531 1026 662 1100 Itanc
690 1024 894 1100 tuenda:
915 1023 1162 1100 libertatis
1190 1042 1293 1081 non
1367 1028 1601 1100 gianunt,
1625 1042 1744 1100 cap.
1772 1028 1823 1085 1.

471 1120 479 1129 ε
531 1096 688 1168 fuisse
716 1096 893 1150 datam
941 1105 989 1150 et
1036 1099 1291 1168 explana-

528 1176 636 1223 tam
677 1169 741 1224 ab
780 1169 1066 1241 Augustino
1110 1180 1291 1226 contra
1322 1168 1633 1244 Pelagianos
1659 1170 1994 1246 disputante!

1024 1281 1085 1339 S.
1107 1281 1450 1341 GELASIUS
1473 1300 1631 1357 papa.

598 1374 645 1431 ο
669 1372 717 1431 si
762 1373 1041 1432 studerent
1092 1373 1352 1433 adversus
1379 1390 1475 1433 eos
1523 1378 1754 1450 (nempe
1776 1379 2134 1453 Pelagianos)

528 1467 801 1539 majorum
830 1476 1143 1525 nostrorum
1171 1467 1356 1535 libros,
1390 1485 1758 1543 responsaque
1779 1484 2131 1543 cognoscere,

528 1562 640 1618 illis
667 1562 923 1619 omnibus
965 1562 1143 1618 modis
1177 1572 1496 1620 cerneretur
1548 1564 1685 1620 nihil
1734 1580 1858 1622 esse
1914 1580 2135 1637 prorsus

527 1656 671 1727 quod
715 1656 783 1711 ab
834 1656 952 1712 istis
982 1654 1147 1711 fuerit
1171 1657 1491 1712 ventilatum
1524 1666 1580 1713 et
1622 1658 1691 1713 ab
1718 1658 1827 1714 illis
1850 1659 2133 1731 magniﬁca

526 1749 759 1807 veritate
780 1750 1098 1818 contritum,
1126 1749 1314 1821 sicque
1336 1752 1404 1807 de
1429 1752 1636 1808 eunetis
1658 1767 1846 1809 eorum
1876 1752 2135 1824 nequitiis

532 1843 834 1900 refutandis
876 1842 1067 1898 ﬁdeles
1113 1858 1335 1915 quoque
1383 1843 1703 1901 viderentur
1757 1844 2028 1913 instructi,
2077 1853 2215 1917 ιιιΒ

524 1938 657 1994 nihil
694 1937 923 2008 amplius
957 1945 1313 2008 quaereretur.
1362 1934 1532 2009 Epist.
1564 1938 1632 1993 ad
1682 1937 1977 1995 Honorium
2013 1940 2127 2011 epi-

522 2046 739 2103 scOpum
756 2037 940 2085 contra
964 2027 1304 2103 Pelagianos.

1256 2122 1397 2182 CIII.

1533 2234 1582 2277 So
1623 2235 1969 2280 AUGUSTINUS.

1438 2311 1591 2381 Quod
1616 2312 1894 2386 dlxi_mibi
1921 2315 2096 2386 obiice
2114 2358 2131 2384 ,

770 2232 1058 2274 (ΞΕ-1180888.

597 2310 751 2366 Nulli
779 2308 1003 2365 Patrum
1038 2313 1295 2380 promissa

524 2384 625 2455 fuit
647 2382 1077 2455 infallibilitas,et
1098 2383 1293 2455 singuli
1315 2392 1333 2411 ⁴
1369 2393 1427 2440 ιιι
1458 2398 1699 2455 purgem.
1730 2384 1843 2439 Lib.
1877 2402 1929 2443 ιν
1959 2382 2135 2444 οὸηινά

523 2454 634 2527 fere
658 2455 712 2508 in
751 2454 1056 2527 quibusdam
1091 2454 1309 2510 errave-'
1364 2454 1504 2523 Jul.,
1537 2454 1660 2527 cap.
1692 2458 1739 2511 1.
1768 2457 1903 2512 Nam
1927 2466 2013 2513 tua
2046 2476 2133 2515 me

521 2524 661 2605 runt,
696 2524 769 2579 ut
788 2524 1096 2605 Cyprianus
1118 2527 1295 2605 ξιτ-χε·
1365 2542 1471 2584 non
1539 2524 1907 2605 terret__vclut
1956 2530 2135 2605 lingua

521 2596 845 2681 baptizandis
871 2597 1144 2681 hereticis,
1164 2596 1291 2681 Hie-
1364 2598 1630 2655 censoris.
1654 2598 1770 2655 Lib.
1796 2616 1873 2667 ιιι,
1899 2618 2015 2674 cap.
2032 2596 2131 2660 :21.

519 2683 767 2753 ronyntus
805 2670 888 2753 in"
907 2667 1081 2753 aliqua
1132 2679 1275 2739 parte
1648 2742 1663 2755 '
1963 2667 1974 2674 ’
2068 2747 2079 2759 ⁸

521 2741 762 2817 Dantem
788 2743 1091 2817 reﬁcienda,
1124 2750 1255 2808 ete.,
1281 2749 1331 2798 et
1350 2751 1406 2797 ut
1429 2743 1583 2814 plura
1604 2741 1842 2799 dicamus
1864 2746 2133 2817 speciatim

531 2811 600 2868 de
622 2812 935 2883 Augustino.

1120 2908 1183 2966 S.
1223 2907 1565 2967 PBOSPER.

600 2999 917 3059 Doctrinam
936 3015 1101 3075 quam
1128 3011 1334 3060 am
1360 3003 1639 3060 memoria
1666 3004 1997 3077 Augustinus
2021 3007 2137 3077 epi-

526 3108 726 3167 scopus
755 3106 946 3155 contra
975 3099 1297 3171 Pelagianos
1333 3100 1587 3160 inimicos
1611 3104 1803 3175 gratia:
1829 3104 2035 3161 Christi
2079 3114 2137 3161 et

1438 354 2007 433 SUPPLEMEN'I‘UM
2045 350 2145 419 ΔΙ)
2174 357 2404 419 οιιιειιι
2447 357 2510 417 S.
2551 355 2944 415 AUGUSTINI.

2168 485 2223 547 Α
2254 477 2604 543 irrideantur,
2632 487 2687 532 et
2717 478 2832 531 haec
2856 471 3042 544 opinio
3073 471 3199 543 plus
3228 467 3364 525 mihi
3395 468 3598 540 placet.
3644 467 3681 521 Ξ
3714 467 3856 525 Sen-

3746 350 3855 406 868

2242 569 2549 637 tentiarum,
2579 568 2705 623 dist.
2739 565 2828 636 12,
2853 584 2905 638 q.
2939 564 2992 635 1,
3020 573 3123 620 art.
3154 562 3209 632 2,
3242 562 3297 618 in
3327 561 3429 633 ﬁne
3460 563 3723 634 corporis.

2980 654 3091 717 CV.

2476 771 2743 813 CENSOBES
2752 797 2765 810 .

2307 852 2482 909 Sensit
2512 853 2672 906 etiam
2715 848 2925 924 angelos
2952 858 3001 904 et

3243 769 3291 809 8.
3333 764 3697 809 Αυςυετιιειῖε.

3147 847 3522 904 Adhterebunt
3573 860 3756 916 ergo,
3809 842 3849 900 si

2234 924 2495 999 (temones
2560 940 2668 979 esse
2731 919 3003 994 corporeus
3075 919 3157 999 eis
3196 920 3376 999 _nulla_
3400 929 3530 975 sunt
3570 932 3810 999 corpora
3834 958 3847 981 ,

2236 996 2313 1067 (in
2343 995 2672 1065 psal.r.xxxv
2691 1002 2746 1051 et
2773 992 3005 1059 cumet
3076 993 3301 1067 spiritus
3340 992 3707 1067 daemonum,
3735 992 3851 1067 iure

2208 1060 2394 1137 epist.
2432 1068 2559 1136 115)
2586 1068 2706 1122 aliis
2742 1068 2797 1121 in
2833 1066 2962 1122 locis
2988 1105 3008 1130 ,
3077 1060 3303 1133 spiritus
3346 1063 3681 1137 daemones,
3721 1060 3851 1137 licet

2233 1132 2321 1193 ubi
2359 1132 2578 1209 a/Iirmat
2624 1148 2716 1194 aut
2762 1138 3007 1210 supponit
3079 1132 3383 1210 incorporei
3402 1133 3697 1210 corporeis
3719 1132 3847 1210 igni-

2234 1201 2419 1265 Itaan
2474 1227 2692 1282 corpora
2764 1201 3004 1281 quaedam
3077 1201 3643 1282 buseruciandilib:
3668 1217 3769 1257 ut
3791 1201 3849 1256 de

2233 1282 2531 1337 subtiliora.
2564 1276 2574 1282 ’
2775 1276 2786 1281 ⁷
3077 1276 3228 1333 Civil.
3256 1277 3376 1345 Dei,
3407 1295 3526 1347 cap.
3561 1277 3662 1331 10.

2941 1375 3132 1431 IDEM.

2306 1469 2638 1543 Augustinus
2664 1469 2903 1542 loquitur
2924 1483 3031 1524 non
3058 1468 3391 1534 asserendo,
3438 1467 3539 1524 sed
3581 1463 3847 1537 opinione

2236 1560 2629 1620 Platonicorum
2654 1571 2831 1630 utens,
2867 1560 2956 1632 qui
2985 1559 3259 1632 ponebant
3282 1573 3406 1616 esse
3442 1558 3711 1631 quaedam
3740 1558 3848 1611 asi-

2236 1653 2399 1710 maiia
2439 1667 2624 1721 aerea,
2666 1668 2788 1725 qua:
2840 1652 3119 1708 daemones
3179 1648 3547 1707 nominabant.
3596 1646 3768 1704 Part.
3796 1662 3846 1712 ι,

2235 1755 2422 1818 quast.
2451 1746 2545 1813 5|,
2574 1754 2679 1801 art.
2714 1745 2770 1815 1,
2802 1744 2871 1800 ad
2904 1745 2959 1802 1.

2970 1837 3105 1896 CVI.

2475 1949 2764 2010 censonss.
2993 2006 3003 2010 Α
3148 2003 3180 2010 _
3241 1946 3288 1990 s.
3330 1944 3689 2010 secusrrms.
3730 2008 3737 2010 _
3782 2000 3814 2010 η

2305 2002 2441 2062 Item
2465 2006 2715 2062 dubitavit
2756 2023 2881 2061 num
2925 2006 3003 2061 sol
3147 2003 3226 2059 De
3277 2006 3397 2061 sole
3434 2016 3488 2060 et
3532 2004 3666 2058 luna
3721 2000 3847 2054 talia

2238 2088 2282 2138 tl
2313 2080 2454 2142 luna,
2478 2080 2682 2148 aliaque
2698 2078 2867 2133 sidera
2889 2093 3005 2148 quin
3076 2076 3215 2131 dicta
3248 2085 3374 2131 sunt
3402 2084 3661 2148 tanquam
3709 2088 3850 2127 sen-

2237 2151 2397 2211 seulis
2458 2146 2835 2221 conspicimus,
2902 2146 3004 2204 sint
3079 2147 3233 2215 tiant,
3263 2158 3325 2221 et
3346 2150 3465 2204 ideo
3493 2146 3848 2203 tolerentva-

2240 2222 2481 2279 animata.
2584 2220 2592 2221 “
3080 2234 3180 2275 nos
3264 2220 3573 2295 adoratores
3604 2290 3619 2295 _
3670 2230 3845 2295 suos,

3076 2292 3319 2363 quamvis
3347 2291 3505 2347 verba
3541 2290 3621 2346 ibi
3678 2288 3846 2363 accipi

2237 2366 2449 2436 possint
2472 2366 2539 2421 ab
2568 2364 2788 2421 animali
2820 2365 2886 2420 ad
2914 2361 3213 2436 finanimale
3244 2365 3520 2436 translata,
3545 2362 3734 2436 modo
3749 2361 3843 2436 _io-

2236 2431 2471 2494 cationis
2500 2439 2854 2563 qui7voeatur
2893 2435 3083 2493 Graece
3126 2436 3463 2506 metaphora.
3492 2434 3614 2489 Lib.
3660 2447 3706 2488 ιι
3737 2431 3841 2487 Re-

2237 2519 2412 2563 tract..
2446 2526 2561 2563 can.
2633 2550 2647 2563 .

2237 2519 2412 2577 tract.,
2446 2526 2561 2581 cap.
2595 2519 2647 2564 7.

2840 2602 2899 2658 S.
2940 2601 3241 2662 THOMAS.

2314 2694 2581 2752 Similiter
2600 2696 2765 2752 etiam
2796 2697 2941 2766 apud
2970 2697 3223 2754 doctores
3264 2694 3387 2752 ﬁdei
3427 2695 3523 2751 fuit
3549 2694 3709 2751 circa
3744 2694 3842 2749 hoc

2214 2787 2460 2843 ‘diversa
2490 2787 2696 2859 opinio.
2730 2790 2992 2860 Origenes
3023 2790 3166 2846 enim
3199 2791 3378 2861 posuit
3413 2803 3651 2860 corpora
3680 2788 3845 2845 cccle-

2239 2883 2346 2939 stia
2372 2884 2629 2939 animata.
2649 2883 3011 2957 Hieronymus
3040 2886 3203 2940 etiam
3226 2884 3367 2941 idem
3393 2884 3591 2940 sentire
3625 2882 3845 2938 videtur

2241 2990 2519 3046 exponens
2548 2975 2679 3032 illud
2744 2978 3112 3035 Eeelesiastici
3151 2980 3326 3049 primo
3369 2994 3383 3032 :
3424 2975 3685 3031 Lustrans
3734 2993 3844 3031 om»
3942 3039 3946 3043 ,

2239 3072 2352 3137 nia,
2382 3079 2486 3127 etc.
2524 3070 2755 3127 Basilius
2788 3087 2913 3129 vero
2939 3083 2994 3129 et
3024 3073 3387 3129 Damascenus
3427 3081 3689 3126 asserunt
3725 3085 3844 3126 cor-

522 3164 682 3245 libari
710 3188 919 3245 “bimi
947 3164 1329 3263 dominam
1358 3208 1453 3264 Per
1484 3209 1539 3249 In
1542 3164 1687 3250 “1:08
1714 3210 1888 3252 "nos
1914 3205 2131 3267 almum
2162 3247 2204 3267 Π
2243 3177 2379 3232 pora
2406 3165 2649 3221 cmlestia
2675 3181 2782 3221 non
2812 3181 2935 3222 esse
2962 3167 3729 3267 animata.Augustinus.vero
3751 3164 3845 3220 sub

532 3283 638 3340 lice
663 3285 891 3340 asseruit
922 3286 1224 3356 litterisque
1256 3288 1559 3357 mandavit,
1587 3290 1908 3360 quibusdam
1949 3290 2124 3346 visum

533 3385 617 3432 est
642 3386 737 3431 aut
760 3391 868 3432 non
914 3377 1289 3449 intelligendo,
1320 3390 1414 3436 aut
1444 3381 1669 3452 intelligi
1713 3396 1832 3438 eam
1894 3383 2127 3439 nolendo

528 3466 956 3539 reprehendere,
986 3480 1041 3526 et
1072 3473 1171 3527 hoc
1201 3471 1353 3543 quasi
1400 3473 1779 3544 compendium
1806 3475 2127 3547 cognitionis

523 3560 613 3616 his
638 3560 733 3633 qui
759 3560 962 3632 judicio
988 3578 1175 3620 eorum
1203 3564 1543 3623 ducebantur
1582 3567 1805 3635 aiferre,
1832 3579 1892 3625 ut
1920 3583 2039 3641 qua».
2068 3570 2125 3625 in

528 3653 683 3711 libris
716 3653 959 3725 praedicti
989 3655 1091 3712 viri
1120 3658 1447 3715 damnabilis
1492 3662 1761 3731 reperisse
1804 3663 2083 3732 iactabant
2103 3703 2121 3731 ,

530 3746 775 3803 brevium
815 3748 1175 3818 capitulorum
1226 3751 1474 3809 indiculis
1503 3754 1884 3824 publicarent;
1920 3755 2125 3826 talique

526 3849 843 3896 commento
868 3849 925 3895 et
966 3840 1385 3899 detestationem
1415 3843 1533 3915 eius
1587 3862 1751 3914 quem
1801 3849 2125 3919 impeterent

436 3988 439 3991 .
528 3932 860 4001 obtinerent,
896 3944 947 3990 et
974 3934 1041 3990 ab
1070 3935 1153 3990 his
1180 3950 1302 4007 quae
1329 3936 1685 3995 infamassent
1708 3955 1892 3996 curam
1929 3952 2123 3998 exter-

525 4024 618 4085 riti
639 4026 857 4086 lectoris
879 4037 1212 4089 averterent.
1239 4028 1463 4105 Prcfat.
1485 4042 1625 4107 resp.
1653 4036 1721 4090 ad
1750 4038 1982 4109 capitula
2002 4036 2125 4093 Gal-

525 4116 718 4175 lorum.

2158 3247 2205 3312 C
2235 3255 2403 3312 dubio
2446 3258 2755 3329 dereliquit,
2796 3269 3046 3316 neutram
3076 3261 3130 3315 in
3183 3269 3391 3331 partem
3438 3260 3761 3325 declinans,
3792 3267 3845 3312 ιιι

2233 3359 2379 3420 patet
2411 3367 2475 3405 ex
2509 3366 2547 3406 ιι
2576 3352 2643 3407 de
2675 3352 2814 3408 Gen.
2846 3352 2913 3408 ad
2942 3352 3074 3423 litt.,
3104 3354 3233 3409 etin
3264 3351 3590 3410 Enchiridio.
3615 3351 3841 3420 Pam,

2230 3450 2415 3511 qutesl.
2448 3442 2540 3509 70,
2567 3452 2675 3500 art.
2705 3443 2763 3499 5.

2952 3534 3110 3592 CVII.

3236 3643 3283 3684 S.
3317 3644 3670 3687 AUGUSTINUS.

3137 3700 3375 3756 Proinde
3472 3702 3842 3772 ignorantiam

3064 3787 3241 3829 meam
3272 3774 3339 3827 de
3390 3776 3597 3843 origine
3624 3777 3843 3829 anima-

3068 3861 3186 3918 rum
3204 3854 3257 3900 te
3275 3846 3662 3915 corripientem
3679 3857 3842 3918 aurae

3066 3916 3439 3987 objurgantem
3472 3934 3579 3971 non
3601 3916 3841 3973 moleste

3063 3986 3287 4057 ferrem,
3348 3990 3457 4043 imo
3504 3988 3739 4059 insuper
3793 4000 3843 4044 ct

3063 4059 3271 4129 gratias
3316 4074 3541 4130 magnas
3586 4076 3837 4130 agerem,

2459 3643 2745 3685 CENSORES.

2300 3698 2561 3755 Dubitavit
2590 3703 2742 3756 etiam
2770 3702 2833 3757 de
2885 3701 2990 3755 ori-

2227 3771 2344 3842 gine
2410 3773 2745 3839 animarum,
2822 3783 2992 3828 utrum

2226 3852 2461 3897 creentur
2477 3844 2540 3898 de
2558 3861 2706 3909 novo,
2720 3845 2860 3913 quod
2882 3860 2991 3898 cer-

2226 3916 2479 3969 tissimum
2507 3925 2599 3983 est,
2634 3933 2700 3969 an
2733 3932 2795 3970 ea:
2823 3916 2990 3971 Adam

2227 3996 2601 4057 propagentur,
2625 3996 2680 4041 ut
2724 3989 2772 4041 vi
2793 3994 2894 4041 lere
2916 3998 2990 4043 est

2224 4059 2377 4125 epist.
2400 4058 2469 4113 29
2491 4060 2559 4130 ad
2588 4058 2986 4130 Hieronymum,

2224 4138 2273 4182 et
2293 4132 2444 4199 epist.
2473 4128 2659 4195 157,”
2682 4131 2738 4184 in
2766 4128 2896 4185 libro
2927 4128 2990 4185 de

3063 4132 3259 4186 sicam
3313 4132 3447 4185 mihi
3499 4147 3609 4187 non
3655 4134 3841 4188 solum

3063 4203 3214 4257 duris
3270 4213 3586 4274 pereuteres
3648 4205 3842 4259 convi-

3063 4274 3189 4339 ciis,
3218 4276 3312 4329 sed
3347 4275 3492 4330 veris
3542 4276 3714 4331 etiam
3740 4292 3841 4332 ex-

2454 4355 2668 4401 cutcres
2698 4342 2876 4400 dictis.
2907 4343 3024 4400 Lib.
3054 4361 3104 4401 Iv
3133 4346 3196 4400 de
3229 4344 3377 4418 Orig.
3406 4347 3594 4414 anim.,
3624 4363 3753 4420 cap.
3786 4349 3836 4404 3.

2748 4436 2809 4493 S.
2852 4436 3312 4496 FULGENTIUS.

1239 4214 1375 4274 CIV,
2230 4201 2375 4272 Urigi
2382 4217 2444 4256 ne
2472 4203 2681 4259 animos.

750 4314 1046 4362 CBNSORIS.

590 4394 775 4471 Sensit
788 4397 878 4454 ille
924 4400 1143 4471 (nempe
1168 4402 1281 4459 Διι-

1510 4327 1560 4368 S.
1591 4329 1939 4373 AUGUSTINUS.

1429 4406 1475 4461 0
1504 4406 1614 4462 vita
1657 4424 1950 4481 pauperum
1982 4410 2145 4470 Deus'

516 4469 787 4541 gustinus)
826 4469 1089 4527 mundam
1113 4476 1166 4528 in
1202 4476 1287 4529 iu-

514 4543 672 4617 stanti
696 4553 923 4617 creatum
946 4545 1117 4617 fuisse
1163 4545 1279 4617 (lib.

517 4628 573 4685 tv
595 4612 664 4670 de
683 4614 823 4670 Gen.
852 4616 919 4670 ad
943 4612 1069 4682 litt.,
1098 4631 1127 4670 a
1157 4612 1278 4685 cap.

512 4684 578 4738 Ἣ
614 4698 784 4757 usque
817 4686 887 4740 ad
923 4685 1084 4743 ﬁnem
1118 4684 1237 4743 libri
1265 4733 1279 4757 ,

511 4765 566 4811 et
595 4756 689 4832 lib.
723 4774 777 4821 v,
820 4772 942 4828 cap.
984 4760 1000 4811 i
1034 4771 1089 4814 et
1113 4756 1283 4832 seq-l.

512 4829 652 4898 quod
711 4846 811 4883 non
874 4832 1105 4885 convenit
1168 4829 1285 4886 cuin

512 4900 715 4970 scriptis
762 4918 793 4954 a
850 4900 1029 4971 Moyse
1076 4918 1191 4973 cap.
1254 4905 1277 4957 I

509 4968 785 5028 Geneseot.
818 4981 873 5026 ut
902 4975 1171 5028 ostendunt
1198 4991 1277 5028 ac-

559 4986 785 5037 eneseos,
818 4986 873 5026 ιιι
902 4986 1171 5028 ostendant
1198 4991 1283 5030 ac-

508 5044 794 5117 curatiores
817 5046 1063 5117 theologi,
1080 5048 1283 5117 specia-

1358 4490 1531 4545 meus,
1566 4481 1617 4534 in
1647 4480 1803 4551 cujus
1843 4484 1968 4539 sinu
2013 4500 2120 4540 non

1360 4556 1444 4625 est
1454 4552 1828 4625 contradictio,
1849 4556 1972 4625 plue
1991 4556 2121 4613 mihi

2298 4529 2467 4602 Cujus
2495 4529 2815 4601 quastionis
2854 4530 2945 4600 (de
2986 4532 3193 4603 origine
3240 4532 3461 4603 animae)
3495 4532 3688 4589 beatus
3728 4533 3839 4589 Au-

1360 4622 1721 4718 mi‘tigationes'
1776 4622 2013 4718 iq'eor,
2065 4640 2204 4718 ut”
2229 4627 2481 4698 gustinus
2525 4626 2946 4698 profunditatem
2988 4627 3093 4684 sibi
3134 4628 3663 4699 imperscrutabilem
3716 4645 3835 4686 cere

1356 4694 1625 4771 patienter
1654 4694 2005 4771 talesiferam,
2026 4700 2119 4771 qui

1357 4778 1465 4841 non
1494 4766 1628 4841 mihi
1654 4772 1753 4823 hoc
1779 4770 1964 4825 dicunt
1992 4766 2117 4841 quia

1357 4834 1521 4891 divini
1563 4850 1714 4904 sunt,
1756 4852 1811 4895 et
1858 4844 1909 4895 in
1954 4834 2119 4900 corde

1358 4904 1544 4984 famuli
1574 4911 1645 4964 tui
1678 4913 1927 4984 viderunt
1971 4915 2117 4984 quod

1356 4977 1564 5045 dicunt,
1596 4983 1690 5038 sed
1739 4986 1861 5055 quia
1903 4977 2119 5056 superbi

1353 5060 1498 5120 sunt,
1525 5067 1623 5129 nec
1642 5058 2121 5129 noveruntMoysis

447 5108 469 5173 ξ’
510 5114 703 5187 (inique
752 5116 972 5185 Suarez,
991 5108 1011 5117 ’
1032 5108 1235 5172 Matina
1261 5162 1275 5187 ,

450 5242 453 5247 ,
513 5183 803 5260 Martinon,
846 5183 1282 5260 connnurtitergae

507 5257 741 5327 reiicitar
779 5276 812 5313 a
853 5259 1153 5316 docui-ibus
1185 5257 1277 5317 ea-

509 5325 739 5384 (Italicis.

1353 5126 1720 5196 sententiam,
1777 5130 1869 5182 sed
1937 5126 2120 5186 auiam

1351 5205 1526 5269 suam,
1548 5212 1668 5269 non
1699 5198 1821 5267 quia
1849 5215 1974 5254 vera
2005 5212 2109 5269 est,

1349 5266 1444 5320 sed
1471 5266 1594 5335 quia
1631 5266 1729 5323 sua
1757 5279 1861 5326 est.
1891 5270 2009 5329 Lib.
2043 5266 2117 5330 ni

1350 5335 1613 5409 Confess.,
1642 5356 1759 5413 cap.
1787 5343 1875 5399 25.

1106 5433 1167 5491 S.
1208 5432 1401 5493 ΤΗΟΜ
1409 5438 1519 5496 AS.

583 5517 697 5575 Sed
723 5520 872 5591 prior
902 5524 1184 5597 Augustini
1233 5531 1421 5601 opinio
1453 5531 1548 5604 (de
1595 5536 1878 5595 creatione
1918 5541 2106 5597 mundi

507 5612 569 5669 in
597 5614 839 5688 instanti)
869 5627 959 5675 est
1002 5622 1395 5693 rationabilior,
1434 5636 1492 5683 et
1539 5629 1712 5699 magis
1736 5632 1807 5686 ab
1855 5633 2107 5691 irrisione

503 5707 806 5768 inﬁdelium
831 5727 1047 5772 sacram
1076 5717 1413 5789 Seripturam
1434 5723 1751 5795 defendens,
1782 5729 1924 5799 quod
1951 5730 2108 5788 valde

504 5804 903 5864 observandum
926 5809 1093 5867 docet
1118 5815 1445 5886 Augustinus
1473 5836 1636 5892 super
1663 5821 1823 5890 Gen.,
1857 5824 1950 5880 lib.
1984 5841 2026 5896 ι,
2048 5835 2108 5884 ιιι

504 5898 583 5955 sic
608 5898 906 5973 Scriptura:
933 5918 1298 5977 exponantur,
1332 5914 1476 5983 quod
1526 5916 1595 5970 ab
1638 5917 1948 5976 infidelibus
1995 5936 2106 5980 non

2228 4737 2364 4778 nens
2395 4722 2595 4779 nullam
2626 4721 2797 4778 voluit
2826 4721 2988 4793 hujus
3018 4724 3097 4779 rei
3119 4723 3395 4780 deﬁnitam
3439 4725 3689 4796 proferre
3709 4742 3832 4782 sen-

2225 4819 2474 4885 tentiam,
2510 4819 2863 4891 incongruum
2892 4834 3114 4891 prorsus
3143 4823 3468 4879 existimans
3520 4823 3729 4895 aliquid
3753 4825 3829 4879 af-

2226 4910 2444 4965 ﬁrmare
2467 4912 2584 4967 sine
2605 4910 2947 4967 dubitatione
2975 4913 3138 4981 velle,
3162 4914 3306 4983 quod
3328 4914 3465 4970 alter
3490 4925 3681 4985 posset
3700 4930 3827 4972 con-

2226 5002 2390 5057 traria
2423 5003 2781 5073 responsione
2807 5004 3137 5060 convellere.
3171 5004 3339 5075 Cujus
3393 5015 3503 5062 tam
3534 5006 3591 5062 in
3619 5008 3825 5062 decimo

2227 5093 2367 5150 libro
2398 5094 2469 5151 de
2495 5094 2694 5152 Genesi
2728 5096 2797 5153 ad
2825 5097 3085 5165 litteram,
3113 5112 3272 5169 quam
3316 5098 3369 5152 in
3402 5098 3554 5154 libris
3595 5099 3661 5153 ad
3696 5099 3821 5154 Vin-

2222 5188 2459 5243 centium
2513 5188 2791 5245 Victorem
2843 5190 2915 5246 de
2963 5190 3184 5262 Origine
3233 5192 3457 5261 animae,
3503 5207 3607 5248 nee
3635 5207 3742 5247 non
3770 5192 3821 5247 in

2222 5277 2362 5335 libro
2392 5280 2575 5349 primo
2587 5296 2656 5337 es
2670 5280 2882 5340 dttobus
2901 5298 3041 5354 quos
3059 5283 3131 5339 ad
3155 5295 3400 5340 sanctum
3432 5284 3818 5357 Hieronymum

2225 5372 2470 5443 scripsit,
2500 5374 2553 5428 in
2588 5375 2759 5430 tribus
2786 5391 3000 5448 quoque
3025 5375 3273 5449 epistolis
3298 5394 3433 5449 quas
3459 5379 3525 5435 ad
3569 5378 3817 5453 Optatum

2218 5463 2528 5537 episcopum
2562 5466 2631 5523 de
2662 5468 2761 5525 hac
2783 5470 3087 5541 quaestione
3112 5473 3821 5545 eomposuit,disputatione

2217 5557 2448 5631 refulget
2496 5575 2605 5616 non
2655 5562 2832 5619 minus
2883 5563 3103 5635 copiosa
3155 5579 3318 5637 quam
3348 5566 3646 5636 profunda,
3675 5576 3818 5623 eteo

2218 5652 2395 5724 magis
2453 5652 2721 5725 laudabili:
2745 5656 2870 5727 quia
2925 5671 3163 5731 congrua
3214 5662 3478 5729 temperie
3517 5660 3812 5719 moderata.

2221 5741 2321 5799 Ubi
2365 5744 2623 5816 quidquid
2680 5747 2885 5820 ingenii
2942 5751 3213 5819 acumine,
3250 5752 3510 5825 quidquid
3538 5754 3816 5811 ratiocina.

2217 5835 2381 5892 tionis
2440 5838 2652 5904 ordine,
2706 5839 2968 5913 quidquid
3011 5843 3344 5903 auctoritatis
3372 5845 3616 5917 pondere
3645 5845 3815 5917 inqui-

2215 5927 2446 5986 rendum
2478 5930 2993 6007 discutiendumque
3012 5936 3323 6010 conspexit,
3342 5948 3398 5999 et
3417 5939 3697 6013 inquisivit
3712 5942 3812 6003 sin-
