3988 6348
149 384 257 446 86.0

1325 376 1439 435 VIN
1448 369 1653 435 DICIA‘.
1688 370 2257 437 Αυαυετικιλιω.

3329 357 3437 420 8⁸10

146 508 408 578 gulartter
434 508 489 559 et
517 498 794 570 discussit,
827 511 1158 557 consensum
1207 503 1389 553 tamen
1417 496 1488 551 ab
1516 502 1774 565 utraque,

1874 512 2127 569 :issertum
2157 520 2261 568 est.
2299 525 2321 562 ι
2354 507 2587 566 Sanctus
2613 501 2957 570 Prudentius,
2984 501 3043 559 in
3088 500 3315 574 cpistola
3366 500 3439 557 ad

147 602 465 661 deﬁnitione
488 600 775 665 continuit,
806 611 873 653 ne
896 596 1136 651 laborem
1169 600 1335 648 tantm
1362 587 1746 662 disputationis

1849 606 2195 662 l‘lincmarum
2242 612 2295 659 et
2339 600 2673 658 Pardulum:
2713 616 2732 652 (
2770 597 2883 654 Hoc
2926 594 3158 670 primum
3202 603 3439 652 veStram

148 697 389 754 inaniter
419 692 742 763 susciperet,
767 705 927 761 quem
957 686 1248 758 cujuslibet
1272 684 1557 741 sententiae
1582 692 1749 739 temo-

1874 698 2210 755 inceritatem
2244 710 2486 759 monens,
2525 702 2587 749 ut
2610 691 2911 751 doctrinam
2941 686 3241 746 beatissimi
3263 687 3443 744 Patris

147 791 292 846 raria
322 787 567 844 deﬁnitio
593 790 871 841 vaeuaret.
916 780 1028 835 Lib.
1062 794 1121 835 ιιι
1145 779 1210 833 de
1234 777 1400 832 Verit.
1434 776 1676 846 prcedest.
1699 782 1752 829 st

147 893 315 956 graf.,
334 898 452 947 cap.
486 878 573 934 18.
592 879 805 946 Quanto
835 888 966 945 ergo
994 873 1186 929 melius
1214 870 1285 926 ab
1309 870 1474 939 hujus
1498 866 1754 939 quaestio.

151 977 239 1030 nis
275 972 573 1029 certamine
599 980 987 1040 temperamus,
1013 965 1069 1020 in
1094 978 1197 1035 qua
1219 976 1320 1017 nos
1350 962 1582 1016 inaniter
1602 959 1751 1015 labo-

151 1082 278 1122 rare
306 1062 726 1138 cognoscimusi
778 1060 1104 1133 prasertim,
1156 1057 1285 1128 quia
1327 1054 1470 1125 quod
1495 1068 1528 1109 ι
1552 1052 1753 1109 sanctis

152 1159 289 1213 viris
319 1157 618 1227 majoribus
648 1155 853 1211 nostris
901 1151 1149 1208 videmus
1186 1148 1414 1203 minime
1454 1144 1753 1212 deﬁnitum,

153 1257 376 1323 oportet
406 1264 510 1307 nos
544 1258 700 1304 tanto
717 1246 925 1304 cautius
950 1255 1114 1316 atque
1136 1240 1528 1312 temperantiae
1549 1252 1760 1310 quare-

154 1359 237 1415 re,
266 1353 472 1417 quanto
497 1343 564 1397 ad
592 1341 709 1413 ejus
741 1342 902 1395 ﬁnem
924 1338 1046 1394 illos
1089 1336 1379 1407 praeclaros
1406 1332 1559 1390 viros
1580 1332 1760 1390 cerni-

157 1453 285 1494 mus
312 1438 537 1495 minime
568 1437 900 1507 pervenisse.
930 1433 1061 1500 Cap.
1077 1430 1169 1487 20.

863 1526 1047 1584 CVIII.

395 1637 684 1680 CENSORES.
1166 1631 1215 1672 8.
1248 1626 1598 1673 AUGUSTINUS.

237 1698 517 1769 Perperam
544 1708 742 1769 quoque
764 1707 928 1769 capo:
1036 1689 1428 1769 Testimonium
1451 1681 1766 1769 illud,guod

162 1772 237 1825 nit
261 1754 465 1840 idquod
478 1754 927 1838 aithpostolits'ad
1001 1775 1065 1816 ex
1090 1760 1354 1840 Apostolo
1385 1754 1768 1840 posui‘:_0mne

161 1832 461 1906 Romanos,
506 1832 750 1908 capZXIv,
796 1850 924 1888 vers.
1001 1832 1135 1903 quod
1160 1847 1263 1886 non
1294 1839 1366 1908 est
1407 1843 1472 1883 ea:

158 1912 229 1967 23
265 1931 280 1966 ε
313 1912 484 1967 Omne
528 1908 669 1979 quod
712 1922 818 1961 non
846 1913 932 1960 est

161 2002 226 2043 ea
257 1983 364 2039 ﬁde
390 1986 796 2052 peccatumest,
813 1992 930 2052 qua-

1003 1983 1086 2030 est
1101 1973 1381 2045 accepisti,
1397 1982 1450 2027 et
1466 1971 1761 2045 exposuisti

160 2056 209 2112 si
267 2047 405 2109 velit'
431 2052 599 2107 dicere
652 2047 930 2120 Apostolus

1004 2060 1109 2102 non
1138 2054 1193 2100 ut
1221 2042 1380 2115 sapit,
1399 2042 1493 2099 sed
1520 2052 1576 2097 ut
1598 2044 1760 2115 sapis.

1850 791 2133 863 Augustini
2156 790 2396 845 omnium
2442 785 2648 857 absque
2698 784 2807 840 ulla
2843 781 3119 839 dubietate
3160 780 3445 837 undecunc

1851 900 1958 957 que
2005 882 2327 950 doctissimi,
2373 890 2681 937 sanctarum
2710 877 3109 947 Scripturarum
3140 872 3447 931 auctoritati

1853 979 1911 1036 in
1938 978 2189 1036 omnibus
2211 972 2721 1039 concordissimam;
2745 972 2943 1043 quippe
2966 970 3144 1026 nullus
3165 970 3445 1025 doctorum

1855 1074 2105 1132 absuusa
2135 1086 2321 1131 earum
2347 1066 2715 1140 scrupulosius
2746 1066 2972 1121 rimatus
3009 1063 3320 1135 diligentius
3346 1077 3446 1119 ex-

1857 1168 2123 1241 quisierit,
2144 1166 2326 1224 verius
2357 1160 2649 1226 invenerit,
2683 1157 2932 1214 veracius
2962 1152 3266 1228 protulerit,
3298 1156 3451 1212 lucu-

1856 1261 2053 1320 lentius
2074 1256 2411 1325 enodaverit,
2440 1253 2652 1311 ﬁdelius
2674 1250 2930 1319 tenuerit,
2963 1249 3235 1306 robustius
3265 1248 3453 1305 defen-

1858 1356 2023 1420 derit,
2053 1353 2276 1412 effusius
2305 1347 2774 1415 disseminaverit,
2810 1364 2830 1400 ι
2852 1354 2963 1411 etc.
2996 1340 3309 1416 Rhemigius
3339 1344 3453 1398 An-

1860 1445 2235 1509 tisiodorensis
2257 1445 2313 1500 in
2335 1443 2371 1497 2
2400 1442 2468 1498 ad
2496 1440 2741 1499 Corinth.
2778 1458 2788 1493 :
2822 1457 2841 1493 (
2876 1435 3029 1495 Sicut
3054 1436 3135 1492 sol
3164 1436 3381 1492 excedit
3401 1436 3456 1493 in

1862 1544 2069 1602 lumine
2097 1554 2288 1598 omnes
2319 1537 2584 1609 planetas,
2618 1535 2689 1592 ita
2739 1533 3072 1605 Augustinus
3120 1545 3309 1587 omnes
3354 1545 3457 1586 ex-

1865 1638 2030 1696 cessit
2074 1637 2132 1691 in
2175 1630 2508 1705 exponendis
2554 1628 2723 1685 sacris
2774 1625 3091 1698 Scripturis.
3146 1643 3166 1678 »
3213 1621 3364 1695 Hugo
3393 1621 3462 1678 de

1867 1730 2066 1788 Sancto
2095 1726 2338 1793 Victore,
2366 1738 2533 1781 serm.
2575 1719 2647 1776 25
2678 1737 2693 1777 :
2731 1739 2750 1772 ‹
2780 1718 2911 1774 Inde
2937 1728 2991 1777 et
3032 1717 3100 1775 de
3130 1718 3247 1789 ipso
3279 1719 3332 1772 in
3361 1717 3463 1774 hac

1871 1821 1989 1893 ejus
2013 1817 2358 1878 solemnitate
2375 1814 2645 1884 canimus,
2669 1812 2811 1883 quod
2832 1811 3217 1883 prophetarum
3240 1819 3295 1868 et
3315 1825 3466 1883 apos-

1595 1844 1623 1882 ε
1651 1842 1768 1882 vec-

1002 1828 1263 1903 quod'nou
1294 1839 1366 1885 est
1388 1828 1472 1883 ea:
1521 1828 1623 1953 ﬁde
1651 1842 1768 1896 pcc-
1871 1828 1989 1893 ejus
2013 1828 2358 1878 solemnitate
2375 1828 2645 1884 canimus,
2669 1828 2811 1883 quoa
2832 1828 3217 1883 propnetarum
3240 1828 3295 1868 et
3315 1828 3461 1883 apos-

1002 1914 1169 1984 εαωηι
1196 1911 1291 1984 θεῖε
1318 1903 1455 1984 βὲουβ
1478 1899 1515 1955 Ii
1556 1899 1766 1984 ίνίεμιῃ
1796 1894 1847 1960 Β
1871 1915 2102 1969 tolorum
2155 1912 2347 1984 plenus
2398 1910 2615 1980 spiritu,
2647 1921 2766 1979 qua:
2797 1905 3166 1976 praedixerunt
3212 1906 3461 1978 mystica,

1866 2006 1995 2063 fecit
2019 2006 2176 2062 nobis
2226 2005 2432 2076 pervia,
2466 2010 2589 2073 post
2634 2013 2770 2071 quos
2827 1999 3065 2056 secunda
3115 1997 3462 2072 dispensandi

162 2127 342 2181 omnia
365 2141 521 2195 opera
544 2118 929 2195 inﬁdelium_es-

162 2217 214 2253 se
236 2190 467 2267 peccaia,
484 2206 529 2250 et
550 2190 659 2267 sine
687 2207 804 2267 uera
824 2190 928 2260 ﬁde

163 2262 373 2338 nullum
402 2283 546 2338 posse
585 2264 717 2338 ﬁeri,
740 2262 930 2338 bonum

163 2357 313 2409 Opus.
332 2335 460 2392 Cum
492 2348 657 2391 tamen
680 2335 751 2389 ibi
765 2350 930 2409 sermo

161 2405 226 2464 sit
260 2412 325 2464 de
363 2426 421 2464 eo
471 2409 608 2479 quod
650 2422 749 2459 non
779 2405 837 2479 fit
869 2418 934 2479 ea:

163 2483 439 2536 dictamine
459 2474 777 2536 conscientia:
788 2474 935 2547 judi-

164 2555 333 2608 cautis
357 2553 487 2605 bona
508 2551 609 2622 ﬁde
633 2550 833 2622 licitum
855 2562 934 2600 es-

163 2643 219 2679 se
242 2626 301 2677 id
325 2624 460 2689 quod
491 2620 570 2692 ﬁt,
619 2629 671 2674 ut
696 2635 757 2673 ex
783 2620 933 2692 ‘textu

167 2700 283 2766 ipso
334 2690 508 2763 liquet,
558 2690 613 2766 et
655 2690 935 2745 communis

166 2765 521 2837 interpretatio
537 2765 797 2837 doctorum
816 2778 937 2837 conf

168 2834 379 2895 tradicit
450 2835 736 2907 Augustino
762 2874 776 2899 ,
850 2834 935 2907 qui

169 2912 330 2965 etiam
351 2904 553 2979 aliquot
562 2907 711 2971 locis,
736 2913 792 2958 ut
813 2904 936 2979 alibi

170 2978 463 3035 notavimus
487 3020 503 3048 ,
550 2979 752 3033 videtur
806 2978 939 3028 hanc

168 3070 325 3108 suam
371 3053 699 3107 assertionem
724 3048 937 3103 restrin-

168 3142 295 3196 gere
320 3124 389 3179 ad
432 3124 619 3178 bonum
661 3136 792 3192 Opus
821 3118 943 3196 utile

170 3190 296 3251 uiue
319 3204 520 3251 (eterna:
549 3190 938 3262 consequeudtc,

176 3276 295 3350 etc.
358 3265 643 3354 Utrumque
697 3255 889 3354 tamen.
914 3255 945 3314 ὰ
994 3273 1112 3314 vero
1162 3274 1313 3314 sensu
1362 3256 1600 3329 Apostoli
1668 3255 1779 3312 loco
1808 3285 1856 3354 ο

175 3340 340 3394 citato
366 3338 523 3410 plane
561 3338 789 3391 alienum
814 3341 910 3388 est.

1008 2092 1765 2184 63"cfﬁig“gaianggglag
1866 2100 2019 2155 verbi
2044 2097 2141 2156 Dei
2170 2099 2374 2171 primus
2399 2093 2611 2153 refulsit
2636 2092 2832 2164 gratia,
2872 2112 2891 2146 ι
2922 2101 3032 2150 etc.

2612 2210 2727 2269 CX.

1004 2188 1349 2259 loquebatur;
1387 2200 1590 2259 verum
1640 2199 1763 2259 cum

1003 2256 1249 2327 diiisset,
1295 2256 1397 2324 Qui
1440 2265 1610 2310 autem
1657 2257 1768 2310 dis-

1003 2331 1162 2385 cernit
1221 2331 1268 2385 si
1333 2330 1715 2383 manducauerit
1747 2369 1763 2393 ,

1006 2405 1278 2455 damnatus
1309 2410 1401 2463 est,
1433 2401 1553 2470 quia
1578 2416 1677 2470 non
1705 2415 1769 2453 ex

1006 2473 1127 2543 ﬁde,
1145 2472 1283 2528 hanc
1307 2469 1510 2542 peccati
1534 2469 1768 2543 speciem

1006 2541 1074 2598 de
1104 2560 1206 2612 qua
1255 2541 1467 2615 agebat,
1528 2541 1768 2611 generali

1007 2615 1177 2670 voluit
1209 2617 1442 2686 probare
1463 2617 1765 2686 _sententia,

1009 2701 1133 2742 mox
1158 2683 1392 2742 inferens
1416 2700 1432 2739 :
1450 2683 1612 2737 Omne
1633 2686 1772 2738 enim

1008 2761 1146 2829 quod
1178 2774 1283 2813 non
1305 2766 1395 2829 est!
1421 2771 1488 2829 ea:
1529 2756 1634 2825 ﬁde
1658 2772 1773 2826 pec-

1012 2827 1183 2883 catum
1228 2839 1323 2885 est.
1378 2827 1493 2883 Lib.
1544 2842 1597 2881 1v
1626 2838 1771 2882 cont.

1011 2900 1141 2967 Jul.,
1171 2916 1292 2969 cap.
1325 2902 1379 2956 5.
1413 2897 1577 2953 Omne
1604 2899 1770 2962 enim,

1012 2973 1150 3029 velis
1176 2974 1333 3037 nolis,
1375 2970 1514 3042 quod
1560 2986 1664 3024 non
1696 2978 1777 3042 est

1012 3061 1077 3099 ea:
1104 3045 1227 3113 ﬁde,
1252 3041 1518 3114 peccatum
1549 3050 1647 3098 est.
1694 3041 1778 3099 ln-

1016 3120 1113 3173 lra.
1146 3116 1276 3173 ibid.

1016 3120 1113 3186 lra,
1146 3117 1276 3173 ibid.

652 3422 1063 3485 BONIFACIUS
1088 3423 1131 3479 ll
1157 3438 1314 3495 papa.

253 3525 386 3582 Illos
409 3532 588 3580 autem
617 3522 732 3592 qui,
761 3518 1106 3591 praecedente
1135 3516 1262 3584 ﬁde,
1290 3524 1509 3587 caetera,
1539 3517 1676 3574 sicut
1699 3517 1782 3573 in-

179 3617 359 3684 dicas,
392 3615 579 3671 volunt
627 3612 811 3684 gratiae
842 3610 1125 3680 deputare,
1155 3624 1255 3665 sua
1284 3610 1621 3680 professione
1649 3625 1781 3667 con-

181 3709 526 3779 stringimus,
558 3717 615 3762 ut
643 3706 811 3761 multo
843 3702 1013 3772 magis
1042 3702 1186 3759 dono
1210 3703 1397 3772 gratiae
1426 3703 1587 3759 etiam
1622 3703 1781 3759 tidem

182 3809 448 3873 cogantur
472 3799 760 3863 ascribere,
790 3804 985 3865 praeter
1006 3809 1164 3865 quam
1190 3796 1321 3850 nihil
1352 3806 1434 3851 est
1462 3796 1609 3863 boni,
1634 3796 1780 3867 quod

184 3893 488 3950 secundum
537 3892 705 3948 Deum
751 3888 974 3959 quilibet
1022 3887 1196 3942 valeat
1248 3889 1485 3958 operari,
1533 3888 1673 3943 sicut
1716 3888 1775 3944 Β.

184 3988 486 4062 Apostolus
511 3987 638 4042 dicit
674 4003 685 4038 :
720 3984 882 4038 Omne
904 3982 1040 4055 quod
1066 3998 1129 4035 ea:
1143 3982 1248 4051 ﬁde
1274 3999 1376 4037 non
1400 3991 1493 4050 est,
1520 3991 1786 4054 peccatum

183 4094 286 4139 est.
320 4083 473 4152 Quod
501 4096 623 4137 cum
656 4080 726 4137 ita
756 4080 847 4146 sit,
878 4087 968 4132 aut
997 4077 1200 4132 nullum
1233 4076 1433 4134 bonum
1475 4080 1661 4151 gratiae
1690 4076 1788 4135 de-

189 4178 485 4246 putabunt,
516 4176 563 4229 si
604 4174 651 4227 ei
683 4171 839 4227 ﬁdem
872 4169 1191 4225 subtrahere
1242 4170 1557 4239 moliuntur,
1604 4181 1695 4226 aut
1741 4171 1787 4227 si

189 4266 341 4335 quod
374 4266 572 4323 bonum
596 4279 717 4320 esse
760 4262 944 4317 dicunt
971 4260 1039 4316 de
1062 4262 1253 4331 gratia,
1312 4264 1426 4333 ipsa
1483 4263 1789 4319 necessario

193 4360 332 4418 ﬁdes
361 4361 465 4416 erit
508 4360 693 4431 gratiae
731 4354 1058 4428 deputanda.
1092 4353 1262 4425 Epist.
1295 4358 1364 4411 ad
1410 4356 1473 4415 S.
1509 4357 1787 4415 Caesarium

189 4454 571 4511 Arelatensem.

907 4538 1046 4596 CIX.

430 4653 719 4695 CENSORES.

265 4711 484 4767 Norant
501 4711 651 4765 etiam
672 4710 958 4781 quicunque

190 4784 247 4838 in
265 4786 381 4856 ejus
394 4784 603 4856 lectione
618 4784 956 4856 versatisunl,

194 4853 305 4909 non
333 4857 461 4910 adeo
485 4854 680 4923 felicem
710 4856 761 4907 in
802 4853 957 4904 inda-

194 4928 372 4999 gando
405 4926 613 4999 litterati
636 4942 785 4999 sensu
808 4924 955 4999 Scr_i-

196 4995 367 5068 pturar
386 4998 639 5051 interdum
672 4998 848 5067 fuisse.
879 4995 960 5049 Ea:

194 5087 304 5142 quo
332 5079 499 5123 tamen
526 5070 789 5141 potissime
808 5085 964 5139 argu-

196 5142 532 5196 mentandum
583 5144 675 5206 es't,
720 5142 965 5209 longeque

195 5215 276 5266 illi
311 5215 363 5265 in
384 5213 481 5265 hac
509 5224 652 5280 parte
688 5211 963 5281 prwfereno

198 5286 328 5335 dum
357 5300 465 5339 esse
510 5283 881 5353 Hieronymum
918 5292 965 5337 et

199 5354 644 5424 Clirysostomum.

1190 4651 1236 4693 S.
1268 4652 1614 4694 AUGUSTINUS.

1031 4790 1221 4836 cuncta
1250 4778 1337 4834 illa
1356 4796 1475 4849 quia
1492 4797 1617 4835 vera
1640 4778 1787 4847 sunt,

1032 4853 1165 4906 falsa
1197 4865 1316 4906 esse
1339 4866 1442 4905 non
1466 4852 1669 4917 dicunt,
1696 4853 1791 4907 ho-

1032 4928 1308 4990 norantes,
1356 4930 1410 4977 et
1458 4924 1509 4977 in
1558 4925 1793 4980 culmine

1032 4995 1321 5065 sequendae
1342 4995 1674 5051 auctoritatis
1697 5010 1793 5050 no-

1035 5068 1243 5121 biscum
1286 5067 1680 5122 constituentes
1727 5068 1790 5122 il-

1039 5139 1141 5192 lam
1191 5152 1285 5206 per
1313 5148 1554 5192 sanctum
1609 5139 1793 5194 Mosen

1037 5213 1233 5269 editam
1287 5217 1523 5263 sanctam
1556 5209 1796 5281 Scriptu-

1039 5300 1150 5339 ram
1180 5292 1345 5347 tuam,
1365 5288 1420 5335 et
1442 5289 1621 5336 tamen
1641 5283 1796 5337 nobis

1039 5353 1235 5423 aliquid
1282 5352 1677 5420 contradicunt,
1720 5353 1796 5409 ita

1045 5428 1283 5497 loquor:
1325 5423 1407 5478 Tu
1448 5433 1582 5491 esto,
1627 5426 1792 5497 Deus,

202 5505 390 5550 noster
406 5497 610 5553 arbiter
633 5498 771 5553 inter
795 5495 1160 5556 confessiones
1179 5509 1327 5551 meas
1343 5502 1398 5551 et
1415 5495 1797 5553 contradictio-

200 5580 309 5622 nes
330 5582 539 5624 eorum.
571 5569 686 5624 Lib.
714 5586 785 5624 XII
817 5571 1048 5643 Confess.
1078 5586 1193 5639 cap.
1225 5566 1310 5624 16.

720 5660 969 5718 SANC'I‘I
996 5658 1288 5719 PATRES.

283 5749 641 5823 Hieronymus
663 5753 886 5822 epistola
898 5753 969 5811 50
984 5755 1049 5811 ad
1066 5751 1427 5825 Augustinum
1447 5749 1522 5807 sit
1548 5768 1563 5806 :
1592 5770 1612 5803 (
1638 5749 1801 5810 Certe

204 5845 467 5916 quidquid
490 5846 598 5905 dici
625 5850 820 5920 potuit,
851 5860 905 5907 et
925 5850 1143 5908 sublimi
1164 5848 1381 5921 ingenio
1399 5847 1470 5903 de
1496 5846 1801 5918 Scriptura-

206 5951 337 5995 rum
366 5949 671 5998 sanctarum
702 5941 908 6000 hauriri
938 5943 1193 6011 fontibus,
1225 5949 1333 5997 ate
1378 5939 1612 6012 positum
1638 5948 1801 6009 atque

2110 2323 2400 2365 CENSORES.

1946 2379 2140 2434 Durius
2186 2394 2389 2451 quoque
2412 2379 2637 2448 loquitur

1871 2452 2106 2523 pluribus
2146 2453 2273 2507 locis
2318 2460 2383 2506 de
2427 2451 2637 2523 ueritate

1872 2521 2103 2591 corporis
2134 2523 2328 2579 Christi
2347 2524 2403 2578 in
2428 2521 2640 2575 Eucha-

1873 2595 2051 2662 ristia,
2097 2606 2153 2649 ut
2181 2612 2343 2663 supra
2392 2594 2639 2648 indicavi-

1874 2682 2009 2732 mus,
2054 2683 2156 2737 qua
2194 2666 2258 2721 de
2302 2681 2458 2720 causa
2491 2680 2643 2719 suum

1875 2739 2030 2809 plane
2066 2738 2219 2792 illum
2262 2753 2373 2809 esse
2411 2738 2643 2809 glorian-

1879 2808 1985 2874 tur,
2032 2811 2122 2864 sed
2149 2810 2282 2880 falso
2326 2808 2639 2877 Calvinistte,

1879 2890 1928 2934 et
1955 2881 2379 2936 eminentissimus
2408 2881 2643 2935 doctrina

1879 2967 2020 3024 teque
2041 2968 2100 3006 ac
2126 2953 2375 3024 dignitate
2402 2954 2641 3007 cardina-

1882 3022 1944 3076 lis
1975 3022 2254 3078 Perronius
2280 3025 2335 3077 in
2377 3026 2507 3078 libro
2536 3024 2643 3079 sin-

1919 3095 2052 3149 ulari
2080 3098 2161 3150 cui
2193 3096 2370 3150 titulus
2402 3104 2505 3162 est,
2538 3096 2647 3151 Be-

1910 3166 2075 3222 utatio
2100 3167 2463 3236 objectionum
2487 3182 2554 3223 ex
2577 3167 2641 3221 Ι).

1887 3237 2184 3306 Augustino
2222 3250 2407 3295 contra
2435 3238 2492 3295 S.
2535 3240 2644 3293 Eu-

1886 3308 2159 3365 charistiae
2199 3310 2604 3366 Sacramentum
2627 3353 2641 3377 ,

1884 3395 2004 3450 cap.
2022 3380 2074 3445 l,
2095 3382 2208 3451 ipso
2235 3381 2409 3437 initio.
2438 3380 2647 3436 Idcirco

1882 3462 2031 3506 uocat
2048 3464 2283 3508 sanctum
2299 3454 2645 3525 Augustinum

1884 3538 2127 3595 magnum
2185 3524 2495 3594 praelatum
2541 3524 2646 3581 Sa-

1883 3598 2342 3653 cramentariorum
2352 3605 2646 3669 patronum.

2868 2320 2914 2362 8.
2957 2319 3300 2363 AUGUSTINUS.

2782 2376 3054 2433 Admouet
3090 2394 3179 2433 me
3208 2378 3382 2447 plane,
3407 2395 3469 2434 ac

2710 2448 2843 2505 mihi
2867 2449 3022 2520 jubet
3041 2451 3358 2506 suavissimo
3382 2450 3471 2507 im-

2712 2522 2861 2592 perio
2892 2523 2977 2576 lex
3007 2522 3230 2586 Christi,
3255 2522 3355 2575 hoc
3389 2531 3471 2577 est

2711 2593 2966 2658 charitas,
3013 2602 3067 2647 ut
3111 2609 3231 2647 cum
3273 2592 3473 2662 aliquid

2716 2662 2833 2718 falsi
2861 2666 2913 2718 in
2932 2664 3079 2718 tibris
3100 2663 3233 2721 meis
3251 2680 3339 2719 me
3358 2680 3473 2721 sen~

2715 2736 2850 2791 sisse
2914 2736 3163 2791 homines
3232 2746 3471 2806 putant,

2714 2806 2857 2879 quod
2888 2823 3000 2879 ego
3032 2821 3136 2862 non
3176 2808 3342 2873 sensi,
3388 2816 3472 2863 at-

2715 2893 2818 3005 que
2846 2878 3076 2959 idipsum
3100 2879 3287 2962 falsum
3316 2878 3473 2934 alteri

2758 2950 3001 3005 isnlicet.
3059 2949 3213 3005 alter:
3269 2951 3472 3005 placet.

2757 2950 2967 3019 isplicet
2986 2994 3001 3018 ,
3059 2949 3213 3005 alteri
3269 2951 3472 3020 placet,

2716 3022 2898 3076 malim
2941 3036 3030 3076 me
3078 3023 3399 3092 reprehendi
3444 3036 3475 3077 a

2716 3093 3109 3164 reprehensore
3176 3092 3423 3149 falsitatis
3456 3138 3473 3164 ,

2718 3180 2875 3233 quam
2916 3167 2984 3235 ab
3033 3163 3159 3235 ejus
3202 3163 3479 3221 laudatore

2719 3234 2947 3291 laudari.
3014 3234 3100 3293 Ab
3177 3236 3267 3293 illo
3333 3238 3479 3292 enim

2719 3306 2964 3378 quamvis
3007 3322 3106 3379 ego
3152 3322 3259 3363 non
3310 3316 3481 3374 recte,

2719 3380 2813 3453 qui
2835 3378 2939 3435 hoc
2955 3378 3059 3434 nou
3084 3379 3369 3453 senserim,
3395 3394 3483 3453 er-

2718 3450 2835 3519 ror,
2872 3461 3049 3507 tamen
3081 3452 3199 3519 ipse
3228 3460 3377 3507 recte
3404 3450 3486 3505 vi-

2721 3530 3022 3593 tuperatur.
3054 3522 3138 3578 Ab
3167 3524 3270 3577 hoc
3298 3532 3480 3593 autem

2723 3591 2826 3654 nec
2867 3608 2968 3665 ego
3011 3602 3163 3665 recte
3202 3591 3425 3665 laudor,
3454 3610 3486 3648 a

1101 4708 1232 4763 Cum
1252 4708 1386 4781 “his
1458 4720 1635 4765 autem
1700 4710 1789 4781 qui
1815 4683 1871 4747 Β

2717 3685 2824 3741 quo
2845 3663 3128 3741 existimor
3150 3664 3204 3719 id
3221 3663 3480 3741 sensisse,

1885 3738 2029 3809 quod
2054 3739 2325 3807 vituperat
2345 3741 2575 3809 veritas,
2604 3757 2705 3799 nec
2732 3734 2848 3810 ipsa
2875 3738 3144 3796 sententia
3162 3751 3320 3809 quam
3344 3734 3488 3793 vitu-

1887 3820 2046 3880 perat
2075 3810 2296 3869 veritas.
2327 3810 2447 3866 Lib.
2474 3813 2578 3868 ide
2604 3813 2779 3881 Trin.,
2809 3827 2928 3881 cap.
2955 3812 3010 3865 5.

2291 3923 2742 3983 GUITMUNDUS
2782 3927 3089 3998 episcopus.

1966 4037 2108 4106 Quid
2124 4037 2211 4093 hic
2228 4037 2525 4096 Umbratici
2544 4039 2985 4112 respondebunt?
3004 4039 3106 4097 Ubi
3127 4040 3182 4097 in
3202 4048 3347 4096 tanta
3367 4038 3488 4099 luce

1897 4131 2146 4204 lucifugae
2187 4136 2354 4188 nostri
2392 4134 2640 4190 umbram
2688 4135 2995 4206 parabunt?
3032 4134 3173 4191 Ecce
3206 4136 3493 4208 Augustini

1898 4224 2340 4283 manifestissima
2389 4226 2709 4285 documenta
2764 4228 3081 4298 recitantur,
3131 4228 3264 4285 nihil
3309 4229 3363 4285 in
3411 4228 3491 4286 eis

1897 4319 2299 4390 wupulosum,
2343 4320 2481 4376 nihil
2510 4321 2856 4393 ambiguum;
2886 4330 2983 4378 aut
3020 4320 3088 4378 de
3116 4321 3203 4378 bis
3232 4336 3294 4379 se
3318 4320 3494 4395 expli-

1898 4428 2068 4487 cent,
2114 4428 2205 4475 aut
2272 4421 2629 4493 Augustinum
2687 4421 2842 4478 nobis
2910 4420 3149 4495 obiicere
3204 4421 3489 4478 desistant.

1899 4511 2018 4568 Lib.
2050 4527 2107 4569 ιιι
2138 4513 2201 4568 de
2236 4511 2463 4571 Ver-itote
2490 4514 2858 4587 Eucharistiw,
2888 4525 3071 4573 contra
3097 4514 3494 4589 Berengarium,

1901 4615 2037 4661 tomo
2062 4603 2133 4661 Xl
2162 4604 2301 4661 Bibl.
2330 4604 2453 4663 PP.

2663 4699 2802 4758 CXI.

2131 4806 2420 4849 CENSORES.

1966 4862 2102 4918 Item
2151 4864 2241 4919 lib.
2282 4880 2305 4937 ι
2354 4864 2418 4920 de
2461 4876 2661 4937 peccat.

1898 4934 2076 4995 Merit.
2095 4944 2143 4989 et
2183 4936 2405 5007 remiss.,
2431 4934 2546 5007 cap.
2572 4938 2662 5002 20,

1895 5017 1943 5062 et
1970 5008 2059 5062 lib.
2092 5007 2153 5061 de
2176 5006 2427 5061 Prtedest.
2462 5006 2666 5063 sancto-

1897 5094 2035 5151 rum,
2102 5093 2217 5151 cap.
2272 5079 2358 5141 15,
2391 5089 2440 5134 et
2494 5080 2603 5151 (ξι,
2628 5096 2669 5135 ιι

1902 5149 2060 5221 Oper.
2096 5149 2309 5221 imperi.
2354 5160 2493 5208 cont.
2524 5149 2663 5215 λιιι..

1899 5238 2015 5292 cap.
2072 5221 2174 5292 29,
2235 5223 2419 5277 docere
2473 5226 2670 5277 videtur

1899 5303 2277 5349 sacraummtm
2327 5292 2671 5350 Eucharistiw

1900 5381 2006 5421 non
2057 5364 2229 5421 minus
2282 5381 2390 5421 esse
2440 5382 2670 5423 necessa-

1899 5437 2034 5490 rium
2076 5437 2304 5507 parvulis
2350 5437 2418 5491 ad
2454 5440 2670 5493 salutem

1898 5523 2054 5579 quam
2109 5508 2414 5581 baptismum
2438 5550 2454 5576 ,
2512 5525 2673 5579 neque

1906 5582 2077 5634 minus
2145 5580 2214 5634 ad
2270 5596 2355 5636 eos
2420 5583 2673 5652 pertinere

1904 5652 2043 5720 quod
2107 5652 2295 5707 dicitur
2356 5653 2513 5709 Joan.
2576 5669 2670 5722 VI,

1904 5738 2036 5778 vers.
2085 5724 2155 5779 54
2194 5741 2208 5777 :
2250 5724 2463 5792 Amen,
2511 5739 2670 5781 amen

1907 5795 2029 5850 dico
2057 5796 2232 5863 vobis,
2263 5797 2363 5851 nisi
2388 5796 2668 5853 manduca-

1907 5865 2092 5922 veritis
2115 5882 2333 5923 carnem
2356 5867 2477 5923 Filii
2501 5867 2671 5927 homi-

1908 5936 2013 6007 nis,
2043 5946 2098 5996 et
2125 5938 2371 5998 hiberitis
2394 5940 2515 6013 ejus
2541 5956 2671 6000 san-

2893 4808 2941 4850 8.
2982 4806 3331 4852 AUGUSTINUS.

2802 4863 3004 4921 Sancto
3036 4866 3353 4922 Innocentio
3372 4867 3498 4924 vide

2728 4938 2855 5007 quid
2891 4936 3249 5008 respondeas,
3290 4938 3379 5008 qui
3416 4938 3499 4993 ni-

2730 5008 2803 5062 hil
2833 5007 2975 5063 aliud
3003 5008 3075 5081 de
3109 5008 3209 5081 hac
3239 5007 3497 5081 re’sapit,

2730 5095 2891 5150 quam
2937 5080 3080 5149 quod
3122 5080 3233 5147 isti,
3284 5081 3336 5136 in
3365 5080 3500 5152 quo-

2730 5166 2848 5206 rum
2889 5160 2942 5206 te
2970 5160 3315 5219 conventum,
3346 5156 3391 5207 si
3423 5162 3499 5207 ta-

2734 5238 2857 5277 men
2908 5222 3129 5291 prodest
3177 5223 3401 5292 aliquid,
3448 5233 3502 5280 te

2734 5292 3030 5351 introdusi.
3062 5293 3196 5349 Cum
3220 5294 3308 5351 his
3336 5298 3501 5352 etiam

2733 5365 2848 5437 ipse
2902 5364 3186 5435 considet,
3246 5367 3348 5424 etsi
3406 5382 3504 5436 po-

2734 5437 2931 5493 sterior
3000 5447 3242 5510 tempore
3269 5481 3284 5506 ,
3354 5439 3505 5510 prior

2737 5510 2919 5583 loco,_
2955 5520 3073 5583 etc.
3117 5509 3220 5583 Qui
3272 5509 3503 5583 denique

2737 5580 2991 5652 parvulos
3045 5581 3288 5638 deﬁnivit
3321 5628 3336 5653 ,
3397 5580 3503 5638 nisi

2738 5654 2895 5709 mand
2903 5653 3409 5711 ucaveriutcarnem
3423 5654 3505 5709 Fi-

2737 5725 2793 5780 lii
2820 5725 3072 5793 hominis,
3093 5726 3259 5781 vitam
3279 5740 3504 5798 prorsus

2737 5798 2937 5853 habere
2983 5813 3089 5854 non
3134 5810 3313 5866 posse.
3364 5797 3503 5852 Huic

2734 5869 3038 5940 responde,
3088 5869 3198 5923 imo
3247 5868 3345 5938 ipsi
3399 5869 3505 5924 Do-

2734 5942 2907 6011 mino,
2936 5940 3105 6015 cuius
3147 5940 3241 5997 ille
3280 5942 3505 6001 antistes
