3988 6348
523 367 619 425 871

1409 364 1975 429 SUPPLEMENTUM
2013 364 2107 420 AD
2146 360 2380 419 OPEBA
2417 362 2475 420 S.
2517 357 2913 419 AUGUSTINI.

3723 352 3829 410 8ἷῖ

517 489 754 557 guinem,
780 501 886 543 non
916 488 1183 545 habebitis
1202 489 1283 544 vi-
1345 502 1477 543 usus
1500 497 1582 543 est
1609 484 1940 542 testimonio.
1970 480 2087 537 Lib.
2105 496 2124 534 ι
2154 485 2206 545 Α
2232 481 2301 536 sti
2331 480 2581 545 efﬁcitur,
2611 494 2713 535 nec
2740 475 2967 534 alienari
2986 474 3057 531 ab
3082 488 3150 530 eo
3178 473 3333 545 panis
3360 470 3663 543 ca.i'cisque
3690 486 3828 530 con-

520 568 628 630 t_am
660 576 712 614 in
756 559 926 626 vobis,
958 576 1114 630 quam
1140 560 1281 616 istud
1348 568 1485 614 cont.
1518 557 1658 628 Jul.,
1680 575 1797 627 cap.
1831 557 1882 609 4.

515 627 673 683 Ιοαη.
734 640 834 697 ιιι,
886 627 1017 687 vers.
1058 630 1129 685 6:
1172 632 1283 687 Nisi

518 702 642 770 quis
686 710 904 775 renatus
952 700 1117 759 fuerit
1158 719 1225 760 ex
1268 718 1404 775 aqua
1436 710 1491 758 et
1538 701 1739 773 Spiritu
1778 706 1967 755 sancto
2007 712 2115 753 non

517 782 695 842 potest
718 774 942 829 introire
988 775 1044 830 in
1074 791 1297 845 regnum
1322 774 1452 832 Dei.

934 892 995 948 S.
1036 889 1495 947 INNOCENTIUS
1533 902 1695 960 papa.

585 1001 722 1057 lllnd
750 1017 882 1059 vero
904 1003 1047 1074 quod
1095 1019 1191 1060 eos
1219 1002 1522 1077 (Pelagium
1556 1016 1619 1057 ac
1644 996 1983 1067 leestinm)
2016 1008 2111 1051 ve-

513 1103 626 1150 stra
653 1097 981 1165 fraternitas
1024 1099 1218 1154 asserit
1262 1097 1560 1169 praedicare
1602 1094 1854 1166 parvulos
1893 1100 2113 1147 aeternae

512 1186 638 1241 vita:
669 1189 903 1257 praemiis
928 1189 1089 1244 etiam
1118 1190 1237 1245 sine
1263 1170 1617 1259 baptismatis,
1637 1189 1808 1258 gratia
1837 1200 1995 1254 posse
2015 1183 2112 1239 do-

511 1284 652 1350 nari,
686 1283 990 1353 periatunm
1041 1295 1144 1340 est.
1173 1282 1288 1339 Nisi
1318 1283 1465 1340 enim
1505 1280 1950 1337 manducaveriut
1993 1292 2112 1332 car-

513 1391 638 1433 nem
676 1376 799 1432 Filii
828 1377 1087 1445 hominis,
1109 1385 1164 1434 et
1192 1378 1433 1433 biberint
1477 1374 1796 1447 sanguinem
1828 1372 1969 1442 ejus,
2002 1385 2109 1425 non

514 1470 795 1527 habebunt
823 1473 989 1528 vitam
1030 1473 1083 1527 in
1115 1473 1457 1541 semetipsis;
1508 1470 1600 1540 qui
1646 1476 1823 1522 autem
1867 1466 2004 1520 hanc
2032 1465 2111 1519 eis

512 1565 635 1621 sine
668 1565 1079 1636 regeneratione
1126 1563 1448 1628 defendunt,
1482 1562 1731 1616 videntur
1761 1557 1896 1613 mihi
1935 1556 2110 1627 ipsum

512 1657 835 1730 baptismum
864 1660 1004 1715 velle
1032 1671 1269 1722 cassare,
1297 1670 1421 1712 cum
1453 1653 1753 1725 praedicant
1779 1665 1874 1706 eos
1908 1649 2110 1704 habere

510 1750 655 1821 quod
692 1752 747 1807 in
776 1766 872 1808 eos
900 1750 1139 1807 creditur
1183 1764 1291 1805 non
1325 1748 1427 1803 nisi
1466 1746 1794 1816 baptismate
1823 1740 2105 1798 conferem-

509 1842 659 1899 dum.
694 1843 863 1913 Epist.
911 1844 981 1898 ad
1023 1842 1211 1899 Patres
1240 1840 1558 1898 Milevitana:
1587 1838 1793 1910 synodi,
1821 1836 1964 1908 apud
2002 1837 2108 1887 Au-

511 1946 649 2009 gust.
683 1953 765 2010 ep.
793 1936 883 1992 93.

991 2055 1051 2113 8.
1092 2053 1432 2111 GELASIUS
1472 2065 1627 2122 papa.

594 2172 663 2228 Ut
691 2171 1029 2243 providentia
1053 2169 1148 2226 Dei
1175 2183 1366 2225 omnes
1399 2166 1810 2238 Pelagianorum
1842 2160 2110 2232 nequitias

514 2275 856 2338 amputaret,
906 2280 1011 2321 non
1057 2263 1233 2320 solum
1280 2262 1485 2318 dictum
1521 2270 1644 2315 est:
1678 2258 1779 2324 Qui
1822 2272 1925 2310 non
1955 2252 2110 2325 fuerit

513 2370 724 2418 renatus
752 2376 817 2415 ea:
852 2375 987 2430 aqua
1029 2368 1078 2412 et
1109 2357 1313 2423 Spiritu
1349 2364 1525 2411 sancto
1558 2370 1660 2408 non
1685 2351 1898 2406 intrabit
1927 2350 1981 2403 in
2025 2364 2109 2401 re-

516 2470 675 2526 gnum
703 2453 969 2519 sudorum,
1018 2451 1112 2507 sed
1164 2453 1325 2506 etiam
1375 2449 1576 2518 pariter
1606 2447 1807 2501 dictum
1852 2453 1975 2499 est:
2009 2440 2112 2506 Qui

518 2562 620 2600 non
648 2543 1029 2599 manducauerit
1057 2558 1265 2597 carnem
1291 2539 1423 2594 Filii
1449 2537 1692 2604 hominis,
1717 2546 1764 2590 et
1790 2534 1967 2589 biberit
1996 2533 2109 2601 ejus

512 2639 835 2710 sanguinem,
877 2653 984 2690 non
1009 2634 1212 2689 habebit
1243 2635 1396 2688 vitam
1443 2632 1499 2686 in
1539 2629 1828 2699 semetipso.
1882 2626 1958 2681 De
2000 2626 2105 2679 vita

516 2740 698 2787 autem
729 2738 933 2786 aeterna
958 2729 1061 2785 hoc
1080 2728 1283 2783 dictum
1313 2726 1491 2781 nullus
1520 2722 1820 2785 addubitat,
1855 2718 2106 2788 quoniam

513 2822 669 2881 multi
700 2838 809 2878 non
836 2822 1225 2878 manducantes
1254 2820 1358 2877 hoc
1388 2827 1782 2875 sacramentum
1818 2815 1981 2869 vitam
2014 2813 2108 2867 ha-

515 2918 647 2975 bere
675 2915 969 2987 ,videantur
994 2926 1337 2987 praesentem.
1392 2913 1562 2984 Epist.
1598 2912 1668 2965 ad
1709 2910 1975 2981 episcopos
2014 2904 2108 2962 Pi-

512 3029 625 3067 cem
634 3053 648 3067 .

1221 3078 1383 3136 CXII.

1515 3187 1562 3227 8.
1586 3182 1936 3226 AUGUSTINUS.

740 3191 1029 3237 CENSORBS.

1418 3242 1561 3300 Nihil
1587 3242 1673 3296 hic
1695 3241 1763 3295 de
1798 3248 1986 3294 nostro
2024 3237 2104 3293 al-

582 3251 813 3324 Indeque
851 3253 1122 3324 disputans
1150 3264 1272 3324 con-

509 3332 589 3395 tra
615 3323 928 3395 Pelagianos

510 3394 676 3464 {antes
741 3392 850 3448 sine
926 3392 1271 3446 Eucharistia:

510 3466 802 3537 sumptione
821 3481 926 3519 non
948 3478 1097 3533 posse
1117 3464 1272 3516 vitam

506 3547 754 3592 (sternam
806 3538 1065 3604 consequi,
1116 3549 1272 3604 quam

505 3610 847 3675 sumptionem
917 3604 1182 3675 distinguit
1237 3620 1270 3658 a

506 3679 783 3747 baptismo,
830 3678 977 3747 quasi
1022 3676 1143 3730 velit
1187 3675 1269 3730 de-

504 3749 621 3805 bere
685 3750 908 3821 infantes
983 3748 1266 3821 necessario

505 3838 616 3877 esse
680 3819 851 3893 reipsa
926 3828 971 3875 et
1031 3819 1268 3893 distincte

504 3891 771 3964 utriusque
814 3891 1121 3964 sacramen_ti
1147 3907 1267 3964 par-

508 3961 694 4037 ticipes
714 3964 953 4037 baptismi
979 3972 1026 4016 et
1060 3961 1266 4015 Eucha-

502 4036 685 4103 ristiaa,
729 4048 786 4090 ut
835 4036 991 4089 vitam
1020 4046 1266 4089 azternam

503 4109 784 4164 obtineant.
821 4106 911 4163 Sic
935 4107 1072 4161 enim
1097 4103 1261 4171 loqui-

1346 3387 1455 3442 lum
1483 3385 1610 3440 item
1634 3384 1938 3437 audiamus.
1966 3382 2101 3437 Cum

1345 3473 1473 3527 ergo
1502 3456 1570 3511 de
1614 3456 1716 3509 isto
1764 3462 2103 3527 sacramento

1346 3524 1658 3600 loqueretur
1684 3526 1758 3580 ait
1790 3542 1804 3580 :
1834 3524 1979 3578 Unus
2008 3543 2103 3600 ρᾳτ

1343 3597 1462 3666 ηἰέ,
1516 3613 1679 3653 unum
1719 3613 1907 3668 corpus
1953 3597 2104 3652 multi

1342 3688 1538 3727 sumus.
1570 3669 1869 3739 Intelligite.
1895 3677 1949 3721 et
1977 3683 2101 3737 gan-

1342 3744 1490 3808 dete,
1516 3744 1715 3807 unitas,
1742 3740 1935 3810 pietas,
1962 3742 2103 3796 veri-

1345 3824 1444 3880 tas,
1477 3814 1731 3881 cbaritas,
1766 3828 1901 3867 unus
1926 3814 2098 3880 panis,

1340 3901 1503 3941 unum
1554 3900 1750 3953 corpus
1812 3882 1965 3938 multi
2010 3899 2100 3938 sn-

1341 3973 1490 4022 mus;
1530 3957 1752 4012 recoltte
1798 3960 1940 4010 enim
1972 3956 2097 4023 quia

1337 4030 1492 4099 panis
1511 4044 1616 4084 non
1631 4028 1768 4082 little
1781 4044 1889 4083 uno
1905 4042 2093 4097 grano,

1337 4101 1432 4155 sed
1477 4102 1545 4156 de
1615 4100 1818 4155 multis.
1870 4099 2097 4166 Quando

2140 1899 2190 1961 Β
2214 1899 2351 1996 J
2516 1899 2567 1983 ui
2577 1899 2807 1993 0.,"d'oc-et

2223 572 2410 639 sortio,
2456 570 2667 627 etiamsi
2711 579 2997 639 antequam
3050 581 3244 637 panem
3276 565 3425 621 illum
3473 564 3732 620 comedat
3776 573 3829 620 et

2222 666 2446 722 calicem
2490 665 2661 733 bibat,
2717 662 2785 719 de
2835 664 2936 716 hoc
2984 659 3184 715 saeculo
3228 659 3284 714 in
3330 658 3540 713 unitate
3579 658 3827 728 corporis

2219 758 2422 816 Christi
2442 758 2768 814 constitutus
2806 752 3082 810 abscedat.
3119 753 3277 823 Resp.
3307 752 3377 805 ad
3402 760 3592 823 φησι.
3630 750 3697 805 de
3718 747 3825 804 Ba.

2219 851 2407 923 ptisana
2436 847 2731 919 Etltiopis.

2559 940 2936 1000 CONCILIUM
2974 936 3477 996 TRIDENTINUM.

2193 1065 2196 1068 θ
2287 1038 2472 1110 Neque
2498 1038 2621 1093 ideo
2653 1044 2832 1092 tamen
2855 1031 3159 1091 damnanda
3181 1041 3265 1087 est
3286 1030 3611 1102 antiquitas,
3635 1028 3683 1083 si
3705 1043 3821 1084 eum

2224 1145 2437 1185 morem
2469 1127 2693 1199 (nempe
2710 1125 2875 1181 dandi
2900 1122 3296 1180 Eucharistiam
3320 1120 3592 1194 parvulis)
3627 1120 3683 1174 in
3713 1124 3824 1190 qui-

2215 1223 2440 1279 husdam
2485 1223 2621 1279 locis
2660 1219 2953 1291 aliquando
3003 1218 3280 1284 servavit;
3334 1227 3392 1271 ut
3416 1216 3569 1270 enim
3599 1214 3824 1269 sanctis-

2214 1320 2339 1376 simi
2366 1320 2443 1375 illi
2473 1319 2662 1374 Patres
2709 1317 2795 1372 sni
2824 1315 2949 1370 lacti
2996 1312 3328 1383 probabilem
3379 1325 3611 1366 causam
3640 1323 3740 1379 pro
3765 1309 3823 1362 il-

2214 1412 2319 1467 lius
2349 1410 2607 1481 temporis
2636 1409 2847 1465 ratione
2875 1405 3201 1470 habuerunt,
3254 1404 3325 1458 ita
3352 1414 3506 1458 certe
3535 1417 3639 1457 eos
3686 1400 3821 1455 nulla

2219 1507 2409 1564 salutis
2456 1505 2781 1561 necessitate
2815 1500 2868 1557 id
2908 1500 3101 1556 iecisse
3143 1499 3261 1555 sine
3289 1497 3671 1555 controversia
3710 1508 3821 1550 cre-

2214 1601 2450 1657 dendum
2482 1610 2587 1656 est.
2622 1598 2766 1655 Sess.
2798 1595 2891 1664 2i,
2918 1610 3036 1663 cap.
3062 1594 3115 1649 4.

2922 1687 3106 1744 CXIII.
3192 1702 3197 1707 ‘

3212 1797 3260 1837 8.
3301 1794 3653 1837 AUGUSTINUS.

3129 1852 3303 1909 Unum
3334 1856 3499 1925 igitur
3530 1865 3716 1924 genus
3745 1863 3823 1925 est

3051 1926 3511 1994 probatissimum,
3555 1933 3617 1978 et
3667 1924 3821 1992 quasi

3050 1998 3483 2067 purgatissimum
3513 2038 3529 2061 ,
3586 2011 3723 2051 cum
3774 2002 3825 2048 et

3051 2071 3193 2122 bona
3240 2069 3432 2135 scripta
3482 2078 3634 2132 sunt,
3686 2068 3823 2120 etin

3050 2139 3245 2193 bonam
3278 2152 3478 2209 partem
3530 2138 3823 2202 accipiun-

3046 2218 3137 2265 tur
3166 2224 3197 2263 a
3232 2208 3550 2278 legentibus.
3586 2208 3722 2262 Lib.
3764 2210 3823 2261 de

3053 2282 3226 2336 Utilit.
3272 2281 3410 2335 cred.
3441 2282 3511 2335 ad
3560 2280 3823 2335 Honora-

3048 2362 3178 2421 tum,
3213 2371 3325 2424 ιαρ.
3360 2353 3411 2406 ὅ.

2450 1802 2737 1843 ςεηεοιιεε.

2278 1857 2567 1924 Praeterea,
2613 1859 2700 1911 lib.
2752 1873 2787 1911 ll
2836 1864 2973 1909 cont.

2217 2005 2431 2057 taliones
2473 2018 2721 2064 morosus,
2754 2001 2858 2053 sive
2883 2000 2975 2050 de-

2216 2077 2511 2129 lectationes
2552 2072 2872 2126 voluntarias
2914 2071 2977 2123 de

2213 2147 2363 2200 rebus
2407 2146 2627 2199 venereis
2679 2158 2789 2198 esse
2838 2142 2974 2195 dun-

2214 2228 2356 2271 taxat
2412 2226 2677 2285 peccatum
2734 2214 2969 2276 veniale,

2216 2292 2369 2343 modo
2418 2289 2549 2342 absit
2598 2302 2873 2341 consensus
2918 2285 2973 2339 in

2214 2377 2363 2430 opus,
2394 2377 2485 2415 seu
2527 2356 2722 2430 malum
2764 2357 2972 2430 deside-

2215 2428 2372 2497 rium,
2398 2433 2473 2484 vel
2496 2429 2637 2483 illius
2660 2428 2968 2500 periculum.

2218 2495 2611 2571 Quazvdoctrina
2635 2495 2698 2554 ab
2729 2500 2965 2555 omnibus
2996 2498 3264 2553 catholicis
3284 2497 3606 2571 jampridem
3642 2495 3819 2568 rejici-

2213 2570 2317 2644 tur,
2345 2590 2434 2629 nec
2464 2574 2575 2628 siue
2597 2571 2844 2626 scandala
2867 2590 2899 2625 a
2927 2588 3188 2644 quoquam
3217 2570 3595 2624 obtruderetur.

2728 2664 2787 2722 S.
2832 2662 3292 2721 AUGUSTINUS.

2286 2759 2357 2813 lta
2388 2757 2492 2813 dici
2527 2766 2705 2827 potest
2752 2756 2808 2810 in
2839 2755 3058 2811 homine
3102 2770 3229 2822 uno,
3273 2753 3320 2808 si
3361 2752 3820 2809 delectationibus

2212 2853 2439 2917 illicitis,
2470 2868 2501 2907 a
2523 2852 2715 2922 quibus
2746 2865 2806 2906 se
2836 2850 3094 2905 continuo
3125 2848 3351 2905 deberet
3377 2856 3627 2905 avertere
3675 2848 3822 2917 cogi-

2213 2947 2365 3013 tatio,
2398 2946 2629 3001 libenter
2659 2943 2774 2998 sola
2807 2954 3091 3013 pascatur;
3119 2958 3220 2997 nec
3242 2940 3478 2997 facienda
3504 2941 3822 2996 decernan-

2212 3048 2297 3095 tur
2324 3038 2487 3107 mala,
2536 3037 2632 3093 sed
2679 3045 2884 3091 tantum
2932 3036 3170 3091 suaviter
3201 3036 3254 3088 in
3306 3032 3703 3090 recordatione
3753 3042 3823 3088 te-

2214 3139 2471 3198 neantur,
2500 3129 2656 3201 quasi
2695 3128 2977 3185 mulierem
3017 3129 3134 3183 sine
3162 3128 3280 3183 viro
3313 3143 3465 3198 posse
3512 3125 3817 3181 damnari:

2210 3227 2351 3283 absit
2391 3225 2496 3282 hoc
2545 3223 2803 3281 credere!
2854 3224 2970 3279 haec
3013 3223 3216 3294 quippe
3266 3238 3371 3278 una
3418 3237 3664 3293 persona
3720 3232 3820 3287 est,

1027 3299 1275 3374 Sintii—
1349 3299 1608 3387 l'eramns,
1652 3314 1825 3387 ipsum
1878 3313 2106 3387 Aposto-

2219 3335 2355 3376 unus
2388 3321 2549 3375 homo
2574 3327 2681 3387 est,
2710 3326 2963 3383 totusque
3000 3314 3361 3380 damnabitur,
3392 3315 3490 3370 nisi
3522 3315 3677 3380 haec,
3706 3331 3822 3386 qua:

2212 3415 2331 3471 sine
2376 3414 2653 3471 voluntate
2700 3410 2984 3482 operandi,
3030 3408 3128 3465 sed
3161 3419 3342 3465 tamen
3370 3425 3490 3465 cum
3525 3407 3821 3465 voluntate

2209 3509 2449 3563 animum
2482 3506 2683 3561 talibus
2722 3502 3053 3569 oblectandi,
3104 3502 3276 3558 solius
3304 3503 3658 3574 cogitationis
3688 3518 3816 3559 sen-

2209 3603 2417 3658 tiuntur
2446 3615 2567 3658 esse
2613 3608 2857 3671 peccata,
2887 3612 2985 3669 per
3016 3592 3327 3654 mediatoris
3361 3600 3581 3669 gratiam
3614 3598 3819 3655 remit-

2210 3704 2408 3752 tantur.
2442 3694 2560 3750 Lib.
2588 3710 2665 3750 ιιι
2692 3695 2756 3750 de
2783 3691 3000 3757 Trinit.,
3033 3708 3147 3763 cap.
3182 3693 3266 3749 12.

2909 3782 3095 3840 CXIV.

2440 3896 2727 3937 CENSORI-IS.
3203 3895 3252 3935 8ο
3293 3895 3645 3937 AUGUSTINUS-

2276 3951 2421 4006 Certe
2446 3969 2561 4006 cum
2591 3952 2770 4005 eadem
2798 3950 2971 4074 sitlju-
3114 3949 3303 4021 Neque
3324 3957 3466 4006 enim
3493 3969 3708 4023 negare
3730 3956 3819 4011 de-

2276 4024 2452 4074 :iorum
2470 4036 2517 4074 et
2538 4023 2964 4074 aﬂ‘ectuumaea.
3046 4021 3165 4074 beo.
3196 4026 3336 4074 sicut
3373 4024 3426 4074 in
3472 4026 3598 4074 insis
3649 4029 3818 4074 mori-

2202 4023 2452 4077 diciorum
2470 4036 2517 4077 et
2538 4023 2815 4091 a/I‘ectuum
2832 4021 2965 4089 alea,
3042 4021 3165 4093 beo,
3196 4026 3336 4078 sicut
3372 4024 3426 4078 in
3472 4021 3598 4093 ipsis
3646 4029 3818 4082 mori-

2202 4104 2251 4149 et
2300 4096 2618 4167 Augustinus
2662 4104 2805 4148 tanta
2847 4110 2969 4167 cgit—
3042 4092 3165 4167 bus,
3184 4096 3258 4167 ita
3283 4098 3450 4150 multa
3470 4111 3589 4151 esse
3618 4097 3683 4152 in
3712 4111 3815 4153 tam

504 4189 588 4235 tur
614 4197 737 4251 cap.
762 4178 855 4233 illo
881 4176 973 4241 20,
1002 4178 1092 4251 lib_.
1117 4191 1158 4243 ι,
1200 4178 1263 4230 de

507 4268 621 4323 pec.
678 4247 859 4323 Merit.
903 4265 922 4323 ς
945 4320 953 4323 Α
974 4247 1262 4323 Auferatur

506 4320 637 4393 ergo
673 4322 786 4392 jam
830 4320 1115 4393 dubitatio,
1162 4328 1257 4373 etc.

508 4390 637 4460 Qua
664 4390 814 4448 verba
850 4400 967 4447 sunt
995 4390 1124 4444 adeo
1163 4407 1263 4443 ma-

505 4465 713 4535 nifesta,
746 4472 803 4518 ut
833 4462 1131 4533 difﬁcillime
1171 4478 1264 4529 pa-

504 4536 699 4591 tiantur
719 4536 992 4605 benignam
1017 4536 1267 4600 interpre-

502 4604 873 4678 tationem,qua
890 4604 1269 4678 pleriquetheo-

502 4680 737 4751 logorum
782 4675 791 4678 ⁷
808 4679 1149 4750 Augustinum
1204 4675 1267 4728 ab

500 4767 673 4807 errore
699 4766 941 4806 excusare
983 4758 1266 4813 conantur;

501 4838 646 4878 error
698 4824 830 4878 enim
886 4830 958 4877 est
986 4828 1191 4874 notatus
1220 4828 1267 4872 et

503 4894 783 4950 damnatus
821 4894 914 4948 sub
949 4892 1271 4947 anathemate

504 4982 539 5022 a
561 4969 776 5023 concilio
794 4964 1121 5021 Tridentino.

1335 4187 1468 4242 ergo
1487 4170 1960 4235 exorcizabamini,
1977 4184 2095 4239 qua-

1333 4245 1380 4297 si
1446 4242 1823 4308 molebamini;
1880 4242 2095 4308 quando

1335 4313 1590 4385 baptizati
1611 4316 1762 4379 estis,
1786 4316 1937 4385 quasi
1960 4326 2093 4385 con-

1336 4383 1505 4452 spersi
1535 4388 1703 4450 estis;
1744 4383 1958 4453 quando
1978 4384 2092 4453 spi-

1338 4458 1471 4511 ritus
1501 4460 1977 4513 sancttticationem
2002 4470 2094 4511 ac-

1339 4530 1582 4599 cepistis,
1608 4527 1760 4599 quasi
1784 4528 1919 4581 cocti
1938 4527 2087 4592 estis;

1342 4598 1513 4656 estote
1534 4600 1675 4669 quod
1705 4598 1896 4653 videtis
1920 4608 1972 4651 et
1998 4611 2090 4651 ac-

1341 4671 1502 4742 cipite
1562 4674 1702 4741 quod
1758 4670 1921 4736 estis,
1977 4681 2086 4725 etc.
2119 4705 2172 4766 Β

1352 4744 1382 4766 Ω
1405 4761 1492 4766 λμ---
1593 4743 1654 4766 -.Ι
1713 4741 1934 4766 ι--ι“-...--
1979 4753 2093 4766 ιη..-

1344 4741 1515 4800 sem.
1586 4743 1654 4797 ad
1713 4741 1934 4811 infantes
1974 4753 2093 4798 ante

1339 4818 1521 4872 altare.

1024 5078 1084 5136 S.
1126 5074 1573 5133 FULGENTIUS.

583 5195 779 5253 Beatus
809 5210 1022 5267 quoque
1052 5193 1405 5277 Augustinus
1432 5191 1501 5247 de
1540 5191 1640 5245 hac
1681 5203 1741 5244 re
1790 5201 2095 5244 sermonem

2202 4164 2426 4221 tentiorie
2454 4178 2640 4236 pugnet
2663 4178 2841 4220 contra
2867 4164 2970 4219 Pe-

2199 4236 2470 4309 lagianos,
2510 4249 2564 4292 ut
2592 4239 2815 4292 obtineat
2848 4237 2965 4291 nu!-

2200 4309 2306 4363 lum
2336 4326 2442 4364 esse
2464 4314 2783 4380 quantumvis
2820 4325 2971 4362 sanc-

2199 4390 2327 4445 tum,
2365 4384 2447 4434 cui
2478 4397 2577 4434 non
2619 4384 2682 4435 sit
2721 4397 2849 4451 Opus
2889 4380 2968 4434 di‘

2198 4467 2330 4518 cere,
2387 4452 2601 4508 Dimitte
2660 4453 2814 4507 nobis
2868 4452 2967 4507 de-

2197 4521 2308 4577 bita
2351 4531 2531 4577 nostra
2602 4524 2662 4576 ob
2707 4524 2967 4591 quotidia-

2197 4610 2289 4647 nos
2315 4592 2588 4649 voluntatis
2637 4596 2835 4664 lapsus,
2876 4614 2965 4651 ue-

2195 4666 2301 4719 scio
2330 4667 2455 4736 quid
2491 4666 2705 4720 Baianis
2742 4669 2795 4721 in
2826 4683 2965 4721 men-

2199 4748 2296 4789 tem
2309 4736 2521 4803 venerit,
2540 4750 2592 4792 ut
2609 4740 2969 4809 Augustiniaui

2198 4810 2359 4863 videri
2406 4810 2599 4875 velint,
2653 4827 2769 4864 cum
2826 4821 2965 4865 tanto

2197 4884 2313 4935 nisu
2353 4885 2661 4950 persuadere
2712 4892 2983 4937 conantur.

2198 4969 2308 5006 esse
2354 4953 2552 5021 aliquos
2595 4957 2811 5023 (nempe
2860 4958 2970 5009 Au-

2200 5022 2493 5096 gustinum)
2513 5026 2600 5093 qui
2615 5022 2817 5096 judicio
2839 5042 2971 5080 nun-

2200 5111 2358 5165 quam
2380 5095 2641 5150 labantur.

3043 4165 3224 4221 multis
3289 4168 3563 4237 opusculis
3628 4169 3815 4235 meis,

3042 4251 3161 4307 quae
3190 4241 3395 4307 possint
3417 4240 3562 4309 justo
3604 4240 3817 4308 judicio

3042 4319 3095 4363 et
3124 4311 3266 4364 nulla
3298 4311 3596 4367 temeritate
3625 4314 3817 4381 culpae

3042 4381 3112 4436 ri.
3159 4381 3237 4435 Ex
3290 4382 3485 4451 quibus
3538 4383 3582 4436 si
3632 4383 3816 4437 aliena

3042 4453 3485 4522 reprehenderes,
3518 4453 3624 4508 illic
3656 4463 3718 4508 et
3747 4457 3813 4508 ti-

3041 4524 3097 4579 bi
3153 4528 3390 4579 lortassis
3439 4527 3809 4591 ostenderem,

3038 4600 3248 4667 qualem
3278 4607 3329 4652 te
3355 4611 3496 4663 esse,
3527 4598 3583 4653 in
3611 4598 3814 4666 quibus

3040 4686 3146 4723 non
3196 4683 3474 4738 perperam
3512 4674 3812 4739 reprehen—

3041 4740 3220 4805 deres,
3252 4740 3467 4812 vellem,
3494 4757 3692 4812 meque
3717 4741 3810 4794 tibi

3035 4812 3232 4884 juniori
3265 4810 3457 4881 major,
3486 4821 3493 4867 ξ
3503 4823 3561 4867 et
3602 4810 3809 4883 pra-po-

3038 4886 3173 4941 situs
3202 4884 3418 4938 subdito
3458 4884 3809 4939 correctionis

3042 4956 3348 5023 exemplum
3390 4966 3593 5024 quanto
3636 4956 3809 5009 humi-

3040 5031 3166 5090 lius,
3195 5036 3339 5080 tanto
3360 5028 3627 5081 salubrius
3652 5026 3799 5081 exhi-

3043 5102 3249 5156 berem.
3284 5097 3395 5153 Sed
3421 5113 3482 5153 en
3514 5098 3571 5153 in
3605 5114 3689 5153 me
3720 5113 3806 5152 re-

3046 5171 3397 5244 prehendisti,
3420 5187 3545 5244 qua:
3565 5186 3668 5244 non
3691 5164 3823 5244 cor-‘

2204 5239 2381 5313 rigere
2410 5239 2709 5313 humilitas,
2740 5239 2836 5297 sed
2864 5239 3061 5313 partim
3086 5243 3265 5309 lateri,
3294 5239 3489 5311 partim
3518 5242 3808 5298 defendere

511 5288 642 5346 fecit
668 5290 956 5346 admodum
987 5287 1343 5353 luculentum,
1370 5294 1427 5342 et
1453 5291 1637 5354 aptum
1670 5281 2016 5337 mdillcationi
2045 5288 2102 5337 et

516 5383 858 5438 instructioni
891 5382 1150 5437 ﬁdelium.
1178 5380 1268 5454 (Et
1315 5388 1428 5435 toto
1475 5393 1727 5433 sermone
1767 5376 2012 5442 recitato,
2045 5373 2100 5430 in

516 5490 626 5544 quo
667 5475 828 5530 verba
876 5475 1121 5543 proxime
1172 5472 1435 5528 recensita
1485 5468 1781 5540 leguntur.)
1832 5466 2101 5531 Arbitror,

518 5569 614 5631 ait,
664 5578 847 5622 sancte
894 5568 1076 5633 lrater,
1108 5564 1522 5635 disputationem
1571 5570 1809 5616 nostram
1862 5557 2105 5629 praeclari

516 5658 756 5713 doctoris
787 5656 1070 5728 Augustini
1100 5671 1349 5711 sermone
1377 5658 1662 5719 ﬁrmatam,
1692 5668 1787 5708 nec
1817 5652 2102 5721 quidquam

519 5767 643 5810 esse
674 5753 1012 5824 aliquatenus
1058 5751 1457 5820 ambigendum,
1508 5762 1633 5805 tunc
1672 5758 2104 5816 unumquemque

520 5845 759 5903 ﬁdelium
785 5849 1034 5917 corporis
1060 5846 1447 5914 sanguinisque
1482 5842 1747 5897 Dominici
1788 5838 2103 5909 participem

522 5940 663 6007 ﬁeri,
691 5938 907 6010 quando
927 5939 979 5995 in
1009 5935 1334 6009 baptismate
1360 5934 1661 5992 membrum
1690 5933 1935 6005 corporis
1953 5930 2109 5989 Chri-

2204 5312 2403 5369 veritas
2432 5311 2594 5382 COgit.
2625 5311 2740 5367 Lib.
2767 5330 2816 5367 tv
2849 5311 2913 5369 de
2944 5314 3093 5387 Orig.
3118 5316 3328 5383 animat,
3359 5330 3478 5385 cap.
3510 5314 3563 5369 1.

2597 5429 2660 5485 Β.
2690 5430 3048 5489 JORDANUS
3078 5432 3147 5489 de
3173 5431 3430 5488 Saxonia.

2280 5545 2398 5616 ipse
2429 5554 2608 5601 tamen
2641 5555 2827 5616 postea
2870 5548 3253 5619 (Augustinus)
3286 5556 3396 5601 tam
3426 5546 3498 5602 ab
3527 5543 3805 5601 erroribus

2210 5641 2539 5709 intellectus,
2582 5657 2742 5712 quam
2789 5659 2821 5698 a
2858 5643 3207 5713 corruptione
3235 5641 3456 5698 allectus
3503 5656 3598 5712 per
3626 5650 3804 5696 actum

2211 5736 2603 5793 hierarchicum
2628 5745 2886 5807 purgatus
2907 5736 3027 5792 fuit.
3058 5736 3230 5792 Serm.
3262 5734 3385 5791 l38.
3411 5734 3643 5790 Sanctus
3663 5732 3802 5787 Tho~

2211 5847 2328 5887 mas
2362 5831 2744 5887 Villanovanus
2769 5830 2887 5885 ait:
2926 5847 2946 5881 ι
2982 5829 3109 5885 Haec
3155 5830 3316 5901 igitur
3362 5826 3643 5898 Augustini
3689 5832 3801 5878 tam

2213 5924 2479 5999 profunda
2510 5924 2786 5983 humilitas
2820 5923 2964 5997 apud
2988 5924 3156 5981 Deum
3190 5932 3245 5981 et
3268 5922 3519 5980 homines
3539 5918 3800 5991 sapientia
