3988 6348
192 395 304 450 875

185 600 427 672 superbis
457 599 664 664 resistit,
696 599 976 654 humilibus
1005 591 1175 655 autem
1205 603 1295 656 dat
1323 604 1542 674 gratiam
1574 602 1778 674 (Jacob.

185 710 271 762 tv,
305 694 380 764 6).
417 692 568 748 Unde
597 700 775 763 potest
803 692 871 748 de
902 693 994 749 illo
1021 694 1246 764 intelligi
1289 696 1564 766 propheta:
1597 696 1782 751 vatici-

183 788 367 850 nium,
400 782 555 839 Dedit
581 786 795 856 abyssus
825 802 997 840 vocem
1023 804 1172 842 suam
1202 788 1529 844 altitudinem
1557 788 1779 862 phanta-

181 876 284 932 site
314 876 543 951 (Habac.
589 893 669 942 III,
716 878 832 948 70).
875 878 1139 951 Abyssus,
1184 881 1421 950 inquam,
1468 881 1783 937 humilitatis

181 971 531 1042 Augustinus
552 985 740 1026 vocem
763 971 1023 1027 doctrinae
1053 988 1164 1026 sua:
1193 973 1403 1044 populis
1431 974 1601 1042 dedit,
1627 989 1787 1044 prop-

185 1072 280 1118 ter
310 1064 606 1132 phantasia;
637 1079 770 1132 suae,
805 1065 858 1121 id
886 1076 968 1122 est
1004 1065 1206 1137 ingenii
1235 1067 1594 1134 altitudinem,
1623 1082 1784 1137 quam

182 1165 410 1228 propter
441 1156 796 1213 humilitatem
841 1158 1068 1214 contulit
1099 1158 1176 1214 illi
1207 1159 1367 1214 Deus.
1403 1177 1423 1212 ι
1468 1160 1627 1216 Cone.
1655 1160 1690 1214 2
1719 1161 1785 1215 de

185 1250 254 1306 S.
289 1253 595 1323 Augustino.

906 1323 1067 1381 CXV.

1192 1411 1237 1451 8.
1268 1411 1614 1453 AUGUSTINUS.

1095 1489 1234 1556 Quid
1266 1505 1416 1560 ergo,
1448 1506 1553 1561 quo
1601 1505 1687 1546 me
1721 1489 1790 1545 ab

434 1410 718 1452 CENSORES.

262 1488 470 1561 Constat
537 1507 658 1561 ergo
723 1489 952 1561 exemplo

1045 471 1049 475 λ
1375 357 1697 454 VINDICUE
1738 389 2298 456 AUGUSTINIANE.

188 518 251 564 et
281 504 558 562 intellectu
581 504 728 560 illum
753 503 1055 562 sublimiter
1074 507 1348 577 exaltavit,
1374 512 1625 580 quoniam
1652 511 1788 566 Deus
1817 513 1869 574 Α

3378 389 3487 457 874

2579 513 2804 571 CXVIII.

2113 618 2397 660 CENSORES.
2887 621 2933 661 5.
2975 621 3313 664 AUGUSTINUS.

1956 699 2125 771 Sensit
2151 699 2465 768 Augustinus
2495 716 2638 752 ntun-
2735 770 2744 771 ί
2789 699 2956 755 Nemo
2979 701 3088 771 jam
3122 701 3380 759 molestus
3410 705 3482 761 sit

1884 768 2007 820 dum
2061 769 2114 822 in
2161 770 2370 823 instanti
2418 779 2644 824 creatum
2717 770 2949 826 dicendo
2980 768 3158 838 'milti,
3216 791 3322 830 non
3377 775 3483 832 hoc

1885 839 2064 906 fuisse,
2109 842 2243 916 quod
2276 857 2379 916 non
2417 843 2644 896 convenit
2718 844 2886 916 sensit
2909 844 3120 916 Moyses
3145 847 3285 909 quod
3318 857 3372 902 tu
3398 847 3484 902 di-

1884 927 2000 963 cunt
2028 912 2229 982 scriptis
2256 929 2286 965 a
2313 911 2509 982 Moyse,
2539 921 2642 968 etc.
2719 914 2816 977 cis,
2857 916 2951 988 sed
2994 911 3096 971 hoc
3139 919 3310 988 sensit
3339 919 3484 988 quod

2720 999 2819 1054 ego
2869 986 3008 1042 dico.
3059 988 3112 1041 Si
3164 987 3304 1043 enim
3353 986 3486 1044 inihi

2718 1055 2940 1122 diceret,
3001 1057 3154 1114 Unde
3211 1061 3322 1115 scis
3381 1061 3483 1116 hoc

2717 1128 2951 1212 sensisse
2970 1129 3236 1212 ‘Moysem
3253 1133 3394 1198 quod
3413 1131 3484 1212 de

2723 1199 2803 1252 his
2833 1200 3011 1254 verbis
3044 1199 3161 1269 ejus
3188 1201 3480 1270 eloqueris,

2725 1284 2878 1338 teque
2918 1271 3099 1325 animo
3142 1271 3283 1326 ferre
3317 1273 3484 1328 debe-

2727 1355 2839 1396 rem
2870 1351 2925 1396 et
2960 1343 3340 1411 responderem
3359 1346 3484 1398 .l'or-

2728 1421 2868 1468 tasse
2911 1428 3031 1484 quae
3081 1415 3326 1484 superius
3367 1431 3486 1470 res-

2728 1485 2912 1554 pondi,
2945 1486 3028 1539 vel
3057 1484 3328 1552 aliquanto
3358 1487 3487 1540 ube-

2178 1126 2363 1180 CXIX.

2125 1213 2410 1253 CENSORES.

1960 1266 2284 1322 Contrariam
2368 1269 2651 1338 Augustino

1890 1341 2190 1394 sententiam
2219 1357 2318 1393 non
2348 1347 2496 1395 modo
2529 1360 2648 1411 pro-

1889 1411 2182 1465 babiliorem
2200 1412 2406 1480 judico,
2427 1413 2514 1466 sed
2542 1431 2652 1468 cer-

1891 1490 1954 1536 ta:
1987 1491 2030 1537 et
2064 1482 2364 1538 indubitata:
2405 1486 2650 1540 veritatis.

178 1564 354 1615 sancti
400 1560 650 1615 Bernardi
691 1560 818 1615 tales
849 1577 954 1616 esse

181 1649 319 1700 quas
357 1633 555 1686 dixerat
601 1633 728 1686 duas
758 1633 952 1686 colum-

183 1720 309 1770 nas,
338 1713 394 1756 ut
434 1721 536 1758 non
568 1704 634 1759 sit
671 1704 952 1758 necessario

187 1775 493 1846 timendum,
535 1775 579 1829 si
624 1775 736 1846 quis
754 1776 837 1846 ita
868 1774 951 1827 di-

185 1845 406 1899 vellatur
442 1845 504 1899 ab
546 1845 848 1917 Augustino,
897 1854 952 1900 ut

187 1924 358 1970 tamen
389 1917 633 1970 innitatur
665 1917 948 1982 Ambrosio,

187 1989 342 2040 etiam
358 1989 408 2040 in
431 1989 491 2042 iis
511 2003 625 2057 quae
644 1998 822 2042 contra
849 1987 950 2042 Pe-

1026 1561 1119 1616 illo
1166 1562 1215 1616 in
1273 1566 1370 1616 hac
1423 1577 1582 1617 causa
1632 1577 1789 1631 sepao

1025 1634 1252 1687 randum
1307 1637 1506 1702 putasll
1553 1632 1742 1687 Postea
1766 1649 1785 1688 :

1027 1704 1168 1774 Ergo
1201 1705 1289 1758 ille
1319 1713 1500 1758 noster
1524 1720 1591 1758 an
1615 1713 1792 1759 vester

1026 1776 1118 1836 sit.
1150 1784 1205 1830 et
1235 1789 1328 1829 vos
1356 1775 1568 1830 videtis.
1596 1774 1709 1829 Lib.
1739 1790 1792 1829 tv

1025 1856 1162 1901 cont.
1193 1844 1331 1918 Jul.,
1367 1848 1523 1918 Oper.
1560 1846 1786 1918 imperf.,

1024 1935 1138 1989 cap.
1170 1915 1292 1971 119.

187 2057 425 2129 lagianos
453 2060 770 2131 Augustinus
797 2059 1096 2128 disputavit,
1124 2070 1231 2117 etc.

707 2152 767 2208 S.
815 2152 1256 2210 BERNARDUS.

264 2242 346 2298 Ab
375 2241 459 2298 bis
486 2257 615 2314 ergo
641 2243 849 2299 duabus
877 2244 1141 2300 columnis
1170 2245 1551 2316 (Augustinum
1588 2245 1782 2317 loquor

187 2344 247 2389 et
297 2337 686 2407 Ambrosium),
737 2337 900 2393 crede
944 2338 1100 2405 mihi,
1147 2337 1365 2395 difﬁcile
1396 2339 1781 2408 avellor;cum

189 2429 301 2495 bis,
334 2430 570 2499 inquam,
603 2445 692 2487 me
719 2441 810 2486 aut
836 2447 1020 2489 errare
1046 2441 1140 2488 aut
1165 2447 1359 2505 sapere
1387 2431 1577 2490 fateor.
1607 2433 1778 2505 Epist.

189 2519 259 2574 77
297 2520 364 2574 ad
392 2521 540 2593 Hug.
569 2523 632 2578 de
662 2523 726 2580 S.
765 2523 989 2582 Victore.

895 2617 1078 2675 CXVI.

437 2701 720 2743 CENSORI-15.

267 2779 408 2847 Quid
457 2781 613 2852 igitur
669 2783 856 2837 mirum
908 2783 954 2837 si

191 2853 290 2916 vir,
321 2854 514 2920 alioqui
545 2855 866 2908 doctissimus
905 2864 954 2909 et

191 2924 952 2995 sanctissimus(Augustinus),

191 2993 487 3062 difﬁcultate
536 2993 607 3048 rei
658 2993 950 3065 oppressus,

192 3066 322 3118 nihil
344 3067 490 3118 aliud
511 3067 754 3120 invenerit
779 3070 831 3122 in
856 3085 954 3137 quo

193 3137 464 3212 essentiam
480 3208 490 3212 _
509 3139 776 3212 originalis
829 3157 951 3212 pec-

197 3208 296 3261 cati
323 3208 696 3264 constitueret?

1199 2707 1245 2748 8.
1274 2708 1618 2754 AUGUSTINUS.

1100 2783 1381 2860 Hominem
1444 2799 1534 2845 tuo
1585 2791 1788 2860 judicio

1027 2855 1393 2930 doctissimum
1436 2872 1490 2914 et
1522 2855 1789 2930 peritissi-

1028 2944 1172 3003 mum
1195 2944 1302 2983 non
1328 2929 1581 3003 d_ubitaSti
1607 2949 1792 3003 repre-

1031 3000 1299 3073 hendere.
1345 3001 1456 3073 Eg»
1510 3000 1688 3059 autem
1740 3015 1794 3058 et

1029 3086 1137 3145 me,
1160 3071 1531 3128 doctissimum
1562 3090 1625 3129 ac
1656 3077 1794 3145 peri-

1027 3142 1293 3200 tissimum
1313 3147 1513 3211 nescio,
1537 3147 1644 3201 imo
1658 3142 1795 3201 vero

1033 3229 1119 3269 me
1171 3230 1276 3271 non
1325 3230 1444 3270 esse
1496 3218 1795 3273 certissime

1032 3267 1481 3345 έοίοξίέδ,
1820 3305 1870 3372 C
1903 3281 2017 3319 cere
2066 3267 2239 3321 omnia
2287 3285 2386 3322 uno
2435 3269 2516 3322 die
2559 3283 2666 3321 esse

1176 3358 1188 3369 ⁹
1235 3361 1284 3372 ’ν’
1900 3347 2070 3372 ρφοηιη

1028 3373 1147 3425 mw,
1170 3358 1338 3413 initio.

2193 1909 2357 1965 CXX.

2131 1997 2416 2038 CENSURES.

1962 2051 2255 2122 Explicatio
2281 2055 2387 2107 lucc
2416 2063 2651 2109 censetur

1887 2125 1950 2178 ab
2002 2125 2235 2177 omnibus
2276 2126 2647 2192 improbabilis,

1884 2210 1976 2247 nec
2006 2211 2097 2264 ego
2123 2195 2294 2249 dubito
2320 2199 2441 2266 quin
2470 2200 2512 2251 si
2539 2200 2650 2250 Att-

1887 2269 2144 2336 gustinum
2186 2284 2285 2319 non
2324 2267 2528 2322 haberet
2559 2287 2651 2336 pa-

1887 2349 2112 2402 tronum,
2144 2339 2410 2408 manifeste
2435 2341 2650 2394 damna-

1889 2417 1942 2462 ta
1972 2409 2171 2478 fuisset,
2203 2421 2256 2463 ut
2287 2411 2543 2468 hwretica.

2182 2767 2366 2823 CXXI.

2126 2854 2413 2894 CENSORI-IS.

1965 2907 2291 2963 Contrarium
2331 2914 2511 2964 docent
2543 2927 2654 2964 om-

1894 2996 1984 3034 nes
2009 2981 2101 3034 alii
2138 2979 2343 3049 Patres,
2374 2984 2524 3051 idque
2548 2999 2657 3035 om-

1897 3054 2020 3105 nino
2085 3053 2264 3105 evincit
2333 3056 2550 3121 simplex
2612 3061 2658 3107 et

1898 3122 2178 3177 historialis
2194 3122 2418 3178 narratio
2441 3125 2660 3196 Moysis;

1899 3210 2054 3263 quare
2072 3197 2186 3266 jam
2207 3212 2471 3250 erroneum
2488 3205 2561 3249 est
2583 3197 2659 3248 di-

1900 3347 2070 3391 creata
2080 3378 2091 3390 .

2729 1556 2856 1615 rior,
2878 1557 2920 1610 si
2944 1570 3116 1610 essem
3137 1555 3340 1609 durior.
3370 1557 3484 1610 Lib.

2729 1642 2801 1680 XII
2826 1626 3083 1695 Confess.,
3111 1645 3222 1695 cap.
3241 1628 3332 1681 ⁸24.
3355 1628 3486 1682 Illud

2729 1708 2928 1762 autem,
2963 1699 3104 1769 quod
3135 1699 3486 1764 contendunt,

2723 1785 2826 1824 non
2878 1770 2977 1823 hoc
3025 1769 3258 1826 sensisse
3307 1771 3487 1825 Mosen

2724 1841 2864 1909 quod
2895 1856 2992 1911 ego
3035 1842 3170 1907 diCo,
3205 1842 3299 1896 sed
3345 1842 3488 1912 quod

2727 1913 2826 1978 ipsi
2877 1912 3094 1976 dicunt,
3151 1914 3313 1976 nolo,
3376 1930 3484 1967 non

2725 1997 2868 2048 amo,
2897 1985 3019 2050 quia
3070 1995 3124 2038 et
3176 1984 3219 2037 si
3269 1985 3338 2037 ita
3381 1994 3483 2051 est,

2728 2065 2903 2108 tamen
2938 2057 3032 2108 ista
3069 2059 3340 2108 temeritas
3383 2072 3488 2110 non

2723 2124 2983 2186 scientia},
3008 2126 3099 2178 sed
3123 2128 3356 2180 audacia.-
3383 2138 3484 2191 est,

2725 2211 2822 2250 nec
2846 2195 3009 2256 visus.
3036 2197 3126 2249 sed
3154 2198 3344 2264 lyplllIS
3368 2213 3486 2252 eam

2726 2266 2952 2336 peperit.
2985 2267 3112 2332 Cap.
3267 2268 3338 2322 lla
3367 2285 3488 2323 cum

2725 2339 2860 2392 alius
2904 2339 3119 2402 dixerit,
3171 2339 3280 2392 Hoc
3318 2342 3491 2394 sensit

2726 2408 2869 2478 quod
2913 2425 3031 2477 ego,
3069 2419 3122 2462 et
3161 2410 3326 2472 alius,
3375 2412 3490 2465 Itno

2728 2481 2856 2535 illud
2880 2481 3020 2550 quod
3044 2496 3161 2551 ego,
3190 2481 3489 2550 religiosius

2732 2568 2820 2608 me
2858 2552 3087 2606 arbitror
3128 2556 3337 2618 «licere,
3380 2553 3490 2606 Cur

2732 2639 2841 2677 non
2879 2633 3160 2692 utrumque
3204 2626 3398 2691 potius,
3444 2623 3491 2678 si

2729 2703 3016 2762 utrumque
3061 2711 3242 2750 verum
3281 2695 3408 2748 est?
3437 2703 3492 2748 et

2730 2767 2772 2818 si
2796 2765 2923 2834 quid
2955 2767 3190 2832 tertium,
3223 2778 3273 2820 et
3296 2767 3339 2819 si
3365 2766 3493 2835 quid

2730 2847 3009 2902 quartum,
3042 2847 3096 2892 et
3131 2842 3171 2890 si
3214 2837 3339 2906 quid
3375 2854 3492 2890 om-

2731 2909 2856 2962 nino
2909 2906 3050 2961 :tliud
3107 2924 3289 2962 verum
3346 2910 3490 2977 quis-

2733 2981 2870 3050 piam
2904 2981 2953 3033 in
2989 2980 3069 3032 his
3109 2979 3289 3034 verbis
3323 2979 3487 3050 vitlet,

2734 3067 2832 3105 cur
2851 3065 2954 3102 non
2981 3051 3067 3103 illa
3091 3052 3268 3104 omnia
3293 3049 3492 3105 vidisse

2735 3121 3000 3184 credatur,
3036 3137 3126 3188 per
3165 3139 3321 3192 quem
3356 3136 3494 3175 unus

2737 3195 2877 3250 Deus
2905 3207 3084 3248 Sacras
3130 3193 3331 3247 litteras
3368 3209 3492 3247 vera

2738 3277 2791 3322 et
2820 3266 3031 3320 diversa
3069 3264 3262 3318 visuris
3294 3265 3494 3318 inultm

2736 3353 2854 3392 rum
2883 3335 3130 3407 sensibus
3155 3336 3493 3407 temperavit.

2736 3408 2864 3480 Cap.
2893 3406 2983 3462 51.

542 3447 602 3501 Β.
632 3446 990 3506 JORDANUS
1020 3449 1111 3505 DE
1135 3451 1452 3508 SAXONIA.

268 3542 538 3608 Quantum
592 3542 659 3597 ad
712 3541 978 3598 dictorum
1033 3543 1434 3610 sufﬁcientiam,
1483 3546 1604 3616 quia
1661 3545 1796 3600 nihil

201 3634 353 3690 deest
387 3636 439 3689 in
469 3634 618 3691 libris
648 3621 932 3706 Augustini
970 3637 1114 3708 quod
1157 3638 1391 3708 pertinet
1417 3637 1482 3692 ad
1513 3638 1795 3694 scientiam

201 3726 338 3795 legis
367 3727 593 3793 divinae;
622 3728 766 3783 unde
792 3728 922 3783 dicit
959 3727 1299 3798 Volusianus,
1326 3731 1569 3785 scribens
1593 3730 1660 3784 ad
1687 3729 1798 3783 Au-

203 3824 478 3891 gusunum
511 3840 525 3877 :
562 3842 582 3874 ‹
604 3821 890 3892 Utcunque
915 3825 967 3877 in
991 3822 1110 3878 aliis
1140 3823 1509 3879 sacerdotibus
1539 3823 1798 3878 toleratur

203 3915 444 3979 inscitia,
478 3917 572 3971 sed
602 3930 725 3972 cum
755 3917 822 3972 ad
855 3916 1150 3973 antistitem
1181 3918 1532 3989 Augustinum
1563 3918 1795 3984 venitur,

201 4009 303 4080 legi
340 4009 431 4064 Dei
464 4010 616 4065 deest
651 4010 906 4082 quidquid
947 4011 1306 4083 Augustinum
1331 4011 1618 4081 contigerit
1652 4012 1801 4081 igno-

199 4117 344 4157 rare.
378 4121 396 4154 ι
433 4102 606 4158 Serm.
639 4101 762 4158 M8.

901 4194 1113 4253 CXVII.

1211 4284 1256 4324 3.
1292 4285 1628 4326 AUGUSTINUS.

1115 4340 1267 4398 Senti
1349 4343 1418 4396 de
1506 4341 1803 4410 Augustino

1041 4413 1298 4484 quidquid
1326 4413 1476 4477 libet,
1504 4415 1615 4466 sola
1641 4428 1726 4467 me
1751 4413 1804 4468 in

1039 4485 1208 4539 oculis
1289 4485 1381 4539 Dei
1480 4485 1803 4539 conscientia

1037 4571 1144 4609 non
1193 4565 1430 4611 accuset.
1465 4557 1618 4621 Quod
1659 4557 1803 4610 enim

1043 4627 1120 4680 ait
1142 4629 1466 4694 Apostolus:
1500 4627 1631 4680 Mihi
1651 4628 1804 4680 mini-

447 4281 730 4324 CBNSORES.

281 4337 479 4408 Nempe
510 4344 624 4409 jam
660 4355 754 4392 nos
794 4339 970 4392 docuit

203 4408 403 4463 Gerson
453 4408 520 4464 et,
545 4412 813 4465 Abulensis
865 4427 967 4478 quo

201 4483 458 4552 pertineat
487 4482 595 4537 lucc
622 4481 926 4554 approbatio
943 4500 964 4550 ;

200 4569 304 4606 non
348 4555 481 4606 enim
518 4570 575 4608 eo
619 4565 674 4607 ut
701 4554 964 4623 intelliga-

201 4641 321 4678 mus
343 4627 681 4694 Augustinum
714 4626 869 4679 nullis
892 4641 970 4678 es-

201 4713 256 4749 se
287 4698 523 4749 humanis
557 4697 835 4764 defectibus
878 4697 968 4749 ob-

203 4769 440 4831 noxium,
472 4768 559 4820 sed
593 4770 875 4822 rarioribus
918 4777 966 4821 et

204 4840 497 4892 levioribus.

1038 4779 1127 4822 aut
1166 4772 1227 4823 ab
1270 4771 1494 4822 humano
1537 4770 1635 4822 die.
1669 4770 1789 4824 Lib.

1037 4840 1717 4911 cont.Secundinum,cap.
1739 4841 1790 4895 1.

685 4931 1028 4989 ARNOBIUS
1066 4932 1330 4990 JUNIOR.

275 5025 539 5093 Serapion
570 5027 746 5081 dixit:
787 5046 804 5079 ί
838 5028 1030 5083 Testor
1070 5028 1242 5083 Deum
1283 5028 1407 5098 quia
1452 5027 1798 5085 sollicitudini

201 5134 342 5174 mea:
385 5120 633 5174 universa
679 5119 1024 5190 ambiguitate
1073 5119 1339 5185 elitninas,
1375 5119 1419 5174 si
1453 5121 1518 5175 de
1562 5121 1642 5175 his
1681 5121 1798 5188 ejus

199 5209 438 5278 (scilicet
467 5213 771 5283 Augustini)
803 5213 932 5266 mihi
978 5211 1197 5268 deﬁnita
1226 5211 1491 5283 proferas,
1519 5221 1574 5268 et
1593 5212 1660 5268 de
1682 5227 1797 5267 om-

201 5306 365 5362 nibus
396 5323 515 5377 quae
553 5316 822 5363 transacta
863 5315 990 5362 sunt
1025 5307 1297 5364 evidentia
1324 5308 1440 5377 ejus
1475 5309 1670 5363 alieras
1698 5309 1797 5364 tio-

199 5407 493 5466 cumenta;
529 5400 697 5455 fateor
737 5400 882 5456 enim
925 5416 1013 5457 me
1041 5402 1157 5471 ejus
1198 5401 1525 5456 assertiones
1570 5402 1640 5455 ita
1673 5416 1796 5469 pro—

200 5497 358 5553 batas
381 5497 603 5563 habere,
629 5505 684 5551 ut
703 5511 762 5553 se
791 5497 965 5568 ipsum
987 5511 1082 5552 ore
1103 5510 1202 5552 suo
1227 5495 1535 5550 haereticum
1558 5494 1792 5565 detegat,

197 5593 294 5663 qui
341 5594 699 5666 Augustinum
753 5596 1020 5664 putaverit
1065 5593 1120 5648 in
1167 5591 1345 5662 aliquo
1395 5591 1790 5662 reprehenden-

193 5684 332 5742 dum
356 5687 592 5758 eloquio.
625 5704 644 5739 ι
679 5686 950 5741 Arnobius
976 5685 1116 5741 dixit
1148 5703 1161 5739 :
1201 5703 1221 5736 ι
1257 5685 1374 5740 Meo
1397 5699 1558 5740 sensu
1586 5685 1796 5740 locutus

197 5795 286 5845 es,
318 5795 443 5834 nam
472 5796 533 5836 ea
563 5796 683 5850 quae
713 5780 830 5851 ejus
876 5796 1017 5835 nunc
1050 5779 1288 5850 profero,
1339 5793 1401 5835 ac
1447 5778 1493 5834 si
1543 5780 1796 5834 sacratis-

197 5871 344 5927 sima
371 5872 737 5941 apostolorum
771 5870 972 5940 scripta
1003 5871 1081 5926 sic
1110 5870 1294 5938 credo,
1321 5877 1379 5926 et
1407 5878 1585 5938 teneo,
1617 5876 1674 5925 et
1697 5868 1790 5926 de-
1858 5916 1866 5925 .

193 5963 384 6023 fetido.
421 5984 440 6018 ι
474 5965 637 6019 Tomo
668 5965 705 6018 V
734 5964 872 6019 Bibl.
905 5963 1048 6031 PP.,
1081 5973 1218 6036 part.
1247 5979 1323 6020 ιιι.

488 6059 763 6123 ΡΑτιιοι.
811 6058 1065 6119 XLVII.

2304 3548 2571 3606 PATRES
2604 3558 2657 3606 et
2689 3546 3065 3604 DOCTORES.

1971 3684 2325 3740 Cassiodorus
2357 3701 2372 3740 :
2409 3705 2429 3737 ‹
2457 3686 2532 3742 De
2564 3687 2751 3743 iisdem
2793 3684 3071 3756 principiis
3115 3692 3334 3740 sanctus
3361 3695 3496 3755 quo-

1901 3790 2005 3845 que
2034 3777 2385 3848 Augustinus,
2419 3777 2653 3834 disertus
2680 3787 2840 3848 atque
2880 3775 3226 3833 cautissimus
3255 3777 3496 3846 disputa-

1904 3878 2010 3934 tor,
2048 3868 2333 3924 duodecim
2364 3869 2634 3924 volumina
2678 3869 3023 3939 conscripsit,
3068 3884 3187 3938 qua:
3225 3867 3496 3924 doctrina-

1904 3976 2021 4014 rum
2065 3976 2202 4030 pene
2233 3963 2473 4017 omnium
2513 3964 2711 4019 decore
2745 3963 2994 4032 vestivit,
3031 3963 3253 4034 hachue
3283 3966 3498 4019 vocavit

1905 4053 1973 4106 de
1999 4051 2193 4108 Genesi
2223 4056 2289 4107 ad
2322 4055 2578 4124 litteram,
2612 4057 2700 4122 qui
2733 4059 2975 4127 quamvis
3007 4055 3075 4111 de
3113 4055 3298 4111 eadem
3325 4067 3497 4112 retra-

1903 4145 2156 4212 ctaverit,
2195 4160 2300 4215 qua
2333 4147 2523 4202 beatus
2568 4147 2818 4212 Basilius,
2849 4157 2902 4202 et
2929 4156 3146 4203 sanctus
3179 4148 3497 4204 Ambrosius

1905 4235 2258 4290 celeberrima
2288 4238 2444 4292 laude
2468 4239 2752 4305 fulserunt,
2785 4248 2982 4309 tamen,
3013 4240 3156 4311 quod
3187 4249 3307 4311 post
3327 4241 3497 4297 diser-

1909 4338 1993 4386 tos
2025 4332 2172 4386 viros
2211 4333 2434 4388 minime
2461 4335 2772 4405 contingere
2803 4338 2963 4403 solet,
2993 4353 3128 4407 opus
3158 4354 3314 4395 suum
3343 4340 3500 4412 longe

1908 4424 1960 4477 in
1989 4423 2148 4478 aliam
2179 4427 2566 4494 summitatem,
2599 4426 2822 4483 Domino
2855 4431 3141 4499 largiente,
3177 4433 3448 4502 produxit.
3474 4450 3493 4486 ι

1906 4514 2022 4570 Lib.
2059 4517 2280 4572 tDivin.
2334 4515 2598 4586 Institut.,
2629 4537 2745 4590 cap.
2802 4519 2894 4575 22.
2937 4521 3170 4578 Sanctus
3210 4523 3447 4580 Thomas
3481 4543 3495 4579 :

1913 4625 1932 4658 ‹
1970 4608 2096 4664 Haec
2123 4610 2304 4679 opinio
2339 4613 2555 4682 (nempe
2595 4611 2875 4681 Augustini
2923 4614 2990 4668 de
3036 4615 3354 4671 simultanea
3407 4632 3501 4673 re-

1041 4714 1181 4751 mum
1195 4708 1340 4777 est‘ut
1365 4716 1394 4750 a
1414 4700 1793 4777 vobisg'udicer,
1822 4701 1878 4764 Β
1904 4715 2021 4755 rum
2050 4702 2347 4774 creatione)
2381 4706 2498 4774 plus
2525 4705 2652 4759 mihi
2683 4705 2876 4774 placet.
2916 4724 2934 4758 ι
2967 4707 3000 4760 2
3038 4707 3209 4775 Sent.,
3249 4709 3371 4763 dist.
3405 4709 3494 4777 12,

1905 4809 1956 4862 q.
1984 4794 2039 4861 l,
2066 4803 2165 4848 art.
2201 4794 2256 4848 2.
2290 4795 2348 4848 Β.
2381 4795 2633 4851 Albertus
2662 4812 2884 4866 magnus
2917 4817 2930 4851 :
2969 4817 2987 4850 ‹
3017 4799 3145 4854 Sine
3176 4799 3490 4868 prtejudicio

1905 4888 2185 4942 sententia:
2230 4889 2468 4943 melioris
2522 4890 2738 4943 videtur
2791 4891 3093 4960 Augustino
3147 4891 3495 4949 consentien-

1907 4982 2057 5049 dum,
2089 5003 2108 5035 ›
2144 4991 2247 5038 etc.
2289 5001 2308 5036 ι
2340 4982 2631 5038 Dicendum
2655 4999 2782 5052 ergo
2805 4986 2946 5054 quod
2971 5000 3066 5055 per
3091 4985 3492 5043 distinctionem

1906 5089 2066 5145 quam
2109 5074 2262 5144 ponit
2289 5074 2500 5146 Moyses
2533 5075 2846 5145 intelligitur
2873 5077 3148 5132 distinctio
3189 5092 3370 5133 rerum
3410 5092 3499 5134 se~

1907 5167 2146 5223 cundum
2177 5178 2383 5222 natura:
2415 5167 2698 5236 principia,
2740 5177 2793 5222 et
2837 5183 2944 5222 non
2985 5169 3260 5224 distinctio
3293 5180 3499 5241 tempo-

1904 5277 2043 5316 rum.
2078 5279 2099 5314 ι
2132 5259 2281 5316 Part.
2311 5276 2328 5315 ι
2362 5259 2591 5315 Summa:
2619 5267 2800 5330 quiest.
2840 5259 2926 5328 l2,
2957 5263 3019 5313 de
3050 5273 3268 5331 quatuor
3297 5267 3498 5319 cotevis.

1904 5353 2172 5424 .Egidius,
2200 5362 2334 5424 part.
2368 5369 2385 5406 ι
2418 5351 2765 5417 Hexameron,
2798 5369 2913 5423 cap.
2945 5353 3016 5409 28
3043 5369 3058 5408 :
3093 5373 3110 5405 ι
3159 5353 3273 5408 Non
3315 5365 3499 5411 autem

1904 5446 2007 5501 ista
2041 5446 2294 5511 dicimus,
2335 5456 2395 5500 ut
2441 5445 2806 5514 improbemus
2841 5446 3148 5514 Opinionem
3191 5449 3497 5517 Augustini,

1904 5555 2024 5609 quae
2069 5550 2152 5594 est
2194 5538 2349 5593 valde
2393 5538 2629 5604 subtilis,
2683 5553 2787 5592 non
2838 5537 3111 5592 solemnis.
3139 5557 3156 5590 ι
3208 5538 3498 5611 Dionysius

1903 5633 2327 5689 Carthusianus:
2365 5651 2382 5684 ι
2422 5632 2815 5704 (Augustinus)
2854 5633 3176 5703 excogitavit
3210 5634 3496 5700 quamdam

1901 5736 2298 5806 expositionem
2327 5735 2604 5800 subtilem,
2649 5749 2746 5804 per
2781 5751 2938 5806 quam
2979 5735 3220 5792 defendit
3256 5735 3472 5804 Scripta

1902 5854 2016 5894 ram
2044 5839 2111 5893 ab
2139 5837 2390 5893 irrisione
2413 5838 2740 5907 hujusmodi,
2777 5847 2831 5895 et
2859 5850 3034 5896 tamen
3059 5838 3294 5896 salvavit
3315 5837 3494 5908 Scrip-

1904 5953 2035 6001 turae
2055 5950 2110 5999 et
2135 5941 2256 6000 ﬁdei
2286 5941 2585 5999 veritatem.
2610 5960 2630 5996 ι
2668 5939 2736 5998 In
2757 5958 2876 6014 cap.
2907 5958 2923 5999 I
2954 5941 3166 6015 Cenes.,
3194 5948 3301 5999 art.
3329 5938 3383 5998 5.

3065 6059 3140 6120 28
