3988 6348
215 372 324 441 871

214 502 340 550 runt
364 488 566 565 altioris
600 489 799 546 ordinis
822 504 976 565 quam
1046 487 1622 565 geniostsdifiiciiljme
1644 499 1801 565 III_Iel-
1829 490 1885 565 Α

215 566 441 619 aliorum
482 560 770 634 doctorum,
820 560 977 617 etiam
1050 560 1164 634 ligi,
1189 560 1297 634 nisi
1329 575 1447 615 cum
1480 560 1558 615 eis
1585 560 1801 616 easdem

215 634 667 690 scholasticorum.
1044 633 1279 689 conabar
1296 646 1589 700 exponere,
1615 640 1669 686 et
1688 638 1805 686 erat

1045 705 1137 761 ille
1194 704 1680 759 excellentissimus
1746 702 1802 761 in

213 779 321 864 eis,
363 776 475 864 quin
507 791 598 864 mre
649 782 1008 864 exponentem
1042 791 1151 843 non
1204 775 1413 830 tardius
1461 784 1799 846 sequeretur.

212 847 334 911 Lib.
358 846 413 907 ἡ
433 846 695 920 ορπίεειη
717 846 833 922 cap.
860 846 951 903 to.

527 959 588 1027 δε
630 958 910 1029 THOMAS
938 959 1489 1027 YILLANOVANUS.

296 1079 409 1136 Hoc
437 1078 539 1136 sibi
556 1078 857 1150 iustissime
887 1077 1124 1135 vindicat
1147 1078 1504 1149 Augustinus,
1538 1077 1652 1135 haec
1682 1089 1807 1145 pars

214 1170 501 1242 Augustini
552 1172 605 1226 in
662 1170 764 1226 hae
811 1169 1090 1241 sapientia
1130 1171 1264 1237 luce,
1316 1172 1455 1227 sicut
1497 1171 1579 1228 sol
1626 1168 1808 1227 omnia

215 1273 388 1332 astra,
433 1265 508 1320 ita
528 1272 765 1327 caeteros
787 1278 978 1327 omnes
1006 1272 1127 1335 post
1146 1263 1419 1332 apostolos
1451 1270 1672 1331 superat
1700 1262 1809 1316 Au-

210 1357 486 1428 gustinus,
534 1363 640 1419 etc.
691 1356 904 1421 Etenim
936 1356 1241 1411 intellectus
1288 1356 1558 1422 acumine,
1609 1352 1809 1427 ingenii

216 1450 623 1522 perspicuitate,
671 1449 977 1521 disputandi
1016 1448 1335 1514 acrimonia,
1386 1446 1691 1511 inveniendi
1720 1462 1810 1501 co-

217 1542 328 1617 pia,
378 1540 683 1599 disserendi
732 1540 1027 1599 subtilitate
1082 1548 1379 1597 monstrum
1430 1537 1700 1610 quoddam
1756 1538 1808 1592 in

214 1644 413 1693 natura
461 1634 560 1692 fuit
605 1634 956 1706 Augustinus,
1010 1633 1103 1705 qui
1149 1633 1396 1699 humana:
1441 1631 1811 1702 intelligentia

215 1733 481 1797 terminos
514 1730 809 1793 irradiante
838 1728 948 1785 Deo
976 1729 1123 1785 visus
1152 1739 1235 1784 est
1269 1726 1688 1797 transcendisse,
1732 1726 1811 1781 vir

218 1825 516 1901 intellectu,
561 1834 620 1881 ut
646 1825 863 1895 quidam
910 1824 1008 1890 ait,
1054 1833 1108 1879 et
1153 1824 1415 1893 sapientia
1460 1836 1628 1893 prope
1666 1821 1807 1877 divi-

216 1930 342 1974 nus.
376 1883 533 1973 Cone.
568 1917 593 1970 ι
628 1883 782 1977 άέδ.
828 1883 1137 1985 Augustino.
1186 1883 1316 1981 duis
1346 1883 1488 1968 enim
1518 1883 1589 1967 ita
1633 1913 1813 1969 excel-
1843 1883 1891 1959 Β

216 2008 318 2071 luit
346 2007 595 2080 ingenio?
623 2009 742 2081 quis
775 2007 846 2073 ita
877 2007 1045 2073 valuit
1068 2005 1360 2062 facundia?
1401 2006 1525 2078 quis
1552 2006 1814 2060 humana-

215 2115 340 2156 rum
368 2100 778 2169 divinarumque
806 2112 987 2154 rerum
1018 2096 1278 2166 sapientia
1304 2098 1384 2152 sic
1409 2095 1651 2151 etfulsit?
1696 2095 1815 2169 quis

220 2201 308 2249 tot
332 2193 602 2264 tantisque
625 2191 985 2253 voluminibus
1030 2190 1123 2245 Dei
1168 2189 1462 2243 Ecclesiam
1496 2185 1815 2241 illustravit?

214 2282 343 2353 quis
398 2282 797 2349 ecclesiasticos
841 2281 1062 2345 ordines
1100 2280 1176 2336 sic
1217 2278 1474 2335 edocuit?
1526 2277 1811 2344 Mentitur,

213 2378 301 2433 ait
324 2376 562 2445 quidam,
591 2376 680 2446 qui
708 2389 770 2431 se
794 2376 973 2431 omnia
1004 2371 1292 2443 Augustini
1314 2371 1588 2426 volumina
1621 2369 1813 2440 legisse

211 2468 410 2541 iactat,
440 2469 560 2541 plus
590 2468 755 2537 valuit
786 2466 876 2524 ille
901 2465 1164 2535 scribere,
1192 2480 1353 2539 quam
1386 2478 1484 2519 nos
1511 2460 1814 2518 sufﬁcimus

218 2559 427 2634 legere.
452 2561 609 2629 Cone,
638 2563 673 2617 5
702 2562 766 2627 (te
786 2560 984 2625 eodem.

897 2674 1139 2741 CXXIX.

457 2783 746 2827 CWR'S.
1214 2780 1263 2825 So
1301 2781 1649 2825 AUGUSTINUS.

306 2839 630 2897 Vindicanda
660 2852 728 2899 est
752 2838 982 2895 Ecclesia
1126 2837 1204 2895 Te
1248 2854 1397 2909 ergo,
1432 2854 1559 2894 vera
1599 2838 1810 2908 Sponsa

218 2928 252 2966 a
289 2913 449 2985 tutela
477 2922 522 2967 et
551 2911 855 2985 padagogia
883 2910 982 2965 Au-
1054 2910 1417 2985 veriChristi,
1451 2910 1687 2965 Ecclesia
1718 2925 1810 2965 ca-

219 2984 440 3053 gustini.
552 2982 561 2985 ’
706 2982 715 2985 ’
774 2982 781 2983 “
1058 2982 1275 3047 tholica,
1321 2982 1583 3051 alloquar,
1629 2992 1683 3037 et
1710 2997 1811 3052 ego

1056 3060 1111 3109 te
1141 3068 1237 3123 pro
1268 3053 1484 3108 modulo
1517 3068 1638 3108 meo
1674 3068 1811 3123 qua-

220 3126 512 3194 liscunque
554 3124 696 3189 ﬁlius
723 3132 778 3181 et
807 3139 995 3181 servus
1032 3136 1153 3194 tuus
1184 3125 1387 3194 positus
1413 3125 1465 3179 in
1506 3134 1558 3194 te
1585 3125 1807 3194 dispen-

216 3212 347 3253 sare
374 3192 571 3252 cibaria
596 3197 869 3252 conservis
897 3198 1050 3252 meis.
1077 3192 1199 3250 Lib.
1224 3211 1291 3250 xv
1319 3206 1499 3250 contra
1530 3192 1806 3264 Faustum,

216 3283 337 3336 cap.
372 3269 457 3324 I5.

530 3381 901 3439 FACUNDUS
952 3379 1489 3437 HERMIANENSIS.

198 3482 201 3483 ν
296 3494 545 3555 Audeant
589 3494 701 3560 isti,
751 3494 796 3551 si
839 3502 1086 3565 possunt,
1132 3492 1441 3547 haereticum
1491 3492 1673 3561 dicere
1701 3492 1812 3547 Au—

213 3584 516 3654 gustinum,
555 3587 788 3643 audeant
822 3586 1048 3641 sollicita
1081 3585 1501 3656 praesumptione
1530 3585 1808 3652 damnare,

212 3686 275 3735 et
327 3692 453 3736 tunc
499 3694 625 3736 vere
674 3679 877 3735 discent
912 3694 1031 3749 quas
1079 3678 1147 3733 sit
1188 3678 1359 3749 pietas
1409 3688 1463 3731 et
1510 3680 1809 3733 constantia

215 3772 484 3828 Ecclesiae
537 3772 878 3838 Latinorum,
935 3786 1092 3840 quam
1144 3769 1283 3825 Deus
1331 3768 1638 3841 magisterio
1694 3771 1810 3839 ejus

213 3866 454 3925 inatituit
495 3874 655 3936 atque
698 3866 949 3931 lirmavit,
980 3878 1101 3919 cum
1147 3862 1213 3917 ab
1244 3862 1493 3918 omnibus
1526 3862 1809 3919 confeSIim

213 3959 658 4021 anathematizati
691 3960 909 4024 fuerint,
952 3967 1009 4016 et
1046 3969 1295 4030 tanquam
1328 3959 1535 4028 putrida
1566 3967 1621 4014 et
1665 3977 1810 4016 mor-

207 4051 347 4111 bida
378 4054 618 4109 membra
652 4053 880 4120 praecisi.
922 4049 1040 4107 Lib.
1069 4060 1247 4106 contra
1275 4049 1591 4107 Mocianum.

894 4165 1111 4223 CXXX.

453 4276 734 4319 (33880838.
1215 4277 1263 4317 S.
1296 4274 1640 4317 AUGUSTINUS.

262 4331 973 4404 UtrumAugustinuscontra
1118 4332 1232 4387 Non
1292 4333 1445 4404 valde
1497 4346 1661 4404 curo,
1726 4332 1808 4387 in-

207 4404 265 4457 id
309 4405 453 4475 quod
493 4402 736 4459 sentimus
787 4405 971 4475 sentiat
1045 4418 1227 4473 quam,
1255 4403 1607 4475 superborum
1634 4402 1805 4472 impe-

207 4474 327 4529 non
352 4476 631 4529 admodum
656 4474 967 4529 curandum.
1042 4476 1375 4544 ritnrumque
1420 4474 1657 4543 judicia,
1712 4475 1801 4543 qui

1040 4545 1288 4601 similiter
1338 4546 1390 4600 in
1432 4544 1689 4613 legendos
1736 4546 1802 4600 li-

207 4616 346 4740 ιῦτιέε
372 4625 530 4687 atque
554 4617 632 4740 ii‘n
662 4616 975 4673 salutandos
1017 4617 1261 4673 homines
1286 4616 1518 4671 irruunt.
1550 4614 1667 4681 Lib,
1692 4631 1709 4669 ι
1740 4618 1803 4671 de

262 4706 293 4740 r
336 4726 377 4740 ..
406 4705 520 4740 (αι).
627 4726 640 4740 .

262 4690 377 4757 rd.,
406 4705 520 4757 cap.
554 4690 640 4743 II.

324 4780 383 4835 Β.
410 4780 773 4837 ALBERTUS
810 4780 1089 4837 MAGNUS
1134 4789 1189 4836 et
1227 4776 1305 4837 S.’
1329 4779 1687 4836 PAULINUS.

286 4870 582 4927 Dicendum
617 4872 758 4941 quod
799 4872 898 4934 sic,
942 4873 1065 4942 quia
1100 4872 1199 4925 hoc
1240 4870 1573 4941 Augustinus
1612 4884 1799 4940 aperte

206 4962 363 5027 dicit,
406 4962 490 5016 cui
532 4961 905 5017 contradicere
944 4963 1166 5032 impium
1208 4969 1291 5017 est
1333 4964 1382 5015 iu
1413 4962 1478 5017 iis
1520 4976 1641 5031 quae
1684 4972 1799 5018 tan-

203 5063 342 5125 gunt
370 5052 525 5108 fidem
556 5062 609 5110 et
638 5068 835 5111 mores.
871 5053 1077 5108 Part.n
1110 5053 1259 5109 Sum.
1306 5054 1464 5109 theol.
1489 5095 1503 5117 ,
1535 5061 1684 5107 tract.
1709 5053 1795 5123 14,

201 5162 259 5215 q.
294 5142 501 5211 184,αά
530 5163 580 5217 q.
613 5145 666 5201 5.
714 5148 942 5203 Sanctus
978 5147 1229 5204 Paulinus
1250 5190 1265 5214 ,
1308 5147 1455 5218 epist.
1488 5147 1557 5202 56
1584 5147 1654 5199 ad
1691 5145 1796 5201 Ro-

203 5237 513 5303 manianum
555 5241 688 5296 inter
725 5242 1148 5313 Augustinianas,
1192 5241 1266 5297 ait
1300 5258 1312 5294 :
1349 5258 1367 5292 ι
1405 5240 1460 5296 Si
1509 5240 1719 5305 audias,
1754 5240 1797 5296 si

202 5332 459 5404 acquaris
496 5333 938 5408 (Augustinum),
990 5346 1049 5392 ut
1084 5352 1296 5392 rursum
1338 5344 1389 5391 te
1424 5349 1675 5392 sermone
1706 5336 1801 5387 Sa-

203 5410 445 5479 lomonis
484 5423 756 5479 alliciam:
789 5425 915 5495 Fili,
964 5444 1209 5482 coronam
1255 5428 1474 5496 accipies
1520 5427 1800 5499 gratiarum

204 5523 299 5570 tuo
326 5516 524 5571 vertici.
557 5535 580 5572 s
617 5516 809 5574 Postea
841 5536 855 5575 :
897 5539 916 5573 ι
954 5519 1092 5576 Vere
1127 5520 1270 5575 enim
1315 5519 1551 5590 pontifex
1582 5529 1637 5575 et
1674 5535 1801 5576 vere

208 5606 419 5675 consul,
456 5606 682 5674 Licenti,
709 5609 836 5675 eris,
865 5611 909 5665 si
952 5609 1230 5682 Augustini
1262 5611 1502 5683 vestigiis
1531 5611 1803 5679 prepheti-

210 5702 295 5755 cis
324 5708 381 5753 et
401 5700 714 5770 apostolicis
756 5701 1077 5771 disciplinis,
1112 5711 1169 5756 ut
1213 5712 1422 5756 sacrato
1461 5702 1649 5756 beatus
1688 5701 1799 5756 Eli-

204 5805 350 5845 smus
377 5789 534 5859 Elite,
570 5799 628 5846 ut
653 5791 846 5848 illustri
872 5793 1117 5863 apostolo
1142 5792 1459 5849 Timotheus
1481 5794 1798 5849 adolescens

202 5882 488 5942 adluereas
517 5886 785 5945 iudivulso
804 5903 902 5955 per
925 5889 1115 5946 itinera
1142 5888 1317 5943 divina
1348 5889 1655 5944 comitatu.»
1688 5900 1791 5943 etc.

1398 372 1715 435 VINDICIE
1754 366 2316 445 AUGUSTINIANE.

3394 370 3499 428 878

2578 484 2819 555 CXXXI.

2137 590 2425 635 CENSORES.

1978 648 2101 702 Jam
2139 650 2272 701 enim
2303 649 2355 702 in
2387 648 2528 703 libris
2559 646 2671 702 edi-

1908 720 1972 774 tis
2000 728 2198 773 constat
2235 729 2453 789 quantas
2496 720 2669 773 turbas

1911 791 2151 847 excitarit
2180 808 2283 845 una
2312 791 2496 846 vocula
2528 800 2670 844 tanta

1908 862 2204 933 adulatione
2250 864 2451 933 jactata
2477 878 2496 915 :
2522 860 2669 916 Reli-

1909 948 2045 1003 quos
2079 932 2293 1004 quidem
2347 932 2533 988 Patres
2574 933 2669 989 uti-

1911 1005 2006 1070 les,
2043 1004 2136 1059 sed
2170 1004 2520 1071 Augustinum
2549 1005 2669 1061 uni-

1910 1090 2033 1141 cum
2058 1091 2175 1129 esse
2201 1075 2587 1138 necessarium,
2614 1084 2668 1130 et

1912 1138 1976 1199 ad
2010 1160 2196 1200 omnes
2239 1145 2488 1200 materias
2528 1143 2672 1199 theo-

1911 1217 2108 1285 Iogicas
2159 1218 2407 1271 sufﬁcere
2446 1232 2462 1270 :
2510 1216 2670 1284 Quasi

1918 1287 2153 1341 Ecclesia
2218 1290 2311 1341 Dei
2362 1288 2431 1341 ad
2476 1295 2673 1341 tantam

1912 1359 2245 1412 solitudinem
2273 1359 2480 1413 redacta
2505 1360 2589 1420 sit,
2618 1367 2673 1410 ut

1914 1445 2015 1482 non
2045 1445 2109 1485 ea:
2128 1430 2409 1484 multorum
2450 1429 2670 1484 Patrum

1914 1516 2180 1565 consensu,
2255 1502 2343 1555 sed
2395 1502 2458 1553 ab
2522 1501 2671 1554 unius

1913 1570 2162 1639 suﬁ'ragio
2216 1588 2431 1627 suarum
2467 1571 2673 1627 dcct'sio-

1913 1657 2037 1697 num
2068 1642 2225 1697 robur
2260 1644 2484 1698 mutuari
2517 1658 2668 1712 coga-

1913 1722 2016 1768 tur.

2903 592 2950 630 8.
2980 589 3321 634 AUGUSTINUS.

2810 645 3144 720 Tantumque
3166 648 3296 720 mihi
3326 647 3500 705 tribu-

2741 726 2852 785 tum
2904 727 3025 788 est,
3064 719 3143 781 ut
3196 719 3500 790 ubicunque

2744 807 2830 855 me
2874 803 3137 862 praesente
3179 790 3321 862 loqui
3363 806 3500 862 Opus

2742 871 2889 919 esset
2914 860 2980 917 ad
3012 860 3285 932 populum,
3328 860 3499 918 raris-

2741 934 2876 989 sime
2925 941 3105 988 tacere
3158 940 3317 1004 atque
3365 932 3503 1004 alios

2740 1003 2927 1074 audire
2995 1001 3360 1074 permitterer.
3432 1001 3501 1059 In

2742 1070 2970 1148 Prologo
2996 1070 3230 1129 Retract.

2816 1146 2971 1205 AbSit
2997 1162 3024 1199 a
3054 1161 3139 1201 me
3170 1148 3292 1213 ista,
3331 1161 3494 1216 quam

2744 1216 2872 1272 mihi
2904 1216 3129 1285 obiicis,
3168 1219 3500 1288 arrogantia,

2746 1296 2803 1341 ut
2826 1302 2915 1343 me
2945 1287 3100 1341 istam
3131 1287 3344 1342 causam
3372 1303 3502 1345 con-

2746 1369 2824 1413 tra
2852 1373 2981 1423 vos,
3010 1373 3171 1412 unum
3204 1374 3302 1427 pro
3328 1360 3503 1415 omni-

2745 1430 2844 1484 bus
2884 1442 3043 1495 agere
3076 1428 3381 1496 pollicerer.
3431 1428 3501 1485 In

2743 1502 2848 1571 [ine
2888 1500 2978 1557 lib.
3025 1514 3064 1556 ιι
3100 1508 3284 1556 contra
3325 1498 3502 1556 Julia-

2570 1781 2830 1841 CXXXII.

2137 1889 2423 1931 CENSOBES.

2000 1946 2241 2001 Vidimus
2282 1947 2505 2001 sectione
2544 1960 2671 2014 pra!-

1918 2019 2113 2072 cedenti
2138 2020 2413 2088 scriptores
2436 2018 2672 2086 synopsis

1918 2093 2030 2155 eius
2076 2092 2191 2142 vitm
2231 2094 2444 2158 (nempe
2493 2088 2675 2143 Janse-

1918 2162 2058 2227 nii),
2127 2162 2221 2214 hoc
2271 2160 2433 2226 ipsius
2484 2160 2676 2212 celebre

1918 2232 2113 2284 dictum
2176 2231 2330 2284 veluti
2379 2239 2519 2283 tanto
2567 2231 2674 2283 viro

1918 2302 2131 2373 dignum
2184 2302 2560 2373 apophthegma
2602 2316 2674 2354 re-

1917 2374 2051 2497 {erre
2078 2391 2096 2428 :
2121 2373 2308 2427 Patres
2334 2379 2559 2427 creteros
2580 2373 2675 2426 uti-

1938 2460 1997 2497 es
2024 2459 2165 2497 esse.
2196 2443 2289 2497 sed
2318 2444 2671 2497 Augustinum

1938 2460 1997 2498 es
2024 2443 2289 2526 essm-sed
2318 2444 2671 2526 Augustinum

1918 2528 2305 2577 necessarium,
2359 2528 2469 2569 ImO
2510 2528 2671 2568 unum

1953 2601 2015 2640 ro
2056 2586 2202 2640 omni
2252 2585 2472 2639 materia
2526 2585 2673 2640 theo-

1953 2603 2015 2640 I'O
2056 2603 2202 2640 omni
2252 2603 2472 2639 materia
2526 2603 2673 2640 tneo-

1918 2603 2085 2727 iiigioa
2116 2656 2380 2711 sufficere.
2415 2656 2539 2722 Quae
2568 2671 2676 2724 pro-

1915 2726 2103 2797 positio
2148 2742 2250 2783 non
2278 2729 2429 2780 modo
2466 2743 2669 2799 gravem

1913 2800 2379 2872 exaggerationem,
2409 2800 2499 2853 sed
2519 2800 2673 2852 etiam

1914 2871 2253 2943 perniciosum
2290 2884 2519 2924 errorem
2557 2886 2672 2924 con-

1916 2944 2061 2997 tinet.

2910 1891 2957 1932 S.
2996 1890 3333 1936 Αοαῠετιιωι.

2819 1946 2963 2002 Unus
2985 1962 3100 2003 sum
3128 1964 3158 2004 e
3189 1949 3370 2003 multis
3409 1947 3502 2020 qui

2748 2020 2997 2086 profanas
3044 2029 3245 2075 vestras
3295 2020 3502 2085 novita-

2749 2095 2851 2153 tes,
2886 2098 2945 2142 ut
2970 2104 3270 2158 possumus,
3304 2090 3503 2145 refuta-
3546 2094 3551 2099 ’

2752 2174 2891 2223 mus,
2923 2161 3059 2213 sicut
3090 2163 3373 2230 unicuique
3406 2176 3502 2216 no-

2748 2241 2919 2285 strum
2967 2232 3106 2285 Deus
3157 2234 3379 2300 partitus
3416 2240 3503 2289 est

2749 2315 3055 2356 mensuram
3098 2303 3242 2357 lidei.
3292 2302 3406 2357 Lib.
3446 2318 3502 2356 vt

2746 2382 2879 2445 cont.
2908 2371 3045 2436 Jul.,
3081 2390 3195 2445 cap.
3227 2372 3279 2426 8.

2818 2443 2967 2498 Nunc
2995 2443 3150 2511 ergo,
3194 2461 3260 2498 ne
3292 2445 3364 2498 tui
3397 2454 3503 2498 sto-

2748 2515 2919 2569 machi
2946 2514 3086 2569 follis
3110 2515 3365 2583 indigesta
3394 2530 3501 2569 ma-

2749 2585 3062 2640 ledictorum
3081 2587 3347 2641 cruditate
3368 2600 3501 2639 rum-

2748 2666 2923 2725 patur,
2959 2658 3011 2710 in
3050 2656 3189 2711 hunc
3211 2671 3419 2721 cvome,
3455 2658 3502 2710 si

2745 2728 2929 2793 audes,
2979 2728 3339 2782 calumniosas
3382 2736 3501 2780 tuas

2744 2799 3048 2865 vanitates,
3125 2810 3181 2855 et
3264 2798 3501 2853 insanias

2745 2870 3395 2941 tuendaces,etc.lnsignis
3410 2867 3502 2923 Ec-

2746 2940 3027 3012 clesiarum
3040 2940 3500 3012 doctorJOquitur.

2746 3006 2860 3066 Lib.
2877 3028 2913 3067 ιι
2934 3025 3068 3067 cont.
3094 3012 3282 3078 eumd.,
3314 3006 3501 3086 cap.8.

2398 3120 2655 3191 MARTIN
2665 3123 2747 3180 US
2779 3124 2819 3178 V
2849 3139 3002 3197 papa.

1839 3271 1887 3337 C

1984 3216 2300 3288 Quicunque
2331 3217 2400 3275 de
2440 3216 2677 3281 Christo,
2725 3215 2792 3271 de
2836 3215 2961 3286 (ide,
3004 3216 3071 3277 de
3108 3215 3368 3289 religione
3398 3216 3498 3273 ali-

1914 3310 2044 3382 quid
2075 3320 2366 3381 saperent,
2418 3310 2667 3365 omnibus
2697 3310 2747 3363 in
2778 3324 2877 3365 ore
2913 3318 3032 3364 erat
3057 3307 3409 3379 Augustinus,
3440 3316 3501 3365 ut

1915 3402 2045 3459 nihil
2069 3417 2209 3473 pene
2236 3419 2300 3457 ex
2331 3403 2501 3457 sacris
2532 3402 2721 3457 litteris
2753 3402 2919 3472 possit
2947 3400 3050 3455 nisi
3076 3417 3141 3455 eo
3168 3401 3306 3457 duce
3334 3402 3495 3457 intel-

1914 3494 2027 3565 ligi,
2056 3493 2187 3549 nihil
2220 3495 2320 3551 nisi
2359 3510 2425 3551 eo
2462 3495 2753 3565 interprete
2794 3493 3076 3564 explicari.
3127 3495 3200 3549 Eo
3226 3495 3335 3565 jam
3367 3509 3497 3550 auc-

1916 3596 2032 3641 tore
2060 3585 2263 3641 factum
2299 3596 2386 3643 est
2424 3594 2482 3641 ut
2510 3600 2607 3641 nec
2654 3584 2983 3653 philosophis
3011 3587 3326 3654 sapientiam
3359 3586 3498 3641 invi-

1913 3678 2170 3744 deamus,
2215 3694 2320 3733 non
2370 3688 2645 3734 oratorum
2691 3677 3053 3748 eloquentiam
3102 3678 3494 3747 desideremus,

1915 3787 2020 3826 non
2068 3770 2439 3825 studiosorum
2480 3769 2693 3839 ingenia
2731 3771 3086 3839 requiramus,
3119 3785 3222 3825 non
3264 3771 3498 3840 denique

1914 3864 2069 3920 nobis
2106 3878 2333 3919 acumen
2383 3862 2685 3917 Aristotelis
2714 3862 3075 3918 necessarium
3117 3865 3204 3927 sit,
3239 3879 3343 3917 tton
3377 3863 3497 3923 Pla-

1914 3956 2052 4011 tonis
2081 3955 2408 4025 eloquentia,
2440 3968 2543 4009 non
2587 3956 2864 4024 prudentia
2901 3955 3179 4022 Varronis,
3219 3972 3327 4010 non
3368 3972 3495 4027 gra-

1920 4051 2053 4104 vitas
2082 4046 2337 4113 Socratis,
2380 4062 2485 4104 non
2526 4049 2815 4102 auctoritas
2848 4048 3181 4119 Pythagorae,
3232 4064 3335 4103 nun
3372 4049 3497 4104 Em-

1914 4142 2148 4213 pedoclis
2188 4141 2427 4205 solertia,
2484 4155 2587 4193 non
2630 4142 2939 4211 cujusquam
2985 4141 3130 4196 illius
3155 4144 3367 4211 generis
3400 4142 3496 4197 lto-

1914 4233 2113 4289 minum
2161 4230 2388 4288 scientia
2432 4246 2496 4286 ac
2539 4233 2709 4286 virtus
2757 4232 3002 4301 exemplo
3044 4241 3135 4286 aut
3173 4232 3497 4290 documento

1913 4326 2065 4381 nobis
2092 4340 2211 4380 esse
2240 4324 2453 4379 debeat.
2480 4323 2623 4378 ldetn
2657 4324 2812 4377 nobis
2841 4325 3223 4395 prephetarum
3257 4326 3496 4393 oracula,

1909 4417 2048 4473 idem
2093 4418 2457 4488 apostolorum
2500 4428 2663 4470 vni-es
2704 4414 2890 4481 refert,
2931 4417 3072 4472 idem
3114 4433 3328 4474 omnem
3376 4434 3495 4475 om-

1911 4510 2054 4563 nium
2085 4508 2483 4577 Scripturarum
2508 4522 2725 4561 sensum
2757 4509 3029 4576 exprimit,
3064 4527 3200 4565 unus
3227 4522 3499 4580 postremo

1914 4602 2152 4655 omnium
2212 4598 2430 4653 Patrum
2480 4598 2891 4669 sapientumque
2944 4601 3154 4671 ingenia
3214 4617 3277 4657 ac
3324 4604 3498 4660 studia

1912 4693 2149 4749 exhibet.
2173 4692 2227 4748 Si
2258 4692 2535 4745 veritatem
2565 4690 2780 4757 quaeris,
2827 4690 2873 4743 si
2903 4690 3226 4757 doctrinam,
3254 4694 3300 4748 si
3327 4694 3498 4763 pieta-

1911 4796 2039 4851 tem,
2068 4786 2187 4854 quis
2218 4783 2464 4837 doctior?
2503 4781 2626 4850 quis
2669 4781 2901 4849 justior?
2938 4783 3082 4853 quis,
3112 4793 3167 4838 ut
3198 4785 3268 4838 ita
3296 4784 3494 4853 dicam,

1906 4879 2143 4933 sanctior
2208 4873 2547 4945 Augustino?
2604 4872 2773 4929 Serm.
2845 4875 2909 4929 de
2967 4876 3204 4931 translat.
3264 4878 3497 4948 corporis

1908 4970 1967 5027 S.
2005 4970 2246 5023 Monica'.

2560 5054 2849 5115 CXXXIII.

2896 5165 2946 5207 s.
2978 5144 3319 5208 aucus‘rnms.

2818 5242 2910 5298 Sic
2948 5242 3030 5314 vis
3077 5244 3496 5314 disputatorlbus

2744 5329 2851 5369 non
2884 5313 3236 5383 praeiudicare
3250 5354 3253 5357 λ
3265 5318 3495 5372 catholi-

2741 5386 2820 5441 cis
2849 5386 3107 5441 nonnulla
3134 5403 3250 5457 qua:
3280 5389 3348 5442 ab
3389 5390 3490 5451 eis,

2740 5458 2879 5511 sicut
2918 5465 3090 5525 putas,
3113 5457 3374 5514 incautius
3417 5460 3496 5514 iu-

2739 5540 2822 5595 sa,
2843 5526 2996 5582 vobis
3032 5527 3334 5598 obiicimus,
3366 5530 3495 5598 quid

2737 5610 2817 5655 eat
2842 5599 2963 5664 hoc,
2994 5600 3093 5653 nisi
3116 5601 3315 5668 dicere,
3329 5604 3493 5657 etiam

2737 5671 2791 5725 iu
2838 5671 3130 5739 Scripturis
3176 5672 3377 5728 sanctis
3421 5685 3489 5728 ea

1911 5742 2020 5796 Hos
2044 5744 2179 5797 enim
2200 5744 2328 5796 duos
2356 5758 2566 5811 magnos
2588 5743 2661 5795 υἱ·
2733 5756 2854 5812 qua:
2884 5756 2982 5813 pro
3010 5757 3070 5798 se
3095 5752 3354 5811 usurpant
3381 5744 3491 5796 ha:-

1908 5831 2011 5879 ros,
2044 5815 2188 5885 quasi
2221 5814 2322 5866 (luo
2355 5814 2519 5866 maria
2547 5820 2658 5867 ma-
2732 5815 2885 5870 retici
2915 5815 3179 5869 incautius
3200 5813 3311 5869 fusa
3333 5814 3490 5869 esse?

1904 5902 2004 5955 gna
2065 5885 2388 5939 considerare
2454 5900 2658 5940 necesse
2730 5899 2838 5955 quo
2863 5886 3174 5944 sceleratius
3206 5885 3332 5955 quid
3378 5899 3476 5955 po-

2142 5164 2428 5206 CENSORES.

1985 5242 2107 5298 Non
2118 5252 2193 5297 est
2210 5260 2301 5297 cur
2328 5243 2491 5298 sancti
2513 5240 2673 5296 Pauli

1909 5332 1972 5369 ac
2012 5322 2177 5369 sancti
2204 5314 2478 5386 Augustini
2508 5312 2671 5386 verbis

1909 5395 2206 5452 teneamur,
2259 5385 2347 5457 qui
2390 5385 2669 5457 aliquando

1913 5460 2086 5513 omnia
2116 5456 2277 5513 merae
2296 5457 2387 5511 Dei
2419 5456 2670 5509 voluntati

1911 5530 2187 5584 altribuere
2234 5530 2469 5583 videntur
2512 5528 2667 5580 etiam

1909 5602 2098 5671 absque
2136 5602 2241 5654 ullo
2290 5599 2533 5671 bonorum
2572 5614 2664 5652 no-

1905 5670 2128 5726 strorum
2182 5688 2389 5742 operum
2445 5670 2658 5724 intuitu.
