3988 6348
590 369 695 428 879

589 499 685 564 est,
712 491 803 561 qui
828 490 1017 562 ingenii
1038 492 1118 564 sui
1147 490 1339 561 impetu
1412 498 1519 564 test
1564 491 1711 547 dici?
1742 491 1859 548 Lib.
1890 493 1962 564 iiv
2009 492 2168 564 Oper.

588 561 641 616 in
682 578 839 616 unum
872 561 1023 633 littus
1060 563 1134 616 ita
1176 577 1340 616 exun—
1414 562 1836 631 imperf.,contra
1873 561 2168 633 lulianum,

587 635 729 696 dant,
753 642 810 687 ut
827 632 1041 706 alterum
1056 649 1147 704 pro
1169 633 1341 703 aliqua
1416 650 1531 706 cap.
1567 634 1691 690 112.

587 713 810 775 tempore
834 704 1025 759 siccum
1058 705 1345 775 relinquere

585 776 714 851 velle
768 775 1070 851 uideantur;
1118 792 1294 851 verum
1353 777 1483 831 sicut
1520 776 1757 833 Oceanus
1810 788 2073 851 postquam
2114 778 2173 851 in

586 845 812 920 aliquam
847 846 1061 919 plagam
1104 845 1315 920 eiusins
1339 863 1549 920 sparsus
1602 858 1698 915 est,
1741 845 1820 904 ιη’
1850 845 2036 904 limites
2076 850 2172 904 sibi

588 932 624 970 a
650 918 760 971 Deo
788 918 1093 974 constitutos
1124 918 1439 989 regreditur,
1469 920 1543 973 sic
1572 921 1863 975 istiusmodi
1888 922 1984 975 viri
2031 930 2173 986 post-

585 1003 742 1061 quam
767 991 822 1044 in
869 991 1082 1045 rebelles
1134 991 1360 1046 veritatis
1412 991 1799 1059 impugnatores
1839 993 2171 1061 insiluerunt,

585 1058 653 1112 ad
682 1062 1018 1133 tranquillam
1044 1062 1393 1133 (equalitatem
1437 1062 1771 1131 cediﬁcationi
1812 1064 2046 1133 ﬁdelium
2084 1058 2174 1118 ac;

586 1134 964 1190 commodatam
986 1134 1223 1189 redeunt.

1240 1223 1529 1281 CXXXIV.

1471 364 2028 427 SUPPLEMENTUM
2064 365 2159 424 AD
2194 364 2429 426 OPERA
2465 365 2526 425 S.
2567 367 2955 429 AUGUSTINI.

827 1312 1114 1355 CENSORES.

662 1387 866 1463 Ingenii
894 1394 1060 1448 sancti
1079 1391 1237 1448 Pauli
1257 1410 1349 1448 ar—

592 1463 688 1516 dor
731 1465 857 1517 satis
912 1464 1159 1532 fervebat,
1191 1474 1247 1518 ut
1294 1468 1349 1521 in

591 1535 847 1605 ejusmodi
869 1537 1219 1603 expressiones
1240 1536 1344 1603 (ex-

594 1606 831 1677 cessivas
892 1608 1120 1675 nempe)
1193 1607 1347 1677 facile

592 1676 933 1744 abriperetur.
969 1677 1058 1734 Sic
1080 1676 1201 1732 cum
1239 1681 1345 1733 vult

591 1746 899 1821 Ultristianis
928 1749 1194 1821 sublimem
1222 1765 1344 1821 gra-

592 1818 678 1871 tite
708 1820 1024 1890 baptismalis
1053 1818 1347 1875 idcum—tra-

589 1892 732 1955 dere,
785 1890 1022 1961 ipsosque
1081 1892 1152 1946 ad
1206 1891 1347 1945 illius

591 1963 1025 2033 conservationem
1118 1973 1347 2033 potenter

589 2032 809 2096 hortari,
862 2034 1063 2089 videtur
1120 2032 1349 2089 asserere

595 2102 908 2176 impossibile
959 2121 1068 2176 esse
1118 2122 1203 2160 eos
1258 2108 1349 2176 qui

588 2175 761 2244 aliqua
801 2176 1011 2230 crimine
1050 2175 1184 2247 lapsi
1230 2175 1347 2231 sunt

591 2247 770 2300 rursus
818 2248 887 2300 ad
951 2264 1064 2301 eam
1122 2249 1345 2303 revocari

589 2332 681 2388 per
731 2319 1097 2388 paenitentiam.
1124 2316 1252 2373 Cum
1294 2321 1347 2374 in

596 2385 828 2461 Epistola
872 2390 941 2445 ad
978 2390 1239 2461 Romanos
1278 2391 1345 2461 ﬁ-

589 2460 705 2512 dem
734 2461 955 2525 eatollit,
972 2478 1117 2516 arma
1137 2458 1348 2515 Calvino

590 2530 791 2584 videtur
804 2532 1093 2588 ministrare
1108 2532 1180 2586 ad
1198 2548 1347 2587 suam

1599 1313 1647 1354 Β.
1674 1313 2018 1356 AUGUSTINUS.

1494 1393 1551 1450 Si
1580 1396 1723 1452 enim
1763 1395 1829 1450 ad
1866 1392 2173 1466 Scriptores

1422 1475 1635 1521 sanctas
1683 1467 1915 1523 admissa
1973 1466 2175 1523 iuerint

1420 1541 1564 1591 velut
1591 1537 1831 1593 ofﬁciosa
1870 1539 2172 1605 mendacia,

1420 1607 1547 1675 quid
1611 1609 1665 1664 in
1728 1607 1810 1664 eis
1874 1609 2174 1665 remanebit

1420 1680 1786 1734 auctoritatis?
1806 1680 1935 1745 Quae
1961 1681 2173 1735 tandem

1419 1748 1489 1805 de
1509 1750 1800 1817 Scripturis
1830 1751 1934 1805 illis
1956 1760 2174 1806 senten-

1421 1821 1491 1893 tia
1518 1823 1839 1891 proferetur,
1857 1821 2012 1893 cujus
2042 1838 2174 1892 pon-

1419 1890 1551 1948 dere
1579 1890 1939 1949 contentiosa!
1971 1890 2173 1948 falsita-

1421 1963 1489 2016 tis
1509 1974 1818 2020 conteratur
1834 1964 2173 2033 improbitas?

1422 2032 1612 2106 Statim
1634 2036 1775 2091 enim
1796 2032 2173 2106 utprotuleris,

1420 2105 1468 2159 si
1499 2106 1654 2161 aliter
1682 2107 1822 2176 sapit
1859 2105 1949 2176 qui
1987 2116 2175 2162 contra

1422 2176 1630 2243 nititur,
1676 2178 1809 2234 dicit
1847 2178 1975 2233 illud
2032 2176 2175 2247 quod

1420 2248 1688 2317 prolatum
1753 2249 1854 2305 erit
1876 2289 1894 2315 ,
1949 2249 2176 2305 honesto

1420 2318 1603 2389 aliquo
1635 2320 1811 2375 ofﬁcio
1856 2321 2175 2379 scriptorem

1421 2388 1588 2464 fuisse
1609 2389 1927 2446 mentitum?
1948 2389 2124 2464 Epist.
2142 2392 2178 2449 9

1421 2461 1489 2514 ad
1514 2460 1908 2534 Hieronymum.

589 2600 821 2679 ltwresim
861 2603 1245 2679 stabiliendum,
1265 2613 1343 2679 _et
1366 2604 1574 2679 videtur
1590 2622 1816 2679 asserere
1843 2622 1933 2679 per
1954 2623 2066 2662 eam
2093 2623 2179 2663 so-

587 2671 695 2747 lam
723 2674 996 2747 quemlibet
1014 2671 1237 2747 salvari.
1253 2673 1382 2731 Cum
1410 2692 1532 2730 vero
1558 2678 1611 2732 in
1643 2671 1875 2747 Epistola
1898 2679 1968 2733 ad
1993 2679 2178 2736 Corin-

591 2744 1059 2821 tltioscltaritatem
1087 2746 1360 2816 praedicat,
1398 2749 1599 2804 videtur
1646 2744 1818 2805 omnia
1861 2765 2179 2821 quwcunque

591 2819 658 2869 de
683 2815 785 2881 ﬁde
812 2817 1016 2873 dixerat
1056 2815 1294 2887 evertere,
1325 2828 1377 2875 et
1423 2836 1622 2875 omnem
1666 2837 1809 2892 spem
1857 2815 2100 2877 nostram"
2120 2824 2177 2876 in

1249 2959 1511 3018 CXXXV.

587 2901 650 2941 ea
672 2902 882 2957 ponere.

826 3048 1116 3093 CKNSORES.

662 3128 893 3199 Spiritus
915 3127 1072 3185 Pauli
1109 3128 1345 3185 sublimis

589 3212 642 3284 et
663 3202 863 3285 afer‘in
882 3210 1087 3285 partem
1100 3202 1169 3285 lin
1192 3218 1347 3269 quam

588 3271 949 3363 ἱηςὲτξρεηβξι
1002 3274 1347 3363 essese"
1421 3271 2180 3363 [ihe_'._£Y°'xie;9itv!.“:9:-
2205 3277 2252 3340 ε
2287 3307 2378 3363 illo
2407 3306 2532 3363 emi

593 3343 779 3414 fertur,
808 3354 864 3397 ut
891 3345 946 3398 in
989 3355 1214 3399 extrema
1254 3349 1346 3402 de-

590 3414 807 3478 clinare,
840 3416 1156 3486 alterumque
1183 3429 1350 3475 extre-
1422 3424 1596 3485 ptura:
1660 3414 1727 3469 ad
1783 3414 2181 3471 cont-incendos

590 3501 735 3541 mum
755 3502 942 3560 negare
968 3487 1216 3542 videatur.

1598 3049 1645 3090 8.
1677 3051 2022 3093 AUGUSTINUS.

1490 3129 1622 3199 Quae
1650 3132 1946 3213 auctoritas
1966 3130 2173 3184 littera-

1418 3216 1539 3256 rum
1592 3216 1811 3272 aperiri,
1856 3218 1977 3272 quts
2023 3215 2177 3255 sacer

1423 3352 1665 3399 mentum
1716 3344 2003 3413 cujuslibet
2034 3343 2180 3399 Scri-

1423 3500 1639 3543 errores
1693 3488 1839 3542 exeri
1887 3495 2082 3553 potest,
2134 3486 2180 3539 si

1424 3558 1541 3614 haec
1597 3572 1704 3612 vox
1746 3558 2088 3619 admittitur,
2135 3555 2181 3610 si

592 3627 821 3702 alicujus
845 3628 1101 3702 ponderis
1139 3631 1470 3689 aestimatur?
1501 3628 1620 3685 Lib.
1648 3645 1699 3685 xi
1727 3639 1865 3685 cont.
1906 3626 2179 3694 Faustum,

594 3715 712 3770 cap.
734 3701 793 3756 2.

1124 3796 1181 3852 S.
1222 3792 1602 3852 RHEMIGIUS

662 3879 910 3942 Graviter
939 3885 1171 3957 perculsi
1204 3897 1258 3943 et
1280 3887 1490 3943 confusi
1518 3885 1703 3940 animo
1725 3882 1953 3938 vidimus
1989 3881 2043 3937 in
2074 3880 2177 3947 eis,

591 3984 646 4033 et
670 3975 961 4048 Scriptura:
990 3987 1188 4033 sancta:
1232 3978 1588 4035 certissimam
1622 3973 1932 4040 veritatem,
1964 3982 2018 4028 et
2053 3972 2180 4027 bea-

592 4070 927 4126 tissimorum
979 4069 1220 4139 Patrum,
1272 4070 1649 4141 principueque
1693 4068 1864 4122 sancti
1897 4064 2181 4135 Augustini

592 4162 943 4218 reverendam
973 4163 1101 4218 etin
1124 4162 1271 4218 omni
1301 4161 1540 4218 Ecclesia
1567 4158 1831 4217 catholica
1866 4155 2181 4227 receptissi-

596 4268 741 4309 mam
772 4256 1143 4312 auctoritatem
1173 4270 1312 4312 novo
1343 4263 1537 4312 conatu
1569 4262 1624 4310 et
1653 4268 1786 4308 ausu
1819 4251 1978 4308 nimis
2007 4258 2182 4305 teme-

596 4344 742 4400 rario
770 4346 1094 4418 impugnari,
1133 4357 1186 4403 et
1211 4356 1465 4417 quantum
1497 4346 1549 4401 in
1582 4345 1712 4414 ipsis
1762 4343 1858 4398 fuit
1886 4342 2184 4412 improvide

592 4447 756 4509 atque
775 4438 1074 4496 insolenter
1098 4440 1426 4513 labefactari,
1460 4439 1611 4496 Unde
1639 4438 1750 4509 ipsa
1778 4436 2040 4492 charitate
2062 4450 2184 4505 pro-

591 4529 770 4586 vocati
798 4539 854 4588 et
876 4532 1213 4598 commoniti,
1242 4547 1339 4601 per
1367 4548 1527 4603 quam
1547 4530 1599 4585 in
1618 4545 1723 4587 uno
1737 4529 2182 4597 Cbristioorpore

589 4641 779 4683 omnes
803 4642 964 4682 unum
987 4640 1108 4682 esse
1129 4626 1408 4693 debemus,
1437 4634 1515 4691 ut,
1541 4624 1681 4680 sicut
1705 4622 1996 4692 Apostolus
2016 4621 2170 4677 dicit:

589 4719 817 4776 Invicem
844 4736 938 4786 pro
977 4736 1030 4774 se
1053 4718 1276 4775 sollicita
1295 4720 1399 4775 sint
1426 4718 1674 4786 membra,
1706 4726 1754 4772 et
1782 4719 1885 4772 sive
1924 4715 2177 4789 gloriatur

587 4829 749 4868 unum
769 4812 1071 4878 membrum,
1105 4813 1458 4885 congaudeant
1489 4812 1660 4867 omnia
1682 4811 1929 4878 membra,
1978 4817 2026 4863 et
2076 4808 2182 4863 sive

587 4906 711 4976 quid
758 4907 955 4978 patitur
1002 4923 1165 4961 unum
1225 4905 1529 4973 membrum,
1584 4904 1961 4973 compatiuntur
2007 4900 2181 4957 omnia

588 5000 815 5056 membra
838 4998 891 5071 (1
925 4997 1043 5055 Cor.
1076 5015 1170 5065 xu,
1197 4998 1330 5070 26);
1362 4998 1481 5065 hac,
1518 4999 1754 5067 inquam,
1786 4993 2066 5052 cbaritatis
2102 4992 2180 5047 af-

586 5094 818 5151 fectione
858 5094 1032 5150 visum
1063 5100 1147 5149 est
1185 5092 1343 5148 nobis
1371 5100 1533 5162 atque
1580 5090 1927 5160 c0ntplacuit,
1960 5096 2018 5142 ut
2060 5086 2180 5141 haec

588 5187 982 5255 qualiacunque
1024 5192 1227 5241 suntet
1276 5182 1346 5240 ad
1390 5182 1867 5239 communitionem
1914 5186 2176 5243 nostram,

587 5285 643 5330 et
688 5276 755 5333 ad
783 5292 970 5333 eorum
1020 5276 1113 5348 qui
1159 5276 1340 5348 legere
1386 5273 1653 5331 voluerint
1682 5272 2096 5328 aediﬁcationem
2126 5278 2183 5326 et

588 5372 1054 5427 conﬁrmationem
1083 5369 1491 5439 compendioso,
1507 5368 1685 5424 lucido
1709 5367 1894 5437 (prout
1918 5363 2180 5419 Dominus

589 5467 828 5535 aspirare
874 5462 1144 5536 dignatur)
1194 5478 1448 5519 sermone
1498 5462 1888 5525 scriberemus;
1922 5454 2181 5528 quidquid

593 5557 649 5613 itt
672 5572 738 5612 eo
759 5554 1042 5611 dicendum
1072 5556 1378 5627 putavimus
1400 5571 1507 5611 non
1530 5563 1718 5611 nostro
1743 5566 1904 5607 sensu
1930 5559 2024 5605 aut
2046 5563 2185 5620 prte-

592 5648 918 5720 sumptione,
952 5648 1046 5703 sed
1097 5646 1443 5717 prmfatorum
1496 5656 1805 5702 sanctorum
1841 5643 2057 5697 Patrum
2093 5654 2182 5694 ve-

595 5739 819 5798 nerabili
851 5738 1174 5794 auctoritate
1204 5738 1502 5805 ﬁrmantes,
1528 5753 1559 5794 a
1584 5752 1813 5809 quorum
1860 5731 2101 5814 vestigiis
2128 5738 2185 5787 et

594 5833 798 5889 unitate
839 5830 980 5888 absit
1024 5840 1085 5887 ut
1114 5829 1199 5886 vel
1228 5845 1347 5896 nos,
1395 5832 1475 5886 vel
1525 5831 1603 5885 illi
1648 5844 1873 5900 quorum
1922 5826 2183 5881 citatitatc

594 5923 859 5995 compulsi
905 5922 1021 5981 haec
1066 5922 1314 5991 dicimus,
1355 5923 1618 5979 ullatenus
1647 5919 1985 5985 recedamus,
2019 5931 2087 5971 ne
2117 5913 2185 5969 ab

3696 376 3767 438 880

2201 491 2257 555 Α
2278 492 2409 563 ipsis
2437 492 2596 550 divisi
2623 494 2783 550 etiam
2809 492 2877 548 ab
2899 491 3016 561 ipso
3042 488 3273 545 Domino
3296 488 3589 557 dividantur,
3603 496 3673 563 qui
3696 498 3767 556 illis

2274 587 2581 657 specialiter
2602 587 2773 642 dicit:
2807 585 2907 653 Qui
2934 600 3019 639 vos
3065 583 3211 637 audit
3243 598 3321 637 me
3347 583 3504 650 audit,
3530 593 3573 639 et
3605 588 3673 654 qui
3708 607 3766 646 τοι

2273 681 2472 752 spernit
2498 697 2578 735 me
2606 679 2801 749 spernit
2830 677 2982 751 (an.
3012 693 3068 744 χ,
3105 674 3216 745 16).
3244 676 3389 742 Quos
3415 677 3635 732 nimirum
3658 689 3765 738 tanta

2276 773 2329 828 in
2371 772 2613 829 Ecclesia
2653 786 2752 828 sua
2778 785 2899 827 esse
2925 768 3095 825 voluit
3121 768 3307 839 gratim
3338 775 3390 823 et
3417 767 3597 841 gloria,
3619 780 3764 829 incon.

2278 864 2506 921 ﬁdenter
2560 877 2682 920 cum
2714 862 2969 934 Apostolo
3023 860 3204 917 dicere
3261 859 3675 932 possintzltaque
3709 868 3764 934 qui

2276 958 2385 1015 MPO
2404 959 2598 1031 spernit
2625 974 2727 1012 non
2750 956 3008 1011 hominem
3032 954 3251 1025 spernit,
3276 954 3364 1009 sed
3388 953 3554 1021 Deum,
3579 954 3647 1016 aui
3665 954 3765 1011 etiam

2275 1045 2416 1107 dedit
2448 1051 2702 1121 Spiritum
2738 1067 2889 1105 suum
2936 1058 3169 1104 sanctum
3208 1048 3267 1102 in
3305 1048 3437 1101 vobis
3467 1046 3510 1113 (l
3544 1047 3685 1106 Thess.
3716 1065 3762 1120 ιι,

2278 1146 2355 1216 8),
2379 1156 2473 1202 etc.
2499 1145 2618 1203 Lib.
2650 1145 2718 1202 de
2747 1143 2964 1201 tenenti.
2995 1141 3155 1199 verit.
3180 1139 3401 1210 Script.,
3431 1154 3536 1207 cap.
3565 1138 3609 1192 .i.

2686 1260 2744 1317 S.
2787 1261 2848 1316 P.
2890 1259 2953 1316 N.
2994 1254 3453 1316 AUGUSTINUS.

2348 1352 2457 1409 Nos
2483 1352 2723 1424 quidem,
2755 1351 3091 1417 charissimi,
3114 1364 3238 1405 cum
3283 1346 3413 1402 falsa
3439 1344 3633 1402 crimina
3665 1348 3765 1404 audio

2277 1464 2399 1504 mus
2420 1449 2488 1504 ab
2517 1448 2597 1504 eis
2636 1461 2772 1518 quos
2795 1444 3119 1503 oliendimus
3159 1441 3495 1514 prmdicando
3520 1441 3686 1511 eloquia
3701 1458 3759 1498 ve-

2276 1541 2473 1606 ritatis,
2503 1549 2559 1597 et
2588 1540 2793 1597 erroris
2824 1538 3129 1608 vaniloquia
3157 1533 3539 1600 convincendo,
3560 1532 3761 1602 habemus,

2275 1633 2413 1690 sicut
2452 1633 2645 1699 nostis,
2678 1630 3198 1691 abundantissimam
3238 1627 3640 1682 consolationem.
3677 1626 3760 1680 Nam

2277 1732 2320 1784 si
2351 1729 2402 1784 in
2427 1727 2507 1785 eis
2547 1728 2745 1800 quibus
2792 1743 2877 1782 me
2927 1724 3286 1781 criminantur
3332 1717 3648 1775 testimonium
3679 1734 3761 1773 con-

2278 1821 2517 1878 scientia:
2548 1835 2683 1878 mea!
2724 1835 2831 1876 non
2861 1827 2969 1874 stat
2993 1828 3199 1874 contra-
3222 1830 3311 1870 me
3341 1814 3393 1869 in
3420 1822 3663 1882 conspectu
3684 1812 3760 1879 Dei,

2200 1886 2250 1949 Β
2275 1930 2383 1987 quo
2424 1915 2602 1971 nullus
2650 1912 2839 1970 oculus
2883 1909 3125 1967 mortalis
3164 1906 3477 1971 intenditur,
3522 1920 3611 1960 non
3648 1904 3760 1959 solum

2277 2008 2587 2064 contristari
2641 2022 2746 2061 non
2805 2005 3017 2070 debeo,
3072 2016 3264 2057 verum
3313 2000 3469 2054 etiam
3516 1996 3694 2068 gaudere
3726 2004 3763 2050 et

2278 2098 2569 2165 exsultare,
2599 2097 2722 2168 quia
2766 2109 2975 2152 merces
3004 2108 3124 2150 mea
3155 2092 3325 2147 multa
3358 2100 3439 2145 est
3466 2090 3514 2143 in
3538 2088 3671 2143 cmlis.
3693 2085 3757 2142 Ne-

2279 2208 2383 2264 que
2411 2194 2554 2249 enim
2582 2190 2897 2247 intuendum
2928 2200 3009 2245 est
3029 2203 3189 2259 quam
3216 2187 3289 2242 sit
3314 2181 3759 2250 amarum,sedqutm

2279 2286 2478 2343 falsum
2505 2286 2578 2341 sit
2604 2285 2747 2357 quod
2773 2283 2954 2349 audio,
2977 2290 3033 2338 et
3059 2295 3223 2352 quam
3254 2292 3418 2334 verax
3460 2292 3547 2347 pro
3568 2276 3682 2345 cujus
3701 2289 3758 2327 no-

2280 2379 2424 2436 mine
2475 2379 2593 2434 haec
2633 2378 2793 2433 audio
2824 2375 2967 2445 (Lib.
3002 2389 3060 2430 ιιι
3091 2383 3233 2428 cont.
3284 2371 3383 2426 litt.
3418 2367 3659 2434 Petiliani).
3684 2366 3761 2420 Hac

2280 2473 2466 2542 utique
2506 2471 2635 2526 falsa
2664 2480 2806 2535 sunt,
2832 2479 2887 2524 et
2915 2466 3040 2524 ideo
3071 2465 3227 2521 nobis
3248 2462 3379 2519 nihil
3404 2461 3595 2523 obsunt,
3614 2473 3702 2513 cum
3720 2473 3757 2513 et

2280 2564 2412 2620 falsa
2444 2562 2621 2619 dicitis
2644 2576 2745 2619 nec
2776 2560 3045 2631 respicitis
3080 2572 3179 2615 vos
3209 2575 3224 2625 ;
3256 2554 3406 2612 vobis
3429 2563 3584 2609 autem
3610 2552 3756 2615 obsunt,

2279 2657 2402 2728 quia
2414 2671 2536 2713 cum
2554 2670 2616 2711 ea
2630 2655 2759 2710 falsa
2777 2653 2973 2721 dicitis,
2999 2654 3049 2707 in
3063 2666 3162 2706 nos
3186 2665 3296 2705 non
3321 2648 3522 2705 cadunt.
3536 2644 3612 2699 sed
3630 2644 3758 2714 quite:

2280 2766 2405 2808 vera
2448 2749 2666 2823 putatis,
2714 2749 2766 2804 in
2798 2763 2895 2803 vos
2925 2747 3171 2804 recidunt
3196 2744 3338 2816 (Lib.
3382 2758 3417 2798 ιι
3441 2740 3758 2803 contemta,

2278 2862 2397 2915 cap.
2448 2843 2561 2915 '53).
2596 2842 2675 2899 Ad
2725 2841 3180 2898 existimationem
3220 2838 3485 2894 hominum
3532 2848 3681 2905 magna
3710 2840 3760 2885 te.

2280 2940 2444 2994 stium
2480 2937 2573 3007 qui
2617 2952 2702 2993 me
2730 2945 2998 2992 noverunt
3026 2933 3269 3004 suppetit
3298 2931 3469 3001 copia,
3499 2930 3557 2983 ad
3592 2926 3662 2981 Dei
3683 2938 3761 2978 vero

2280 3036 2632 3099 conspectum
2685 3028 2800 3083 sola
2851 3026 3212 3091 conscientia,
3244 3038 3401 3096 quam
3428 3029 3591 3077 contra
3630 3027 3763 3071 vestras

2282 3120 2686 3177 criminationes
2713 3136 2835 3175 cum
2861 3119 3180 3190 intrepidam
3217 3131 3420 3190 geram,
3447 3130 3541 3171 non
3566 3128 3633 3167 me
3650 3120 3763 3165 tamen

2283 3216 2384 3271 sub
2409 3214 2579 3271 oculis
2609 3214 3011 3286 Omnipotentis
3051 3213 3356 3284 iustificam
3392 3209 3564 3273 audeo,
3590 3204 3710 3273 magis
3723 3200 3763 3255 ab

2537 3316 2714 3364 cutem
2748 3306 3134 3364 misericordia:
3168 3305 3485 3377 largitatem,
3524 3314 3650 3371 quam
3673 3295 3764 3366 judi-

2283 3402 2352 3458 cii
2374 3417 2643 3477 summum
2666 3418 2892 3459 examen
2911 3410 3169 3473 exspecto
3197 3401 3340 3473 (Lib.
3362 3415 3417 3456 ιιι
3446 3406 3564 3453 cont.
3583 3394 3763 3454 Crucem,

2284 3515 2399 3566 cap.
2432 3498 2544 3568 80).
2575 3497 2718 3553 Dicis
2748 3513 2858 3562 me,
2889 3498 2936 3552 si
2970 3497 3070 3551 sub
3100 3504 3372 3565 potestate
3397 3492 3605 3563 iudicum
3626 3496 3765 3557 preme-

2286 3609 2394 3658 rer,
2419 3592 2604 3661 quales
2635 3590 2731 3645 tibi
2760 3590 2862 3660 ipsi
2890 3590 3197 3660 componis,
3231 3603 3340 3643 non
3370 3584 3637 3640 habiturum
3659 3576 3766 3631 fuisse

2284 3683 2415 3754 quid
2448 3683 2707 3749 facerem,
2736 3696 2844 3750 quo
2874 3680 3252 3752 confugerem,
3300 3691 3418 3733 cum
3460 3674 3551 3729 tuis
3571 3678 3766 3739 argumen-

2291 3776 2579 3832 tationibus
2621 3775 2763 3832 unde
2808 3788 3177 3837 occurrerem,
3211 3769 3448 3839 reperire
3475 3780 3567 3821 non
3606 3772 3763 3831 posset".

2288 3869 2401 3941 Ego
2448 3869 2607 3940 plane
2653 3867 2907 3923 haberem
2960 3865 3104 3937 quod
3153 3864 3411 3929 facerem,
3459 3856 3666 3913 haberem
3702 3862 3766 3918 quo

2285 3963 2667 4035 contingerem;
2698 3975 2729 4016 a
2754 3961 3057 4031 Pelagianis
3076 3960 3227 4016 enim
3259 3955 3487 4015 tenebris
3514 3951 3568 4006 ad
3595 3950 3679 4003 hmc
3699 3955 3763 3996 tam

2285 4057 2430 4113 clara
2476 4056 2738 4113 catholici
2791 4055 2991 4111 lumina
3043 4066 3417 4123 provocarent,
3451 4048 3573 4118 qtmd
3598 4053 3640 4099 et
3672 4049 3762 4092 nunc

2280 4148 2393 4221 jam
2439 4147 2599 4205 lacio.
2632 4147 2713 4203 Tu
2758 4161 2887 4217 ergo
2935 4144 3204 4214 responde
3258 4143 3382 4214 quid
3436 4133 3681 4200 facias,dic
3699 4139 3765 4226 quo

2286 4240 2563 4311 confugias
2602 4237 2744 4310 (Lib.
2781 4253 2817 4293 ιι
2855 4247 2992 4293 cont.
3025 4234 3167 4301 Jul.,
3200 4251 3321 4304 cap.
3350 4231 3482 4297 ult.).
3511 4227 3685 4283 Neceos
3711 4230 3766 4287 qui

2288 4348 2557 4404 nunquam
2585 4332 2823 4400 fuerunt,
2852 4341 2943 4386 aut
2965 4346 3070 4386 non
3102 4339 3252 4397 sunt,
3285 4337 3377 4382 aut
3404 4335 3602 4395 quorum
3626 4321 3766 4370 sentcn-

2289 4426 2374 4481 tiae
2404 4424 2472 4481 de
2501 4424 2605 4479 hoc
2632 4422 2776 4493 quod
2810 4423 2951 4477 inter
2996 4435 3094 4476 nos
3134 4420 3436 4489 disputatur
3462 4416 3644 4468 incerta:
3674 4410 3765 4465 sunt,

2288 4519 2431 4575 inani
2482 4518 2810 4590 cogitatione
2857 4513 3115 4581 conﬁnxi,
3150 4512 3246 4567 sed
3278 4517 3483 4564 sanctos
3515 4502 3627 4560 etin
3648 4500 3765 4590 sancta

2289 4613 2526 4669 Ecclesia
2578 4611 2816 4666 illustres
2865 4606 3135 4663 antistites
3184 4604 3298 4671 Dei,
3334 4617 3433 4657 non
3478 4590 3707 4653 Platenius
3735 4589 3765 4635 el

2288 4703 2669 4770 Aristotelicis,
2705 4712 2754 4755 et
2787 4699 3095 4763 Zenonicis,
3124 4697 3352 4766 aliisque
3389 4681 3694 4760 hujuscemodi
3716 4673 3765 4727 νει

2289 4797 2610 4863 Grmcis,vel
2639 4793 3189 4861 Latinis,quauqu:tm
3211 4798 3264 4843 et
3293 4785 3407 4841 istis
3435 4780 3763 4866 aliquoseorutn.

2285 4908 2472 4949 verum
2525 4903 2715 4945 omnes
2774 4887 2945 4940 sacris
2997 4882 3197 4937 litteris
3248 4877 3497 4938 eruditos,
3544 4864 3764 4924 nominatim

2286 4987 2425 5041 sicut
2446 4968 2731 5053 oportebat
2758 4976 3019 5046 expressi,
3045 4988 3343 5044 eorumque
3371 4967 3763 5053 sententiasquaﬂ-

2288 5089 2400 5135 tum
2433 5049 2685 5133 sufﬁcere
2706 5072 3009 5137 videbatur,
3042 5069 3159 5124 sine
3190 5066 3295 5122 ulla
3322 5064 3486 5120 editas
3512 5049 3764 5120 ambiguitate

2287 5170 2485 5242 digessi
2537 5165 2731 5240 (lbid.,
2760 5180 2874 5233 cap.
2910 5160 3023 5233 ω).
3052 5160 3111 5216 Si
3157 5154 3470 5229 episcopalis
3510 5141 3764 5242 synodusmtt

2290 5224 2405 5320 ιοῖο
2435 5224 2566 5317 orbe
2594 5224 3032 5328 congreg'arelu'r,
3065 5252 3254 5307 mirum
3288 5250 3331 5304 si
3362 5247 3488 5302 tales
3512 5224 3763 5328 possenlilllc

2288 5356 2449 5413 facile
2477 5353 2671 5410 sedere
2701 5324 2954 5419 ίοιξῳιίςι
2981 5362 3080 5403 nec
3110 5345 3196 5400 isti
3228 5357 3334 5399 uno
3363 5348 3579 5403 tempore
3601 5324 3761 5383 fuerunt-

2289 5447 2399 5505 Sed
2422 5446 2610 5501 ﬁdeles
2639 5452 2693 5498 et
2722 5440 2901 5497 multis
2932 5436 3341 5495 excellentiores
3368 5440 3545 5501 paucos
3564 5421 3761 5505 disperii?

2291 5551 2435 5597 tores
2464 5552 2593 5594 suos
2622 5536 2766 5591 Deus
2796 5548 2892 5604 per
2917 5532 3163 5586 diversas
3202 5536 3400 5591 mtates,
3446 5502 3761 5604 temporum'loj

2289 5594 2585 5700 eorumque
2613 5594 2918 5691 distaniias,
2952 5621 3092 5677 sicut
3121 5620 3169 5676 ei
3201 5618 3389 5689 placet,
3418 5621 3558 5682 atque
3581 5594 3760 5700 expediri

2286 5685 2512 5796 iudicat,-
2536 5723 2651 5792 ipse
2674 5685 2965 5788 dispensat.
2988 5714 3096 5770 llos
3124 5685 3299 5782 itaque
3327 5710 3391 5764 de
3417 5704 3522 5760 aliis
3542 5685 3759 5796 ξιφξῆ

2292 5781 2624 5888 ἶειηροιίυίιε
2655 5781 2814 5882 atque
2841 5807 3151 5880 regionibus
3173 5781 3236 5861 a‘i
3257 5804 3461 5859 Oriente
3486 5781 3756 5888 etOccideI‘Ilf

2292 5875 2645 5982 congregatos
2658 5905 2825 5974 vides,
2844 5918 2950 5959 non
2968 5903 3019 5958 in
3041 5902 3215 5958 locum
3230 5911 3331 5969 quo
3345 5891 3567 5961 navigare
3576 5875 3755 5947 0083"“

2204 4665 2259 4729 D
