4012 6338
285 404 427 464 1115

1285 405 1343 462 S.
1385 404 1759 465 AUGUSTINI
1796 404 2001 462 LIBER
2044 406 2134 465 DE
2173 406 2539 464 ORATIONE.

3415 409 3555 472 1114

282 523 462 583 medie
480 520 571 592 qui
608 534 669 577 se
703 520 897 591 jouait,
931 536 1035 595 non
1065 523 1210 592 point
1237 533 1352 580 tant
1381 539 1515 593 poor
1550 525 1863 582 cile-meme
1887 530 1941 587 Α
1967 540 2057 582 res
2103 526 2201 582 des
2242 527 2435 584 choses
2476 526 2721 583 saintesl
2762 526 2895 583 Mais
2923 525 2974 582 la
3002 524 3243 595 gentilité
3278 527 3453 585 meme
3483 543 3551 586 ne

278 611 391 667 que
409 608 543 667 po_ur
562 607 624 647 ce
645 595 839 663 qu‘elle
862 593 1238 667 representait,
1261 597 1461 662 savoir,
1488 612 1622 664 pour
1646 597 1693 650 le
1714 596 1861 651 Nou-

284 664 423 722 veau
450 664 762 736 Testament
783 674 837 719 et
864 680 998 735 pour
1031 666 1266 734 I’Eglise,
1293 668 1381 735 qtti
1414 668 1567 722 est'la
1591 667 1866 736 princesse

286 737 443 863 sic‘est
462 734 748 790 Jansénus
777 734 873 804 qui
898 738 1062 804 parle)
1095 745 1150 790 et
1180 734 1467 793 I'héritiére
1498 740 1567 791 du
1595 734 1864 794 Nouveau

334 815 619 863 estameut.
645 806 749 860 Les
770 817 982 861 acteurs
1001 806 1198 862 étztient
1228 808 1304 860 les
1325 808 1464 863 Juifs
1481 850 1493 863 .
1528 810 1707 863 nation
1742 824 1864 863 uro-

334 815 619 878 estameut.
645 806 749 860 Les
770 817 982 861 acteurs
1001 806 1198 878 étgtjent
1228 808 1304 860 les
1325 808 1464 863 Juifs
1481 850 1493 871 ,
1528 810 1707 863 nation
1742 824 1867 878 pro-

286 893 387 950 pre
408 878 438 932 a
457 876 600 950 faire
629 890 963 950 persounage
993 894 1006 931 :
1041 876 1192 931 Nihil
1220 879 1364 931 aliud
1396 881 1553 949 fuisse
1580 876 1863 933 Testamen-

289 947 399 1002 ium
448 947 580 1001 illud
630 947 951 1018 perspicuum
995 958 1096 1013 est,
1153 965 1305 1016 quam
1351 947 1563 1007 usuusu
1615 966 1867 1013 QUAMDAII

290 1033 586 1091 conmotus
603 1059 620 1083 ,
646 1034 763 1087 quc
784 1035 882 1091 non
913 1029 1016 1091 tam
1045 1029 1247 1090 prapter
1269 1037 1321 1074 se
1349 1023 1538 1088 ipsam,
1563 1038 1713 1089 quam
1745 1039 1863 1091 pro-

288 1100 403 1161 pter
425 1090 512 1153 id,
539 1090 620 1142 cui
654 1089 1035 1161 prq'ﬁqurando
1063 1091 1365 1145 deserviebat
1387 1134 1402 1157 ,
1438 1094 1531 1146 hoc
1560 1105 1631 1146 est
1660 1089 1865 1161 propter

292 1159 667 1232 testamentum
700 1159 902 1232 Nouum
927 1201 940 1223 ,
979 1162 1187 1230 ejusque
1214 1163 1496 1232 principem
1531 1172 1578 1217 et
1614 1159 1865 1217 hatredem

288 1229 608 1302 Ecclesium,
633 1231 809 1284 abillo
845 1240 989 1302 gente
1031 1242 1271 1295 tanquam
1314 1229 1387 1286 alr
1410 1234 1503 1288 hoc
1529 1235 1716 1287 idonea
1743 1250 1867 1302 age-

292 1310 437 1371 retur
466 1301 664 1368 (Jansz,
690 1310 812 1355 tom.
845 1299 965 1367 III,
991 1302 1079 1355 lib.
1108 1318 1142 1364 ι,
1172 1320 1289 1370 pag.
1314 1304 1464 1371 282).

364 1370 595 1425 Pent-ou
629 1375 805 1441 parler
840 1372 908 1427 de
940 1373 1172 1427 l’Ancieu
1204 1370 1517 1429 'l‘estament
1548 1385 1600 1427 ct
1638 1374 1702 1428 de
1734 1375 1864 1430 Dieu

288 1455 390 1496 son
407 1450 601 1513 auteur
616 1458 745 1497 avee
761 1459 863 1497 une
881 1443 1215 1499 irrévérence
1238 1446 1354 1513 plus
1378 1446 1675 1501 insolente?
1697 1447 1867 1500 Nest-

288 1525 355 1567 ce
382 1512 531 1582 point
573 1512 621 1567 la
652 1513 840 1568 braver
868 1515 913 1568 Ia
946 1513 1087 1582 υἱέιό
1118 1515 1212 1569 des
1244 1522 1469 1570 lecteurs
1497 1528 1549 1571 et
1581 1517 1805 1571 iusulter
1833 1517 1866 1571 it

289 1583 437 1637 leurs
464 1583 736 1650 lumieres,
766 1599 831 1639 en
866 1583 1060 1639 faisant
1087 1587 1231 1641 mine
1262 1588 1328 1642 de
1359 1589 1433 1640 les
1464 1586 1757 1653 ménager?
1801 1587 1866 1641 Et

287 1668 395 1722 que
424 1668 555 1725 unus
576 1653 856 1710 démontre
886 1664 1023 1710 cette
1052 1657 1267 1725 indigne
1287 1661 1684 1725 c-unparaison,
1711 1659 1866 1711 sinon

288 1739 395 1795 que
424 1723 835 1780 véritablemeut
870 1727 999 1780 Dieu
1027 1723 1244 1791 choisit,
1270 1744 1329 1781 se
1361 1723 1619 1795 pr‘onosa,
1639 1743 1867 1795 procura

1969 606 2065 669 put
2089 606 2374 669 supporter
2401 615 2470 653 un
2496 598 2662 667 pareil
2687 598 2851 654 excés
2870 598 3006 652 dans
3027 599 3105 654 les
3134 608 3354 654 auteurs
3374 600 3441 655 de
3463 614 3551 657 ses

1968 666 2277 738 comedies;
2308 669 2412 722 elle
2460 666 2525 723 ne
2573 669 2693 725 leur
2723 669 2997 738 pardonna
3026 670 3174 736 point
3213 669 3417 725 d’avoir
3446 685 3552 727 tms

1968 754 2063 793 sur
2091 738 2137 791 la
2164 737 2325 792 scene
2353 740 2449 794 des
2477 737 2734 795 infamias
2756 740 2889 795 dont
2919 739 3183 796 l’allusion
3216 750 3269 795 et
3297 741 3345 796 la
3373 756 3553 798 mora-

1969 808 2066 865 lité
2088 806 2221 863 était
2251 809 2505 864 honuéte.

2039 880 2164 944 Car,
2198 879 2512 954 commeAdi‘t
2541 881 2645 936 fort
2672 882 2792 936 bien
2817 882 3046 954 Maxime
3069 879 3555 954 de__'l_'yr,_presen-

1972 960 2057 1005 ter
2082 966 2186 1005 une
2215 949 2383 1006 chose
2415 950 2617 1007 infame
2658 969 2793 1021 pour
2837 950 3009 1007 serrir
3050 949 3359 1021 d‘allég'orie
3389 952 3420 1006 ὲ
3451 970 3556 1010 une

1974 1024 2140 1077 chose
2183 1022 2359 1077 bonne
2396 1028 2452 1077 et
2480 1023 2740 1088 honnétc,
2774 1033 2828 1077 et
2854 1023 3061 1079 donner
3084 1037 3151 1077 en
3193 1022 3465 1088 spectacle
3492 1039 3558 1080 ce

1974 1092 2066 1161 qui
2090 1103 2174 1147 est
2197 1092 2432 1147 nulsible
2460 1106 2593 1161 pour
2617 1095 2750 1148 t‘aire
2770 1095 3042 1149 entrevoir
3065 1107 3130 1148 ce
3150 1092 3241 1162 qui
3277 1105 3359 1148 est
3382 1093 3514 1149 utile
3536 1135 3552 1161 ,

1975 1164 2088 1218 cela
2114 1178 2183 1218 ne
2203 1163 2456 1219 convient
2484 1164 2633 1230 point
2656 1164 2687 1219 it
2718 1165 2805 1231 qui
2830 1174 2954 1220 vent
2979 1162 3113 1217 faire
3140 1164 3191 1217 le
3229 1165 3351 1218 hien
3371 1204 3387 1228 ,
3422 1166 3557 1220 mais

1974 1234 2140 1302 plutdt
2165 1234 2195 1288 ὲ
2223 1234 2310 1302 qui
2340 1244 2465 1288 veut
2488 1233 2620 1289 faire
2651 1235 2700 1289 le
2732 1235 2858 1297 mal,
2884 1249 3043 1303 parce
3064 1249 3169 1301 que
3189 1235 3322 1290 dans
3341 1250 3403 1289 ce
3432 1250 3556 1303 pro-

1974 1302 2106 1359 cédé
2130 1303 2338 1359 l'utililé
2370 1315 2450 1359 est
2482 1308 2706 1361 obscure
2729 1315 2782 1358 et
2812 1307 3029 1362 cacltée.
3077 1308 3127 1359 le
3157 1307 3438 1373 dotmnage
3470 1314 3556 1360 cst

1976 1375 2194 1443 présent
2222 1383 2276 1429 et
2315 1375 2542 1429 assuré:
2576 1376 2702 1430 Rem
2731 1376 2914 1429 bonum
2956 1386 3004 1429 et
3056 1376 3316 1429 honestam
3364 1378 3456 1427 sub
3503 1390 3558 1429 re

1975 1447 2113 1515 turpi
2140 1446 2411 1517 subjicere,
2439 1456 2488 1499 et
2516 1462 2632 1517 qua:
2668 1448 2816 1502 utilia
2856 1456 2975 1500 sunt
3023 1461 3117 1517 per,
3155 1462 3213 1498 ea
3248 1462 3362 1510 qua!
3391 1448 3553 1499 detri-

1971 1525 2198 1572 mentosa
2224 1516 2343 1570 sunt
2366 1526 2636 1583 ostentare,
2668 1534 2770 1571 non
2798 1526 2868 1570 est
2900 1521 3010 1578 eius
3032 1516 3122 1585 qui
3164 1518 3401 1583 prodesse
3439 1517 3557 1569 velit

1972 1588 2185 1663 (quippe
2225 1588 2419 1663 utilitas
2458 1598 2544 1663 est
2572 1589 2643 1642 ibi
2682 1590 2846 1663 latens
2874 1597 2921 1642 et
2952 1588 3217 1663 obscura),
3252 1588 3478 1663 sedupot
3499 1602 3558 1639 us

1972 1654 2144 1729 obesse
2188 1659 2482 1725 cupientis:
2526 1658 2619 1712 hoc
2646 1662 2782 1713 enim
2826 1669 2901 1711 est
2944 1661 2995 1712 in
3035 1667 3273 1729 promptu
3306 1654 3552 1729 (Marini.

1978 1728 2186 1800 Tyrius,
2234 1739 2366 1784 orat.
2395 1728 2461 1797 8,
2502 1730 2627 1784 edit.
2657 1730 2822 1785 Henr.
2854 1728 3130 1800 Stephan.,
3177 1744 3297 1799 pag.
3354 1728 3455 1795 50,
3506 1729 3560 1781 in

288 1791 372 1848 les
395 1796 610 1861 crimes,
642 1796 745 1850 alin
774 1797 930 1866 qu’ils
960 1797 1165 1853 fussent
1193 1799 1270 1854 les
1298 1791 1518 1867 images,
1550 1808 1605 1854 et
1633 1791 1712 1855 les
1741 1798 1874 1869 figu-
1905 1791 1952 1851 B
1980 1791 2198 1870 om).

286 1926 784 1978 ﬁ

784 1970 1869 2215 smn

1975 1970 3141 2218 ὖᾶὗξτῖᾖί

974 2315 1832 2477 QUATUOR

1612 1969 1993 1977 ———_———-—————

2714 1970 3305 1978 m‘mmwat,
3324 1974 3327 1975 ν
3344 1971 3476 1977 ut...“
3490 1972 3511 1975 ν-

1972 2312 2749 2445 OPUSCUL
2781 2326 2882 2446 A

1079 2562 1469 2669 EDITA
1525 2517 2047 2676 PRIMUM
2097 2569 2184 2672 A
2241 2568 2814 2676 FONTANI

673 2792 1491 2881 BIBLIOTHECE
1568 2794 2416 2880 RICCARDIAN/E
2492 2797 3215 2889 PBJEFECTO,

284 2960 355 3009 ut
398 2963 833 3009 COLLECTIONE
880 2968 984 3011 cur
1030 2968 1297 3014 Ttrcws
1349 2971 1365 3012 :
1415 2952 1603 3016 Nova:
1633 2953 1873 3015 deliciae
1904 2955 2320 3028 eruditorum,
2352 2976 2485 3035 seu,
2520 2966 2793 3019 veterum
2825 2962 3113 3020 ἀνεκδὸτων
3141 2960 3537 3022 Collectanea

288 3099 3555 3149 mm

990 3202 1869 3316 OPU'SCULU'J

2036 3213 2701 3322 PRIMUM
2768 3216 2844 3334 ἰ

1844 3371 1997 3428 SIVE

1252 3515 1599 3600 LIBER
1681 3515 1840 3603 DE
1924 3518 2576 3613 ORATIONE.

360 3680 673 3751 Evangeliea
739 3688 1002 3751 praecepta
1023 3718 1041 3743 ,
1087 3677 1279 3733 lratres
1320 3677 1649 3734 dilectissimi
1678 3721 1691 3743 .
1744 3683 1874 3739 nihil
1902 3686 1950 3749 ο
1984 3693 2089 3739 tem
2123 3686 2188 3737 de
2216 3688 2329 3754 ejus
2359 3688 2785 3745 sanctificatione
2803 3692 3160 3759 percepimus,
3185 3693 3253 3749 de
3276 3697 3563 3757 traditione

286 3779 433 3834 aliud
456 3789 581 3832 sunt
605 3791 763 3845 quam
793 3774 1098 3843 magisteria
1129 3772 1305 3826 divina
1325 3812 1339 3836 ,
1374 3769 1717 3828 fundamenta
1746 3778 1875 3830 tedi-

287 3869 513 3924 ficandm
562 3868 674 3939 spei
700 3908 715 3930 ,
763 3866 1098 3923 firmamenta
1142 3863 1460 3917 roboranda:
1502 3866 1619 3917 lidei
1647 3908 1661 3931 ,
1705 3869 1875 3922 nutri-

284 3972 465 4019 menta
494 3961 704 4017 fovendi
731 3960 935 4025 cordis,
960 3956 1319 4027 gubernacula
1350 3957 1611 4025 dirigendi
1645 3959 1870 4027 itineris,

284 4057 534 4128 praesidia
565 4053 869 4109 obtinendae
916 4050 1137 4113 salutis,
1188 4063 1305 4118 qua!
1348 4047 1473 4101 dum
1522 4049 1722 4105 dociles
1763 4066 1875 4107 ere-

284 4151 525 4206 dentium
551 4156 758 4203 mentes
781 4147 833 4200 in
859 4143 1015 4199 terris
1034 4143 1326 4206 instruunt,
1357 4141 1421 4195 ad
1453 4142 1686 4195 caelestia
1709 4157 1874 4214 regna

282 4244 604 4315 perducunt.
646 4239 809 4293 Multa
855 4251 948 4305 per
976 4234 1268 4305 pmphetas
1309 4247 1436 4287 suos
1483 4234 1586 4288 dici
1620 4233 1874 4291 Dominus

281 4334 453 4390 voluit
479 4340 532 4387 et
557 4329 769 4395 audiri,
814 4328 909 4383 sed
940 4334 1140 4395 quanto
1177 4326 1378 4394 majora
1411 4333 1533 4378 sunt
1561 4341 1677 4393 quae
1710 4326 1874 4382 Filius

288 4427 385 4483 Dei
411 4425 665 4493 loquitur,
709 4436 827 4490 tum
868 4419 959 4474 Dei
991 4432 1173 4473 sermo
1197 4462 1210 4484 ,
1238 4418 1328 4485 qui
1360 4418 1410 4470 in
1446 4417 1718 4483 prophetis
1757 4419 1873 4474 suis

289 4519 411 4582 fuit,
439 4516 652 4585 propria
682 4527 815 4567 voce
847 4518 1089 4574 testatur,
1130 4524 1236 4564 non
1257 4512 1367 4578 jam
1401 4511 1659 4562 mandans
1690 4520 1744 4563 ut
1783 4525 1872 4574 pa-

287 4618 436 4665 retur
466 4604 699 4661 venienti
746 4604 832 4657 via
854 4642 870 4669 ,
899 4601 990 4656 sed
1033 4600 1148 4670 ipse
1191 4601 1433 4664 veniens,
1474 4609 1528 4653 et
1553 4601 1689 4653 viam
1721 4600 1873 4655 nobis

288 4700 537 4771 aperiens
566 4696 831 4759 ostendit,
861 4693 1086 4761 qualiter
1107 4692 1195 4760 qui
1224 4691 1277 4744 in
1310 4692 1545 4746 tenebris
1569 4692 1757 4745 mortis
1780 4705 1870 4746 er-

289 4801 473 4849 rantes
516 4787 794 4859 improvidi
845 4794 899 4841 et
941 4783 1086 4852 prius
1113 4783 1239 4836 czeci
1281 4782 1509 4845 fuimus,
1541 4797 1651 4837 sute
1688 4782 1873 4853 gratiae

291 4885 411 4942 luce
440 4881 722 4939 illuminati
772 4880 873 4932 iter
921 4876 1043 4929 vitae
1087 4875 1203 4941 ipso
1229 4873 1456 4927 Domino
1486 4881 1693 4927 rectore
1723 4883 1872 4928 tene.

290 4989 492 5035 remus.
523 4974 622 5043 Qui
654 4974 793 5027 inter
820 4976 1013 5024 czetera
1046 4965 1294 5019 salutaria
1313 4980 1408 5018 sua
1432 4967 1633 5019 monita
1662 4975 1716 5019 et
1738 4981 1871 5033 prae-

1980 3791 2190 3846 quoque
2238 3777 2353 3845 ejus
2395 3794 2519 3833 vere
2568 3787 2623 3833 et
2668 3781 3018 3849 spiritualiter
3059 3786 3365 3846 adoremus.
3429 3792 3561 3859 Qum

1978 3868 2119 3921 enim
2151 3877 2324 3936 potest
2366 3881 2486 3922 esse
2527 3869 2697 3939 magis
2726 3871 3017 3939 spiritualis
3047 3876 3220 3930 oratio
3251 3890 3410 3946 quam
3440 3899 3561 3953 qua

1979 3960 2130 4015 nobis
2160 3977 2187 4014 a
2214 3960 2450 4029 Christo,
2480 3976 2510 4016 a
2540 3979 2644 4032 quo
2670 3964 2820 4019 nobis
2848 3976 2900 4020 et
2926 3966 3153 4036 Spiritus
3182 3970 3413 4032 Sanctus
3434 3979 3562 4036 mis-

1977 4066 2069 4107 sus
2092 4063 2171 4107 est
2192 4055 2213 4107 ?
2231 4054 2361 4118 Quae
2384 4070 2509 4110 vero
2532 4057 2700 4127 magis
2721 4058 2858 4127 apud
2884 4058 3094 4115 Patrem
3119 4067 3377 4132 precatio,
3399 4084 3581 4138 quam.

1974 4157 2093 4212 quae
2119 4158 2147 4196 a
2179 4142 2337 4212 Filio,
2369 4145 2455 4210 qui
2486 4153 2568 4200 est
2608 4146 2802 4200 veritas
2840 4148 2907 4201 de
2937 4147 3053 4220 ejus
3075 4167 3168 4208 ore
3210 4155 3414 4222 prolata
3441 4200 3456 4222 .
3503 4170 3562 4217 ut

1979 4236 2138 4291 aliter
2167 4252 2323 4290 orare
2351 4252 2509 4305 quam
2536 4237 2721 4292 docuit
2750 4255 2853 4294 non
2886 4241 3179 4310 ignorantia
3205 4245 3319 4301 sola
3351 4250 3444 4315 sit,
3468 4252 3563 4307 sed

1974 4329 2150 4398 culpa,
2181 4344 2301 4383 cum
2332 4329 2447 4398 ipse
2474 4333 2710 4399 posuerit
2735 4339 2789 4388 et
2812 4334 3045 4401 dixerit,
3079 4336 3312 4409 Rejicitis
3345 4346 3562 4398 manda-

1975 4430 2082 4475 tum
2107 4420 2201 4475 Dei
2226 4430 2283 4473 ut
2301 4422 2626 4475 traditionem
2653 4432 2871 4478 vestram
2897 4428 3153 4482 statuatis.
3205 4429 3433 4489 Oremus
3464 4436 3562 4490 ita-

1973 4528 2096 4581 que,
2126 4511 2321 4565 fratres
2341 4512 2698 4581 dilectissimi,
2729 4514 2866 4570 sicut
2895 4519 3148 4587 magister
3178 4519 3315 4575 Deus
3335 4523 3516 4579 docuit
3540 4543 3558 4582 :

1975 4602 2141 4656 amica
2184 4613 2235 4656 et
2266 4602 2543 4657 familiaris
2570 4612 2653 4658 est
2691 4606 2862 4659 oratio
2889 4604 3099 4662 Domini
3122 4607 3189 4662 de
3214 4624 3314 4664 suo
3343 4627 3555 4682 rogare,

1975 4692 2039 4744 ad
2071 4705 2227 4746 aures
2250 4694 2368 4769 ejus
2395 4692 2692 4748 ascendere
2720 4692 2918 4748 Christi
2942 4696 3259 4752 orationem.
3295 4702 3561 4768 Agnoscat

1976 4781 2131 4836 Pater
2159 4782 2276 4836 Filii
2308 4783 2389 4836 sui
2415 4782 2580 4838 verba
2607 4799 2727 4837 cum
2759 4798 2973 4854 precem
3006 4785 3257 4856 facimus;
3286 4794 3374 4860 qui
3410 4792 3559 4854 habi-

1976 4883 2052 4929 tat
2075 4876 2215 4929 intus
2233 4876 2284 4929 in
2314 4884 2550 4944 pectore,
2574 4877 2688 4946 ipse
2712 4878 2850 4933 sitet
2874 4878 2926 4933 in
2951 4895 3106 4947 voce;
3128 4896 3249 4937 cum
3270 4884 3557 4943 habeamus

1978 4966 2146 5033 ipsum
2177 4966 2315 5035 apud
2350 4967 2560 5022 Patrem
2600 4969 3065 5046 advocatumhpro
3089 4976 3324 5043 peccatis
3362 4979 3559 5035 nostris

290 5078 449 5139 cepta
493 5081 585 5122 sua
612 5064 789 5120 divina
831 5061 1023 5132 quibus
1065 5057 1288 5126 populos
1327 5072 1452 5111 suos
1493 5058 1759 5112 consuluit
1804 5058 1871 5113 ad
1899 5058 2206 5128 Dpetimus
2231 5100 2246 5123 ,
2291 5058 2533 5112 advocati
2579 5061 2746 5113 nostri
2799 5061 2957 5116 verba
3001 5062 3363 5133 propinamus.
3421 5066 3557 5124 Nam

289 5163 518 5222 salutem
542 5201 560 5228 ,
603 5159 761 5215 etiam
789 5156 972 5211 orandi
1010 5156 1123 5223 ipse
1154 5153 1381 5208 formam
1406 5154 1581 5220 dedit;
1612 5155 1725 5223 ipse
1748 5154 1870 5224 qttid

293 5268 639 5328 precaremur
667 5251 872 5306 monuit
900 5257 949 5303 et
978 5248 1263 5313 instruxit;
1295 5246 1381 5316 qui
1407 5246 1530 5300 fecit
1554 5248 1751 5310 vivere,
1779 5246 1871 5300 do-

290 5348 407 5406 cuit
434 5355 488 5402 et
518 5358 677 5399 orare
705 5386 719 5409 ,
774 5355 837 5394 ea
875 5339 1200 5410 benignitate
1228 5338 1433 5392 scilicet
1461 5352 1561 5406 qua
1598 5346 1651 5391 et
1679 5348 1870 5392 caetera

291 5441 426 5495 dare
450 5443 505 5492 et
530 5434 775 5491 conferre
813 5432 1061 5501 dignatus
1090 5438 1172 5485 est
1209 5439 1287 5494 ut,
1325 5431 1450 5483 dum
1482 5442 1641 5500 prece
1671 5440 1720 5483 et
1752 5443 1871 5484 ora-

292 5530 443 5587 tione
487 5541 647 5597 quam
693 5524 855 5579 Filius
893 5523 1074 5577 docuit
1133 5520 1270 5587 apud
1327 5519 1539 5575 Patrem
1579 5522 1865 5591 loquimur,

288 5620 506 5679 facilius
553 5618 848 5674 audiamur.
914 5615 1030 5670 Jam
1082 5614 1399 5683 praxdixerat
1455 5618 1638 5667 horam
1684 5614 1871 5668 venire

287 5714 497 5787 quando
524 5714 625 5767 veri
648 5712 936 5763 adoratores
959 5708 1231 5760 adorarent
1255 5704 1463 5760 Patrem
1493 5707 1545 5759 in
1576 5707 1787 5777 spiritu,
1816 5714 1872 5761 ct

287 5805 533 5876 implevit
558 5802 770 5875 quando
808 5799 1089 5872 promisit,
1120 5806 1178 5851 ut
1208 5797 1298 5866 qui
1327 5796 1572 5866 spiritum
1600 5806 1655 5851 et
1674 5795 1869 5852 verita-

347 5909 375 5942 δ
400 5910 687 5969 κρωόιυω
714 5912 911 5966 ansatus
934 5918 1026 5965 nec
1048 5914 1244 5975 semper
1266 5900 1537 5962 intulimus
1552 5906 1801 5974 “pet‘t'ltltli,
1823 5906 2043 5973 quimus
2062 5912 2113 5962 tu
2137 5907 2299 5959 monts
2322 5906 2440 5958 locis
2460 5907 2839 5964 eoi-resentment

1978 5166 2100 5205 cum
2130 5151 2306 5216 dicat,
2332 5152 2457 5220 quia
2487 5152 2840 5222 quodcumque
2869 5155 3114 5224 petieritis
3144 5154 3355 5211 Patrem
3380 5159 3434 5213 in
3463 5177 3558 5213 no-

1932 5264 1939 5272 ο
1977 5243 2111 5294 utine
2134 5258 2243 5296 meo
2272 5242 2411 5296 dabit
2432 5242 2570 5296 vobis
2597 5258 2616 5296 :
2641 5252 2839 5312 quanto
2858 5243 3126 5301 efﬁcacius
3154 5246 3556 5319 impetrabimus

1976 5333 2114 5401 quod
2151 5334 2379 5402 petimus
2405 5332 2603 5388 Christi
2636 5334 2872 5404 nomine,
2903 5334 2949 5389 si
2969 5345 3213 5405 petamus
3241 5339 3411 5408 ipsius
3430 5356 3554 5399 ora-

1978 5425 2159 5480 tione?
2201 5426 2280 5479 Sit
2326 5427 2468 5481 euim
2517 5425 2795 5481 orantibus
2837 5440 3017 5481 sermo
3065 5438 3120 5484 et
3157 5432 3388 5498 precatio
3431 5447 3555 5491 cum

1978 5517 2254 5585 disciplina
2285 5519 2517 5588 quietem
2541 5522 2823 5574 continens
2850 5528 2905 5575 ct
2925 5521 3204 5591 pudorem.
3246 5524 3553 5596 Cogitemus

1977 5623 2075 5665 nos
2095 5609 2194 5664 sub
2226 5619 2513 5678 conspectu
2545 5610 2638 5665 Dei
2668 5608 2846 5678 stare;
2879 5613 3193 5682 placendum
3231 5624 3315 5672 est
3358 5615 3554 5673 divinis

1975 5700 2144 5755 oculis
2186 5710 2237 5755 et
2289 5700 2466 5756 habitu
2499 5702 2774 5773 corporis,
2820 5713 2871 5759 et
2911 5706 3070 5761 modo
3100 5707 3275 5774 vocis;
3326 5721 3446 5762 nam
3493 5714 3553 5763 ut

1974 5793 2327 5867 imprudentis
2358 5804 2442 5851 est
2474 5790 2802 5854 clamoribus
2836 5805 3078 5870 strepere
3098 5842 3116 5868 ,
3154 5799 3225 5857 ita
3250 5800 3497 5871 congruit
3518 5814 3552 5856 ο

3217 5913 3346 5962 Rom
