4012 6338
526 381 668 442 “Ib

1434 378 1979 442 SUPPLEMENTUM
2019 379 2118 435 ΑΒ
2144 376 2388 435 ‘OIIIRA
2418 376 2478 432 8.
2518 375 2906 435 ΑυῦυετιΝι.

3667 381 3812 441 “ib

526 506 713 556 contra
744 496 1181 567 verecundiorem
1209 496 1466 551 modestis
1506 496 1762 566 precibus
1784 510 1962 551 orare.
2005 494 2108 548 De.
2137 492 2193 555 Α
2217 491 2363 562 quit,
2386 498 2528 547 orate
2558 504 2578 544 :
2602 488 2757 547 Pater
2794 497 2963 547 noster
2986 508 3075 563 qui
3114 506 3168 548 es
3194 492 3252 549 in
3274 494 3431 561 salis,
3457 492 3811 562 aediﬁcetur

529 592 691 663 pique
740 588 1050 663 magisterio
1094 602 1192 643 suo
1248 588 1506 645 Dominus
1553 597 1765 663 secreto
1814 604 1969 667 orare
2012 602 2114 643 nos

527 682 784 753 praecepit
809 682 861 740 in
892 680 1084 743 abditis
1104 692 1158 743 et
1184 683 1407 743 secretis
1435 681 1597 751 locis,
1644 682 1697 745 in
1723 682 1985 748 cubiculis
2014 695 2113 737 uoe

525 774 675 837 stris,
705 773 847 843 quod
880 776 1049 853 magis
1096 777 1339 844 congruit
1389 774 1509 829 ﬁdei
1537 819 1554 844 ,
1586 784 1643 829 ut
1680 774 1913 829 sciamus
1946 774 2113 829 Deum

522 867 721 935 ubique
744 879 867 920 esse
898 876 1217 941 praesentem
1245 908 1258 931 ,
1313 866 1498 921 audire
1524 881 1712 933 omnes
1752 875 1805 920 et
1832 865 2034 929 videre,
2061 870 2117 918 et

526 958 828 1027 maiestatis
877 973 990 1017 suae
1037 958 1422 1029 plenitudinem
1474 959 1525 1015 in
1571 960 1745 1027 abdita
1793 972 2019 1028 quaeque
2060 964 2115 1025 et

524 1050 733 1110 occulta
749 1060 1052 1121 penetrare,
1068 1051 1206 1104 sicut
1223 1051 1478 1117 scriptum
1500 1060 1583 1106 est
1599 1068 1611 1109 ς
1635 1049 1747 1121 ligo
1765 1048 1902 1105 Deus
1922 1062 2115 1117 appre-

522 1146 749 1208 xintans,
777 1152 826 1197 et
849 1161 948 1197 non
974 1143 1112 1197 Deus
1133 1145 1196 1198 de
1223 1145 1533 1217 longinquo;
1570 1145 1611 1219 si
1639 1143 1965 1197 absconditus
2001 1142 2115 1209 fue-

524 1237 591 1295 rit
620 1235 768 1297 homo
798 1237 850 1290 in
896 1236 1203 1292 absconditis
1228 1277 1243 1303 ,
1291 1254 1409 1306 ergo
1453 1253 1545 1311 ego
1590 1253 1691 1293 non
1730 1237 1904 1303 uidebo
1953 1235 2114 1303 eum?

520 1327 709 1383 Nonne
726 1329 907 1383 cceluut
928 1337 979 1382 et
999 1340 1185 1383 terram
1204 1344 1297 1399 ego
1316 1328 1544 1395 impleo?
1566 1328 1631 1383 Et
1646 1329 1838 1387 iterum
1854 1344 1867 1381 :
1885 1325 1951 1383 In
1974 1326 2114 1389 omni

528 1421 641 1476 loco
671 1420 811 1474 oculi
838 1421 1046 1475 Domini
1086 1419 1494 1492 contemplantur
1526 1423 1681 1477 bonos
1729 1430 1775 1475 et
1819 1419 2002 1474 malos.
2045 1419 2115 1475 Et

519 1511 735 1583 quando
759 1509 810 1569 in
857 1527 1017 1565 unum
1051 1526 1173 1575 eum
1203 1510 1451 1564 fratribus
1478 1511 1828 1579 convenimus
1869 1518 1921 1564 et
1954 1508 2114 1581 sacri-

521 1602 639 1663 ﬁcia
661 1603 843 1657 divina
874 1618 994 1657 cum
1036 1603 1126 1655 Dei
1158 1601 1439 1665 sacerdote
1460 1602 1813 1665 celebramus,
1850 1615 2111 1669 verecun-

522 1695 626 1749 dia:
657 1703 711 1748 et
739 1695 1037 1764 disciplina!
1086 1708 1354 1750 memores
1379 1710 1499 1749 esse
1526 1694 1783 1750 debemus
1806 1736 1822 1763 ,
1854 1710 1960 1749 non
1990 1710 2110 1764 pas-

516 1788 618 1844 sim
647 1776 912 1842 ventilare
938 1802 1122 1854 preces
1154 1795 1365 1839 nostras
1407 1786 1693 1840 inconditis
1720 1788 1942 1842 vocibus
1962 1830 1977 1854 ,
2010 1799 2111 1840 nec

2222 600 2407 659 nomen
2430 591 2603 669 tuum,
2633 584 2872 638 adveniat
2889 601 3101 656 regnum
3122 594 3293 652 tuum,
3334 588 3427 658 ﬁat
3454 586 3692 642 voluntas
3728 599 3810 643 tua

2222 677 2356 747 sicut
2388 676 2440 741 in
2466 676 2592 739 coelo
2620 685 2664 739 et
2691 678 2744 731 in
2770 686 2905 739 terra
2924 695 2945 732 :
2972 696 3157 747 panem
3196 691 3428 749 nostrum
3451 681 3810 750 quotidianum

2222 769 2291 822 da
2310 770 2453 823 nobis
2475 769 2652 835 hodie,
2682 778 2728 826 et
2753 771 2952 825 dimitte
2981 771 3123 827 nobis
3161 772 3331 829 debita
3352 782 3554 838 nostra,
3602 773 3738 826 sicut
3766 780 3811 835 et

2221 875 2318 915 nos
2343 860 2648 915 dimittimus
2681 861 2988 916 debitoribus
3014 864 3241 927 nostris;
3289 874 3337 917 et
3382 880 3445 918 ne
3479 879 3573 918 nos
3598 864 3808 923 inducas

2224 953 2279 1006 in
2309 953 2660 1021 tentationem,
2686 956 2773 1009 sed
2803 953 2958 1021 libera
2988 972 3080 1010 nos
3100 974 3130 1009 a
3158 932 3315 1027 male.
3344 958 3525 1027 Amen,

2273 1046 2435 1106 ‘Ante
2478 1048 2659 1107 omnia
2689 1048 2835 1117 pacis
2876 1048 3064 1109 doctor
3092 1057 3251 1119 atque
3292 1050 3515 1113 unitatis
3559 1050 3806 1120 magister

2219 1139 2530 1210 singillatim
2562 1140 2733 1196 noluit
2766 1150 2820 1195 et
2851 1142 3097 1210 privatim
3130 1156 3343 1211 precem
3372 1142 3505 1207 dici,
3540 1144 3698 1213 quasi
3724 1142 3803 1215 qui

2220 1240 2493 1301 precatur,
2542 1247 2639 1301 pro
2680 1247 2739 1288 se
2770 1240 2973 1287 tantum
3002 1236 3207 1305 precari
3238 1234 3503 1291 videatur.
3554 1235 3640 1293 Ne
3670 1235 3802 1290 dica-

2221 1338 2340 1383 mus
2371 1323 2528 1379 Pater
2552 1339 2725 1393 meus,
2748 1340 2921 1398 neque
2946 1342 3134 1396 panem
3163 1342 3340 1389 meum
3369 1328 3435 1383 da
3468 1328 3602 1386 mibi
3629 1328 3804 1397 hodie,

2218 1431 2321 1471 nec
2347 1416 2541 1472 dimitti
2568 1418 2672 1472 sibi
2732 1427 2935 1473 tantum
2983 1419 3348 1489 unusquisque
3387 1420 3630 1489 postulet
3676 1423 3805 1479 utin

2220 1510 2567 1563 tentationem
2613 1524 2719 1566 non
2762 1510 3046 1565 inducatur
3093 1520 3253 1581 atque
3300 1526 3331 1564 a
3378 1513 3521 1566 malo
3548 1512 3806 1585 liberetur

2218 1615 2321 1670 pro
2349 1602 2465 1657 solo
2511 1616 2572 1657 se
2610 1611 2767 1675 roget
2796 1618 2813 1669 ;
2844 1602 3052 1672 publica
3082 1614 3163 1659 est
3206 1602 3348 1669 enim
3393 1603 3550 1659 nobis
3579 1614 3639 1665 et
3670 1619 3786 1669 com

2216 1693 2398 1747 munis
2430 1694 2602 1748 oratio
2650 1700 2705 1748 et
2754 1694 2971 1762 quando
3018 1706 3234 1752 oramus
3284 1709 3388 1748 non
3420 1710 3522 1764 pro
3550 1709 3688 1760 uno,
3720 1694 3803 1750 sed

2217 1799 2315 1854 pro
2345 1785 2544 1855 populo
2575 1793 2688 1839 toto
2733 1799 2952 1840 oramus
2977 1826 2992 1852 ,
3042 1786 3168 1855 quia
3218 1786 3445 1856 populus
3497 1797 3649 1842 totus
3678 1804 3803 1845 unus

517 1881 856 1950 petitionem,
874 1878 1349 1933 commendandam
1365 1878 1605 1934 modeste
1629 1878 1757 1943 Deo,
1784 1879 2108 1934 tumultuosa
2140 1881 2189 1943 Β
2216 1893 2426 1934 sumus.
2469 1878 2613 1935 Deus
2639 1879 2787 1949 pacis
2814 1888 2870 1935 et
2894 1880 3199 1937 concordia
3225 1881 3481 1952 magister
3509 1882 3607 1953 qui
3635 1881 3805 1941 demit

516 1972 837 2043 loquacitate
859 1971 1065 2042 jactare
1084 2014 1100 2038 ,
1148 1972 1269 2040 quia
1292 1971 1437 2041 Deus
1468 1989 1572 2037 non
1604 1974 1780 2043 vocis,
1807 1971 1900 2039 sed
1928 1971 2109 2039 cordis

512 2066 728 2120 auditor
750 2077 863 2129 est,
897 2079 995 2127 nec
1036 2063 1404 2123 admonendus
1428 2074 1511 2125 est
1549 2063 1872 2129 clamoribus
1899 2063 1988 2133 qui
2017 2077 2109 2119 co-

513 2159 798 2227 gitationes
827 2157 1005 2222 videt,
1051 2157 1308 2226 probante
1335 2157 1561 2213 Domino
1598 2165 1653 2212 et
1686 2158 1934 2211 dicente:
1969 2156 2107 2223 Quid

514 2250 749 2320 cogitatis
798 2265 1013 2318 nequam
1057 2250 1111 2303 in
1151 2250 1388 2305 cordibus
1433 2250 1650 2305 vestris?
1696 2258 1750 2304 et
1790 2248 1896 2313 alio
1943 2248 2104 2317 loco:

514 2342 695 2398 Sciant
720 2359 891 2396 omnes
918 2344 1036 2409 quia
1069 2359 1161 2413 ego
1200 2352 1458 2402 scrutator
1496 2343 1631 2403 renis
1667 2352 1716 2397 et
1744 2342 1935 2409 cordis,
1964 2342 2107 2412 quod

517 2438 671 2493 Anna
694 2437 746 2491 in
781 2438 953 2507 primo
985 2437 1187 2507 Regum
1220 2438 1355 2493 libro
1402 2446 1585 2509 typum
1629 2446 1848 2507 portans
1872 2438 2106 2493 custodit

518 2536 579 2584 et‘
594 2537 790 2594 servat,
826 2543 944 2598 quas
976 2529 1255 2582 Dominum
1286 2571 1300 2595 ,
1335 2544 1439 2601 non
1484 2529 1785 2601 clamorosa
1826 2530 2104 2609 petitione,

515 2620 610 2674 sed
636 2620 796 2674 tacite
840 2627 894 2675 et
938 2619 1181 2675 modeste
1227 2621 1367 2675 inter
1415 2622 1555 2690 ipsas
1600 2621 1837 2691 pectoris
1879 2623 2108 2677 latebras

519 2720 787 2782 precatur.
852 2711 1194 2781 Loquebatur
1237 2728 1392 2783 prece
1439 2714 1671 2799 occulta,
1705 2717 1797 2785 sed
1824 2714 2105 2789 manifesta

512 2802 621 2859 ﬁde
647 2804 981 2871 loquebatur,
1016 2820 1120 2858 non
1153 2819 1282 2859 voce
1312 2805 1408 2859 sed
1434 2805 1617 2870 corde,
1647 2809 1769 2875 quia
1814 2806 1889 2859 sic
1921 2804 2103 2860 Domi-

512 2910 640 2951 num
673 2895 875 2953 sciebat
897 2894 1110 2951 audire:
1132 2894 1437 2974 impetravit
1457 2894 1745 2959 efﬁcaciter
1764 2895 1904 2966 quod
1931 2898 2103 2966 petiit,

511 2991 634 3059 quia
664 2988 893 3043 fideliter
924 2989 1229 3057 postulavit.
1273 2989 1516 3042 Declarat
1558 2988 1671 3042 haec
1699 2988 1971 3058 Scriptura
2021 2988 2102 3042 di-

510 3080 628 3134 vina
661 3095 781 3149 qum
813 3078 972 3134 dicit:
1006 3078 1331 3151 Loquebatur
1351 3082 1402 3133 in
1430 3081 1583 3133 corde
1602 3095 1717 3147 suo,
1742 3088 1788 3132 et
1806 3079 1940 3133 labia
1962 3078 2103 3133 illius

509 3190 606 3229 non
628 3173 979 3227 movebantur.
1023 3173 1152 3227 Item
1201 3174 1427 3244 legimus
1471 3174 1521 3235 in
1564 3173 1804 3247 psalmo:
1836 3159 2007 3235 Dicite
2048 3173 2103 3226 in

2214 1971 2497 2033 unitatem.
2527 1972 2604 2025 sic
2629 1985 2787 2025 orare
2813 1972 2976 2026 etiam
3017 1971 3232 2040 docuit,
3263 1972 3403 2029 unde
3434 1988 3534 2041 pro
3561 1974 3807 2030 omnibus

2215 2063 2405 2131 voluit,
2438 2064 2709 2137 quomodo
2741 2066 2794 2121 in
2824 2080 2930 2127 uno
2956 2080 3145 2123 omnes
3164 2066 3278 2137 ipse
3304 2069 3558 2137 portavit.

2285 2154 2435 2210 Hanc
2483 2155 2741 2211 orationis
2785 2156 2957 2227 legem
3004 2169 3355 2213 servaverunt
3401 2167 3515 2213 tres
3555 2174 3715 2229 pueri
3759 2161 3805 2215 in

2212 2249 2423 2309 camino
2446 2250 2582 2320 ignis
2613 2250 2827 2317 inclusi,
2858 2261 3220 2319 consonantes
3247 2251 3299 2306 in
3325 2266 3484 2320 prece
3505 2261 3562 2307 et
3589 2254 3805 2322 spiritus

2212 2341 2568 2405 consensione
2596 2342 2912 2411 concordes.
2939 2343 3051 2403 Hoc
3077 2343 3317 2399 declarat
3336 2344 3535 2400 divinae
3561 2344 3805 2414 ενοι-ἱρω-

2210 2447 2285 2487 ra:
2308 2432 2471 2499 fides;
2495 2440 2569 2499 et,
2587 2432 2715 2487 dum
2738 2432 2894 2489 docet
2911 2434 3179 2503 quomodo
3207 2435 3485 2489 oraverint
3514 2435 3692 2499 tales,
3725 2435 3806 2490 dat

2209 2526 2515 2592 exemplum
2543 2525 2684 2596 quod
2715 2526 2911 2593 imitari
2943 2527 2997 2589 in
3029 2528 3275 2595 precibus
3315 2528 3618 2583 debeamus
3647 2536 3707 2583 ut
3734 2538 3805 2583 ts-

2209 2619 2288 2673 les
2314 2633 2433 2674 esse
2462 2618 2749 2687 possimus.
2774 2619 2947 2684 Tunc,
2975 2620 3161 2688 inquit,
3188 2619 3263 2673 illi
3288 2629 3395 2674 tres
3422 2620 3576 2687 quasi
3610 2634 3681 2674 ex
3709 2634 3806 2674 uno

2209 2725 2304 2782 pre
2354 2711 2610 2782 hymnum
2656 2710 2908 2783 dicebant
2952 2721 3006 2767 et
3063 2711 3449 2766 bettedicebant
3491 2710 3802 2766 Dominum.

2209 2804 2589 2875 Loqnebautur
2619 2805 2770 2875 quasi
2814 2820 2880 2859 ex
2926 2818 3034 2859 uno
3077 2820 3172 2860 ore
3198 2815 3251 2860 et
3291 2806 3529 2859 nondum
3560 2804 3807 2861 Christus

2210 2896 2327 2953 illos
2348 2896 2603 2961 docuerat
2628 2911 2806 2973 orare,
2825 2904 2879 2959 et
2901 2896 3101 2965 idcirco
3118 2898 3394 2954 orantibus
3424 2897 3524 2965 fuit
3552 2899 3807 2969 impetra-

2209 2989 2330 3044 bilis
2357 3000 2412 3045 et
2441 2989 2631 3045 efﬁcax
2656 3005 2868 3059 sermo,
2903 2993 3023 3061 quia
3058 2994 3459 3061 promerebatur
3504 2993 3681 3049 Deum
3720 3010 3806 3064 pa-

2209 3081 2363 3137 cifica
2391 3089 2445 3136 et
2475 3083 2705 3150 simplex
2747 3090 2801 3137 et
2830 3082 3122 3153 spiritualis
3153 3086 3343 3138 oratio.
3388 3084 3476 3140 Sic
3507 3097 3559 3141 et
3590 3096 3807 3153 aposto~

2209 3172 2289 3226 los
2338 3186 2459 3233 cum
2491 3172 2773 3243 discipulis
2814 3184 2933 3263 post
2979 3188 3256 3241 ascensum
3298 3175 3507 3230 Domini
3556 3178 3805 3233 novimus

512 3267 739 3320 cordibus
768 3267 979 3330 vestris,
1020 3276 1065 3319 et
1093 3267 1146 3319 in
1180 3268 1432 3320 cubilibus
1466 3268 1643 3321 vestris
1673 3266 2099 3337 cumpungimini.
2128 3260 2174 3322 C
2211 3279 2401 3320 orare:
2466 3265 2646 3331 Erant,
2672 3260 2862 3335 inquit,
2899 3280 3272 3337 perseverantes
3299 3270 3572 3325 unanimes
3606 3271 3667 3324 in
3700 3289 3806 3325 oro-

510 3361 609 3417 Per
637 3360 924 3417 Jeremlam
964 3376 1175 3432 quoque
1222 3362 1336 3416 huic
1386 3361 1572 3416 eadem
1624 3361 1852 3430 Spiritus
1880 3369 2097 3415 sanctus

509 3451 746 3521 suggerit
777 3459 833 3507 et
862 3450 1020 3506 docet
1043 3452 1231 3507 dicens
1256 3470 1268 3505 :
1315 3450 1380 3506 In
1410 3469 1562 3515 sensu
1592 3462 1764 3519 autem
1801 3454 1939 3519 debet
1974 3454 2100 3513 oda-

508 3545 614 3599 rari
636 3544 725 3599 tibi
754 3544 1021 3599 Dominus.
1064 3545 1308 3601 Adorans
1342 3536 1552 3612 autem,
1586 3547 1777 3602 fratres
1815 3547 2100 3603 dilectissi-

509 3638 606 3703 mi,
635 3651 735 3697 nec
765 3636 895 3693 illud
941 3638 1151 3707 ignoret
1176 3638 1624 3707 quemadmodum
1662 3641 1714 3699 in
1748 3639 1947 3707 templo
1973 3654 2097 3694 cum

511 3727 786 3803 Phariam
808 3729 1133 3793 Pnblicanus
1160 3733 1415 3798 oraverit,
1442 3746 1547 3787 non
1575 3731 1793 3790 elevatis
1822 3736 1871 3788 in
1903 3734 2098 3793 caelum

506 3819 846 3892 impudenter
896 3820 1068 3877 oculis
1116 3835 1216 3876 nec
1262 3820 1505 3885 manibus
1544 3823 1835 3879 insolenter
1877 3823 2093 3893 erectis,

509 3927 689 3989 peetus
718 3917 937 3987 pulsans
991 3926 1046 3973 et
1084 3926 1303 3987 peccata
1341 3918 1482 3976 intus
1531 3920 1737 3975 inclusa
1785 3928 2095 3976 contestans

508 4006 695 4073 divina:
741 4008 1127 4067 misericordiae
1170 4010 1490 4079 implorabat
1538 4012 1815 4067 auxilium.
1861 4012 1926 4069 Et
1974 4028 2095 4069 cum

507 4100 811 4161 Pharisatus
839 4101 939 4156 sibi
974 4102 1242 4172 placeret,
1291 4103 1616 4159 sanctificari
1663 4104 1748 4161 hic
1776 4108 1945 4178 magis
1972 4122 2097 4163 mev-

507 4196 614 4251 ruit
641 4195 733 4264 qui
764 4196 842 4251 sic
881 4197 1091 4262 oravit,
1137 4198 1225 4265 qui
1271 4211 1420 4265 spem
1449 4198 1635 4253 salutis
1678 4214 1784 4255 non
1814 4201 1869 4255 in
1901 4200 2095 4257 fiducia

505 4284 825 4343 innocentia:
854 4300 963 4340 sua:
987 4287 1160 4353 posuit
1186 4326 1201 4352 ,
1247 4303 1370 4343 cum
1402 4288 1655 4347 innocens
1684 4305 1845 4347 nemo
1872 4292 1963 4359 sit,
1996 4291 2090 4348 sed

508 4384 723 4445 peccata
749 4376 1028 4432 confessus
1059 4378 1333 4433 ltuntiliter
1346 4383 1540 4443 oravit,
1560 4392 1613 4435 et
1630 4383 1907 4438 exaudivit
1933 4398 2093 4439 oran-

510 4477 616 4525 tem
650 4469 739 4538 qui
768 4468 1058 4525 humilibus
1087 4470 1335 4540 ignoscit,
1368 4473 1507 4541 quod
1538 4472 1794 4530 Dominus
1822 4474 1875 4531 in
1907 4474 2088 4531 Evan-

507 4559 650 4631 gelio
681 4561 858 4630 posuit
884 4570 941 4616 et
966 4561 1143 4617 dixit:
1181 4562 1249 4616 Hi
1270 4564 1371 4618 duo
1401 4566 1740 4621 ascenderunt
1769 4569 1821 4622 in
1845 4571 2088 4638 templum

2206 3357 2361 3424 tione,
2384 3373 2499 3410 cum
2522 3357 2819 3412 mulieribus
2843 3368 2890 3412 et
2922 3356 3093 3412 Maria
3120 3375 3232 3427 qua:
3256 3360 3351 3429 fuit
3396 3371 3563 3414 mater
3603 3360 3738 3416 Iesu
3763 3372 3805 3417 et

2204 3449 2449 3519 fratribus
2474 3450 2606 3520 ejus.
2637 3448 3062 3517 Perseverabant
3104 3450 3155 3505 in
3196 3451 3442 3507 oratione
3492 3455 3802 3520 unanimes,

2202 3538 2460 3594 orationis
2490 3539 2690 3594 scilicet
2717 3548 2772 3595 et
2816 3540 3121 3596 instantiam
3172 3541 3331 3596 simul
3360 3552 3417 3597 et
3453 3544 3802 3601 concordiam

2205 3631 2539 3695 declaramus
2584 3634 2705 3703 quia
2736 3634 2879 3691 Deus
2924 3635 3227 3695 inhabitare
3275 3636 3401 3697 fecit
3430 3637 3724 3701 unanimes
3754 3640 3800 3693 in

2205 3725 2388 3787 domo.
2427 3726 2546 3791 Non
2573 3727 2807 3791 admittit
2835 3729 2887 3791 in
2920 3728 3152 3793 divinam
3200 3739 3254 3789 et
3282 3740 3545 3795 aeternam
3584 3730 3801 3793 domoin

2201 3820 2305 3876 nisi
2336 3833 2431 3875 eos
2477 3819 2616 3889 apud
2664 3835 2800 3890 quos
2847 3821 3116 3885 unanimis
3158 3824 3346 3887 oratio.
3389 3823 3586 3891 Qualia
3619 3834 3795 3885 autem

2199 3911 2323 3974 sint.
2349 3907 2546 3971 fratres
2568 3910 2937 3978 dilectissimi,
2976 3912 3245 3975 Orationis
3278 3913 3576 3981 Dominica‘:
3605 3930 3789 3983 sam-

2199 4012 2399 4069 menta,
2425 4018 2584 4074 quam
2614 4003 2776 4065 multa
2802 4048 2817 4073 .
2864 4019 3027 4075 quam
3074 4021 3294 4076 magna,
3328 4007 3570 4067 breviter
3602 4009 3659 4073 in
3684 4023 3796 4073 ser-

2202 4109 2364 4157 mone
2392 4094 2616 4157 colleeta
2641 4136 2659 4165 ,
2709 4096 2803 4161 sed
2852 4097 2904 4153 in
2947 4098 3145 4161 virtute
3189 4098 3543 4169 spiritualiter
3583 4103 3801 4173 copiosa

2203 4188 2482 4251 ostendam
2506 4228 2524 4256 ,
2574 4196 2633 4245 ut
2663 4187 3059 4262 nihil.omniuo
3100 4190 3527 4259 praetermissum
3561 4194 3629 4251 sit
3663 4194 3799 4263 quod

2200 4295 2307 4343 non
2354 4281 2405 4335 in
2453 4281 2698 4352 precibus
2743 4292 2902 4352 atque
2951 4282 3280 4345 orationibus
3322 4284 3527 4345 nostris
3559 4287 3799 4351 cmlestis

2198 4371 2458 4435 doctrinm
2501 4371 2823 4441 compendio
2862 4374 3314 4444 apprehendatur.
3344 4374 3795 4445 Animadvertite.

2195 4467 2289 4529 sic,
2321 4467 2416 4532 ait,
2447 4476 2588 4521 orate
2610 4480 2630 4521 :

2267 4557 2426 4615 Pater
2446 4570 2615 4616 noster
2640 4560 2728 4627 qui
2754 4575 2807 4623 es
2833 4559 2890 4615 in
2926 4559 3085 4619 catis.
3130 4559 3301 4619 Homo
3328 4575 3526 4631 novus,
3554 4573 3794 4635 renatus,

507 4655 745 4722 adorare,
776 4672 908 4710 unus
938 4653 1256 4724 Pharisteus,
1279 4658 1409 4712 alter
1430 4660 1765 4730 publicanus;
1796 4660 2087 4719 Pharisazus

2211 4650 2303 4707 )eo
2330 4664 2431 4707 suo
2459 4665 2552 4720 per
2578 4650 2693 4720 ejus
2723 4651 2947 4719 gratiam
2982 4650 3256 4713 restitutus
3278 4692 3293 4719 ,
3329 4667 3507 4713 PATER
3538 4654 3716 4725 primo
3746 4654 3794 4709 in

507 4760 620 4802 eum
647 4747 893 4813 stetisset,
918 4747 1041 4800 talia
1073 4748 1215 4817 apud
1252 4765 1304 4803 se
1327 4751 1663 4819 precabatur:
1699 4751 1856 4822 Deus,
1891 4755 2087 4825 gratias

506 4838 735 4908 egotibi,
780 4839 901 4905 quia
944 4855 1049 4892 non
1091 4856 1202 4893 sum
1247 4842 1377 4893 sicut
1407 4843 1572 4897 ueteri
1602 4844 1866 4897 hominum
1883 4845 2086 4916 injusti,

503 4941 757 5001 raptores,
787 4931 1007 4993 adulteri
1044 4934 1297 5001 quomodo
1337 4942 1385 4987 et
1425 4934 1721 4997 publicanus
1746 4936 1841 4992 iste
1865 4954 1883 4991 :
1906 4939 2090 5008 jejuno

505 5025 578 5079 bis
607 5026 656 5078 in
680 5023 907 5092 sabbato,
939 5024 1161 5077 decimas
1202 5025 1267 5078 do
1291 5026 1518 5079 omnium
1555 5044 1669 5097 quas
1695 5030 1947 5098 possideo.
1984 5028 2094 5083 Pu-

505 5116 731 5170 blicauus
759 5116 823 5169 de
850 5115 1128 5186 longinquo
1156 5116 1321 5177 stabat
1350 5126 1397 5171 et
1421 5135 1581 5188 neque
1609 5121 1784 5174 oculos
1803 5120 1872 5173 ad
1902 5122 2085 5176 caelum

505 5206 698 5263 solebat
726 5207 925 5271 levare,
980 5207 1071 5259 sed
1110 5207 1421 5276 percutiebat
1449 5221 1621 5278 pectus
1665 5227 1843 5277 suum,
1882 5212 2090 5267 dicens:

508 5297 664 5363 Deus,
688 5298 939 5367 propitius
960 5306 1066 5355 esto
1091 5299 1217 5353 mihi
1243 5302 1525 5369 pi-ccatori;
1564 5303 1679 5356 ἅζεο
1704 5303 1860 5371 vobis,
1882 5305 2089 5359 descen-

507 5392 577 5444 tlit
599 5393 679 5444 hic
689 5390 1005 5463 justiﬁcatus
1029 5392 1081 5446 in
1094 5394 1299 5447 domum
1320 5410 1468 5448 suam
1491 5397 1655 5465 magis
1674 5412 1828 5466 quam
1846 5397 1933 5450 ille
1951 5394 2091 5450 Plia-

507 5484 708 5549 risteus,
733 5484 852 5553 quia
875 5484 1039 5539 omnis
1059 5486 1148 5555 qui
1174 5501 1230 5540 se
1250 5486 1450 5541 extollit
1468 5486 1833 5541 ‘humiliabitur
1859 5496 1905 5542 et
1935 5488 2022 5558 qui
2039 5504 2091 5542 se

509 5574 745 5630 bumiliat
766 5576 1276 5645 wallebiturﬂuaro
1307 5593 1423 5645 nos,
1438 5578 1631 5634 fratres
1655 5578 1939 5645 carissimi,
1955 5579 2093 5634 divi-

510 5684 574 5731 na
602 5669 869 5725 locutione
897 5670 1134 5726 dicentes
1152 5668 1244 5743 [Ρ.
1272 5670 1583 5743 discentes].
1600 5680 1877 5742 postquam
1895 5686 2092 5743 cogno-

510 5764 688 5821 vimus
716 5763 783 5819 ad
812 5762 1109 5819 orationem
1134 5765 1361 5834 qualiter
1388 5766 1645 5822 accedere
1664 5764 1977 5831 debeamus,
1994 5779 2088 5821 co-

502 5869 825 5938 gnoscamus
847 5896 864 5927 ,
903 5856 1116 5930 dicente
1140 5855 1389 5926 Domino,
1434 5857 1563 5931 quid
1591 5872 1843 5917 oremus:
1874 5859 1973 5919 sic.
2006 5858 2092 5919 in.

2202 4741 2320 4801 loco
2358 4740 2487 4799 dicit
2524 4742 2646 4812 quia
2678 4734 2818 4801 ﬁlius
2843 4754 2966 4805 esse
3002 4740 3109 4811 iam
3137 4741 3317 4812 etrapit.
3360 4741 3428 4798 In
3457 4760 3577 4813 sua,
3608 4746 3793 4816 inquit,

2195 4836 2407 4905 propria
2433 4837 2564 4889 venit
2613 4845 2661 4891 et
2684 4836 2765 4891 sui
2789 4852 2903 4891 eum
2948 4851 3051 4895 non
3078 4846 3398 4905 receperunt;
3419 4849 3673 4910 quotquot
3701 4857 3792 4905 au-

2197 4938 2298 4983 tem
2326 4945 2442 4987 eum
2460 4928 2928 4999 receperunt,dedit
2955 4930 3026 4984 eis
3054 4937 3354 4998 potestatem
3369 4930 3511 4999 ﬁlios
3542 4931 3642 4994 Dei
3661 4933 3788 5007 ﬁeri,

2196 5022 2284 5092 qui
2312 5023 2525 5077 credunt
2563 5023 2617 5077 in
2645 5023 2848 5079 nomine
2887 5023 3000 5093 ejus
3024 5062 3040 5088 ,
3072 5022 3163 5092 qui
3202 5034 3377 5085 autem
3407 5025 3585 5083 credit
3619 5028 3672 5091 in
3700 5040 3790 5097 nq-

2199 5112 2342 5169 m‘ine
2383 5114 2498 5181 ejus
2523 5122 2577 5171 et
2606 5113 2777 5175 factus
2804 5123 2886 5171 est
2915 5113 3008 5171 Dei
3038 5113 3204 5175 Filius
3227 5156 3242 5179 ,
3293 5114 3421 5179 ltinc
3468 5117 3636 5183 debet
3660 5119 3788 5189 iuet—

2198 5220 2345 5276 pere,
2390 5214 2447 5261 ut
2490 5207 2687 5276 gratias
2714 5217 2857 5277 agat,
2890 5208 3200 5275 profiteatur
3226 5222 3287 5265 se
3318 5209 3414 5273 Dei
3442 5209 3641 5279 Filium
3663 5211 3783 5275 dum

2198 5301 2437 5357 nominat
2463 5310 2667 5369 patrem
2699 5300 2801 5359 sibi
2830 5314 2951 5358 esse
2978 5302 3033 5365 in
3057 5302 3229 5368 etatis,
3264 5301 3431 5364 Deum
3456 5313 3788 5371 contestatur

2199 5407 2410 5461 quoque
2437 5390 2578 5448 inter
2605 5392 2773 5462 prima
2803 5393 2983 5449 statim
3016 5392 3306 5450 nativitatis
3338 5410 3453 5459 sua
3476 5399 3676 5464 verba,
3703 5412 3788 5461 te-

2201 5484 2475 5541 nuntiasse
2501 5499 2561 5541 se
2586 5493 2801 5541 terreno
2828 5495 2882 5541 et
2901 5488 3101 5543 carnali
3134 5489 3268 5557 patri
3295 5498 3350 5551 et
3376 5500 3588 5561 patrem
3617 5495 3786 5555 solum

2201 5592 2359 5634 nosse
2385 5592 2507 5634 esse
2551 5588 2605 5634 et
2636 5579 2834 5635 habere
2861 5582 3092 5651 ocepisse
3117 5582 3204 5651 qui
3248 5582 3324 5641 sit
3366 5583 3420 5639 in
3461 5584 3633 5645 stetis.
3664 5586 3787 5649 ditt!

2197 5670 2455 5740 scriptum
2479 5680 2559 5727 est
2583 5688 2600 5728 :
2625 5671 2726 5740 Qui
2750 5671 2936 5729 dicunt
2962 5673 3121 5742 patri,
3141 5682 3199 5731 et
3219 5676 3399 5739 matri,
3419 5673 3535 5733 Non
3563 5678 3691 5737 noti
3714 5688 3782 5743 te.

2197 5775 2257 5820 er
2281 5764 2419 5820 ﬁlios
2444 5780 2572 5820 suos
2597 5780 2703 5821 non
2731 5774 3096 5834 agnoverunt,
3126 5767 3180 5821 hi
3219 5769 3597 5831 custodierunt
3624 5770 3781 5837 verba

2193 5865 2284 5919 tua
2297 5867 2351 5917 et
2369 5866 2743 5927 testamentum
2761 5866 3287 5934 manumittamus
3306 5860 3438 5933 Item
3462 5860 3781 5933 Dominum
