4012 6338
305 387 440 445 111⁷1

1282 380 1340 436 8.
1383 374 1755 447 ᾼυςίυδτΠΝι
1794 373 1998 445 LIBER
2034 374 2123 437 DE
2161 375 2526 446 DBATIONE.

3418 374 3556 445 ωε

302 506 589 578 Bnngelio
615 520 711 560 suo
738 501 990 573 praseepit
1017 542 1029 564 ,
1073 514 1138 556 ne
1175 513 1428 561 vocemus
1467 496 1624 565 nobis
1671 505 1872 564 patrem
1902 496 1956 563 Δ
1980 494 2101 563 quia
2134 494 2247 564 ipse
2275 495 2449 563 dixit:
2492 495 2671 563 Sancti
2720 504 2890 563 estote
2932 496 3180 567 quoniam
3210 510 3309 566 ego
3338 504 3556 567 sanctus

300 608 357 663 in
384 613 549 667 terra,
592 598 731 670 quod
772 598 840 651 sit
887 595 1090 650 scilicet
1139 594 1290 649 nobis
1322 605 1460 646 unus
1490 590 1646 649 Pater
1674 588 1763 657 qui
1794 595 1877 644 est

300 696 358 753 In
387 694 559 752 cmlis.
599 692 663 745 Et
690 688 953 757 discipulo
984 688 1070 755 qui
1113 686 1438 740 mentionem
1471 680 1635 750 patris
1675 680 1876 741 fecerat

299 785 608 855 respondit,
662 782 787 838 Sine
832 780 1018 833 mortui
1058 776 1304 843 sepeliant
1354 786 1623 837 mortuos:
1667 772 1875 828 dixerat

296 892 439 935 enim
465 884 672 947 patrem
723 887 877 927 suum
926 879 1230 934 mortuum,
1262 881 1381 923 cum
1430 866 1500 920 sit
1543 864 1872 933 credentium

296 964 452 1041 pater
481 981 638 1023 unus.
678 965 858 1032 Neque
902 964 1001 1023 hoc
1050 961 1221 1015 solum
1247 1000 1262 1023 ,
1304 959 1493 1013 fratres
1520 957 1869 1023 dilectissimi,

292 1060 722 1117 animadvertere
748 1064 802 1111 et
842 1054 1137 1123 intelligere
1162 1052 1417 1107 debemus
1468 1049 1607 1118 quod
1639 1047 1871 1118 appella-

291 1170 417 1211 mus
464 1162 668 1222 patrem
719 1148 807 1218 qui
860 1148 930 1203 sit
974 1146 1026 1203 in
1066 1145 1216 1200 cmlis
1242 1184 1258 1209 ,
1296 1142 1389 1199 sed
1417 1142 1787 1211 coniungimus
1817 1147 1872 1196 et

289 1248 608 1320 adjicimus,
656 1242 818 1299 Pater
860 1250 1049 1306 noster,
1084 1240 1134 1295 id
1157 1248 1240 1297 est
1282 1253 1463 1296 eorum
1508 1236 1597 1317 qui
1648 1230 1883 1319 credunt‘

289 1340 435 1412 quod
464 1352 559 1408 per
584 1352 705 1393 eum
737 1334 1053 1391 sanctificati
1083 1342 1134 1388 et
1161 1332 1347 1403 gratiae
1396 1332 1688 1400 spiritualis
1732 1332 1867 1387 nati-

286 1434 458 1489 vitate
484 1430 743 1501 reparati,
779 1428 869 1483 filii
901 1440 1024 1482 esse
1049 1434 1344 1495 coeperunt.
1374 1424 1502 1491 Qum
1528 1438 1626 1481 vox
1654 1422 1868 1479 Judatos

286 1522 563 1592 restringit
587 1530 641 1576 et
665 1518 915 1590 percutit,
945 1517 1032 1588 qui
1064 1517 1163 1572 sibi
1202 1514 1471 1573 Christum
1510 1530 1603 1584 per
1636 1514 1866 1583 prophe-

286 1624 374 1669 tas
401 1611 771 1667 annuntiatnm
800 1616 854 1671 et
880 1607 943 1665 ad
975 1622 1034 1663 se
1072 1608 1215 1676 prius
1246 1607 1500 1671 missum,
1529 1622 1633 1661 non
1664 1614 1866 1665 tantum

282 1710 607 1777 spreverunt
648 1699 950 1765 infideliter,
1001 1699 1094 1757 sed
1152 1700 1312 1754 etiam
1368 1698 1656 1755 crudeliter
1711 1714 1867 1756 neca-

285 1803 482 1852 verunt
509 1813 521 1847 :
554 1794 644 1864 qui
673 1808 779 1849 non
811 1799 1034 1861 possunt
1072 1800 1275 1859 patrem
1308 1790 1467 1847 Deum
1498 1805 1708 1858 vocare,
1742 1806 1863 1849 cum

283 1886 548 1947 Dominus
573 1900 666 1941 eos
693 1883 980 1948 contundat
1020 1892 1076 1941 et
1106 1882 1390 1951 redarguat
1418 1883 1597 1939 dicens
1623 1899 1637 1937 :
1673 1882 1776 1940 Vos
1805 1886 1868 1943 de

282 1990 433 2052 patre
462 1981 662 2037 diabolo
692 1981 797 2041 nati
817 1980 957 2047 estis,
990 1989 1035 2039 et
1065 1979 1495 2049 concupiscentias
1530 1979 1690 2046 patris
1719 1980 1869 2035 uestri

280 2077 452 2146 facere
499 2074 686 2137 vultis,
730 2073 818 2126 ille
868 2073 1001 2127 enim
1044 2071 1299 2129 homicida
1340 2072 1438 2141 fuit
1478 2071 1543 2125 ab
1574 2072 1718 2127 initio
1740 2082 1787 2131 at
1815 2073 1868 2133 in

278 2167 491 2221 veritate
528 2181 632 2223 non
670 2164 809 2223 stetit
833 2205 846 2227 ,
878 2163 999 2232 quia
1026 2162 1210 2217 veritas
1234 2178 1335 2223 non
1358 2169 1431 2217 sst
1457 2161 1511 2219 in
1541 2159 1665 2221 illo:
1690 2168 1747 2217 et
1774 2176 1868 2232 per

264 2242 478 2315 Isaiam
503 2254 817 2324 prophetam
842 2252 1097 2313 Dominus
1122 2254 1319 2309 clamat
1345 2252 1628 2322 indignans
1654 2272 1666 2307 :
1701 2252 1868 2311 Filias

276 2348 434 2421 genui
477 2356 522 2413 et
564 2346 822 2409 exaltari:
851 2346 949 2415 ipsi
992 2354 1156 2403 autem
1201 2357 1497 2413 spreverunt
1522 2361 1635 2411 me;
1662 2346 1867 2416 agnovit

279 2440 373 2499 bes
398 2453 736 2511 possessorem
775 2454 924 2497 suum
968 2447 1013 2493 et
1062 2438 1235 2493 asinus
1262 2453 1485 2508 prwsepe
1526 2436 1735 2497 Domini
1765 2439 1863 2503 sui,

281 2532 452 2595 Israel
478 2548 555 2591 me
574 2547 675 2587 non
696 2530 925 2601 cognouit
948 2538 994 2583 et
1021 2528 1239 2598 populus
1276 2545 1415 2591 meus
1443 2545 1546 2584 non
1575 2528 1821 2583 intellexit
1844 2545 1863 2583 :

278 2642 385 2694 ese,
412 2642 531 2698 grass
578 2626 871 2693 peccatrix,
915 2622 1136 2693 populus
1185 2621 1364 2690 plenus
1402 2623 1651 2690 peccatis,
1696 2637 1864 2676 semen

278 2733 535 2783 nequam,
568 2716 664 2783 filii
708 2716 977 2779 scelerati,
1021 2714 1334 2782 dereliquisti
1382 2712 1656 2767 Dominum
1698 2710 1865 2767 Deum

278 2818 427 2872 tuum
453 2819 500 2869 et
525 2808 927 2878 indignationem
941 2806 1120 2867 misisti
1140 2822 1307 2867 semen
1328 2806 1513 2861 Israel.
1556 2806 1611 2861 ln
1638 2822 1862 2874 quorum

277 2903 747 2972 exprobrationem
798 2899 1082 2965 Christiani
1132 2898 1344 2969 quando
1400 2913 1645 2965 oramus,
1706 2897 1863 2955 Pater

279 3003 468 3055 noster
497 2994 667 3064 primo
716 2993 767 3047 in
798 2993 913 3053 loco
933 2992 1158 3051 dicimus
1181 2992 1305 3063 quia
1338 3002 1521 3047 noster
1549 3006 1671 3049 esse
1699 2994 1862 3063 erepit

280 3096 342 3146 et
361 3089 668 3147 Iudaeorum
699 3086 786 3157 qui
818 3101 936 3141 eum
965 3085 1364 3153 dereliquerunt
1386 3100 1505 3141 esse
1530 3085 1708 3141 desiit.
1755 3087 1863 3141 Nec

279 3192 532 3251 peccator
561 3178 790 3249 populus
831 3184 1008 3247 potest
1052 3191 1172 3232 esse
1200 3177 1378 3243 filius,
1419 3177 1513 3233 sed
1554 3178 1745 3247 quibus
1775 3193 1860 3234 re-

1976 598 2118 651 sum,
2160 586 2211 647 td
2244 588 2467 655 petimus
2495 598 2546 653 et
2576 603 2825 660 rogamus
2858 597 2914 651 ut
2944 590 3033 661 qui
3063 589 3114 652 in
3142 588 3405 665 baptismo
3431 601 3554 653 san-

1977 676 2188 735 ctiﬁcati
2217 692 2397 735 sumus
2431 680 2482 741 in
2525 694 2588 739 eo
2619 680 2758 748 quod
2788 693 2909 739 esse
2935 678 3196 757 coepimus
3237 693 3554 750 perseveres

1975 787 2112 837 mus,
2139 780 2195 829 et
2221 771 2323 827 hoc
2343 773 2577 843 quotidie
2603 773 2979 845 deprecamur;
3011 770 3144 843 opus
3170 782 3251 835 est
3281 771 3422 839 enim
3452 786 3555 828 no-

1975 863 2053 919 bis
2076 864 2382 934 quotidiana
2415 866 2832 930 sanctiﬁcatione
2855 905 2870 931 ,
2906 864 3080 937 utqui
3113 864 3347 934 quotidie
3383 864 3556 932 delin-

1979 956 2217 1025 quimus,
2250 954 2441 1019 delicta
2473 967 2651 1011 nostra
2684 956 3098 1023 sanctiﬁcatione
3128 956 3339 1025 assidua
3368 970 3554 1027 repur-

1968 1062 2177 1123 scmus.

2048 1139 2178 1207 Quae
2196 1146 2370 1199 autem
2398 1139 2469 1199 sit
2487 1138 2838 1205 sanctiﬁcatio
2861 1154 2977 1208 quae
3004 1138 3156 1201 vobis
3178 1135 3269 1201 Dei
3290 1137 3554 1207 dignatio-

1971 1246 2038 1295 ne
2059 1232 2361 1297 conferetur
2388 1230 2482 1304 [ιθ.
2512 1229 2839 1303 conferatur]
2880 1231 3161 1305 Apostolus
3192 1230 3439 1300 Praedicat
3460 1230 3550 1299 di-

1969 1341 2127 1391 cens:
2158 1325 2337 1396 Neque
2366 1325 2652 1396 fornicarii,
2675 1341 2832 1395 neque
2870 1324 3023 1391 idolis
3062 1326 3348 1387 servientes,
3391 1338 3552 1393 neque

1967 1420 2211 1486 adulteri,
2226 1436 2381 1488 neque
2395 1418 2592 1487 molles,
2606 1435 2764 1489 neque
2778 1420 3117 1485 masculorum
3135 1419 3459 1489 appetituros,
3476 1431 3553 1483 ne-

1967 1528 2062 1581 que
2091 1512 2250 1583 fures,
2274 1527 2431 1581 neque
2451 1510 2788 1580 fraudulenti,
2810 1504 2971 1580 neque
2992 1509 3195 1581 ebriosi,
3220 1523 3378 1579 neque
3400 1507 3553 1575 male-

1968 1604 2088 1671 dici,
2108 1621 2266 1673 neque
2280 1613 2508 1675 raptores
2525 1619 2732 1674 regnum
2748 1601 2841 1671 Dei
2856 1612 3249 1670 consequentur;
3271 1608 3315 1652 el
3335 1598 3426 1659 hoc
3440 1598 3553 1670 qui-

1968 1700 2083 1754 dem
2111 1699 2279 1771 fuistis
2304 1743 2319 1769 ,
2360 1699 2447 1763 sed
2485 1699 2643 1763 abluti
2671 1698 2787 1763 estis
2812 1738 2827 1764 ,
2876 1695 2964 1761 sed
2987 1692 3262 1767 justiﬁcali
3301 1691 3440 1758 estis,
3465 1688 3553 1755 sed

1967 1792 2274 1861 sancti/ictui
2312 1792 2431 1847 estis
2459 1792 2507 1843 in
2531 1792 2731 1848 nomine
2770 1786 2980 1847 Domini
3026 1782 3333 1851 nostrtlcsu
3362 1781 3553 1844 Christi

1895 1868 1946 1941 Β
1972 1892 2017 1937 et
2066 1881 2268 1953 Spiritu
2318 1882 2411 1937 Dei
2453 1880 2635 1937 nostri.
2674 1878 2796 1937 Haec
2836 1874 3184 1943 sanctiﬁcatio
3232 1882 3288 1939 ut
3317 1872 3368 1927 in
3399 1870 3552 1935 nobis

1972 1982 2281 2043 permaneat
2326 1986 2561 2029 oramus.
2623 1970 2691 2024 Et
2738 1967 2992 2037 Dominus
3029 1965 3243 2038 quidem
3290 1972 3345 2033 et
3385 1961 3553 2043 iudex

1968 2079 2155 2126 noster
2175 2084 2203 2123 a
2235 2084 2293 2124 se
2313 2067 2604 2138 iustificam
2631 2073 2684 2120 et
2710 2074 2895 2123 sanato
2928 2061 3285 2125 comminatur
3310 2057 3417 2131 iam
3444 2070 3552 2119 non

1968 2161 2275 2225 delinquere
2297 2174 2365 2214 ne
2388 2156 2512 2226 quid
2535 2154 2833 2213 eideterius
2861 2152 3092 2217 eveniat.
3116 2148 3261 2215 lianc
3283 2144 3552 2213 continuis

1967 2249 2298 2311 orationibus
2326 2262 2537 2318 precem
2568 2245 2792 2301 facimus
2818 2286 2831 2312 ,
2870 2242 2971 2311 hoc
2999 2241 3186 2309 diebus
3216 2253 3278 2309 at;
3308 2236 3552 2307 noctibus

1968 2340 2340 2411 postulamus;
2374 2344 2429 2391 et
2458 2336 2745 2401 viviﬁcatio
2767 2348 2885 2405 quae
2906 2331 2972 2389 de
3001 2329 3091 2395 Dei
3113 2329 3279 2405 gratia
3302 2328 3547 2395 sumitur,

1969 2434 2136 2504 ipsius
2175 2431 2503 2502 protectione
2528 2435 2774 2489 servetur
2813 2425 2867 2487 in
2892 2424 3152 2493 oratione,
3202 2415 3547 2497 Sequitur“:

1968 2525 2214 2587 Adveniat
2253 2538 2463 2594 regnum
2504 2530 2666 2581 tuum.
2710 2519 2948 2587 Regnum
2994 2516 3152 2581 etiam
3208 2514 3301 2577 Dei
3350 2524 3548 2583 reprm-

1965 2617 2164 2677 sentari
2225 2615 2380 2677 nobis
2436 2615 2661 2684 petimus
2729 2612 2865 2673 sicut
2930 2618 2985 2665 et
3047 2621 3242 2673 nomen
3308 2605 3425 2679 ejus
3490 2610 3549 2675 ut

1964 2708 2327 2771 sanctificetur
2357 2707 2409 2761 in
2440 2705 2594 2769 nobis
2620 2704 2967 2773 postulamus.
3011 2700 3140 2763 Nam
3172 2699 3311 2767 Deus
3333 2694 3549 2777 quando

1967 2816 2071 2857 non
2101 2798 2321 2869 regnat?
2377 2806 2468 2853 aut
2523 2796 2661 2866 apud
2712 2810 2831 2853 eum
2887 2792 3098 2863 quando
3144 2789 3360 2859 increuit
3408 2786 3550 2865 quod
3636 2830 3639 2833 ι

1967 2903 2183 2955 semper
2237 2887 2335 2943 fuit
2364 2895 2418 2947 et
2464 2900 2583 2943 esse
2614 2900 2717 2941 non
2751 2883 2993 2947 desinet?
3032 2881 3280 2945 Nostrum
3329 2892 3550 2957 regnum

1966 2984 2195 3057 petimus
2225 2978 2477 3041 advenire
2506 2993 2534 3034 a
2568 2979 2675 3039 Deo
2705 2976 2859 3033 nobis
2904 2973 3315 3047 repromissum,
3351 2969 3550 3041 Christi

1965 3071 2219 3149 sanguine
2265 3079 2318 3124 et
2372 3069 2620 3138 passione
2649 3070 2968 3138 quaesitum,
3019 3074 3073 3135 ut
3118 3064 3206 3133 qui
3254 3063 3306 3129 in
3351 3059 3552 3135 saeculo

1966 3175 2087 3219 ante
2117 3163 2458 3231 servivimus,
2490 3160 2827 3231 postmodum
2859 3159 3070 3223 Christo
3110 3156 3415 3225 dominante
3465 3170 3551 3217 re-

280 3244 473 3327 inissio
503 3244 848 3337 peccatorum
863 3270 1042 3332 datur,
1072 3268 1149 3322 eis
1180 3266 1409 3327 ﬁliorum
1440 3244 1632 3323 nomen
1664 3268 1863 3327 adscri-
1887 3244 1933 3315 C
1965 3257 2359 3329 suemussicut
2378 3255 2491 3324 ipse
2520 3254 2795 3324 pollicetur
2816 3264 2867 3317 et
2894 3252 3058 3313 dicit;
3098 3250 3291 3324 Venite.
3310 3247 3553 3318 benedicti

278 3358 448 3426 bitur,
477 3361 554 3414 eis
600 3360 866 3413 aeternitas
917 3359 1320 3428 repromittitur,
1377 3359 1598 3417 Domino
1638 3360 1753 3428 ipso
1782 3361 1861 3417 di-

276 3458 474 3517 cente:
524 3449 703 3509 Omnis
738 3449 826 3518 qui
855 3450 978 3519 facit
1023 3458 1286 3518 paccatttm
1324 3464 1495 3511 servus
1534 3460 1606 3509 est
1642 3452 1859 3520 peccati,

279 3558 456 3603 Cervus
494 3550 661 3607 autem
702 3558 803 3609 non
840 3549 1010 3605 manet
1048 3541 1101 3601 in
1130 3549 1375 3605 (sternunt
1401 3542 1455 3601 in
1485 3543 1655 3603 domo.
1686 3543 1864 3609 Quan-

281 3642 336 3697 ta
362 3644 538 3699 autem
566 3632 771 3695 Domini
798 3632 1147 3702 indulgentia,
1171 3643 1364 3701 quanta
1394 3635 1535 3697 circa
1565 3650 1663 3695 nos
1691 3637 1865 3705 digna-

280 3726 444 3789 tionis
470 3726 583 3795 eius
612 3736 666 3783 et
686 3724 940 3786 bonitatis
992 3724 1243 3789 ubertas!
1280 3733 1336 3785 ut
1368 3725 1447 3783 sic
1478 3740 1573 3791 nos
1632 3727 1864 3783 voluerit

279 3819 581 3881 orationem
629 3816 913 3877 celebrare
948 3816 999 3871 in
1023 3824 1309 3883 CottspeClu
1335 3815 1456 3882 Dei,
1491 3825 1547 3871 ut
1576 3817 1739 3877 Deum
1772 3833 1866 3887 pa-

279 3922 418 3977 trem
448 3924 702 3969 vocemus
741 3919 798 3965 et
828 3918 881 3965 ut
908 3916 992 3971 est
1017 3906 1285 3972 Christus,
1316 3906 1483 3969 Filius
1529 3909 1660 3973 Dei,
1712 3913 1791 3969 sic
1811 3918 1867 3965 et

278 4018 381 4061 nos
401 4004 537 4061 filios
565 4015 951 4068 nuneupemus,
1013 3999 1163 4067 Quod
1202 4014 1399 4063 nomen
1438 4014 1594 4057 nemo
1624 4010 1863 4058 nostrum

275 4096 501 4157 auderet
547 4094 851 4162 attingere,
902 4092 1000 4155 nisi
1052 4091 1166 4160 ipse
1214 4092 1291 4153 sic
1338 4090 1491 4147 nobis
1533 4092 1865 4160 permisisset

275 4203 459 4249 orare.
500 4184 805 4244 Meminisse
831 4184 1029 4255 itaque,
1050 4182 1242 4241 fratres
1266 4183 1623 4249 dilectissimi,
1654 4194 1707 4243 et
1725 4186 1865 4247 scire

275 4281 558 4346 debemus,
582 4278 791 4346 quando
834 4278 998 4335 Deum
1022 4277 1232 4337 Patrem
1263 4275 1512 4343 dicimus,
1544 4278 1683 4345 quod
1713 4279 1864 4347 quasi

276 4372 403 4433 Filii
424 4372 514 4429 Dei
542 4386 699 4441 agere
722 4370 997 4434 debemus.
1021 4378 1080 4425 ut
1104 4368 1369 4438 quomodo
1386 4367 1537 4429 nobis
1565 4369 1866 4437 placeamus

276 4462 349 4521 de
376 4460 487 4523 Deo
507 4500 523 4525 ,
556 4461 635 4517 sic
663 4460 763 4517 sibi
793 4467 848 4515 et
876 4460 993 4527 ipse
1028 4458 1234 4527 placeat
1263 4458 1329 4512 de
1358 4458 1537 4522 nobis,
1566 4473 1863 4517 converse-

276 4566 399 4617 mur
427 4552 577 4621 quasi
607 4549 703 4611 Dei
735 4549 929 4620 templa
949 4590 963 4616 ,
991 4557 1049 4609 ut
1077 4550 1240 4605 Deum
1275 4552 1325 4605 in
1359 4552 1513 4613 nobis
1536 4561 1744 4608 constet
1768 4552 1859 4609 ha-

276 4620 473 4709 bitare,
501 4656 599 4699 nec
620 4642 688 4703 sit
721 4641 952 4710 degener
984 4649 1133 4701 actus
1164 4653 1346 4699 noster
1374 4659 1401 4696 a
1434 4644 1620 4713 Spiritu
1640 4686 1655 4709 ,
1684 4653 1741 4703 ut
1768 4645 1858 4714 qui
1888 4620 1941 4679 D

274 4732 583 4801 spiritualcs
622 4742 672 4787 et
721 4732 967 4793 cmlestes
999 4746 1121 4791 esse
1170 4734 1429 4801 cmptmus
1467 4735 1676 4791 nonnisi
1704 4734 1857 4804 spiri-

278 4822 443 4885 tualia
470 4839 523 4883 et
546 4823 787 4885 coalestia
809 4824 1105 4892 cogitemus
1127 4833 1180 4885 et
1207 4839 1443 4893 agamus.
1485 4826 1619 4894 Quia
1658 4837 1715 4883 et
1744 4828 1858 4895 ipse

274 4916 533 4975 Dominus
561 4913 729 4980 dixit,
764 4914 870 4977 Eas
909 4915 997 4984 qui
1034 4916 1324 4984 clariﬁcant
1364 4933 1442 4971 me
1468 4917 1779 4987 clariﬁcabo,
1810 4927 1857 4977 et

271 5008 363 5077 alii
400 5022 481 5069 me
520 5016 720 5076 spernet
762 5016 1051 5076 spernatur.
1099 5006 1290 5073 Beatus
1335 5024 1543 5079 quoque
1586 5011 1857 5080 apostolus

270 5107 331 5168 in
351 5107 592 5175 Epistula
622 5121 719 5168 sua
766 5107 1011 5183 exposuit
1055 5107 1283 5166 dicens:
1334 5090 1616 5166 suam.
1673 5113 1845 5179 uestri,

269 5199 432 5268 nupti
461 5200 597 5259 enim
640 5200 763 5259 estis
808 5200 969 5269 pretio
1014 5215 1220 5270 magno,
1261 5199 1577 5271 clariﬁcate,
1623 5203 1784 5259 tollite
1804 5216 1851 5261 et

271 5300 476 5363 portate
502 5291 665 5357 Deum
684 5292 741 5353 in
769 5294 921 5353 corde
947 5301 1130 5352 uestro.
1174 5294 1300 5351 Post
1322 5295 1421 5351 hoc
1447 5293 1698 5361 dicimus.
1726 5295 1853 5352 Sau-

268 5382 521 5452 ctiﬁcetttr
542 5398 723 5437 nomen
740 5390 883 5439 tuum
907 5422 924 5449 ,
958 5397 1063 5437 non
1093 5382 1235 5451 quod
1260 5392 1505 5452 optemus
1544 5394 1602 5443 ut
1621 5385 1855 5455 sanctiﬁ-

268 5483 424 5539 eetur
467 5475 525 5537 in
559 5474 893 5535 orationibus
934 5474 1132 5535 nostris
1157 5515 1173 5541 .
1225 5475 1323 5535 sed
1372 5476 1509 5544 quod
1553 5484 1795 5546 petamus
1821 5493 1853 5534 a

265 5563 385 5631 Deo
407 5575 465 5628 ut
502 5581 699 5633 nomen
742 5566 859 5637 ejus
888 5564 1249 5627 sanetiiiaetur
1286 5566 1340 5622 in
1371 5566 1545 5631 nobis.
1585 5565 1849 5629 Caeterum

265 5670 303 5721 ι
331 5673 439 5729 quo
475 5660 839 5729 sanctiﬁmtnr
885 5658 1025 5727 Deus
1064 5658 1155 5728 qui
1196 5658 1314 5728 inse
1357 5658 1699 5730 sanctiﬁcat?
1736 5660 1845 5731 Sed

1970 3349 2139 3406 Patris
2183 3350 2318 3421 mei;
2350 3348 2587 3418 percipite
2630 3363 2842 3418 regnum
2886 3348 3024 3419 quod
3052 3347 3188 3410 vobis
3215 3354 3450 3420 paratum
3479 3350 3553 3413 est

1975 3442 2037 3497 ab
2064 3442 2259 3513 origine
2284 3442 2485 3501 mundi.
2780 3482 2785 3489 .
3384 3488 3389 3493 _

2040 3544 2223 3605 Potest
2254 3560 2402 3610 vero,
2440 3543 2635 3601 fratres
2660 3541 2943 3607 carissimi.
2977 3550 3030 3599 et
3052 3542 3167 3612 ipse
3195 3540 3435 3605 Christus
3460 3554 3551 3597 es-

1964 3656 2025 3700 se
2053 3653 2273 3709 regnum
2324 3640 2457 3702 Dei,
2511 3637 2764 3705 quoniam
2794 3636 2977 3697 venire
3004 3633 3245 3702 quotidie
3284 3633 3548 3701 cupimus,

1964 3733 2115 3803 cujus
2141 3732 2399 3789 adventus
2427 3738 2480 3785 ut
2513 3730 2618 3784 cito
2646 3729 2803 3783 nobis
2841 3733 3255 3795 repraesentetur
3280 3733 3547 3794 optamus.

1966 3823 2096 3879 Nam
2127 3837 2246 3879 cum
2295 3820 2614 3891 resurrectio
2643 3819 2758 3889 .ipse
2786 3819 2885 3883 sit,
2929 3818 3050 3888 quia
3092 3822 3141 3879 in
3169 3817 3284 3888 ipso
3309 3818 3549 3885 resurgi-

1967 3928 2106 3979 mus,
2135 3914 2213 3969 sic
2258 3923 2311 3969 et
2354 3926 2574 3980 regnum
2630 3912 2719 3967 Dei
2769 3920 2944 3981 potest
2996 3910 3111 3977 ipse
3140 3909 3392 3979 intelligi,
3424 3911 3547 3980 quia

1964 4005 2018 4062 in
2050 4005 2164 4074 ipso
2194 3998 2464 4072 regnaturi
2505 4017 2707 4057 sumus.
2744 4002 2888 4056 Bene
2917 4017 3139 4071 regnum
3173 4000 3264 4061 Dei
3297 4004 3545 4070 petimus,

1965 4096 2017 4157 id
2036 4107 2117 4153 est
2145 4109 2365 4163 regnum
2393 4094 2635 4159 caeleste,
2664 4094 2786 4163 quia
2811 4103 2892 4148 est
2921 4103 2975 4153 et
3006 4101 3259 4155 terrestre
3289 4108 3545 4161 regnum;

1966 4189 2058 4249 sed
2086 4189 2174 4259 qui
2206 4187 2473 4249 renuntiat
2498 4188 2695 4245 saeculo
2726 4185 2896 4257 major
2932 4195 3015 4243 est
3042 4186 3329 4247 honoribus
3354 4186 3467 4255 ejus
3492 4194 3548 4247 et

1967 4297 2153 4353 regno,
2185 4290 2239 4337 et
2268 4280 2390 4337 ideo
2418 4280 2591 4349 quise
2619 4279 2731 4337 Deo
2760 4289 2813 4334 et
2841 4278 3057 4337 Citristo
3079 4278 3255 4343 dicat,
3295 4294 3400 4336 non
3437 4288 3544 4335 ter-

1964 4389 2115 4441 rena,
2139 4373 2232 4435 sed
2263 4374 2501 4431 caelestia
2544 4387 2704 4440 regna
2752 4370 3039 4427 desiderat.
3083 4371 3343 4433 Continna
3369 4380 3544 4430 autem

1966 4467 2209 4527 oratione
2257 4474 2312 4520 et
2365 4478 2523 4533 prece
2582 4478 2716 4533 opus
2747 4472 2858 4527 est,
2892 4478 2959 4518 ne
2985 4463 3294 4523 excidamns
3324 4478 3351 4517 a
3381 4476 3545 4531 regno

1965 4561 2195 4630 cmlesti,
2226 4560 2364 4619 sicut
2392 4559 2583 4627 Judaei,
2617 4559 2808 4627 quibus
2828 4558 2977 4628 prius
3002 4556 3317 4627 promissum
3353 4555 3543 4619 fuerat,

1964 4655 2276 4712 exciderunt
2298 4652 2525 4710 Domino
2549 4651 2920 4711 manifestante
2940 4660 2994 4709 et
3027 4651 3319 4719 probante:
3356 4647 3533 4711 Multi,

1964 4745 2157 4815 inquit,
2172 4743 2440 4803 uenientab
2460 4744 2669 4801 Oriente
2692 4753 2737 4799 et
2758 4742 3030 4799 Occidente
3053 4750 3097 4796 et
3117 4739 3405 4802 acctImbent
3426 4755 3542 4797 cum

1964 4835 2257 4902 Abraham,
2287 4834 2440 4891 Isaac
2478 4842 2524 4888 et
2563 4830 2725 4889 Jacob
2751 4834 2803 4886 in
2827 4847 2983 4903 regno
3010 4830 3284 4895 collorum;
3314 4829 3412 4898 ﬁlii
3441 4845 3540 4883 au-

1963 4938 2062 4985 tem
2105 4928 2251 4997 regni
2294 4928 2562 4996 ejicientur
2606 4927 2662 4981 in
2709 4926 2940 4985 tenebras
2970 4926 3244 4984 exteriores
3266 4964 3282 4987 ,
3312 4920 3421 4981 illic
3450 4922 3542 4977 erit

1961 5019 2182 5087 ploratt'o
2211 5027 2259 5074 et
2283 5018 2475 5079 stridor
2502 5017 2749 5077 dentium.
2811 5017 3056 5077 Ostendit
3094 5015 3217 5086 quia
3261 5021 3416 5077 antes
3446 5013 3543 5078 alii

1952 5110 2102 5182 regni
2129 5118 2279 5167 erant
2307 5110 2497 5179 Judati,
2530 5109 2743 5182 quando
2768 5119 2821 5165 et
2848 5110 2937 5169 filii
2968 5109 3059 5181 Dei
3087 5106 3536 5176 mrseverabant:

1964 5211 2245 5275 postquam
2267 5204 2504 5263 cessavit
2527 5214 2714 5258 contra
2742 5216 2834 5262 eos
2855 5215 3049 5263 nomen
3078 5209 3393 5270 paternum,
3422 5212 3539 5259 ees-

1957 5296 2099 5353 savit
2123 5302 2178 5350 et
2204 5308 2451 5365 regnum,
2469 5302 2522 5347 et
2544 5294 2663 5348 ideo
2690 5307 2786 5353 nos
2811 5291 3096 5359 Christiani
3120 5290 3206 5362 qui
3240 5290 3295 5363 in
3332 5289 3536 5355 oratio-

1964 5401 2033 5447 ne
2058 5385 2391 5456 appellamus
2414 5385 2580 5441 Deum
2604 5384 2815 5449 Patrem
2845 5392 2898 5443 et
2926 5385 3185 5454 cmpimlts
3205 5398 3328 5451 eum
3358 5397 3539 5451 posse,

1962 5487 2021 5534 ut
2047 5493 2268 5549 regnum
2303 5477 2396 5533 Dei
2428 5478 2582 5535 nobis
2609 5477 2789 5537 veniat
2827 5491 3064 5535 oramus.
3124 5476 3380 5545 Addimus
3410 5489 3539 5547 quo-

1959 5585 2061 5642 que
2082 5579 2137 5627 et
2157 5570 2423 5631 dicimus;
2456 5568 2579 5625 Fiat
2617 5569 2848 5625 voluntas
2892 5579 2977 5639 tua
3014 5570 3142 5637 sicut
3177 5572 3232 5624 in
3257 5569 3382 5633 corio
3421 5578 3465 5622 st
3486 5567 3539 5635 in

1958 5674 2125 5733 terra:
2169 5680 2275 5727 non
2324 5671 2384 5725 ut
2410 5664 2581 5725 solum
2618 5664 2758 5727 Deus
2803 5662 2964 5733 iaciat
2991 5664 3133 5735 quod
3171 5666 3315 5731 vult.
3357 5664 3451 5723 sed
3484 5672 3535 5717 ut

332 5796 356 5820 "
375 5794 543 5867 forte
572 5796 746 5847 melius
776 5797 1120 5867 legeretur_e_t
1152 5795 1539 5867 distingueretur
1561 5798 1651 5867 hoc
1687 5800 1862 5853 modo:
1883 5802 2067 5856 Παλ...
2096 5800 2407 5867 pastinemus,
2428 5806 2478 5853 ut
2726 5803 3037 5858 servetur.”
3075 5804 3286 5867 oratione
3306 5810 3517 5867 “quam

265 5857 429 5918 Pullo
444 5866 553 5923 post
577 5857 955 5925 expungendum
981 5859 1239 5915 videtur“
1258 5861 1393 5917 noles
1414 5867 1529 5917 ante
1549 5866 1595 5918 st
1617 5873 1803 5919 mat.

3152 5866 3289 5935 Eutr-
