4012 6338
591 407 725 465 Hi9

1512 390 2069 453 SUPPLEMENTUM
2113 387 2204 447 AD
2241 387 2470 446 OPERA
2511 388 2570 446 S.
2609 386 3003 447 AUGUSTINI.

3663 405 3758 460 Ηιο

589 535 689 579 nos
717 518 890 574 facere
937 509 1203 584 possimus
1248 507 1390 581 quod
1433 507 1586 562 vult:
1621 523 1744 563 nam
1778 507 1887 562 Deo
1916 507 2037 575 quis
2065 506 2162 560 ob-
2194 507 2240 567 Α
2271 519 2374 557 non
2414 518 2745 573 quacumque
2772 503 2942 572 vultis,
2980 502 3074 557 illa
3106 503 3326 574 faciatis.
3365 505 3612 565 Manifesta
3633 528 3759 578 autem

590 612 750 676 sistit,
783 605 1062 675 quominus
1085 601 1297 672 quando
1331 599 1458 654 velit
1494 597 1690 653 faciat?
1721 597 1824 652 Sed
1849 598 1970 668 quia
2002 611 2029 650 a
2058 595 2172 649 dia-

590 702 714 757 bolo
753 698 1033 754 obsistitur
1082 693 1366 763 quominus
1399 705 1495 759 per
1545 689 1722 743 omnia
1755 697 1936 742 noster
1965 687 2174 741 animus

591 802 752 864 atque
781 799 931 846 actus
977 788 1085 842 Deo
1127 787 1475 854 obsequatur,
1506 797 1719 838 oramus
1747 789 1802 836 et
1847 780 2076 849 petimus
2123 787 2179 834 ut

590 885 684 940 ﬁat
705 885 758 939 in
789 881 942 936 nobis
971 880 1215 933 voluntas
1248 877 1360 930 Dei.
1406 875 1556 943 Quod
1579 884 1637 928 ut
1661 875 1750 926 liat
1780 873 1832 926 in
1866 872 2017 925 nobis
2046 885 2178 939 opus

592 984 675 1030 est
707 975 799 1032 Dei
831 974 1099 1027 voluntate
1122 1011 1136 1034 ,
1186 969 1236 1022 id
1267 978 1349 1023 est
1375 983 1536 1037 opere
1577 967 1694 1038 ejus
1731 974 1783 1020 et
1825 965 2175 1034 protectione,

594 1068 715 1138 quia
743 1081 899 1121 nemo
922 1065 1034 1119 suis
1064 1063 1266 1116 viribus
1296 1064 1446 1116 fortis
1468 1071 1570 1122 est,
1604 1059 1696 1115 sed
1730 1059 1820 1112 Dei
1849 1058 2177 1129 indulgentia

599 1167 659 1215 et
688 1141 1052 1212 misericordia
1082 1165 1226 1209 tutus
1252 1164 1355 1210 est.
1399 1153 1636 1221 Denique
1669 1152 1921 1205 Dominus
1949 1161 2003 1207 et
2037 1150 2182 1205 inﬁr-

597 1251 837 1308 mitatem
863 1250 1092 1305 hominis
1112 1263 1272 1319 quam
1298 1250 1542 1318 portabat
1561 1246 1847 1301 ostendens
1876 1247 1967 1298 ait:
1999 1244 2177 1310 Pater,

597 1347 643 1402 si
669 1347 781 1416 fieri
801 1355 961 1417 potest
990 1354 1214 1400 transeat
1233 1345 1372 1398 calix
1404 1345 1498 1396 iste
1516 1359 1548 1395 a
1568 1341 1849 1405 me;etiam
1882 1341 2181 1409 exemplum

599 1439 876 1508 discipulis
906 1437 1017 1492 suis
1045 1438 1285 1492 tribuens
1309 1444 1367 1489 ut
1403 1450 1508 1490 non
1537 1435 1864 1489 voluntatem
1895 1450 2067 1499 suam,
2091 1434 2184 1488 sed

599 1531 746 1586 illam
794 1532 888 1586 Dei
941 1532 1168 1597 faciant,
1207 1530 1351 1584 addit
1395 1527 1572 1584 dicens
1617 1545 1631 1581 :
1676 1527 2030 1582 Verumtamen
2085 1545 2186 1580 non

603 1625 732 1677 sicut
757 1640 848 1694 ego
871 1625 1004 1686 volo,
1026 1624 1112 1676 sed
1134 1623 1270 1688 quod
1294 1630 1346 1674 tu
1370 1637 1389 1686 ;
1415 1629 1469 1675 et
1494 1620 1596 1674 alio
1621 1620 1738 1674 loco
1769 1622 1888 1694 dicit
1915 1638 1929 1675 :
1957 1619 2076 1674 Non
2099 1621 2190 1672 de-

599 1716 773 1768 scendi
794 1716 858 1768 de
885 1716 1008 1768 caelo
1029 1723 1084 1767 ut
1106 1715 1292 1777 faciam
1320 1714 1627 1767 voluntatem
1648 1729 1830 1777 meam,
1855 1693 1942 1766 sed
1971 1715 2082 1786 ejus
2103 1718 2191 1782 qui

605 1806 744 1858 misit
774 1821 872 1858 me.
913 1805 1062 1871 Quod
1091 1805 1134 1857 si
1164 1804 1330 1857 Filius
1372 1803 1644 1857 obaudivit
1679 1812 1736 1856 ut
1775 1804 1968 1856 faceret
2002 1805 2190 1857 volun-

2277 603 2401 648 sunt
2443 594 2581 649 facta
2628 595 2803 650 carnis
2833 610 2952 664 quas
2997 608 3119 650 sunt
3146 595 3423 664 adulteria,
3453 602 3760 684 iornicationes,

2279 687 2651 751 immundititc,
2685 688 2960 756 spurcitia,
2993 686 3345 750 idololatrias,
3371 692 3619 760 veneﬁcia,
3644 699 3760 760 humi.

2279 779 2435 844 cidia,
2470 779 2783 846 inimicitiae,
2817 782 3211 850 contentiones,
3243 782 3597 854 aemulationes,
3619 791 3760 851 animo.

2283 872 2504 934 sitates,
2557 871 2994 938 provocationes,
3030 872 3422 941 simulationes,
3456 876 3760 958 dissensiones,

2285 963 2517 1016 haereses
2536 1003 2550 1026 ,
2579 963 2823 1030 invidiae,
2867 964 3187 1030 ebrietates,
3218 966 3628 1034 comessationes,
3650 971 3691 1029 et'
3711 979 3761 1035 his

2285 1055 2504 1122 similia,
2536 1071 2656 1125 qua:
2683 1056 2772 1126 qui
2802 1058 2923 1111 talia
2953 1066 3114 1126 agunt
3141 1072 3358 1127 regnum
3398 1059 3483 1114 Dei
3522 1077 3610 1117 non
3637 1081 3761 1126 conse-

2285 1157 2532 1218 quentur.
2577 1149 2800 1204 Fructus
2842 1160 3020 1204 autem
3059 1152 3278 1219 spiritus
3307 1152 3561 1224 gaudium,
3582 1156 3758 1230 charitts,

2287 1256 2408 1310 pax,
2438 1243 2874 1311 magnanimitas,
2904 1245 3133 1313 bonitas,
3165 1245 3319 1314 iich,
3342 1253 3662 1319 mansuetudo,
3681 1270 3764 1312 con-

2288 1335 2529 1398 tinentia,
2555 1337 2807 1404 castitas;
2833 1348 2890 1393 et
2917 1339 3118 1393 idcirco
3159 1340 3470 1410 quotidianis
3501 1354 3630 1416 atque
3653 1355 3762 1407 couti-

2289 1428 2410 1481 nuis
2459 1429 2793 1483 orationibus
2852 1445 3134 1497 precamur
3178 1441 3231 1486 et
3285 1434 3335 1486 in
3365 1436 3490 1488 coelo
3529 1447 3572 1490 et
3603 1438 3642 1492 in
3673 1453 3762 1498 tem

2289 1519 2614 1574 voluntatem
2641 1521 2735 1575 Dei
2763 1522 2876 1576 fieri
2905 1522 3047 1576 circa
3077 1535 3197 1584 nos,
3228 1523 3348 1591 quia
3372 1524 3478 1580 haec
3498 1529 3687 1584 voluntas
3705 1531 3762 1589 Dei

2290 1619 2370 1664 est
2399 1619 2456 1664 ut
2488 1619 2698 1666 terrena
2736 1612 3045 1666 cmlestibus
3085 1612 3315 1682 cedant,
3346 1616 3609 1682 Spiritualia
3637 1635 3763 1676 eam.

2291 1702 2429 1758 libus
2458 1705 2803 1772 prtevaleant.
2875 1707 3054 1761 Potest
3085 1707 3246 1760 etiam
3295 1708 3371 1760 sic
3398 1707 3617 1781 intelligi,
3641 1713 3762 1772 fratres

2293 1799 2580 1863 carissimi,
2613 1809 2670 1851 ut
2700 1799 2949 1868 quoniam
2993 1797 3213 1852 mandat
3239 1808 3292 1852 et
3329 1810 3497 1855 monet
3527 1802 3714 1859 Dominus
3729 1817 3761 1862 et

603 1903 764 1950 tatem
791 1896 961 1950 Patris
985 1937 1000 1960 ,
1041 1904 1240 1964 quanto
1281 1896 1447 1966 magis
1483 1909 1669 1948 servus
1715 1894 1973 1948 obaudire
2002 1894 2180 1957 debet,
2218 1894 2260 1953 Β
2291 1891 2537 1946 inimicos
2578 1893 2799 1961 diligere
2837 1900 2890 1944 et
2941 1907 3037 1960 pro
3077 1893 3164 1945 his
3211 1907 3418 1962 quoque
3449 1894 3528 1963 qui
3555 1909 3631 1950 nos
3651 1913 3761 1964 perge.

605 1995 664 2039 ut
694 1986 851 2041 faciat
874 1986 1084 2040 Domini
1115 1984 1477 2039 voluntatem?
1514 1984 1659 2038 Sicut
1691 1983 1741 2037 in
1768 1983 1989 2050 epistola
2020 1983 2186 2037 Joan-

605 2091 703 2131 nes
734 2091 942 2145 quoque
987 2077 1052 2130 ad
1097 2076 1392 2130 faciendam
1442 2075 1535 2130 Dei
1589 2078 1915 2129 voluntatem
1949 2075 2189 2130 hortatur

608 2177 663 2221 et
693 2169 906 2221 instruit
937 2169 1119 2221 dicens
1145 2185 1159 2220 :
1187 2166 1364 2221 Nolite
1389 2166 1602 2235 diligere
1627 2168 1872 2218 mundum
1893 2206 1905 2229 ,
1941 2182 2103 2236 neque
2128 2183 2190 2222 ca

608 2275 722 2331 qute
741 2260 794 2313 in
823 2260 1018 2313 mundo
1039 2270 1188 2324 sunt;
1219 2261 1263 2313 si
1288 2262 1402 2328 quis
1439 2260 1668 2313 dilexerit
1695 2260 1962 2326 ntundum,
1987 2275 2088 2313 non
2116 2269 2190 2312 est

608 2352 830 2404 charilas
856 2351 1034 2405 Patris
1072 2353 1124 2404 in
1162 2368 1218 2404 ao
1238 2391 1252 2416 ,
1297 2353 1419 2420 quia
1463 2367 1610 2405 omne
1633 2351 1768 2419 quod
1792 2354 1843 2404 in
1873 2353 2061 2405 mundo
2092 2360 2187 2419 est,

606 2445 1012 2514 concupiscentia
1038 2445 1204 2497 carnis
1233 2455 1304 2497 est
1326 2453 1372 2496 et
1389 2445 1671 2507 oculorum,
1695 2453 1740 2498 et
1760 2445 1968 2498 ambitio
1989 2445 2188 2510 seculi,

607 2544 655 2588 et
695 2535 917 2587 mundus
957 2535 1139 2586 transit
1177 2543 1224 2586 et
1270 2535 1676 2602 concupiscentia
1703 2537 1834 2605 ejus.
1887 2535 1985 2602 Qui
2017 2545 2193 2592 autem

607 2626 796 2682 fecerit
823 2626 1150 2680 voluntatem
1191 2627 1283 2680 Dei
1321 2637 1500 2680 manet
1540 2629 1591 2680 in
1634 2639 1891 2681 aeternum
1923 2629 2192 2697 quomodo

608 2726 663 2772 et
713 2715 853 2771 Deus
883 2727 1060 2771 t'nauet
1107 2717 1158 2770 in
1202 2724 1494 2782 asternum;
1545 2732 1710 2786 quare
1759 2719 1802 2771 si
1834 2719 1884 2772 in
1932 2726 2191 2772 aeternum

609 2824 828 2864 manere
855 2809 1104 2864 volumus
1125 2853 1141 2876 ,
1180 2810 1305 2876 Dei,
1329 2811 1419 2878 qui
1460 2820 1691 2865 aeternus
1718 2819 1829 2877 est,
1871 2813 2192 2868 voluntatem

608 2899 781 2956 facere
810 2902 1084 2956 debemus.
1148 2900 1402 2956 Voluntas
1431 2912 1607 2956 autem
1637 2903 1757 2972 Dei,
1779 2920 1935 2972 quam
1963 2915 2014 2959 et
2043 2905 2198 2960 Chri-

615 3002 730 3047 stus
758 2993 938 3048 docuit
967 3002 1020 3047 et
1048 2993 1203 3059 fecit,
1253 3003 1335 3047 est
1383 2994 1651 3048 humilitas
1681 2995 1733 3048 in
1762 3000 2195 3067 conversatione,

611 3086 872 3141 stabilitas
904 3089 954 3140 in
983 3087 1107 3151 ﬁde,
1136 3089 1455 3142 verecundia
1481 3088 1531 3142 in
1557 3089 1753 3155 verbis,
1790 3092 1839 3142 in
1866 3091 2018 3145 lactis
2042 3093 2198 3162 justi-

617 3179 722 3244 tia,
751 3179 806 3232 in
839 3179 1093 3246 cperibus
1119 3179 1480 3233 misericordia
1500 3180 1582 3246 ,in
1611 3182 1847 3236 moribus
1878 3184 2151 3254 disciplina
2178 3201 2192 3239 :

2293 1994 2530 2053 quuntur
2554 1998 2732 2048 orare,
2757 1992 3001 2052 petamus
3027 1991 3082 2037 et
3111 1997 3210 2050 pro
3238 1983 3341 2037 illis
3362 1985 3446 2055 qui
3472 1986 3619 2041 adhuc
3634 1992 3763 2043 terreni

2291 2089 2417 2135 sunt
2440 2088 2497 2134 et
2522 2079 2746 2134 necdum
2794 2079 3044 2134 caelestes
3073 2089 3355 2146 creperum
3383 2093 3519 2147 esse,
3541 2089 3585 2135 et
3607 2090 3650 2134 ut
3677 2084 3763 2138 circa

2292 2172 2412 2226 illos
2433 2172 2677 2226 voluntas
2721 2172 2815 2226 Dei
2869 2171 2990 2234 ﬂat,
3028 2170 3282 2239 quoniam
3325 2170 3549 2226 Christus
3582 2173 3762 2229 hominem

2291 2265 2696 2326 conservando,
2723 2274 2777 2318 et
2808 2264 3186 2333 reintegrando
3213 2263 3449 2332 perfecit.
3487 2263 3594 2319 Nam
3613 2281 3696 2321 cum
3717 2269 3763 2320 di-

2293 2355 2483 2423 scipuli
2528 2356 2597 2410 ab
2647 2370 2713 2410 eo
2743 2370 2848 2409 non
2874 2354 2985 2424 jam
3034 2354 3237 2410 terreni
3281 2355 3603 2425 appellentur,
3631 2359 3697 2412 sed
3717 2360 3762 2414 sal

2292 2457 2473 2515 terre,
2506 2460 2559 2502 et
2592 2448 2882 2518 Apostolus
2911 2447 3138 2516 primum
3183 2447 3442 2503 hominem
3470 2459 3600 2505 vocet
3618 2449 3667 2504 de
3686 2449 3764 2505 limo

2295 2549 2482 2604 terrae,
2517 2541 2810 2596 secundum
2833 2555 2962 2595 vero
2995 2540 3062 2595 de
3097 2541 3278 2606 cmlo;
3312 2541 3495 2596 merito
3530 2549 3576 2595 et
3611 2555 3680 2595 nos
3708 2543 3763 2611 qui

2294 2647 2415 2686 esse
2435 2632 2691 2686 debemus
2725 2634 2864 2687 Patri
2891 2632 3002 2688 Dec
3031 2633 3242 2688 similes
3263 2676 3276 2700 ,
3306 2634 3390 2702 qui
3417 2635 3563 2688 solem
3588 2648 3698 2688 suum
3717 2633 3764 2688 la-

2293 2723 2370 2777 cit
2398 2724 2528 2778 oriri
2573 2740 2736 2795 super
2772 2727 2941 2781 bonos
2985 2735 3037 2779 et
3073 2727 3248 2781 malos
3279 2736 3332 2780 et
3361 2727 3482 2794 pluit
3505 2740 3635 2796 super
3651 2726 3764 2795 justus

2297 2825 2352 2868 et
2384 2814 2636 2885 injustos,
2669 2816 2747 2873 sic
2786 2816 3003 2872 Christo
3028 2827 3286 2873 monente
3331 2833 3528 2872 oremus
3559 2827 3604 2872 ut
3625 2832 3765 2885 precem

2299 2920 2394 2974 pro
2423 2907 2662 2962 omnium
2701 2909 2874 2963 salute
2910 2909 3195 2964 faciamus.
3243 2909 3311 2966 Ut
3347 2909 3581 2979 quomodo
3601 2910 3640 2963 in
3660 2910 3764 2975 culo,

2299 2999 2352 3052 in
2377 2999 2532 3053 nobis
2563 3014 2657 3067 per
2685 3000 2840 3054 (idem
2869 3010 3106 3056 nostram
3137 3001 3380 3055 voluntas
3411 3000 3494 3055 Dei
3519 3001 3623 3054 facta
3647 3009 3714 3060 est,
3733 3013 3765 3056 ut

2298 3104 2539 3144 essemus
2567 3091 2725 3157 caelo,
2761 3091 2830 3144 ita
2860 3100 2916 3146 et
2946 3091 2997 3144 in
3026 3101 3191 3156 terra,
3222 3095 3320 3147 hoc
3340 3093 3482 3146 estin
3510 3107 3594 3145 non
3616 3092 3764 3145 creden-

2301 3183 2440 3237 tibus
2474 3183 2566 3236 tiat
2608 3185 2854 3237 voluntas
2889 3183 3010 3247 Dei,
3053 3191 3111 3236 ut
3153 3184 3354 3238 scilicet
3393 3181 3764 3236 ﬁantctnlestesex

623 3269 875 3339 injuriam
925 3271 1097 3325 facere
1127 3287 1230 3324 non
1268 3287 1429 3326 nosse
1465 3280 1518 3326 et
1546 3270 1735 3328 iactam
1761 3290 1914 3344 posse
1946 3278 2194 3344 tolerare,
2225 3273 2272 3335 C
2305 3289 2440 3342 aqua
2471 3285 2522 3329 et
2543 3273 2743 3343 Spiritu
2768 3277 2898 3340 nati,
2932 3275 3255 3345 procedente
3282 3275 3507 3330 oratione
3532 3272 3764 3343 postulamus

612 3374 730 3414 cum
763 3359 1017 3414 fratribus
1056 3375 1240 3429 pacem
1272 3372 1490 3429 tenere,
1553 3363 1718 3419 Deum
1769 3379 1835 3420 ex
1877 3375 1987 3421 toto
2025 3370 2190 3426 cordo

612 3449 863 3518 diligere,
922 3464 1102 3505 amare
1139 3452 1190 3503 in
1224 3451 1318 3505 illo
1347 3452 1485 3520 quod
1516 3462 1665 3522 pater
1692 3465 1802 3520 est,
1837 3458 2024 3512 timere
2052 3460 2191 3529 quod

613 3538 752 3594 Deus
784 3552 863 3595 est
889 3583 904 3605 ,
949 3541 1164 3597 Christo
1187 3543 1319 3598 nihil
1353 3559 1665 3614 prmponere
1692 3552 1914 3604 omnino
1939 3552 2062 3620 quia
2094 3568 2193 3608 nec

611 3638 763 3694 nobis
794 3639 884 3695 ille
929 3639 1214 3710 quidquam
1250 3646 1538 3712 pl'ﬂ‘pOSllil
1560 3686 1574 3709 ,
1625 3641 1869 3696 cliaritati
1897 3640 2013 3710 ejus
2044 3643 2192 3698 inse-

611 3730 920 3798 parabiliter
950 3729 1223 3786 adhaerere
1249 3773 1265 3798 ,
1304 3733 1448 3786 cruci
1484 3732 1599 3800 ejus
1645 3734 1850 3788 fortiter
1876 3747 1937 3788 ac
1968 3735 2193 3793 ﬁdenter

610 3821 886 3890 assistere,
915 3823 1130 3893 quando
1157 3825 1224 3878 de
1255 3826 1371 3896 ejus
1407 3828 1621 3880 nomine
1651 3836 1704 3881 et
1729 3827 1934 3883 honore
1956 3839 2192 3885 certatur

609 3914 860 3969 exhibere
889 3914 941 3969 in
983 3931 1234 3971 sermone
1276 3920 1627 3972 constantiam
1658 3935 1760 3990 qua
1790 3922 2196 3992 conlirmamur,

609 4005 662 4060 in
691 4007 985 4074 quaestione
1012 4008 1256 4064 ﬁduciam
1281 4027 1381 4081 qua
1405 4014 1799 4082 congredimur,
1824 4015 1874 4068 in
1907 4027 2076 4070 morte
2100 4032 2194 4085 pa-

611 4098 850 4151 tientiam
880 4115 981 4168 qua
1027 4115 1371 4164 coronamur,
1420 4104 1518 4157 hoc
1559 4116 1641 4157 est
1670 4107 2002 4160 coiitcredem
2033 4107 2190 4165 Chri-

608 4195 678 4247 sti
714 4195 851 4248 velle
881 4209 1019 4259 esse,
1055 4195 1156 4249 hoc
1184 4207 1266 4250 est
1295 4209 1614 4264 prmreptum
1650 4200 1742 4255 Dei
1775 4205 1945 4270 sequi,
1977 4204 2079 4259 hoc
2108 4216 2193 4262 est

609 4284 936 4338 voluntatem
968 4285 1141 4338 Patris
1180 4286 1352 4341 facere
1372 4330 1385 4353 ,
1425 4289 1525 4343 hoc
1552 4298 1635 4344 est
1663 4293 1987 4348 voluntatem
2023 4297 2193 4352 Patris

609 4375 853 4442 implere.
921 4376 1060 4430 Fit-ri
1110 4390 1284 4432 autem
1349 4382 1574 4444 petimus
1621 4384 1947 4440 voluntatem
1995 4388 2085 4442 Dei
2139 4389 2190 4442 in

609 4465 747 4520 coelo
777 4477 828 4521 et
875 4467 925 4520 in
968 4480 1107 4522 terra
1133 4511 1147 4534 ,
1196 4472 1333 4539 quod
1363 4483 1646 4542 utrumque
1677 4476 1739 4528 ad
1773 4480 2190 4533 consummatio-

611 4572 732 4611 nem
781 4567 979 4615 nostra:
1023 4563 1402 4618 incolumitatis
1448 4576 1503 4619 et
1549 4567 1738 4622 salutis
1769 4570 2020 4636 pertinet.
2061 4572 2190 4626 Nam

2298 3374 2353 3419 et
2376 3364 2606 3419 dicimus
2631 3381 2644 3418 :

2366 3456 2558 3511 Panem
2587 3469 2817 3512 nostrum
2846 3460 3205 3530 quotidianum
3244 3461 3310 3514 da
3346 3460 3477 3514 nobis
3503 3459 3648 3524 hodie;
3671 3454 3761 3526 quod

2293 3559 2470 3620 potest
2517 3551 2860 3619 spiritualiter
2913 3561 2968 3606 et
3024 3552 3336 3621 simpliciter
3390 3551 3630 3620 intelligi:
3672 3547 3760 3616 peti-

2294 3658 2414 3696 mus
2440 3641 2581 3698 enim
2615 3643 2666 3696 id
2697 3644 2839 3713 quod
2884 3643 3085 3698 utiliter
3115 3645 3327 3714 prolicit
3354 3644 3416 3698 ad
3460 3644 3657 3697 salutem.
3679 3638 3762 3692 Nam

2294 3737 2444 3803 panis
2470 3737 2590 3790 vita:
2611 3735 2855 3791 Christus
2874 3744 2987 3802 est;
3013 3745 3066 3790 et
3092 3738 3248 3806 panis
3277 3736 3360 3792 hic
3378 3736 3584 3790 omnium
3606 3746 3679 3785 non
3694 3736 3760 3793 est,

2293 3829 2387 3883 sed
2420 3840 2603 3884 noster
2631 3837 2745 3895 est;
2785 3837 2842 3882 et
2885 3828 3155 3897 quomodo
3200 3829 3436 3893 dicimus,
3477 3827 3604 3880 Pater
3625 3833 3759 3884 noster,

2291 3921 2542 3989 quoniam
2577 3920 2983 3987 intelligentium
3015 3929 3068 3974 et
3097 3918 3425 3975 credentium
3466 3927 3590 3983 pater
3612 3922 3685 3975 est,
3705 3911 3754 3963 sic

2293 4021 2348 4066 et
2392 4027 2578 4080 panem
2622 4021 2862 4066 nostrum
2910 4025 3191 4075 vocamus,
3221 4011 3338 4080 quia
3379 4008 3589 4063 Christus
3619 4009 3754 4064 uoster,

2293 4119 2411 4159 cum
2455 4119 2649 4172 corpus
2692 4105 2805 4172 ejus
2834 4103 3171 4172 attingimus,
3209 4103 3354 4172 panis
3381 4111 3472 4156 est.
3503 4100 3624 4154 Hunc
3646 4106 3761 4150 autem

2297 4213 2489 4268 panem
2543 4197 2661 4251 dari
2715 4197 2868 4252 nobis
2915 4197 3155 4266 quotidie
3203 4196 3528 4266 postulamus,
3553 4206 3605 4244 ne
3637 4187 3700 4257 qui
3732 4185 3763 4238 in

2295 4289 2509 4344 Christo
2540 4303 2724 4342 sumus
2770 4298 2824 4343 et
2870 4289 3262 4343 Eucharistiam
3312 4285 3526 4356 quotidie
3566 4280 3617 4335 ad
3649 4276 3762 4333 cibum

2295 4380 2481 4436 salutis
2514 4381 2828 4449 accipimus,
2864 4380 3228 4434 intercedente
3270 4384 3438 4447 aliquo
3463 4372 3648 4446 graviori
3675 4365 3763 4421 deli-

2296 4482 2405 4539 cto,
2438 4474 2563 4526 dum
2609 4472 2832 4526 abscissi
2881 4481 2933 4525 et
2980 4487 3087 4525 non
3133 4455 3761 4526 communicantcsscmlcsll

2297 4580 2433 4633 pane
2464 4565 2835 4634 prohibemur,
2868 4579 2896 4617 a
2928 4565 3127 4617 Christi
3160 4576 3378 4632 corpore
3403 4568 3673 4629 separemur,
3690 4550 3762 4616 ipso

609 4663 729 4703 cum
759 4665 956 4720 corpus
979 4650 1032 4705 in
1055 4664 1219 4718 terra,
1244 4663 1297 4708 et
1326 4655 1572 4724 spiritum
1610 4659 1974 4726 possideamus
2006 4663 2057 4716 in
2081 4678 2192 4719 σαξ-
2219 4647 2274 4708 Ῐ)
2301 4658 2625 4728 praedicante
2669 4669 2723 4709 el
2755 4665 3044 4710 monente:
3069 4653 3184 4724 Ego
3229 4671 3340 4708 sum
3367 4652 3499 4724 ραηὶε
3530 4649 3620 4700 vi“?
3646 4642 3706 4710 σαί
3725 4640 3762 4689 άε

607 4740 658 4796 lo
679 4782 694 4807 ,
721 4743 817 4810 ipsi
862 4746 1058 4799 cmlum
1109 4759 1158 4800 et
1193 4754 1335 4801 terra
1366 4763 1547 4803 sumus
1572 4760 1624 4804 et
1655 4751 1708 4804 in
1735 4760 1960 4822 utroque
1985 4794 1999 4817 ,
2032 4753 2081 4807 id
2110 4763 2193 4808 est

605 4847 834 4903 corpore
879 4847 932 4891 et
972 4837 1163 4905 spiritu
1194 4848 1251 4892 ut
1281 4840 1522 4894 voluntas
1554 4842 1644 4897 Dei
1691 4844 1781 4897 fiat
1824 4860 2065 4903 oramus.
2097 4846 2188 4901 Est

604 4927 744 4982 enim
775 4929 913 4983 inter
941 4943 1156 4984 carnem
1193 4941 1247 4986 et
1278 4933 1523 4999 spiritum
1553 4935 1879 5000 colluctatio,
1915 4945 1967 4990 et
1988 4937 2193 4992 discor-

602 5019 850 5074 dantibus
877 5021 1159 5076 adversum
1217 5037 1276 5078 se
1325 5023 1549 5079 invicem
1606 5025 1672 5079 iis
1721 5029 2023 5095 quotidiana
2063 5043 2192 5083 con-

604 5112 809 5178 gressio
839 5120 942 5176 est,
977 5121 1034 5164 ut
1059 5127 1164 5168 non
1197 5128 1317 5182 quae
1343 5115 1606 5179 volumus,
1633 5116 1718 5170 illa
1752 5116 2031 5184 faciamus,
2061 5120 2186 5175 dum

604 5213 821 5282 spiritus
867 5214 1111 5271 celestia
1163 5218 1354 5284 quaerit
1398 5228 1449 5269 et
1496 5216 1705 5281 divina,
1739 5232 1864 5271 caro
1897 5229 2104 5274 terrena
2134 5229 2189 5276 et

601 5307 880 5362 saecularia
920 5311 1249 5376 concupiscit
1288 5326 1301 5364 :
1343 5320 1394 5365 et
1443 5313 1561 5364 ideo
1618 5312 1845 5378 petimus
1893 5312 2034 5367 inter
2082 5314 2189 5368 duo

601 5397 759 5453 istam
786 5415 947 5470 opera
971 5411 1028 5457 ct
1055 5403 1254 5456 auxilio
1290 5403 1377 5457 Dei
1401 5404 1737 5458 concordiam
1772 5405 1884 5458 tieri
1916 5415 1970 5457 nt
2000 5414 2053 5459 et
2078 5407 2186 5473 spi-

601 5492 706 5546 ritu
736 5500 790 5546 et
822 5508 985 5548 carne
1014 5496 1260 5551 voluntas
1292 5495 1384 5549 Dei
1417 5505 1651 5565 geratur,
1680 5513 1902 5568 quaeque
1933 5513 2026 5566 per
2062 5513 2184 5553 eum

599 5594 784 5641 renata
815 5597 898 5642 est
922 5587 1098 5642 anima
1128 5598 1480 5644 conservetur
1536 5590 1588 5644 id
1627 5591 1768 5659 quod
1813 5601 1996 5659 aperte
2030 5601 2189 5660 atque

599 5676 881 5732 manifeste
907 5677 1180 5746 apostolus
1210 5678 1403 5733 Paulus
1443 5694 1538 5734 sua
1570 5695 1700 5736 voce
1720 5681 1992 5738 declarat:
2028 5680 2184 5751 Caro,

600 5771 848 5839 inquiens
872 5812 886 5837 ,
925 5769 1239 5840 concupiscit
1264 5769 1509 5825 adversus
1550 5771 1789 5838 spiritum
1808 5811 1823 5837 ,
1853 5773 2065 5841 spiritus
2093 5774 2189 5828 ad-

598 5872 764 5914 versus
792 5873 995 5914 carnem
1012 5896 1029 5923 .
1077 5859 1187 5915 hac
1214 5859 1348 5916 enim
1377 5850 1588 5916 inuicem
1614 5861 1951 5918 adversantur
1977 5864 2093 5928 sibi.
2125 5874 2182 5921 st

2298 4750 2424 4804 ctelo
2455 4750 2690 4803 descendi
2711 4766 2730 4813 ;
2761 4749 2805 4801 si
2829 4750 2941 4814 quis
2971 4748 3348 4801 manducauerit
3373 4760 3431 4798 es
3455 4744 3536 4795 hoc
3553 4732 3761 4809 permutet

2298 4843 2351 4896 in
2381 4850 2624 4896 teternum
2645 4857 2664 4894 :
2688 4842 2836 4908 panis
2879 4851 3049 4892 autem
3078 4855 3226 4906 quem
3258 4854 3346 4908 ego
3373 4835 3537 4888 dedero
3568 4841 3658 4882 caro
3691 4834 3760 4872 tm

2298 4945 2368 4989 est
2401 4951 2492 5004 pro
2518 4935 2692 4988 sa'culi
2721 4935 2841 4987 rita.
2871 4934 3096 5002 Quando
3124 4948 3252 5001 ergo
3280 4931 3403 4985 dicit
3427 4929 3472 4982 in
3497 4932 3693 4981 aeternum
3714 4914 3759 4966 vi.

2297 5039 2422 5078 vere
2450 5025 2496 5078 si
2526 5025 2650 5092 quis
2679 5023 2856 5077 ederit
2885 5024 2954 5078 de
2983 5023 3099 5092 ejus
3134 5038 3288 5093 pane,
3318 5023 3480 5089 utique
3518 5009 3757 5070 manifestu

2296 5127 2378 5173 est
2416 5131 2508 5173 eos
2549 5119 2730 5172 vivere
2759 5116 2850 5185 qui
2883 5131 3079 5184 corpus
3110 5115 3227 5186 ejus
3262 5115 3525 5181 attingunt,
3549 5115 3591 5162 et
3623 5098 3756 5158 Eucha-

2295 5211 2500 5266 ristiam
2534 5213 2584 5265 in
2617 5227 2674 5265 re
2695 5211 3200 5265 communicationis
3221 5210 3492 5277 accipiunt.
3519 5203 3657 5268 Itaque
3675 5205 3754 5247 con-

2296 5313 2374 5359 tra
2405 5306 2698 5360 timendum
2730 5315 2810 5359 est
2839 5314 2892 5360 et
2920 5305 3182 5360 orandum
3213 5319 3279 5359 ne
3305 5305 3420 5357 dum
3446 5300 3549 5370 quis
3571 5289 3756 5347 abscissus

2295 5407 2574 5465 separatur
2618 5411 2648 5448 a
2689 5393 2889 5450 Christi
2934 5409 3196 5464 corpore,
3244 5393 3490 5448 abscissus
3519 5387 3754 5440 remaneat!

2297 5489 2499 5555 salute,
2541 5487 2905 5544 comminante
2953 5489 3070 5558 ipso
3115 5498 3171 5543 et
3215 5488 3451 5542 dicente:
3483 5478 3582 5535 Nisi
3619 5467 3757 5527 adstitit

2300 5598 2506 5635 carnem
2547 5581 2642 5649 ﬁlii
2684 5580 2907 5635 hominis
2945 5590 2990 5634 et
3017 5581 3241 5634 biberitis
3278 5581 3380 5650 ejus
3409 5570 3667 5640 sanguinem,
3688 5571 3753 5660 null

2295 5647 2723 5733 habebitisrsitam
2752 5677 2806 5730 in
2834 5677 3005 5731 vobis.
3051 5675 3121 5731 Et
3164 5675 3280 5731 ideo
3299 5647 3480 5742 panem
3503 5669 3703 5754 nostrum,

2294 5782 2379 5829 est
2409 5771 2682 5827 Christum
2715 5768 2832 5824 dari
2861 5768 3019 5825 nobis
3060 5767 3292 5839 quotidie
3322 5762 3548 5833 petimus,
3572 5759 3616 5807 ut
3637 5751 3698 5815 qui
3719 5751 3753 5839 in

2291 5863 2509 5920 Christo
2529 5875 2815 5920 manemus
2844 5869 2899 5918 et
2918 5836 3150 5918 vivimus
3171 5876 3200 5916 ι
3231 5851 3600 5914 sanctiﬁcatione
3619 5848 3660 5895 et
3673 5836 3751 5890 M-
