4012 6338
249 360 384 421 1121

1254 364 1314 420 S.
1355 359 1730 419 AUGUSTlNl
1768 357 1975 415 LIBER
2018 358 2104 414 DE
2142 357 2511 416 υιιΑτιοΝε.

3386 360 3515 417 1129

249 492 383 554 pore
406 475 524 549 ejus
546 489 655 532 non
683 474 1018 531 recedamus.
1045 477 1228 534 Potest
1249 492 1378 532 vero
1401 488 1455 532 et
1482 476 1563 532 sic
1586 473 1831 544 intelligi,
1859 470 1911 532 Α
1938 470 1990 525 in
2010 471 2128 541 iuga
2143 480 2193 523 et
2218 468 2680 541 SollicitudinejF.
2696 468 3007 544 solitudine]
3028 470 3201 526 corvis
3220 472 3518 528 ministrau-

250 584 313 630 ut
342 572 433 643 qui
480 572 680 629 szecolo
710 573 1083 628 renuntiamus
1122 581 1177 627 et
1215 571 1429 628 divitias
1457 572 1573 640 ejus
1602 580 1651 624 et
1683 583 1837 639 pom-

250 682 350 739 pas
381 667 484 721 [ide
534 666 720 737 gratia:
759 666 1052 733 Spiritualis
1080 664 1407 735 abiecimus,
1456 664 1632 719 cibum
1680 662 1835 717 nobis

252 765 457 811 tantum
491 764 733 825 petamus
762 764 816 811 et
844 766 1065 823 victum,
1089 772 1208 809 cum
1246 757 1474 810 instruat
1504 754 1760 809 Dominus
1784 761 1839 807 ct

251 849 429 902 dicat:
466 848 565 914 Qui
592 865 693 902 non
733 851 1096 903 renuntiaverit
1128 850 1359 903 omnibus
1388 864 1503 919 qua
1546 857 1663 902 sunt
1693 848 1835 916 ejus,

252 957 357 994 non
398 949 559 1009 potest
604 957 712 995 esse
759 958 899 995 meus
957 941 1262 1012 discipulus.
1311 944 1407 1008 Qui
1462 950 1588 996 ante
1636 940 1837 996 Christi

251 1032 549 1103 discipulus
569 1034 731 1102 erepit
762 1050 902 1098 esse,
933 1034 1225 1089 secundum
1254 1034 1578 1089 voluntatem
1600 1032 1838 1102 magistri

251 1126 337 1180 sui
380 1127 695 1181 renuntiatis
737 1128 1008 1191 omnibus,
1039 1126 1288 1181 diurnum
1330 1125 1490 1181 debet
1519 1124 1702 1179 cibum
1744 1139 1839 1193 pe-

250 1224 393 1283 tere,
423 1232 522 1272 nec
569 1218 622 1271 in
678 1218 890 1287 longum
922 1217 1184 1273 desideria
1216 1218 1484 1288 petitionis
1523 1217 1835 1284 extendere,

251 1308 375 1377 ipso
406 1309 598 1364 iterum
634 1310 859 1365 Domino
888 1310 1270 1379 pra-scribente
1308 1319 1363 1364 et
1401 1318 1651 1365 monente
1679 1326 1691 1361 :
1723 1307 1835 1363 No-

251 1400 344 1457 lite
366 1404 420 1457 in
450 1403 725 1458 crastinum
754 1404 1001 1473 cogitare,
1033 1404 1287 1467 crastinus
1317 1403 1453 1457 enim
1480 1403 1589 1456 dies
1617 1402 1727 1471 ipse
1753 1417 1839 1455 co-

251 1494 433 1566 gitabit
461 1495 590 1561 sibi,
612 1496 795 1565 sufﬁcit
823 1498 963 1549 enim
992 1497 1094 1551 diei
1126 1498 1323 1551 malitia
1353 1514 1467 1551 sua.
1502 1495 1689 1551 Merito
1708 1510 1839 1567 ergo

251 1586 450 1641 Christi
483 1586 780 1658 discipulus
823 1592 1018 1644 victum
1051 1589 1151 1643 sibi
1186 1590 1238 1644 itt
1285 1590 1427 1644 diem
1463 1589 1698 1659 postulat
1744 1588 1837 1659 qui

252 1676 327 1733 de
354 1681 590 1734 crastino
620 1680 933 1749 prohibetur
968 1681 1225 1752 cogitare,
1259 1692 1312 1736 et
1336 1682 1458 1752 quia
1508 1682 1837 1737 contrarium

250 1772 355 1826 sibi
386 1773 452 1826 sit
478 1784 531 1828 ct
560 1788 863 1843 repugnans
893 1782 975 1829 est
1004 1784 1059 1829 ut
1083 1789 1389 1846 quaeramus
1416 1775 1467 1829 itt
1498 1775 1696 1830 saeculo
1743 1773 1833 1829 diu

1941 562 2079 617 tibus
2094 572 2148 615 et
2159 564 2463 619 volucribus
2476 563 2650 618 cibum
2663 563 3067 633 apportantibus
3084 564 3133 617 in
3150 565 3523 633 persecutione

1942 655 2192 710 nutritur.
2219 655 2297 710 0h
2326 656 2574 713 humana:
2604 656 2821 712 malitiae
2844 656 3161 713 detestanda
3189 659 3477 714 crudelitas
3502 660 3518 716 ι

1942 747 2068 803 ferte
2095 757 2317 817 pascunt
2344 758 2395 803 et
2426 765 2552 805 aves
2581 758 2803 821 pascunt
2825 759 2879 804 et
2926 750 3172 805 homines
3198 751 3523 808 insidiantur

1938 849 1991 893 et
2013 838 2258 893 saeviunt.
2288 838 2414 895 Post
2441 839 2542 895 hoc
2579 851 2635 896 et
2660 856 2756 912 pro
2780 842 3011 913 peccatis
3036 841 3240 897 nostris
3265 842 3524 913 depreca-

1945 946 2063 985 mur
2085 932 2325 986 dicentes
2352 950 2362 983 :
2395 929 2463 985 Et
2494 932 2689 986 remitte
2723 933 2866 986 nobis
2898 944 3103 1017 peccata
3136 942 3312 988 nostra
3337 975 3351 998 ,
3394 935 3527 989 sicut

1938 1033 1985 1080 et
2016 1042 2106 1080 nos
2134 1026 2438 1081 remittimus
2456 1026 2767 1082 debitoribus
2795 1030 2998 1083 nostris.
3029 1029 3207 1084 Primo
3230 1028 3528 1084 subsidium

1943 1119 2047 1175 cibi
2091 1121 2290 1190 petitur
2337 1129 2392 1175 et
2432 1121 2586 1173 venia
2632 1119 2847 1186 delicti,
2883 1134 2937 1175 ut
2981 1121 3071 1190 qui
3113 1122 3222 1175 Deo
3264 1120 3521 1191 pascitur,

1943 1212 2053 1267 Deo
2083 1213 2262 1279 vivat,
2306 1227 2406 1267 nec
2445 1223 2645 1267 tantum
2680 1214 2930 1282 praesenti
2974 1223 3027 1267 et
3057 1214 3334 1284 temporali
3366 1217 3484 1267 vita:
3509 1254 3526 1281 ,

1940 1304 2033 1359 sed
2082 1314 2297 1359 aeterna:
2343 1305 2679 1366 consulitur,
2737 1307 2801 1359 ad
2845 1322 3001 1375 quam
3055 1306 3220 1361 veniti
3268 1312 3444 1373 potest
3483 1303 3531 1359 si

1941 1408 2153 1465 pecrala
2175 1397 2463 1467 donentur,
2493 1414 2609 1468 qua:
2633 1398 2810 1453 debita
2840 1398 3094 1453 Dominus
3119 1399 3368 1467 appellat,
3392 1398 3533 1455 sicut

1940 1489 1995 1544 itt
2028 1489 2315 1560 Ettongelio
2343 1508 2440 1545 suo
2470 1490 2600 1547 dicit
2624 1509 2636 1544 :
2664 1492 2844 1547 Dimisi
2868 1494 2958 1545 tibi
2986 1508 3135 1546 omne
3163 1494 3386 1546 debitum
3410 1490 3533 1558 quia

1940 1585 2131 1653 rogasti
2158 1600 2253 1637 mc.
2286 1584 2454 1650 Quam
2483 1585 2791 1639 neceSsatio
2821 1595 3020 1651 autem,
3048 1602 3205 1653 quatit
3240 1588 3533 1646 prudenler

1942 1685 1998 1731 et
2047 1676 2334 1731 salubriter
2368 1678 2720 1733 admonentur
2763 1678 2903 1748 quod
2950 1688 3257 1747 peccatores
3303 1695 3531 1749 sumus,

1894 1804 1899 1809 -
1941 1767 2030 1837 qui
2063 1784 2157 1835 pro
2188 1771 2419 1839 peccatis
2449 1786 2635 1839 rogare
2665 1771 3055 1841 compellimur,
3088 1780 3161 1837 ut,
3194 1773 3321 1826 dmtt
3350 1772 3529 1827 indul-

253 1864 569 1935 vivct'e.qui
612 1872 843 1934 petimus
873 1882 1093 1937 regnum
1125 1867 1219 1923 Dei
1262 1868 1522 1924 velociter
1558 1868 1833 1924 advenire.
1866 1863 1913 1924 Β
1940 1862 2170 1930 gentiam
2196 1878 2224 1915 a
2244 1862 2356 1917 Deo
2380 1862 2639 1932 petimus,
2670 1862 3010 1920 conscientiae
3039 1866 3247 1919 animus
3278 1864 3529 1921 recorde-

250 1954 345 2011 Sic
374 1971 425 2011 ct
455 1960 732 2027 apostolus
764 1960 951 2015 beatus
992 1968 1175 2015 monet
1222 1959 1460 2017 formans
1500 1970 1554 2016 et
1584 1960 1841 2017 corrobo-
1870 1970 1873 1971 '

252 2061 379 2101 rans
409 2050 521 2118 spei
555 2061 753 2104 nostra:
779 2065 843 2106 ac
873 2050 994 2106 lidei
1047 2052 1383 2108 firmitatem.
1414 2052 1559 2109 Nihil
1587 2095 1601 2119 ,
1632 2054 1839 2125 inquit,

252 2137 529 2193 intulimus
562 2141 614 2195 itt
649 2144 786 2197 hunc
809 2142 1086 2197 tnundum.
1117 2143 1335 2199 Certum
1368 2155 1451 2199 est
1491 2145 1633 2215 quod
1666 2161 1842 2215 neque

251 2232 466 2287 auferre
496 2236 800 2303 possimus:
846 2236 1104 2293 habentes
1155 2238 1334 2310 itaque
1360 2239 1745 2295 exhibitioncm
1789 2250 1843 2296 et

251 2332 642 2396 tegumentum,
678 2327 760 2382 his
788 2334 1024 2385 contenti
1065 2331 1257 2385 simus.
1285 2331 1385 2400 Qui
1434 2342 1610 2387 autem
1658 2334 1843 2387 volunt

251 2410 449 2469 divites
480 2416 630 2484 fieri,
660 2416 904 2474 incidunt
931 2421 983 2475 itt
1019 2422 1366 2503 tettlationem
1394 2432 1449 2479 et
1486 2424 1540 2479 iu
1566 2425 1839 2494 muscipu-

252 2503 361 2560 lam
393 2516 448 2563 et
468 2508 737 2567 desideria
768 2513 933 2569 multa
960 2528 1012 2570 et
1042 2518 1290 2572 nocentia
1321 2533 1440 2589 quae
1468 2527 1714 2588 mergunt
1745 2520 1842 2574 ho-

252 2600 453 2657 minem
498 2604 551 2659 in
585 2608 940 2676 perditionem
986 2621 1041 2666 et
1087 2612 1140 2666 itt
1188 2611 1485 2681 interitum,
1514 2612 1665 2677 radix
1696 2612 1839 2668 enim

253 2693 493 2749 omnium
527 2700 786 2754 malorum
818 2712 900 2756 est
923 2702 1207 2772 cupiditas,
1238 2720 1394 2774 quam
1418 2704 1635 2775 quidam
1666 2718 1835 2773 appe-

253 2793 430 2843 tentes
459 2789 904 2861 naufragavcrunt
936 2810 963 2847 a
989 2794 1090 2851 fide
1115 2805 1169 2852 et
1198 2796 1447 2852 inserunt
1475 2811 1535 2851 se
1562 2795 1842 2850 doloribus

254 2879 437 2937 multis
482 2898 497 2935 :
550 2884 706 2939 docet
745 2902 850 2942 non
897 2898 1098 2943 tantum
1144 2890 1565 2945 contemnendas
1592 2930 1609 2958 ,
1652 2889 1746 2944 sed
1788 2900 1844 2944 et

255 2974 587 3043 periculosas
617 2994 739 3035 esse
767 2980 985 3037 divitias
1007 2969 1133 3048 illis,
1160 2999 1282 3040 esse
1311 2984 1545 3039 radicem
1578 2982 1840 3039 malorum

255 3065 644 3125 blandientium
671 3112 685 3137 ,
727 3073 1024 3131 caecitatem
1057 3076 1249 3133 mentis
1287 3077 1535 3131 humana:
1566 3076 1833 3131 occultata

256 3158 573 3229 deceptione
604 3160 921 3219 fallentium.
959 3166 1109 3222 Unde
1139 3167 1361 3223 divitem
1409 3169 1630 3223 stultum
1664 3181 1842 3225 saecu-

1947 1963 2051 2021 tur,
2077 1971 2142 2010 ne
2171 1955 2289 2026 quis
2320 1958 2402 2012 vel
2423 1958 2524 2011 sibi
2553 1958 2807 2013 innocens
2833 1962 3037 2027 placeat
3065 1968 3119 2014 et
3148 1974 3203 2013 Sc
3221 1958 3529 2015 extollendo

1946 2047 2063 2117 plus
2095 2059 2292 2118 pereat.
2324 2049 2607 2104 instruitur
2638 2060 2690 2106 et
2719 2052 2945 2105 docetur
2971 2066 3031 2106 se
3080 2064 3303 2120 peccare
3347 2051 3527 2119 quoti—

1945 2141 2032 2195 die
2060 2141 2185 2196 dunt
2214 2159 2309 2213 pro
2339 2144 2567 2213 peccatis
2588 2144 2807 2214 jubetur
2827 2160 2984 2198 orare
3010 2161 3025 2209 ;
3059 2146 3196 2199 sicut
3224 2142 3454 2211 denique
3476 2149 3533 2196 et

1943 2233 2178 2290 Joannes
2208 2237 2260 2290 itt
2284 2239 2508 2306 epistola
2533 2252 2626 2290 sua
2655 2240 2893 2306 sequitur
2916 2237 3100 2291 dicens
3126 2253 3139 2288 :
3162 2234 3223 2290 Si
3248 2235 3532 2289 dixerimus

1942 2328 2078 2398 quod
2110 2343 2371 2399 peccatum
2402 2348 2500 2385 non
2530 2332 2793 2397 habemus,
2844 2348 2933 2385 nos
2974 2331 3110 2400 ipsos
3146 2331 3455 2397 seducimus,
3483 2336 3534 2385 et

1944 2424 2124 2475 veritus
2168 2424 2219 2474 in
2266 2422 2407 2476 nobis
2450 2441 2551 2477 non
2600 2434 2709 2490 est;
2742 2440 2785 2477 si
2834 2434 3004 2477 autent
3034 2424 3252 2492 confessi
3281 2425 3532 2495 fuerimus

1949 2523 2157 2582 pccrnta
2185 2524 2380 2569 nostra.
2412 2513 2584 2584 ﬁdelis
2615 2525 2662 2569 et
2690 2516 2866 2582 justus
2898 2526 2970 2569 est
2999 2514 3253 2570 Dominus
3271 2517 3357 2585 qui
3386 2517 3533 2571 nobis

1946 2617 2153 2675 peccata
2190 2604 2431 2659 dimittat.
2479 2606 2534 2660 in
2585 2606 2813 2675 epistola
2846 2606 3053 2661 scilicet
3085 2622 3341 2678 utrosque
3378 2624 3531 2664 com-

1946 2700 2134 2768 plexus
2164 2709 2266 2767 est,
2301 2710 2356 2755 ut
2387 2716 2575 2770 rogare
2603 2716 2698 2770 pro
2733 2701 2965 2771 peccatis
2987 2701 3191 2756 nostris
3214 2700 3533 2771 debeamus,

1945 2806 1992 2850 et
2022 2792 2371 2864 impetremus
2411 2794 2790 2865 indulgentiam
2845 2810 2965 2851 cum
3010 2811 3289 2866 rogamus;
3326 2797 3446 2853 ideo
3477 2804 3533 2854 et

1948 2886 2158 2941 ftdelent
2209 2886 2403 2942 dixerit
2450 2887 2732 2942 Dominum
2779 2889 2844 2941 ad
2890 2888 3201 2944 dimittenda
3260 2899 3476 2958 peccata
3510 2928 3532 2958 ,

1947 2980 2107 3036 ﬁdem
2140 2983 2541 3053 pollicitationis
2578 2997 2692 3038 sua:
2734 2994 3042 3041 servantem
3072 2986 3195 3056 quia
3238 2987 3328 3055 qui
3374 3000 3534 3042 orare

1947 3089 2045 3130 nos
2077 3090 2171 3145 pro
2203 3075 2397 3129 debitis
2427 3085 2478 3130 et
2505 3076 2736 3144 peccatis
2766 3075 2969 3141 docuit,
3006 3088 3283 3147 paternam
3327 3076 3537 3133 miseri-

1947 3169 2074 3227 cord
2084 3170 2184 3225 iam
2210 3169 2453 3239 promisit
2471 3169 2746 3225 etveniam
2767 3180 3070 3225 secuturam
3084 3169 3357 3241 adjuttxit;
3382 3170 3537 3241 plane

258 3249 402 3306 lares
425 3253 637 3308 divitias
662 3258 1008 3328 cogitantem,
1033 3270 1081 3315 et
1107 3276 1168 3316 se
1190 3261 1542 3318 exultantium
1575 3262 1843 3318 fructuum
1872 3255 1920 3319 C
1959 3274 2013 3319 et
2040 3263 2241 3318 addidit
2274 3264 2442 3334 legent
2475 3265 2621 3318 cirta
2670 3277 2769 3318 nos
2810 3265 3121 3319 conditione
3150 3273 3203 3319 et
3250 3264 3538 3335 sponsione

261 3342 507 3414 largitate
531 3346 824 3417 jactantem
855 3351 1124 3422 redarguit
1162 3353 1346 3410 dicens
1376 3372 1389 3409 :
1417 3354 1609 3421 Stulte,
1638 3355 1733 3410 hac
1754 3372 1847 3409 no-

258 3446 337 3487 rte
362 3437 718 3507 expostulatur
740 3442 915 3495 anima
938 3454 1026 3497 tua
1044 3461 1075 3498 a
1097 3456 1301 3514 te:un
1315 3462 1436 3520 ergo
1458 3448 1677 3519 parasti,
1700 3449 1849 3519 cujus

258 3531 449 3583 erunt?
477 3531 781 3588 Laatabatur
808 3537 1001 3591 stultus
1026 3540 1074 3591 itt
1106 3538 1365 3595 fructibus
1398 3548 1555 3596 nocte
1581 3540 1667 3594 illa
1692 3539 1850 3595 mori-

261 3627 437 3685 turus,
468 3636 522 3677 et
550 3626 702 3694 cujus
733 3629 840 3681 vita
865 3630 972 3698 jam
1006 3630 1190 3686 deerat
1216 3632 1284 3687 de
1320 3634 1491 3687 victus
1521 3633 1849 3691 abundantia

258 3715 549 3784 cogitabat.
582 3718 780 3774 Contra
809 3732 986 3776 autem
1020 3724 1277 3781 Dominus
1311 3726 1607 3795 perfectum
1632 3738 1684 3783 et
1722 3744 1852 3783 con-

258 3820 588 3866 summatum
617 3814 773 3869 docet
799 3815 1186 3887 eumlieri‘qui,
1215 3820 1465 3875 omnibus
1485 3822 1595 3876 suis
1621 3822 1852 3878 venditis

259 3914 424 3974 atque
464 3908 513 3960 in
570 3924 695 3963 usus
719 3924 1008 3979 pauperum
1030 3910 1347 3977 ‘distributis
1371 3958 1385 3977 ,
1414 3914 1721 3970 thesaurum
1753 3916 1855 3971 sibi

260 3999 459 4054 condat
495 4000 547 4055 in
575 4005 732 4070 caelo,
769 4003 859 4072 qui
885 4002 1171 4072 patientem
1196 4020 1320 4061 eum
1350 4006 1477 4063 dicit
1507 4024 1661 4079 posse
1681 4023 1741 4064 se
1769 4024 1856 4065 se-

258 4089 382 4158 qui,
412 4091 503 4161 qui
527 4091 752 4162 gloriam
780 4094 1062 4151 dominicae
1089 4098 1498 4155 resurrectionis
1526 4108 1704 4170 potest
1732 4101 1856 4157 imi-

257 4184 384 4251 tari,
413 4186 502 4255 qui
525 4187 804 4256 expeditus
831 4199 887 4246 et
916 4192 1219 4249 succinctus
1250 4194 1406 4250 nullis
1437 4194 1641 4264 laqueis
1669 4196 1743 4251 rei
1768 4195 1858 4250 fa-

258 4274 486 4332 miliaris
508 4278 818 4347 involvitur,
842 4292 896 4337 et
916 4284 1123 4341 soltttus
1142 4301 1206 4341 ac
1223 4285 1360 4343 liber
1384 4286 1664 4344 facultates
1682 4289 1747 4344 ad
1767 4290 1859 4346 Do-

260 4367 466 4423 minum
488 4380 612 4427 ante
626 4378 931 4442 praemissas
944 4377 1059 4447 ipse
1072 4395 1284 4450 quoque
1303 4381 1605 4437 comitatur.
1624 4381 1701 4436 Ad
1716 4381 1858 4452 quod

260 4470 319 4515 ut
357 4462 524 4529 possit
566 4468 929 4539 unusquisque
958 4480 1201 4526 nostrum
1239 4487 1426 4541 parare
1456 4488 1544 4539 se,
1586 4473 1663 4528 sic
1702 4472 1862 4529 discit

260 4570 437 4628 orare,
457 4568 511 4614 et
530 4557 597 4614 de
625 4560 887 4626 orationis
902 4562 1019 4632 lege
1040 4565 1213 4634 qualis
1238 4580 1299 4621 ea
1315 4566 1506 4621 debeat
1527 4581 1854 4637 agnoscere;

1951 3357 2348 3426 constringens,
2385 3366 2441 3412 ut
2470 3355 2548 3412 sic
2569 3355 2724 3412 nobis
2740 3355 2919 3411 debita
2949 3357 3142 3412 dimitti
3174 3369 3532 3425 postulemus,

1952 3448 2184 3504 scientes
2212 3448 2493 3520 impetrari
2527 3464 2631 3504 non
2664 3463 2825 3520 posse
2854 3449 2994 3519 quod
3036 3464 3135 3519 pro
3183 3450 3413 3519 peccatis
3444 3464 3540 3518 pe-

1958 3541 2143 3607 timus,
2177 3540 2277 3594 nisi
2307 3550 2361 3595 et
2390 3540 2491 3610 ipsi
2523 3541 2665 3597 circa
2698 3553 3009 3611 peccatores
3040 3552 3253 3598 nostras
3284 3541 3431 3612 paria
3462 3542 3544 3597 fe-

1954 3638 2203 3689 cerimus.
2238 3635 2442 3690 Idcirco
2484 3646 2540 3690 et
2584 3635 2692 3689 alio
2735 3635 2787 3690 itt
2820 3634 2939 3690 loco
2970 3636 3097 3691 dicit
3123 3653 3135 3687 :
3162 3634 3228 3688 In
3258 3652 3361 3706 qua
3389 3651 3535 3690 mert-

1954 3744 2076 3780 sura
2119 3728 2279 3782 mensi
2324 3727 2546 3797 fueritis,
2577 3727 2629 3781 in
2678 3743 2739 3781 ea
2782 3728 3072 3780 remetietur
3116 3726 3254 3780 vobis
3279 3741 3298 3780 :
3338 3736 3391 3782 et
3416 3728 3543 3796 qui!

1956 3810 2246 3874 consiervus
2280 3826 2399 3887 post
2425 3817 2707 3874 dimissum
2755 3819 2859 3874 sibi
2906 3833 3066 3875 omne
3099 3818 3335 3874 debitum
3356 3862 3371 3887 ,
3402 3833 3539 3875 con-

1962 3925 2122 3967 servo
2171 3926 2269 3965 suo
2321 3909 2495 3965 noluit
2540 3910 2830 3979 dimittere,
2864 3912 2916 3967 itt
2965 3925 3235 3968 carcerem
3269 3914 3543 3985 religatur,

1958 4005 2079 4075 quia
2112 4003 2391 4074 indulgere
2418 4018 2681 4062 conservo
2711 4005 2884 4060 noluit
2912 4006 3053 4074 quod
3099 4006 3201 4060 sibi
3251 4022 3279 4059 a
3314 4005 3543 4063 Domino

1962 4102 2220 4157 indultum
2254 4102 2432 4157 fuerat
2478 4102 2680 4169 amisit,
2712 4117 2831 4173 quae
2860 4102 3037 4157 adhuc
3065 4101 3316 4157 Christus
3361 4102 3550 4158 fortius

1964 4197 2249 4264 praeceptis
2272 4194 2383 4248 suis
2410 4194 2613 4262 majore
2634 4207 2875 4250 censura:
2897 4208 3010 4248 sua:
3038 4192 3222 4264 vigore
3254 4193 3547 4263 praedixit:

1963 4286 2090 4341 Cum
2118 4286 2380 4350 steteritis,
2413 4284 2605 4355 inquit,
2634 4286 3030 4353 adjorationem,
3063 4286 3325 4350 remittite,
3360 4286 3405 4339 si
3424 4284 3551 4356 quid

1964 4378 2159 4432 habetis
2186 4378 2427 4433 adversus
2455 4379 2695 4447 aliquem,
2726 4388 2781 4431 ut
2814 4375 2972 4431 Pater
3016 4387 3175 4433 vester
3203 4378 3293 4449 qui
3324 4381 3376 4433 in
3407 4380 3551 4433 cretis

1964 4482 2036 4527 est
2062 4476 2283 4526 remittat
2309 4468 2447 4524 vobis
2474 4478 2682 4539 peccata
2704 4481 2885 4526 vestra.
2922 4471 2984 4526 Si
3008 4482 3177 4525 autent
3206 4488 3309 4526 non
3334 4473 3551 4526 remise—
3589 4467 3595 4472 ’

1965 4562 2098 4629 ritis,
2130 4579 2293 4633 neque
2316 4570 2460 4632 pater
2487 4574 2645 4616 vester
2675 4562 2762 4631 qni
2791 4562 2846 4615 in
2884 4563 3023 4615 cretis
3062 4572 3134 4615 est
3164 4562 3381 4617 remittet
3412 4562 3549 4617 vobis

260 4666 437 4722 neque
456 4656 599 4709 enim
621 4655 809 4713 deesse
828 4659 1170 4724 quotidianus
1190 4660 1340 4715 cibos
1354 4672 1526 4731 potest
1540 4663 1705 4731 justo,
1734 4679 1847 4718 cum

1969 4668 2175 4725 peccata
2215 4665 2399 4709 vestra.
2464 4653 2753 4709 Escusatio
2803 4654 2897 4707 tibi
2952 4653 3091 4706 nulla
3124 4655 3174 4707 in
3226 4655 3313 4707 die
3357 4652 3553 4722 iudicii

260 4744 519 4813 scriptum
542 4748 612 4801 sit
634 4766 647 4803 :
667 4746 788 4801 Non
810 4751 1000 4805 occidet
1022 4752 1270 4807 Dominus
1292 4753 1429 4822 fame
1442 4755 1526 4807 ani
1534 4771 1668 4808 mam
1680 4755 1857 4823 istam;

261 4845 320 4892 et
347 4836 541 4894 iterum
558 4839 772 4895 :Junfor
798 4843 891 4912 fui,
911 4854 957 4897 et
978 4847 1144 4910 senui,
1165 4853 1211 4897 et
1237 4862 1338 4899 non
1368 4846 1468 4898 vidi
1486 4848 1688 4917 justum
1712 4850 1859 4902 dere-

264 4930 467 5000 lictum,
488 4949 580 4990 nec
594 4950 758 4990 semen
772 4937 884 5007 ejus
907 4953 1140 5003 quwt‘ens
1158 4954 1361 5006 partem.
1379 4939 1572 4995 lterum
1599 4941 1856 4997 Dominus

264 5026 587 5096 repromittit
606 5039 660 5083 et
685 5028 838 5084 dicit:
858 5030 1033 5087 Nolite
1052 5035 1277 5105 cogitare
1299 5033 1544 5103 dicentes,
1569 5035 1707 5103 Quid
1731 5038 1853 5091 etle-

264 5134 401 5184 mus,
432 5129 519 5173 aut
548 5122 668 5189 quid
699 5122 942 5187 bibemus,
972 5135 1058 5177 unt
1085 5141 1187 5195 quo
1212 5126 1523 5181 vestientur?
1551 5126 1661 5181 ltwc
1683 5138 1855 5181 autem

266 5210 501 5265 nationes
525 5225 756 5278 quaerunt
783 5231 799 5268 :
831 5215 924 5269 scit
953 5218 1085 5269 enim
1105 5214 1259 5271 Pater
1287 5228 1448 5271 vester
1478 5220 1597 5288 quia
1626 5220 1856 5275 omnium

268 5302 457 5356 horum
481 5303 719 5375 indigetis
742 5320 762 5360 :
781 5308 995 5374 quwrite
1017 5309 1235 5377 primum
1260 5325 1471 5381 regnum
1504 5290 1597 5365 Dei
1624 5320 1672 5366 et
1692 5314 1855 5382 justi-

263 5396 392 5449 tiam
418 5396 529 5467 ejus
552 5406 599 5451 et
624 5399 725 5453 luet
751 5400 923 5453 omnia
949 5401 1257 5471 adﬁcientur
1291 5403 1447 5458 vobis.
1479 5403 1854 5470 Quaerentibus

262 5505 495 5559 regnum
526 5490 619 5547 Dei
652 5501 707 5547 et
730 5492 994 5563 justitiam
1018 5495 1136 5564 ejus
1159 5495 1340 5551 omnia
1370 5499 1631 5565 promittit
1655 5500 1853 5570 apponi

264 5592 323 5640 ct
347 5583 459 5654 jam
484 5599 605 5640 cum
631 5585 739 5641 sint
766 5587 859 5641 Dei
889 5587 1093 5651 omnia.
1136 5588 1348 5645 habenti
1381 5591 1545 5647 Deum
1567 5591 1700 5648 nihil
1725 5593 1856 5651 dee-

262 5676 358 5743 rit,
390 5678 436 5732 si
464 5677 574 5734 Deo
601 5678 715 5749 ipse
744 5694 850 5734 non
872 5678 1035 5738 desit.
1058 5680 1147 5738 Sic
1178 5681 1386 5742 Danieli
1417 5682 1470 5737 in
1496 5683 1710 5741 leonum
1738 5686 1860 5744 lacu

260 5767 420 5840 jussu
450 5772 591 5841 regis
616 5770 822 5828 incluso
850 5772 1129 5841 prandium
1169 5772 1425 5831 divmttus
1456 5785 1771 5845 procuratur
1803 5786 1863 5836 et

266 5863 411 5921 inter
426 5862 566 5922 feras
582 5866 884 5924 esurientes
901 5865 1059 5927 homo
1076 5867 1165 5926 Dei
1182 5868 1429 5939 pascitur.
1443 5872 1531 5925 Sic.
1551 5871 1702 5927 aliter
1718 5874 1862 5935 Elias

1962 4760 2254 4819 superest,
2310 4764 2429 4803 cunt
2488 4748 2782 4802 secundum
2849 4757 2990 4801 tuam
3041 4747 3358 4801 sententiam
3403 4747 3552 4817 judi-

1960 4847 2099 4902 ceris
2125 4888 2139 4912 ,
2174 4856 2224 4898 et
2253 4845 2393 4914 quod
2426 4841 2617 4900 feceris
2643 4885 2658 4909 ,
2688 4844 2790 4898 hoc
2838 4851 2891 4897 et
2939 4843 3052 4912 ipse
3084 4844 3322 4912 patiaris.
3357 4840 3552 4897 Paciﬁ-

1960 4954 2052 4993 (ξας
2079 4938 2218 4992 enim
2248 4948 2297 4991 et
2329 4935 2625 4991 concordes
2658 4946 2815 5007 atque
2846 4936 3124 4991 unanimes
3152 4951 3271 4991 esse
3301 4933 3355 4989 in
3384 4937 3551 4993 domo

1959 5031 2213 5102 pr.:-cepit
2252 5030 2414 5097 Deus,
2438 5039 2489 5084 et
2521 5030 2703 5098 quales
2754 5045 2850 5083 nos
2897 5028 3025 5085 fecit
3076 5028 3309 5083 secunda
3357 5027 3554 5081 nativi-

1962 5136 2091 5191 tate,
2140 5125 2271 5181 tales
2320 5133 2473 5177 natos
2505 5123 2617 5176 vult
2672 5135 3037 5191 perseverare,
3090 5130 3147 5175 ut
3184 5122 3271 5191 qui
3319 5120 3411 5175 lilii
3449 5119 3547 5175 Dei

1963 5232 2082 5274 esse
2124 5219 2382 5287 C(Bpitlllls
2428 5216 2481 5271 in
2532 5215 2625 5271 Dei
2678 5229 2805 5285 pace
2852 5228 3169 5269 maneamus
3212 5220 3315 5270 :et
3355 5214 3555 5283 quibus

1963 5309 2193 5380 Spiritus
2222 5317 2441 5365 sanctus
2474 5324 2610 5364 unus
2630 5316 2734 5374 est,
2757 5322 2898 5363 unus
2926 5308 2998 5361 sit
3026 5316 3081 5362 et
3107 5308 3316 5361 animus
3344 5314 3400 5360 et
3425 5321 3555 5362 sen-

1963 5423 2089 5475 sus;
2120 5421 2225 5463 uon
2256 5407 2454 5462 etenim
2494 5403 2814 5460 sacriliciunt
2876 5402 3012 5458 Deus
3051 5402 3241 5471 recipit
3269 5401 3548 5457 dissiden-

1966 5503 2056 5568 tis,
2086 5501 2181 5558 sed
2212 5501 2279 5557 ab
2302 5500 2459 5555 altari
2487 5499 2739 5555 recedere
2764 5508 2820 5553 et
2854 5497 3005 5567 prius
3031 5495 3181 5551 fratri
3207 5496 3553 5552 reconciliari

1962 5595 2182 5667 jubetur
2214 5592 2453 5665 paciﬁcis
2499 5593 2749 5662 precibus
2793 5598 2848 5645 ιιι
2890 5589 3031 5646 Deus
3081 5590 3250 5661 possit
3283 5590 3387 5646 sibi
3425 5603 3555 5646 esse

1968 5697 2213 5760 pacatus.
2245 5686 2576 5744 Sacriﬁcium
2623 5685 2737 5740 Deo
2786 5683 2959 5755 majus
2998 5693 3083 5740 est
3126 5699 3223 5754 pas
3271 5693 3452 5741 nostra
3494 5690 3553 5740 et

1968 5784 2208 5840 fraterna
2240 5780 2527 5838 concordia
2550 5820 2568 5848 ,
2597 5788 2653 5836 et
2689 5778 2761 5835 de
2802 5778 3003 5834 unitate
3031 5776 3205 5833 Patris
3234 5786 3289 5832 et
3336 5774 3454 5830 Filii
3497 5784 3555 5832 et

1968 5876 2204 5943 Spiritus
2235 5875 2405 5934 sancti
2437 5866 2881 5947 plebsosdjuvata,
2904 5885 3063 5947 quam
3093 5869 3343 5929 victimae.
3366 5866 3555 5940 Neque
