4012 6338
512 350 655 425 uss

1433 344 1994 419 supeLEttuut‘utt
2033 346 2128 410 AD
2166 346 2399 413 OPERA
2437 354 2497 411 ει
2539 350 2929 412 AUGUSTINI.

3643 355 3789 410 "2!

510 486 653 543 enim
680 483 737 539 in
774 479 1047 539 sacrificus
1093 486 1214 550 quae
1251 475 1382 533 Cain
1413 478 1467 533 et
1506 476 1640 531 Abel
1677 476 1831 545 primi
1873 471 2087 529 obtule-
2116 473 2170 533 Α
2202 470 2307 524 ista
2339 470 2521 525 omnia
2566 468 3027 526 consummatione
3060 466 3319 522 orationis
3356 467 3505 523 venit
3538 466 3655 524 laus
3691 470 3787 526 illa

509 584 656 643 runt,
688 588 905 629 munera
949 586 1131 627 eorum
1164 570 1321 636 Deus,
1353 568 1447 625 Sed
1487 568 1647 624 corda
1674 568 2002 631 intuebatur,
2036 570 2094 620 ut

509 658 597 723 ille
629 668 861 736 placeret
902 665 953 720 in
985 678 1207 719 munere
1236 664 1322 731 qui
1358 663 1605 732 placebat
1633 662 1686 715 in
1718 660 1901 715 corde.
1949 658 2085 714 Abel

511 761 767 831 pacificus
804 771 859 816 et
902 758 1081 831 justus
1130 758 1220 813 uni
1278 755 1386 811 Deo
1425 756 1733 811 sacrificans
1779 755 2095 809 innocenter

511 856 696 912 docuit
723 866 777 914 et
806 860 1054 921 "caeteros,
1089 852 1302 927 quando
1332 854 1398 909 ad
1417 854 1585 909 altare
1614 858 1811 908 munus
1841 850 2093 916 oll'erunt,

508 948 584 1005 sic
611 951 796 1004 venire
824 964 944 1005 cum
979 947 1073 1004 Dei
1106 946 1322 1013 timore,
1348 962 1467 1001 cum
1499 946 1728 1016 Simplici
1755 945 1941 1012 corde,
1970 958 2093 999 cum

508 1041 628 1113 lege
654 1040 899 1112 iustitiae,
931 1048 1051 1095 cum
1085 1038 1387 1095 concbrdize
1432 1044 1584 1110 pace.
1618 1032 1806 1096 Merito
1835 1034 1925 1093 ille
1968 1036 2094 1093 dum

510 1132 561 1188 In
593 1133 857 1189 sacrificio
889 1131 984 1188 Dei
1030 1133 1150 1188 talis
1176 1139 1277 1198 est,
1330 1131 1446 1201 ipSe
1499 1126 1840 1200 postmodum
1887 1130 2094 1186 Sacrifi-

511 1227 647 1282 cium
679 1227 790 1282 Deo
817 1226 987 1281 factus
1016 1234 1121 1291 est,
1146 1235 1204 1281 ut
1228 1232 1524 1297 martyrmn
1560 1225 1761 1293 primus
1790 1224 2087 1279 ostendens

511 1320 742 1377 lnitiaret
766 1321 1022 1387 sanguine
1054 1333 1151 1373 suo
1178 1317 1464 1387 gloriosam
1496 1315 1821 1370 dominicam
1879 1317 2099 1385 passio-

512 1424 631 1475 nem
657 1412 743 1480 qui
775 1422 827 1467 et
852 1410 1115 1481 jusﬁtiam
1142 1409 1355 1464 Domini
1386 1408 1648 1464 habuerat
1674 1412 1726 1463 et
1759 1412 1963 1477 pacem.
1995 1406 2097 1461 Ta-

512 1496 592 1558 lus
622 1502 851 1572 denique
878 1518 907 1555 a
940 1502 1049 1556 Deo
1076 1512 1425 1569 coronantur,
1459 1503 1591 1555 tales
1631 1516 1752 1555 cum
1788 1498 2014 1555 Domino
2045 1500 2096 1557 in

516 1594 603 1650 die
628 1594 817 1666 judicii
842 1593 1194 1665 iudicabunt;
1228 1602 1480 1648 caeterum
1511 1591 1829 1647 discordans
1860 1598 1913 1646 et
1940 1590 2099 1646 dissi-

509 1688 666 1755 deus,
714 1696 768 1742 et
790 1700 973 1757 pacem
998 1702 1119 1742 cum
1152 1684 1404 1741 fratribus
1427 1702 1531 1742 non
1562 1684 1782 1752 habens,
1805 1684 2096 1740 secundum

516 1780 655 1851 quod
688 1779 875 1835 beatus
905 1780 1181 1850 apostolus
1210 1785 1263 1833 et
1292 1778 1577 1851 Scriptura
1602 1784 1753 1833 sacra
1803 1784 2092 1845 testantur,

2198 564 2482 619 universas
2508 565 2790 633 petitiones
2820 570 3034 617 nostras
3057 573 3108 617 et
3137 576 3323 632 preces
3350 562 3580 617 collecta
3607 560 3791 619 brevi-

2199 664 2307 709 tate
2338 654 2684 719 concludens,
2720 655 2771 709 in
2800 654 3089 708 novissimo
3110 637 3308 709 etenim
3339 654 3656 720 posuimus:
3681 656 3789 710 Sed

2198 744 2359 800 libera
2388 760 2479 799 nos
2508 756 2539 799 u
2565 744 2722 810 malo,
2752 744 3278 814 comprehendentes
3307 743 3530 800 adversa
3564 753 3784 811 cuncta,

2200 853 2317 907 qua:
2345 847 2530 892 contra
2581 852 2678 892 nos
2724 838 2775 891 in
2816 836 2918 891 hoc
2947 835 3147 891 mundo
3185 837 3400 891 molitur
3432 836 3685 892 inimicus
3710 881 3725 904 ,
3759 852 3787 892 a

2206 929 2399 999 quibus
2427 938 2608 998 potest
2649 942 2771 984 esse
2806 927 2909 985 fida
2957 937 3012 984 et
3048 927 3199 982 firma
3229 915 3411 982 tutela.
3434 929 3482 983 si
3516 940 3619 983 nos
3650 929 3791 983 Deus

2200 1024 2412 1092 liberet,
2447 1024 2492 1078 si
2537 1023 2950 1094 deprecantibus
2978 1034 3139 1092 atque
3179 1022 3601 1092 implorantibus
3632 1036 3789 1091 opem

2200 1119 2316 1189 ejus
2338 1118 2450 1188 ipse
2476 1126 2711 1189 praestet.
2740 1118 2968 1185 Quando
2994 1127 3174 1172 autem
3196 1118 3424 1174 dicimus
3444 1134 3457 1172 :
3474 1116 3676 1171 Libera
3696 1130 3792 1171 uos

2201 1226 2230 1263 a
2263 1212 2407 1266 malo
2428 1252 2444 1279 ,
2475 1210 2606 1265 nihil
2642 1220 2888 1267 remanet
2927 1211 3070 1281 quod
3102 1211 3236 1265 ultra
3272 1211 3446 1265 adhuc
3472 1209 3676 1265 debeat
3700 1216 3793 1279 po-

2202 1305 2420 1369 stulari,
2472 1304 2686 1373 quando
2734 1305 2904 1360 solum
2949 1306 3341 1375 protectionem
3387 1304 3481 1360 Dei
3530 1305 3792 1361 adrerum

2202 1398 2398 1452 malum
2430 1412 2736 1468 precamur,
2770 1414 2870 1467 qua
2909 1401 3190 1469 impetrata
3229 1407 3417 1455 contra
3458 1401 3645 1454 omnia
3679 1410 3795 1469 qua

2201 1489 2449 1545 diabolus
2472 1488 2527 1546 et
2550 1492 2780 1547 mundus
2811 1494 3106 1562 operantur
3137 1495 3313 1550 saturi
3344 1494 3552 1549 stamus
3584 1496 3643 1549 et
3670 1495 3791 1549 tuti.

2205 1582 2338 1649 Quis
2381 1584 2525 1637 enim
2574 1586 2621 1640 ei
2669 1584 2737 1639 de
2781 1584 2982 1640 saeculo
3026 1592 3205 1642 metus
3245 1594 3330 1642 est
3372 1587 3459 1643 cui
3512 1587 3563 1641 in
3598 1586 3795 1642 seaculi)

2202 1674 2341 1732 Deus
2370 1686 2513 1732 tutor
2539 1679 2657 1733 est?
2687 1678 2824 1745 Quid
2874 1680 3067 1735 miruui
3093 1720 3110 1747 ,
3158 1681 3353 1736 fratres
3401 1680 3677 1735 carissimi
3703 1725 3719 1748 ,
3750 1680 3793 1735 si

2201 1771 2375 1825 oratio
2408 1772 2528 1826 talis
2580 1781 2665 1828 est
2711 1787 2871 1843 quam
2914 1773 3058 1829 Dens
3088 1774 3307 1840 docuit,
3342 1776 3430 1841 qui
3482 1772 3792 1845 magisterio

509 1882 609 1928 nec
641 1874 684 1929 si
719 1884 812 1943 pro
844 1871 1152 1927 Christiano
1183 1873 1395 1926 nomine
1433 1870 1645 1925 occisus
1686 1869 1861 1934 fuerit,
1896 1868 2097 1925 crimen
2130 1854 2177 1926 Β
2204 1876 2301 1916 δυο
2347 1874 2559 1918 omnem
2622 1866 2934 1933 Petilionem
2987 1872 3225 1921 nostram
3276 1867 3496 1921 saltttari
3546 1868 3791 1921 Sermone

510 1966 862 2022 dissensionis
890 1964 1140 2021 fraterna!
1163 1964 1361 2037 poterit
1378 1964 1625 2029 evadere,
1653 1964 1777 2033 quia
1802 1962 1940 2017 sicut
1969 1963 2097 2017 scri-

514 2068 660 2129 ptum
692 2068 776 2114 est
810 2074 824 2114 :
852 2059 952 2124 Qui
982 2060 1194 2128 fratrem
1227 2058 1373 2111 etiam
1410 2057 1516 2111 odit
1539 2098 1553 2124 ,
1588 2056 1844 2111 homicida
1870 2064 1962 2123 est,
1995 2069 2099 2110 nec

512 2149 576 2204 ad
608 2156 829 2220 regnum
879 2151 1137 2205 calorum
1186 2148 1468 2218 pervenit,
1521 2158 1611 2203 aut
1655 2162 1778 2202 cum
1815 2146 1926 2201 Deo
1970 2145 2098 2200 vivit

511 2239 812 2309 IitttniCida;
848 2250 952 2297 non
995 2242 1137 2297 enim
1186 2250 1361 2311 potest
1404 2254 1522 2296 esse
1571 2255 1691 2295 cum
1738 2240 1974 2303 Christo,
2007 2238 2098 2309 qui

510 2328 750 2392 Imitatur
774 2333 905 2389 Cain
927 2343 980 2389 et
1009 2333 1159 2389 Iuda:
1182 2334 1497 2388 maluitesse
1521 2347 1677 2402 quam
1692 2331 1908 2387 Christi.
1932 2329 2098 2397 Quale

512 2426 765 2482 delictum
796 2435 911 2494 est,
947 2427 1088 2496 quod
1138 2440 1236 2481 nec
1285 2426 1551 2495 baptismo
1596 2424 1874 2493 sanguinis
1927 2430 2099 2490 potest

512 2518 687 2573 ablui!
731 2518 886 2589 quale
936 2519 1139 2573 crimen
1176 2527 1251 2573 est
1283 2516 1427 2588 quod
1474 2517 1734 2587 martyrio
1774 2532 1879 2570 nun
1926 2521 2100 2584 potest

512 2612 751 2682 inpiati!
787 2611 920 2666 Illud
947 2626 1159 2681 quoque
1185 2612 1492 2667 neceSsario
1523 2616 1707 2665 mouet
1755 2610 2008 2664 Dominus
2042 2617 2101 2664 ut

510 2704 565 2759 in
595 2706 838 2760 oratione
863 2703 1139 2759 dicamus:
1170 2702 1235 2757 Et
1259 2719 1322 2758 ne
1347 2703 1564 2774 patiaris
1584 2718 1676 2757 nos
1708 2704 1883 2757 induci
1914 2703 1965 2756 in
1988 2709 2098 2783 ten-

514 2790 765 2854 iationem
781 2816 800 2867 ;
846 2801 899 2855 in
930 2810 1082 2870 parte
1110 2799 1412 2855 ostenditur
1437 2799 1522 2855 vel
1547 2799 1886 2855 adtersarius
1913 2809 2100 2855 contra

516 2902 616 2949 nos
644 2900 751 2948 non
781 2907 961 2964 posse,
1010 2893 1113 2947 nisi
1146 2892 1283 2948 Deus
1312 2900 1437 2947 ante
1467 2891 1807 2962 permiserit,
1840 2900 1897 2947 ut
1926 2892 2100 2948 omnis

512 2987 671 3043 timor
720 2994 899 3041 noster
946 2987 1254 3041 necessario
1281 2994 1444 3057 atque
1488 2986 1663 3041 omnis
1693 2986 2002 3041 observatio
2032 2984 2100 3041 ad

514 3079 681 3135 Deum
706 3088 1055 3136 convertatur
1081 3079 1132 3133 in
1156 3077 1633 3149 deprecationibus
1656 3079 1857 3134 nostris
1884 3080 2100 3149 quando

510 3175 640 3230 itiltil
674 3174 817 3229 malo
838 3174 1019 3239 liceat,
1052 3174 1152 3228 nisi
1181 3179 1419 3243 potestas
1443 3173 1729 3228 tribuatur.
1762 3173 1964 3228 Probat
1993 3175 2094 3228 hoc

2208 1953 2512 2010 breviavit?
2561 1957 2672 2012 Hoc
2723 1970 2817 2029 per
2863 1959 3050 2013 Isaiam
3082 1959 3397 2031 praphetam
3448 1960 3630 2014 fuerat
3676 1966 3797 2016 ante

2202 2052 2515 2122 prredictum
2549 2067 2669 2107 cum
2715 2054 2903 2122 plenus
2934 2053 3139 2123 Spiritu
3171 2065 3358 2109 sancto
3391 2054 3459 2110 de
3504 2054 3602 2108 Dei
3636 2053 3797 2123 maje-

2200 2155 2337 2200 state
2358 2153 2517 2215 atque
2540 2147 2737 2216 pietate
2778 2147 3127 2216 loqueretur:
3160 2146 3380 2201 Verbum
3411 2162 3795 2213 consummans,

2202 2239 2410 2308 inquit,
2445 2248 2489 2293 et
2540 2237 2767 2293 brevium
2808 2240 2860 2293 in
2897 2240 3180 2311 justitiam,
3210 2240 3486 2293 breviatum
3515 2255 3798 2295 sermonem

2201 2331 2351 2401 faciet
2380 2330 2520 2385 Deus
2543 2334 2595 2385 in
2620 2340 2723 2386 tota
2745 2334 2861 2387 brbe
2883 2340 3157 2386 terrarum.
3176 2331 3308 2387 Nam
3331 2346 3452 2387 cum
3487 2331 3582 2386 Dei
3610 2332 3797 2387 Sermo

2206 2426 2465 2482 Dominus
2487 2427 2642 2483 Jesus
2658 2427 2905 2484 Christus
2921 2428 3128 2483 venerit
3154 2426 3425 2492 omnibus,
3453 2435 3513 2481 et
3538 2424 3797 2497 colligens

2209 2519 2397 2576 doctos
2445 2522 2641 2591 pariter
2683 2530 2736 2577 et
2779 2522 3022 2577 indoctos
3053 2520 3201 2575 omni
3244 2521 3393 2575 sexui
3442 2522 3609 2590 atque
3656 2520 3797 2574 atati

2206 2624 2477 2684 praecepta
2509 2615 2698 2669 salutis
2726 2615 2975 2680 ediderit,
3002 2615 3391 2684 praeceptorum"
3423 2629 3653 2669 suorum
3684 2612 3801 2669 fecit

2207 2706 2408 2777 grande
2437 2706 2837 2777 compendium,
2870 2712 2928 2761 ut
2955 2708 3006 2761 in
3038 2704 3313 2776 disciplina
3343 2707 3556 2762 caelesti
3584 2704 3802 2760 disceu-

2202 2798 2329 2851 tium
2364 2800 2620 2852 memoria‘
2674 2804 2781 2852 non
2836 2796 3134 2860 laboraret,
3167 2797 3259 2854 sed
3289 2797 3435 2868 quod
3480 2802 3637 2853 esset
3678 2798 3803 2851 sim-

2202 2891 2320 2961 plici
2354 2893 2474 2948 fidei
2506 2898 2867 2949 necessarium
2898 2896 3157 2950 velociter
3182 2892 3416 2950 disCeret
3446 2895 3641 2965 sicque
3673 2902 3802 2947 eone

2202 2985 2419 3042 doceret
2448 2987 2574 3056 quid
2598 2988 2665 3041 sit
2698 2988 2803 3042 vita
2827 2994 3054 3056 interna,
3086 2992 3479 3043 sacramentum
3504 2986 3658 3042 enim
3684 2985 3802 3040 vitat

2203 3084 2394 3148 magna
2436 3087 2491 3135 et
2531 3080 2709 3135 divina
2761 3080 3027 3137 brevitate
3056 3082 3367 3150 complexus
3400 3088 3522 3145 est;
3557 3088 3613 3134 et
3658 3077 3800 3151 quod

2203 3172 2366 3228 vitam
2416 3182 2669 3229 teternant
2711 3172 2874 3231 vellet
2924 3179 3150 3232 innuero
3185 3174 3421 3232 O‘Sten‘dil
3467 3175 3801 3233 dicens:Ut

510 3265 687 3322 divina
739 3266 1017 3335 Scriptura
1052 3242 1193 3335 quae
1220 3266 1391 3321 dicit:
1425 3264 1577 3319 Venit
1618 3265 2100 3323 Nabuchodonosor
2125 3242 2173 3315 Ο
2204 3274 2514 3335 cognoseant
2554 3276 2598 3322 te
2640 3267 2806 3323 tolum
2837 3272 3011 3322 verunt
3041 3269 3203 3323 Deum
3243 3278 3291 3323 et
3317 3282 3465 3339 quem
3518 3268 3801 3338 promisisti

511 3368 603 3416 rea:
631 3358 930 3430 Babylonia:
976 3358 1033 3412 in
1072 3356 1403 3413 Hierusalem
1438 3367 1485 3412 et
1524 3358 1851 3429 expugnabat
1885 3374 1997 3411 eam
2050 3368 2096 3413 et

511 3454 727 3507 tradidit
752 3462 866 3506 eam
906 3449 1157 3504 Dominus
1194 3452 1249 3504 in
1291 3451 1527 3505 manibus
1555 3452 1683 3504 suis.
1718 3450 1884 3505 Datur
1913 3457 2090 3506 autem

515 3546 757 3614 putestas
782 3544 1040 3599 adversus
1086 3552 1183 3597 nos
1211 3544 1690 3600 malosecuudum
1735 3551 1953 3612 peccata
1996 3558 2095 3598 no-

513 3642 626 3693 stra
654 3639 793 3694 sicut
842 3638 1100 3707 scriptum
1144 3636 1230 3691 est
1269 3654 1281 3688 :
1322 3635 1449 3702 Qui:
1492 3634 1631 3689 dedit
1672 3636 1728 3688 in
1763 3636 2096 3704 direptionem

510 3731 673 3790 iacob
697 3741 743 3787 et
773 3730 942 3786 Israel
971 3729 1047 3784 his
1068 3730 1154 3801 qui
1178 3729 1532 3801 prtedauerunt
1557 3729 1742 3782 illum?
1768 3744 1933 3783 nonne
1959 3727 2097 3784 Deus

510 3828 632 3898 quia
672 3830 1000 3898 peccaverunt
1041 3831 1087 3879 et
1130 3825 1363 3878 nolebant
1411 3825 1465 3877 in
1515 3824 1608 3878 viis
1649 3826 1760 3895 ejus
1798 3824 2092 3891 ambulare,

509 3922 689 3979 audire
715 3923 874 3992 legem
899 3923 1032 3991 ejus,
1065 3928 1111 3974 et
1133 3916 1493 3991 clipei-induxit
1525 3934 1674 3990 super
1705 3928 1790 3974 eos
1822 3920 1952 3973 iram
1981 3922 2096 3973 ani-

515 4015 884 4070 tnodversionis
911 4028 1019 4067 sum
1040 4013 1079 4089 ir
1104 4013 1171 4067 Et
1211 4014 1405 4067 iterum
1444 4010 1731 4069 Salomone
1764 4021 2012 4082 peccante
2042 4020 2097 4067 et

416 4144 419 4147 -
514 4116 545 4167 it
575 4112 857 4181 praeceptis
888 4114 1061 4177 atque
1087 4122 1117 4161 a
1144 4107 1246 4162 viis
1282 4107 1495 4162 Domini
1534 4108 1818 4163 recedente
1867 4108 2096 4177 positum

509 4212 631 4268 est;
658 4209 707 4256 et
737 4200 970 4255 excitavit
1005 4199 1251 4251 Dominus
1285 4198 1446 4252 Satan‘
1476 4199 1576 4268 ipsi
1607 4197 1897 4254 Salomoni.
1943 4198 2096 4254 Pote-

514 4303 626 4351 stas
652 4300 781 4349 vero
808 4294 1068 4348 adversus
1099 4300 1198 4346 nos
1239 4291 1523 4361 dupliciter
1550 4294 1725 4360 datur,
1754 4292 1841 4348 vel
1880 4293 1948 4348 ad
1980 4306 2096 4364 pte-

521 4400 644 4441 nam
674 4401 793 4440 cum
834 4384 1195 4454 delinquimus
1217 4425 1230 4447 ,
1263 4384 1345 4438 vel
1389 4384 1456 4438 ad
1482 4384 1707 4455 gloriam
1749 4399 1871 4441 cum
1896 4386 2097 4455 proba-

515 4488 670 4544 mur;
719 4475 873 4532 sicuti
920 4477 987 4532 de
1030 4476 1132 4531 Job
1182 4476 1378 4530 factum
1408 4477 1673 4543 videmus,
1722 4480 2096 4536 manifestante

2201 3358 2485 3413 Christum.
2518 3361 2649 3415 Item
2682 3374 2803 3417 cum
2850 3361 2917 3416 de
2961 3363 3075 3432 lege
3117 3366 3168 3417 et
3218 3360 3493 3431 prophetis
3532 3370 3800 3430 praecepta

2200 3453 2369 3522 prima
2398 3454 2681 3532 etmajora
2712 3455 3022 3525 decerperet
3051 3473 3063 3507 :
3100 3454 3267 3521 Audi,
3325 3453 3536 3525 inquit,
3589 3452 3762 3510 Israel
3783 3496 3798 3521 ,

2202 3548 2455 3602 Dominus
2486 3547 2629 3603 Deus
2671 3560 2786 3603 tuus
2828 3547 2965 3603 Deus
2999 3562 3133 3602 unus
3163 3550 3237 3603 est
3259 3564 3279 3603 :
3306 3549 3487 3619 diliges
3521 3548 3799 3602 Dominum

2202 3642 2367 3698 Deum
2396 3652 2539 3699 tuum
2569 3646 2635 3701 de
2664 3657 2769 3700 toto
2795 3647 2949 3701 corde
2973 3656 3085 3712 tuo,
3107 3656 3154 3702 et
3175 3649 3239 3701 de
3270 3656 3376 3701 tata
3402 3649 3585 3702 anima
3611 3654 3729 3713 tua,
3756 3657 3799 3702 et

2206 3736 2270 3790 de
2316 3746 2419 3791 tota
2466 3739 2653 3792 virtute
2683 3744 2771 3792 tua
2796 3757 2813 3792 :
2837 3739 2931 3792 hoc
2961 3741 3205 3809 primum,
3238 3738 3285 3795 ei
3322 3740 3609 3794 secundum
3638 3742 3799 3796 simile

2200 3839 2273 3884 est
2297 3828 2418 3884 huic
2443 3847 2461 3885 :
2490 3829 2688 3902 Diliges
2716 3832 3006 3900 proximum
3040 3842 3183 3886 tuum
3212 3832 3342 3887 sicut
3371 3843 3419 3888 te
3440 3850 3459 3889 :
3482 3834 3535 3887 in
3562 3832 3645 3889 his
3672 3835 3799 3889 dato-

2198 3921 2289 3975 bus
2311 3924 2576 3991 praeceptis
2600 3930 2706 3977 tuta
2736 3925 2819 3978 lea:
2845 3923 3027 3995 pendet
3058 3934 3105 3980 et
3133 3926 3415 3995 prophetae.
3449 3925 3517 3981 Et
3564 3924 3797 3992 iterum,

2202 4014 2542 4084 Quaecumque
2568 4016 2827 4069 volueritis
2874 4022 2927 4070 ut
2972 4018 3163 4088 faciant
3194 4017 3329 4071 vobis
3370 4016 3603 4073 homines
3632 4020 3799 4083 bona,

2206 4108 2279 4161 ita
2311 4117 2357 4163 et
2384 4124 2471 4163 vos
2516 4111 2667 4178 facile
2708 4110 2811 4164 illis
2835 4112 2853 4165 ὲ
2876 4112 2982 4165 haec
3009 4112 3141 4164 enim
3176 4109 3261 4166 lea:
3285 4121 3331 4165 et
3360 4111 3649 4183 prophetae.
3698 4112 3799 4169 Nec

2203 4203 2383 4259 verbis
2416 4208 2619 4259 tantum
2646 4205 2739 4259 sed
2770 4203 2924 4259 factis
2959 4196 3213 4259 Dominus
3240 4219 3392 4259 orare
3444 4218 3543 4259 nos
3576 4204 3798 4273 docuit,

2196 4294 2316 4364 ipse
2345 4302 2506 4348 orans
2546 4294 2855 4364 frequenter
2884 4305 2937 4350 et
2980 4294 3281 4365 deprecans
3310 4302 3365 4349 et
3406 4295 3533 4364 quid
3576 4312 3675 4352 nos
3725 4296 3798 4351 fa-

2198 4397 2322 4442 cere
2373 4392 2647 4455 oporteret
2695 4386 2925 4456 esetnpli
2983 4386 3066 4442 sui
3133 4386 3525 4442 contestatione
3572 4388 3798 4445 demon-

2201 4487 2403 4549 strans,
2435 4481 2571 4535 sicut
2620 4479 2873 4550 scriptum
2905 4488 2987 4536 est
3019 4478 3179 4552 :Ipse
3220 4489 3389 4535 autem
3425 4476 3527 4552 fuit
3561 4486 3797 4537 recedens

510 4569 738 4627 Domino
768 4583 830 4624 ac
860 4569 1068 4624 dicente
1096 4586 1108 4621 :
1135 4567 1266 4622 Ecce
1297 4573 1468 4623 omnia
1497 4580 1827 4643 quatcttmqite
1862 4570 2013 4627 habet
2043 4576 2097 4627 in
2120 4634 2162 4643 Α
2198 4571 2253 4624 in
2282 4571 2582 4626 solitudines
2610 4582 2655 4626 et
2681 4574 2935 4637 adorans;
2965 4580 3020 4627 et
3043 4574 3231 4627 iterum
3262 4590 3272 4625 :
3297 4570 3470 4627 Exivit'
3493 4576 3547 4628 in
3581 4578 3797 4631 montem

508 4672 692 4719 manus
733 4672 847 4717 tuas
878 4662 965 4728 do,
999 4660 1090 4715 sed
1131 4662 1299 4732 ipsum
1330 4662 1442 4716 vide
1472 4678 1535 4716 ne
1573 4634 1773 4735 (angui.
1811 4665 1878 4721 Et
1915 4667 2089 4721 Domi-
2120 4634 2178 4702 θ
2202 4680 2373 4729 orare,
2406 4674 2460 4719 et
2491 4664 2587 4719 luit
2618 4673 2923 4733 pertractans
2952 4665 3004 4717 in
3031 4666 3261 4719 oratione
3290 4663 3405 4721 Dei.
3438 4666 3598 4733 Quod
3630 4669 3675 4721 si
3709 4668 3797 4721 ille

515 4773 616 4816 nus
664 4760 715 4813 in
761 4758 1048 4827 Evangelii)
1090 4756 1320 4826 loquitur
1352 4765 1593 4827 tempore
1626 4760 1925 4827 passionis:
1957 4759 2098 4815 Nul-

509 4856 612 4909 lam
639 4853 845 4909 haberes
872 4860 1171 4922 potestatem
1208 4852 1454 4907 adversus
1484 4870 1590 4921 me,
1618 4856 1716 4908 nisi
1750 4857 1928 4911 datum
1966 4867 2096 4912 esset

511 4950 600 5003 tibi
629 4950 866 5016 desuper.
900 4945 1126 5012 Quando
1157 4955 1331 4998 autem
1364 4961 1611 5015 rogamus
1656 4964 1722 5002 ne
1760 4950 1809 5002 in
1845 4950 2095 5004 tentatio—

508 5060 631 5101 nem
664 5042 982 5108 incidamus,
1022 5040 1376 5093 admonemur
1406 5038 1730 5095 infirmitatis
1759 5050 1813 5097 et
1856 5042 2096 5098 imbecil-

511 5135 678 5193 litatis
704 5143 921 5198 nostra},
954 5132 1079 5185 dum
1124 5132 1202 5183 sic
1241 5144 1491 5198 rogamus
1524 5146 1591 5186 ne
1635 5137 1754 5203 quis
1794 5137 2091 5193 insolenter

510 5227 731 5284 extollat
755 5241 833 5290 se,
867 5239 934 5278 ne
964 5222 1080 5293 quis
1108 5223 1337 5291 superbe
1361 5232 1519 5292 atque
1546 5236 1866 5296 arroganter
1894 5229 2093 5299 aliquid

508 5329 766 5386 assumat,
799 5333 866 5375 ne
893 5317 1013 5388 quis
1039 5323 1132 5371 aut
1159 5314 1513 5371 confessionis
1540 5325 1631 5372 aut
1674 5320 1937 5386 passionis
1978 5322 2096 5391 glo-

509 5416 643 5473 riam
673 5428 822 5467 suam
872 5412 1049 5477 dicat,
1093 5416 1214 5463 cum
1263 5407 1524 5464 Dominus
1573 5409 1691 5479 ipse
1736 5411 2089 5469 humilitatem

508 5514 709 5572 docens
738 5508 927 5562 dixerit
960 5523 973 5558 :
1007 5504 1230 5574 Vigilate
1266 5515 1312 5557 et
1342 5513 1504 5571 orate,
1553 5520 1617 5558 ne
1645 5507 1855 5560 veniatis
1881 5508 1937 5561 in
1976 5518 2088 5562 tene

507 5605 785 5667 tationem;
808 5601 1013 5666 spiritus
1030 5597 1232 5665 quidem
1258 5606 1524 5668 promptas
1552 5605 1645 5664 est,
1670 5614 1791 5653 caro
1817 5606 1989 5654 autem
2014 5602 2096 5656 in-

511 5699 681 5771 firma.
708 5694 777 5752 Ut
807 5692 929 5747 dum
955 5689 1205 5760 praecedit
1224 5689 1440 5746 humilis
1460 5698 1514 5747 et
1536 5691 1802 5748 submissa
1827 5693 2096 5778 confessio

509 5799 567 5848 et
594 5791 751 5846 datur
778 5796 946 5842 totum
978 5783 1085 5838 Deo
1110 5782 1366 5853 quidquid
1401 5782 1713 5854 suppliciter
1732 5801 1857 5840 cum
1898 5785 2091 5843 timore

511 5891 569 5941 et
594 5882 798 5938 honore
829 5879 921 5936 Dei
954 5878 1169 5948 petitur,
1203 5878 1368 5947 ipsius
1398 5881 1596 5948 pietate
1626 5890 1931 5949 prmstetur.
1963 5881 2090 5937 Post

2202 4756 2387 4811 orabat
2410 4757 2498 4824 qtti
2524 4758 2641 4810 sine
2669 4764 2888 4825 peucato
2910 4765 3047 4821 erat,
3066 4765 3263 4826 quanto
3295 4758 3461 4826 inagis
3490 4762 3797 4825 peccatores

2201 4859 2415 4920 oportet
2437 4850 2616 4905 orare?
2643 4852 2705 4901 tit
2731 4851 2773 4902 si
2805 4848 2895 4902 ille
2918 4863 3011 4918 per
3035 4857 3195 4902 totam
3219 4859 3429 4903 noctem
3456 4850 3663 4919 iugiter
3678 4847 3795 4919 Vigi-

2201 4952 2319 5006 Ians
2348 4952 2615 5005 continuis
2637 4950 2883 5021 precibus
2898 4946 3105 5015 orabat,
3130 4958 3328 5021 quanto
3354 4952 3525 5019 magis
3548 4942 3794 5022 frequen-

2204 5045 2361 5097 tanda
2392 5043 2635 5098 oratione
2655 5043 2911 5098 debemus
2932 5052 3090 5097 nocte
3122 5042 3371 5113 vigilare?
3393 5043 3599 5098 Orabat
3618 5055 3788 5100 autem

2200 5136 2458 5191 Dominus
2486 5143 2543 5192 et
2564 5136 2781 5206 rogabat
2810 5152 2913 5190 non
2950 5152 3043 5203 pro
3073 5152 3163 5202 se;
3197 5136 3321 5205 quid
3349 5137 3493 5192 enim
3518 5155 3619 5205 pro
3648 5144 3703 5192 se
3723 5138 3786 5193 iu-

2197 5244 2399 5287 nocens
2432 5232 2778 5297 precaretur?
2820 5230 2922 5286 Sed
2951 5242 3043 5300 pro
3074 5230 3282 5287 delictis
3310 5236 3531 5299 nostris,
3569 5235 3705 5290 sicut
3730 5234 3780 5289 et

2200 5325 2315 5394 ipse
2335 5325 2569 5380 declarat
2598 5338 2719 5379 cum
2749 5320 2878 5379 dicit
2907 5324 2973 5378 ad
3006 5324 3218 5378 Petrum
3249 5340 3263 5378 :
3296 5323 3430 5378 Ecce
3457 5320 3688 5379 Satanas
3711 5342 3791 5380 ea-

2197 5418 2370 5487 petivit
2404 5432 2490 5470 vos
2512 5422 2565 5468 ut
2596 5415 2839 5469 cribraret
2857 5416 2987 5469 sicut
3019 5416 3275 5479 triticum;
3304 5418 3395 5485 ego
3423 5422 3601 5471 autem
3626 5417 3792 5488 iugari

2202 5518 2297 5579 pro
2326 5512 2375 5564 te‘
2399 5525 2458 5561 ne
2482 5507 2685 5576 deﬁciat
2708 5506 2834 5576 ﬁdes
2851 5515 2957 5561 tua.
2978 5507 3158 5575 Eter
3180 5508 3427 5562 omnibus
3452 5510 3789 5579 postmodum

2203 5603 2520 5674 deprecatur
2541 5602 2724 5657 dicens
2753 5619 2766 5655 :
2794 5601 2916 5657 Non
2944 5620 3032 5665 pro
3051 5598 3130 5656 his
3156 5614 3328 5656 autem
3343 5619 3468 5674 rogo
3493 5602 3688 5671 solum,
3714 5605 3793 5658 sed

2186 5716 2298 5773 ,pro
2318 5698 2421 5753 illis
2449 5699 2537 5769 qui
2555 5697 2803 5751 credituri
2823 5710 2943 5751 sunt
2964 5714 3053 5769 per
3071 5698 3273 5752 verbum
3295 5690 3507 5756 illorum
3530 5703 3585 5755 in
3610 5720 3686 5757 me
3700 5717 3719 5767 ;
3742 5709 3789 5754 nt

2208 5807 2382 5846 omnes
2408 5804 2562 5844 unum
2594 5790 2694 5843 sint
2724 5790 2853 5843 sicut
2879 5798 2931 5842 tu
2961 5786 3115 5842 Pater
3148 5789 3198 5843 in
3229 5791 3307 5843 ine
3344 5800 3390 5844 et
3420 5809 3511 5862 ego
3542 5794 3599 5847 in
3630 5790 3713 5856 te’,‘
3734 5802 3782 5845 ut

2207 5894 2252 5939 et
2282 5885 2380 5955 ipsi
2415 5885 2469 5937 in
2500 5882 2643 5938 nobis
2672 5882 2792 5936 sint.
2827 5881 3011 5952 Magna
3044 5884 3189 5938 certe
3216 5878 3339 5937 ante
3372 5878 3538 5939 Deum
3575 5886 3785 5953 propter
