4012 6338
204 419 348 477 112⁸

1162 464 1165 469 ·
1204 430 1265 489 6.
1306 422 1681 488 AUGUSTI!“
1716 420 1925 480 ωειι
1960 424 2049 481 DE
2087 423 2451 485 ORATIONE.

3332 426 3468 484 1120

203 535 437 593 salutem
470 537 707 595 nostram
734 532 932 599 Christi
965 540 1263 616 benignitas
1290 547 1496 616 pariter
1520 555 1575 602 et
1602 544 1795 616 pietas.
1827 538 1883 600 Α
1904 548 2041 595 rant:
2075 539 2228 595 testis
2253 540 2353 595 fuit
2381 539 2565 596 dicens
2594 555 2608 593 :
2641 538 2811 609 Opera
2839 536 2937 592 Dei
2974 537 3196 593 revelare
3230 546 3277 593 et
3317 542 3480 611 conﬁ-

202 636 266 683 ιιι
295 643 403 684 non
430 639 715 688 contentus
742 635 886 703 quod
920 652 1016 691 nos
1046 638 1302 707 sanguine
1347 652 1447 694 suo
1476 637 1786 703 redimeret,

200 719 383 778 adhuc
410 734 508 793 pro
538 726 692 780 nobis
720 730 948 798 amplius
977 739 1031 787 et
1062 738 1295 802 rogaret.
1330 730 1585 801 Rogantis
1612 739 1790 786 autem

200 808 534 870 desiderium
560 815 682 872 vide
708 819 851 887 dnod
880 820 1061 884 fuerit,
1096 832 1151 876 ut
1174 822 1447 892 quomodo
1480 836 1642 876 unum
1668 828 1795 876 sunt

203 903 369 962 Pater
397 918 451 963 et
482 908 670 971 Filius,
705 915 759 965 tn
791 926 893 967 una
923 917 1128 969 unitate
1154 915 1233 969 sie
1261 922 1316 970 et
1337 928 1433 969 nos
1460 928 1791 978 maneamus;

206 1008 268 1055 ut
310 1000 437 1056 hinc
470 1014 684 1072 quoque
733 1006 897 1074 possit
948 1007 1171 1077 intelligi
1214 1012 1471 1077 quantum
1519 1006 1796 1074 delinquat

206 1093 303 1163 qal
333 1092 592 1150 unitatem
644 1096 838 1152 scindit
884 1107 939 1154 et
976 1110 1183 1168 pacem,
1212 1115 1335 1156 cum
1363 1114 1462 1172 pro
1492 1099 1595 1155 hoc
1633 1109 1792 1168 rogas

204 1185 345 1240 verit
379 1186 654 1256 Dominus,
683 1188 869 1245 nolens
897 1192 1100 1247 scilicet
1133 1193 1339 1263 plebem
1371 1200 1521 1249 suam
1553 1193 1620 1247 de
1644 1191 1793 1247 schi-

204 1278 445 1332 smaticis
468 1279 669 1347 vivere,
694 1293 813 1335 cum
838 1284 1001 1339 sciret
1021 1284 1086 1338 ad
1113 1296 1337 1355 regnum
1360 1285 1453 1339 Dei
1471 1283 1795 1338 discordiam

205 1382 317 1423 non
345 1371 554 1427 venire.
605 1372 827 1440 Quando
868 1386 1047 1430 autem
1086 1385 1292 1431 stamus
1341 1377 1406 1431 ad
1451 1376 1747 1430 orationem
1776 1414 1790 1438 ,

206 1458 404 1516 fratres
432 1463 803 1533 dilectissimi,
837 1466 1059 1536 vigilare
1088 1476 1140 1523 et
1182 1452 1491 1523 incumbere
1519 1466 1585 1521 ad
1610 1474 1796 1531 preces

207 1554 499 1623 debemus;
523 1558 775 1628 cogitatio
798 1561 972 1615 omnis
994 1562 1223 1616 carnalis
1241 1572 1296 1619 et
1316 1562 1588 1618 saecularis
1608 1560 1796 1616 absce-

208 1644 323 1711 dat,
356 1658 455 1703 nee
483 1646 772 1721 quidquam
822 1655 1033 1709 animus
1072 1664 1228 1725 quam
1277 1655 1329 1710 id
1383 1654 1555 1711 solum
1599 1654 1798 1724 cogitet

214 1740 358 1808 quod
408 1753 683 1811 precatur.
738 1746 862 1801 Ideo
915 1756 968 1803 et
1021 1750 1273 1806 sacculus
1320 1760 1444 1807 ante
1498 1752 1795 1807 orationem

208 1832 524 1902 pra-latione
553 1839 828 1904 praemissa
854 1848 1006 1909 parat
1037 1840 1259 1897 fratrum
1290 1852 1497 1899 mentes
1530 1843 1793 1899 dicendo:

1895 636 1989 689 teri
2016 633 2364 702 honoriﬁcum
2383 641 2476 698 est,
2504 648 2625 687 nam
2649 647 2765 686 cum
2784 630 2964 685 arabas
2986 639 3031 685 et
3062 647 3177 685 sero
3206 648 3297 701 ego
3318 633 3482 688 obtuli

1896 726 2195 779 memoriam
2215 724 2464 778 orationis
2483 732 2681 787 restria,
2704 724 2759 777 in
2781 733 3051 792 conspectu
3080 722 3331 778 claritatis
3362 722 3480 790 Dei,

1896 827 1941 870 et
1970 832 2085 870 cum
2127 817 2370 888 sepeliret
2413 826 2468 870 tu
2508 830 2737 871 mortuos
2768 817 3023 883 similiter,
3055 827 3103 871 et
3130 819 3253 887 quia
3296 833 3399 872 non
3431 830 3483 873 es

1896 912 2176 963 concitatus
2205 924 2474 979 exsurgere
2501 921 2549 963 et
2579 912 2926 980 derelinquere
2952 911 3231 982 prandium
3260 919 3404 965 tttttm
3434 922 3482 967 et

1896 1002 2046 1055 abisti
2073 1012 2120 1056 et
2140 1002 2417 1056 condidisti
2441 1012 2719 1071 mortuum;
2754 1004 2935 1057 missus
2968 1018 3082 1057 sum
3103 1013 3295 1059 tentare
3324 1016 3401 1074 te,
3433 1015 3479 1061 et

1896 1093 2080 1146 iterum
2104 1093 2243 1147 misit
2270 1108 2350 1147 me
2383 1092 2523 1146 Deus
2549 1108 2731 1148 curare
2754 1102 2801 1147 te
2827 1105 2873 1147 et
2900 1095 3089 1150 Soram
3114 1110 3301 1151 nurum
3319 1106 3479 1153 tuam.

1898 1183 2012 1254 Ego
2041 1200 2153 1239 sum
2184 1185 2413 1254 Raphael
2442 1198 2571 1239 unus
2599 1200 2663 1239 ea:
2686 1193 2874 1256 septem
2894 1188 3090 1258 angelis
3109 1189 3267 1260 justis
3290 1190 3376 1259 qui
3402 1206 3485 1245 as-

1898 1278 2125 1331 sistimus
2152 1289 2270 1331 ante
2290 1276 2453 1331 Deum
2474 1284 2520 1331 et
2542 1289 2901 1331 conuersamur
2921 1287 3040 1332 ante
3055 1278 3338 1334 claritatem
3364 1278 3481 1335 Dei.

1900 1368 2004 1424 Per
2022 1367 2218 1422 Isaiam
2239 1376 2451 1439 quoque
2476 1368 2730 1423 Dominus
2750 1369 3003 1425 admonet
3032 1378 3086 1425 et
3108 1370 3265 1425 docet
3292 1370 3484 1425 similia

1902 1472 2211 1517 contestans
2239 1479 2252 1515 :
2290 1462 2463 1531 Solve,
2495 1461 2698 1533 inquit,
2734 1476 2935 1517 omnem
2963 1461 3156 1516 nodum
3197 1462 3484 1533 injustitite,

1902 1553 2099 1607 resolve
2144 1552 2504 1621 suﬂ'ocationes
2533 1554 2927 1622 importantium
2952 1553 3354 1615 convicinorum,
3406 1554 3489 1606 di-

1902 1647 2045 1699 mitte
2072 1656 2339 1713 quassatos
2370 1647 2423 1700 in
2452 1648 2701 1716 requiem,
2733 1656 2779 1700 et
2805 1661 2955 1700 omne
2984 1647 3235 1717 injustam
3272 1644 3489 1715 dissipa,

1905 1738 2087 1807 [range
2107 1737 2349 1791 esurienti
2370 1754 2553 1806 panem
2578 1748 2742 1806 tuum,
2766 1753 2945 1810 egenos
2968 1741 3077 1792 sine
3098 1746 3229 1792 tecto
3248 1739 3405 1793 induc
3432 1740 3487 1792 in

1904 1828 2112 1883 domum
2140 1839 2313 1895 tuam;
2333 1830 2375 1883 si
2397 1828 2580 1884 uideris
2605 1831 2818 1894 nudum,
2844 1830 2991 1895 vesti,
3018 1839 3065 1884 et
3088 1820 3386 1884 domesticos
3410 1843 3490 1883 se-

216 1922 439 1979 Surstlm
464 1928 640 1994 corda,
684 1936 743 1985 ut
765 1932 890 1986 dum
919 1935 1208 2003 respondet
1234 1936 1407 2005 plebs,
1451 1935 1713 1991 Ηαοεηηιε
1732 1937 1802 1991 αα
1832 1918 1885 1980 Β
1910 1923 2061 1977 minis
2104 1922 2182 1975 tui
2217 1937 2319 1975 non
2363 1922 2630 1993 despicies.
2664 1921 2805 1976 Tunc
2843 1932 3071 1993 erumpet
3110 1932 3488 1995 temporaneum

210 2012 495 2071 Dominum
523 2048 537 2084 ,
566 2020 918 2078 admoneatur
965 2026 1097 2079 nillil
1147 2032 1207 2082 se
1250 2026 1393 2082 aliud
1422 2042 1582 2098 quam
1632 2029 1799 2084 Deum

212 2104 453 2174 cogitare
482 2109 701 2166 debere.
736 2112 1027 2169 Claudatur
1067 2126 1253 2172 contra
1298 2119 1671 2175 adversarium
1704 2132 1801 2189 pe-

217 2204 342 2251 ctus
372 2205 427 2252 et
452 2200 551 2254 soil
590 2201 697 2256 Deo
728 2204 955 2272 placeat,
989 2220 1088 2262 nec
1114 2209 1179 2263 ad
1211 2220 1270 2265 se
1303 2209 1509 2265 hostem
1539 2211 1632 2265 Dei
1663 2216 1802 2266 tem-

213 2291 351 2355 pore
397 2289 657 2345 orationis
697 2293 850 2349 adire
895 2298 1186 2365 patiantur.
1228 2298 1453 2367 Obrepit
1496 2300 1642 2355 enim
1689 2300 1802 2357 fre-

213 2386 445 2446 quenter
470 2388 525 2435 et
564 2392 813 2452 penetrat
854 2396 909 2440 et
956 2387 1221 2444 subtiliter
1252 2389 1442 2445 fallens
1474 2405 1664 2461 preces
1697 2408 1798 2445 no-

216 2478 359 2525 stras
402 2487 432 2525 a
482 2474 589 2529 Deo
635 2485 844 2543 avocat,
881 2488 937 2533 ut
981 2481 1125 2536 aliud
1169 2484 1462 2539 habeamus
1508 2487 1558 2540 in
1600 2487 1799 2553 corde,

223 2563 370 2619 aliud
402 2567 455 2619 in
488 2583 641 2635 voce,
682 2574 895 2638 quando
946 2574 1242 2631 intentione
1280 2576 1485 2633 sincera
1521 2578 1803 2635 Dominum

222 2654 417 2709 debeat
446 2673 552 2711 non
579 2662 723 2715 vocis
751 2676 936 2730 sonus,
969 2669 1060 2719 sed
1089 2670 1299 2721 animus
1322 2678 1378 2724 et
1408 2686 1597 2725 sensus
1625 2684 1835 2728 orare.‘

221 2743 354 2809 Qua:
383 2756 560 2802 autem
588 2751 814 2818 segnitia
847 2761 931 2806 est
958 2754 1182 2809 alienari
1212 2766 1267 2811 et
1296 2758 1413 2826 capi
1440 2759 1634 2828 ineptis
1663 2763 1809 2831 cogi-

222 2837 513 2894 tationibus
542 2852 597 2896 et
639 2842 874 2911 profanis
899 2885 913 2908 ,
956 2861 1079 2900 cum
1131 2847 1410 2904 Dominum
1460 2851 1805 2920 deprecaris,

223 2931 552 2998 quasi'aiiud
584 2932 655 2987 sit
682 2935 823 3004 quod
858 2934 1026 3006 magis
1055 2938 1252 2993 debeas
1279 2940 1535 3011 cOgitare,
1568 2954 1726 3013 quam
1755 2930 1809 3001 id

223 3023 366 3093 quod
387 3039 509 3079 cum
536 3027 642 3081 Deo
664 3026 927 3098 loqueris!
957 3032 1235 3096 Quomodo
1257 3034 1425 3088 audiri
1450 3036 1483 3088 a’
1505 3037 1613 3092 Deo
1640 3045 1692 3092 te
1709 3052 1807 3107 po-

224 3118 412 3183 stulas,
439 3134 562 3174 cum
592 3129 642 3174 te
665 3122 778 3190 ipse
802 3138 906 3176 non
939 3125 1144 3191 audias,
1175 3135 1230 3181 et
1253 3126 1341 3181 vis
1370 3141 1493 3184 esse
1520 3128 1804 3185 Dominum

225 3221 521 3264 memorem
551 3212 626 3265 tui
649 3226 768 3266 cum
800 3228 975 3283 rogas,
1016 3218 1229 3285 quando
1262 3228 1315 3273 tu
1343 3218 1457 3289 ipse
1486 3220 1563 3276 tui
1604 3237 1812 3277 memor

1906 2016 2079 2070 lumen
2111 2026 2280 2082 tuum,
2304 2024 2351 2069 et
2380 2016 2678 2069 vestimenta
2701 2024 2788 2069 tua
2816 2016 2917 2069 cito
2946 2016 3181 2069 orientur
3208 2023 3258 2069 et
3287 2016 3487 2085 prariltit

1906 2120 2025 2163 ante
2049 2119 2099 2164 te
2115 2110 2321 2180 justitia
2340 2117 2385 2163 et
2411 2108 2621 2162 claritas
2651 2107 2747 2161 Dei
2773 2107 3125 2161 circumdabit.
3152 2106 3298 2159 Tunc
3324 2108 3494 2161 excla-

1908 2201 2094 2265 multis.
2116 2211 2163 2255 et
2192 2200 2443 2254 Dominus
2491 2200 2733 2254 exaudiet
2763 2208 2845 2263 te;
2878 2199 3002 2251 dum
3030 2197 3200 2251 adhuc
3248 2198 3492 2268 loqueris,

1909 2292 2087 2346 dicet:
2115 2289 2248 2345 Ecce
2278 2292 2483 2346 adsum.
2502 2291 2709 2345 Adesse
2737 2304 2798 2344 se
2826 2288 3109 2359 promittit,
3140 2295 3198 2342 et
3223 2288 3410 2343 audire
3432 2302 3497 2344 ac

1908 2393 2197 2453 protegere
2224 2383 2315 2452 qui
2343 2382 2619 2452 injustitite
2646 2382 2817 2436 nodos
2839 2381 2906 2436 de
2931 2380 3095 2435 corde
3120 2379 3413 2449 solventes,
3443 2387 3498 2436 et

1910 2476 2283 2547 eleemosynas
2334 2476 2477 2530 circa
2527 2474 2855 2529 domesticos
2906 2473 2998 2528 Dei
3042 2472 3333 2529 secundum
3382 2473 3499 2543 ejus

1910 2580 2178 2641 praecepta
2209 2571 2486 2637 iacientes,
2514 2569 2641 2624 dum
2662 2569 2878 2624 audiant
2899 2569 3039 2640 quod
3072 2569 3213 2625 Deus
3240 2570 3498 2640 praecepit

1912 2662 2029 2717 ﬁeri
2082 2663 2182 2733 ipsi
2231 2678 2445 2733 quoque
2494 2676 2524 2715 a
2574 2662 2686 2717 Deo
2734 2672 3006 2717 merentur
3050 2660 3243 2717 audiri.
3292 2662 3488 2719 Beatus

1912 2771 2127 2826 quoque
2191 2758 2466 2827 apostolus
2514 2757 2713 2813 Paulus
2760 2757 2813 2811 in
2861 2756 3180 2813 necessitate
3234 2774 3498 2830 pressura:

1912 2849 2125 2918 adjutus
2155 2863 2184 2902 a
2215 2846 2493 2915 fratribus,
2518 2865 2681 2919 Opera
2704 2866 2821 2921 quae
2851 2862 2978 2906 sunt
3006 2853 3267 2908 sacriﬁcia
3295 2870 3307 2907 :
3339 2853 3500 2909 Satu-

1911 2946 2057 2998 rutus
2085 2956 2220 3012 sunt,
2254 2945 2448 3014 inquit,
2481 2946 2732 3015 recipiens
2762 2947 2824 2999 ab
2849 2946 3208 3018 Epaphrodito
3234 2964 3295 3001 ea
3325 2963 3437 3017 quae
3467 2962 3499 3001 a

1914 3040 2054 3092 vobis
2084 3039 2242 3093 missa
2267 3050 2383 3093 sunt
2408 3040 2460 3093 in
2490 3040 2701 3094 odorem
2722 3042 2989 3096 suauitatis
3019 3042 3329 3111 sacriﬁcium
3357 3056 3495 3097 acce-

1886 3148 1889 3159 '
1914 3148 2059 3209 ptum
2087 3145 2134 3191 et
2162 3138 2412 3208 placitum
2441 3136 2571 3193 Deo.
2603 3138 2732 3193 Nam
2764 3154 2884 3194 cum
2914 3140 3032 3209 quis
3060 3142 3346 3195 miseretur
3369 3154 3497 3210 pau-

1917 3232 2082 3301 peris,
2117 3232 2229 3288 Deo
2255 3231 2481 3299 fenerat,
2508 3242 2563 3288 et
2604 3232 2694 3301 qui
2732 3232 2821 3286 dat
2852 3231 3085 3287 minimis
3118 3232 3229 3287 Deo
3256 3231 3419 3287 donat
3446 3240 3501 3287 et

226 3315 333 3356 non
358 3290 467 3396 sis?
489 3297 707 3358 Hoceét
729 3292 795 3359 ab
819 3296 972 3362 hoste
997 3307 1048 3362 in
1068 3298 1235 3365 lotum
1252 3326 1355 3365 non
1378 3327 1591 3385 cavere,
1607 3314 1705 3371 hoc
1731 3325 1813 3373 est
1840 3294 1890 3365 ο
1918 3290 2272 3396 spiritualiter
2299 3327 2405 3380 Deo
2428 3290 2739 3379 suavitatem
2765 3323 2949 3379 odoris
2974 3312 3261 3379 saciiftcat.
3294 3324 3350 3378 ln
3378 3336 3501 3379 ora-

226 3394 440 3463 quando
459 3409 583 3452 oras
605 3395 792 3465 Deum,
818 3399 1153 3469 majestatem
1180 3402 1272 3459 Del
1294 3404 1617 3477 negligentia
1644 3406 1814 3463 oden-

227 3483 378 3553 tlere,
413 3488 513 3545 boc
540 3499 624 3545 cst
652 3491 869 3562 vigilare
896 3496 1067 3551 oculis
1096 3504 1151 3552 et
1179 3499 1415 3554 dormire
1446 3501 1611 3557 corde
1635 3543 1651 3569 ,
1686 3514 1812 3558 cum

231 3579 427 3635 debeat
450 3583 808 3655 Christianus,
828 3596 1017 3643 etcum
1044 3590 1241 3647 dormit
1261 3592 1455 3661 oculis,
1486 3597 1651 3651 corde
1681 3597 1815 3667 vigi-

234 3674 373 3742 lare,
403 3676 540 3731 sicut
566 3677 766 3733 dictum
796 3690 877 3734 est
907 3696 973 3737 ex
1005 3696 1233 3751 persona
1264 3686 1533 3756 loquentis
1562 3690 1815 3745 Ecclesia

232 3768 289 3823 in
316 3767 536 3825 Cantico
564 3772 897 3828 canticorum
922 3792 933 3827 :
961 3774 1071 3846 Ego
1114 3778 1314 3832 dormio
1340 3787 1388 3832 et
1419 3794 1506 3834 cor
1544 3794 1711 3835 meum
1738 3783 1816 3836 vi-

232 3860 379 3932 gilat,
410 3875 734 3936 quapropter
764 3868 993 3923 Sollicite
1030 3880 1085 3925 et
1121 3878 1278 3926 caute
1307 3872 1560 3929 admonet
1588 3874 1819 3943 Aposto-

232 3956 317 4013 lus
348 3957 531 4013 dice‘ns
556 3977 569 4012 :
596 3958 793 4014 lnstate
840 3964 1059 4017 orationi
1101 3964 1367 4037 vigilantes
1404 3968 1458 4022 in
1490 3984 1585 4037 ea;
1616 3970 1820 4027 docens

226 4052 442 4109 scilicet
469 4064 523 4110 et
552 4056 843 4110 ostendens
870 4068 964 4113 eos
996 4059 1285 4128 impetrare
1312 4063 1452 4131 quod
1484 4065 1758 4133 postulant
1785 4077 1818 4121 a

236 4145 352 4201 Deo
384 4156 539 4216 posse
578 4162 713 4216 quos
764 4149 902 4204 Deus
944 4150 997 4204 in
1045 4153 1286 4209 oratione
1322 4155 1500 4212 videat
1544 4160 1811 4229 vigilare;

233 4249 455 4294 orantes
483 4246 662 4295 autem
695 4253 798 4295 non
831 4241 1208 4315 infructudsis,
1250 4256 1353 4302 non
1387 4250 1542 4305 nudis
1568 4249 1819 4321 precibus

234 4332 303 4387 ad
334 4330 499 4387 Deum
521 4333 765 4399 veniant;
795 4334 1038 4389 inellicax
1069 4338 1209 4393 enim
1236 4342 1421 4408 petitio
1449 4350 1532 4397 est
1552 4354 1671 4399 cum
1701 4358 1823 4413 pre-

237 4438 389 4485 catur
410 4428 573 4484 Deum
597 4430 796 4485 sterilis
814 4432 1005 4486 Oratio.
1023 4432 1151 4487 Nam
1183 4446 1303 4489 cum
1325 4438 1685 4505 omnisarbor
1710 4448 1815 4495 non

244 4520 447 4576 faciens
476 4520 708 4577 fructum
740 4521 1018 4579 excidatur
1043 4534 1096 4581 et
1124 4526 1178 4581 in
1212 4528 1388 4597 ignem
1421 4531 1683 4601 mittatur,
1712 4533 1824 4588 uti-

241 4627 346 4684 quc
374 4626 554 4669 sermo
579 4629 685 4670 non
712 4615 914 4672 habens
936 4617 1164 4673 fructum
1190 4624 1483 4689 promereri
1518 4625 1683 4680 Deum
1713 4640 1818 4682 non

1920 3419 2152 3476 tionibus
2180 3419 2514 3475 celebrandis
2544 3417 2846 3473 invenimus
2874 3428 2983 3473 tres
3008 3432 3205 3487 pueros
3235 3432 3355 3471 cum
3387 3416 3495 3471 Da-

1927 3510 2070 3566 niele
2095 3511 2151 3567 in
2199 3513 2304 3567 fide
2348 3512 2516 3567 fortes
2565 3522 2617 3567 et
2661 3512 2715 3566 in
2746 3512 3055 3581 captivitate
3092 3513 3345 3578 victores,
3372 3511 3503 3566 hora

1919 3604 2111 3672 tertia,
2140 3614 2293 3659 sexta
2318 3644 2333 3668 ,
2370 3618 2556 3666 nona,
2605 3611 2945 3658 sacramento
2991 3603 3205 3659 scilicet
3252 3603 3503 3658 trinitatis

1920 3713 2041 3768 quae
2071 3699 2123 3753 in
2176 3696 2483 3753 novissimis
2524 3698 2861 3768 temporibus
2890 3698 3224 3753 manifestari
3246 3697 3503 3755 debebat.

1919 3788 2050 3845 Nam
2079 3798 2135 3845 et
2162 3792 2329 3860 prima
2359 3790 2490 3845 hora
2515 3791 2567 3845 in
2592 3793 2801 3845 tertiam
2824 3791 3046 3846 veniens
3072 3799 3500 3845 consummatum

1921 3882 2203 3951 promissae
2232 3881 2357 3936 olim
2385 3896 2667 3937 numerum
2702 3882 2951 3937 trinitatis
2978 3884 3247 3947 ostendit;
3277 3882 3504 3937 iterum-

1919 3987 2026 4043 que
2062 3975 2129 4028 ad
2167 3984 2373 4030 sextam
2424 3989 2518 4045 per
2546 3983 2791 4047 quartam
2822 3976 3117 4046 procedens
3147 3975 3387 4031 declarat
3418 3976 3503 4030 al-

1924 4074 2094 4120 teram
2124 4065 2436 4123 trinitatem.
2476 4070 2546 4122 lst
2582 4068 2795 4138 quando
2842 4084 2873 4123 a
2915 4069 3141 4138 septima
3190 4083 3329 4124 nona
3358 4083 3507 4124 com-

1928 4160 2107 4229 pietur
2131 4174 2227 4228 per
2256 4169 2438 4216 ternas
2467 4160 2649 4228 horas,
2679 4162 2889 4216 trinitas
2912 4162 3145 4231 perlecta
3173 4171 3506 4218 numeratur.

1925 4254 2056 4323 Quae
2084 4256 2338 4311 horarum
2371 4255 2543 4326 spatia
2584 4256 2692 4326 jam
2734 4254 3272 4325 prtedeterminautcs
3312 4257 3508 4311 adora-

1926 4356 2073 4404 tores
2102 4349 2196 4404 Dei
2225 4350 2441 4404 statutis
2469 4358 2524 4403 et
2573 4347 2828 4419 legitimis
2856 4344 2941 4402 ad'
2962 4362 3147 4417 preces
3180 4348 3511 4417 ternporibus

1925 4441 2255 4508 serviebant,
2285 4450 2338 4497 et
2384 4440 2667 4496 manifesta
2712 4440 3050 4510 postmodum
3084 4455 3170 4495 res
3214 4448 3298 4494 est
3338 4454 3511 4495 sacra-

1930 4541 2112 4589 menta
2140 4534 2270 4589 olim
2302 4534 2488 4598 fuisse,
2518 4532 2661 4604 quod
2689 4543 2813 4588 ante
2854 4534 2933 4589 sic
2971 4532 3102 4602 justi
3133 4533 3513 4601 precabantur.

1931 4627 2065 4682 lNam
2096 4642 2259 4697 super
2286 4626 2582 4696 discipulos
2626 4626 2761 4680 hora
2791 4626 2946 4681 tertia
2972 4625 3252 4681 descendit
3280 4626 3514 4694 Spiritus

242 4718 459 4781 potest,
508 4712 595 4781 qui
628 4713 773 4767 nulla
820 4714 1131 4783 operatione
1170 4715 1432 4771 fecundus
1461 4729 1563 4773 est.
1602 4720 1665 4774 Et
1696 4721 1818 4777 ideo
1854 4691 1911 4755 υ
1936 4691 2179 4785 sanctus,
2197 4721 2288 4789 qui
2302 4691 2527 4789 gratiam
2550 4720 2834 4774 dominicae
2853 4718 3227 4787 promissionis
3250 4691 3508 4787 implevit.

244 4804 418 4860 divina
450 4807 720 4876 Scriptura
751 4806 964 4863 instruit
994 4810 1176 4865 dicens
1206 4828 1217 4864 :
1244 4810 1389 4866 Bona
1419 4822 1494 4866 est
1518 4816 1682 4869 oratio
1703 4833 1820 4871 cum

244 4899 441 4973 jejunio
486 4907 534 4954 et
574 4901 925 4975 eleemosyna,
965 4916 1087 4957 nam
1131 4903 1220 4974 qui
1268 4904 1321 4959 in
1347 4905 1530 4974 judicii
1561 4908 1647 4964 die
1680 4916 1821 4979 prte-

245 4991 412 5069 mium
463 5004 562 5063 pro
607 4994 860 5064 operibus
891 5003 945 5051 et
982 4996 1338 5069 eleemOSynis
1383 4999 1689 5057 redditurus
1720 5011 1826 5074 est,

248 5083 411 5142 hodie
435 5100 647 5157 quoque
676 5088 740 5141 ad
774 5089 1069 5144 orationem
1100 5100 1221 5145 cum
1253 5094 1566 5161 operatione
1592 5096 1827 5152 venienti

248 5180 516 5250 benignus
538 5183 749 5237 auditor
776 5193 878 5239 est.
909 5182 1001 5239 Sic
1027 5183 1256 5255 denique
1288 5186 1563 5244 Cornelius
1584 5189 1828 5246 centurio

248 5290 372 5332 cum
400 5284 580 5331 oraret
602 5278 797 5332 meruit
819 5277 1091 5342 exaudiri;
1120 5279 1218 5334 l'uit
1242 5283 1384 5337 enim
1412 5284 1603 5339 multas
1626 5285 1829 5343 iaciens

250 5368 625 5442 eleemosynas
655 5370 711 5426 in
757 5369 915 5442 plebe
965 5381 1017 5427 et
1048 5386 1258 5444 semper
1287 5388 1444 5431 orans
1475 5378 1661 5435 Deum.
1696 5379 1831 5438 Huic

250 5462 394 5517 circa
441 5460 626 5518 borani
671 5472 868 5519 nonam
901 5462 1107 5519 adstitit
1137 5466 1305 5521 oranti
1337 5469 1558 5539 angelus
1580 5471 1833 5529 testiino-

252 5555 400 5610 nium
426 5555 657 5612 reddens
682 5557 759 5610 sui
788 5557 966 5626 opel‘is
990 5565 1045 5612 et
1067 5557 1253 5615 dicens
1279 5576 1292 5613 :
1319 5558 1523 5617 Corneli
1539 5606 1553 5629 ,
1579 5562 1835 5623 orationes

254 5658 361 5703 tua
388 5657 431 5702 et
466 5648 795 5720 eleemosyntc
824 5657 924 5706 tua:
948 5653 1287 5708 ascenderunt
1317 5655 1385 5709 ad
1414 5659 1715 5714 memoriam
1748 5672 1836 5715 co-

254 5759 369 5795 ram
402 5741 642 5800 Domino.
676 5746 798 5801 Cito
819 5734 916 5803 eae
947 5747 1221 5805 orationes
1252 5751 1547 5808 ascendunt
1592 5766 1728 5825 quas
1774 5754 1845 5812 ad

258 5836 543 5891 Dominum
577 5839 763 5892 merita
796 5841 965 5895 nostri
989 5841 1168 5912 operis
1195 5841 1503 5913 important.
1536 5845 1627 5902 Sic
1661 5858 1713 5903 et
1736 5847 1843 5905 Ra-

261 5926 424 5991 pbaei
453 5929 668 5996 angelus
707 5926 889 5987 Tobie
920 5946 1133 5999 semper
1171 5936 1343 5989 oranti
1376 5944 1431 5991 et
1463 5952 1678 6008 semper
1708 5953 1837 6009 ope-

1930 4811 2065 4867 ltem
2088 4812 2279 4867 Petrus
2305 4811 2435 4866 hora
2462 4820 2610 4867 sexta
2637 4811 2688 4864 in
2716 4818 2912 4866 tectum
2939 4811 3186 4879 superius
3214 4808 3517 4866 ascendens

1933 4906 2085 4974 signo
2124 4904 2327 4974 pariter
2367 4916 2422 4959 et
2476 4917 2605 4958 voce
2646 4903 2858 4957 Domini
2908 4904 3175 4957 mouentis
3224 4904 3519 4959 instructus

1935 5008 2019 5054 est
2044 5008 2104 5052 ut
2138 5008 2327 5053 omnes
2356 4996 2421 5051 ad
2452 4998 2681 5067 gratiam
2725 4996 2919 5052 salutis
2966 4996 3275 5051 admitteret
3301 5012 3422 5051 cum
3450 4995 3520 5052 de

1937 5090 2289 5147 emendandis
2334 5092 2584 5160 gentibus
2630 5098 2757 5145 ante
2805 5089 3097 5147 dubitaret.
3144 5090 3213 5144 Et
3258 5088 3521 5147 Dominus

1940 5185 2070 5239 hora
2095 5194 2246 5240 sexta
2270 5185 2561 5239 crucifixus
2582 5193 2684 5253 est,
2710 5192 2763 5237 et
2787 5184 2850 5236 ad
2878 5196 3073 5237 nonam
3100 5191 3314 5254 peccata
3340 5191 3523 5241 nostra

1939 5279 2139 5348 abluit;
2171 5289 2225 5336 et
2250 5288 2307 5336 ut
2335 5279 2599 5335 redimere
2620 5287 2674 5334 et
2699 5277 2971 5333 viviﬁcare
3014 5292 3113 5333 nos
3161 5286 3362 5347 posset,
3396 5287 3524 5333 tunc

1941 5377 2221 5433 victoriam
2263 5384 2413 5432 suam
2459 5376 2637 5447 passio
2682 5374 2927 5445 perfecit.
2970 5373 3077 5430 Sed
3127 5374 3301 5439 nobis,
3332 5376 3526 5429 fratres

1944 5470 2251 5538 carissimi,
2324 5472 2522 5540 praeter
2594 5468 2755 5525 horas
2819 5467 3111 5539 antiquitus
3167 5467 3479 5523 observatas
3507 5506 3521 5532 ,

1948 5563 2137 5622 orandi
2164 5574 2306 5619 nunc
2328 5568 2384 5617 et
2406 5564 2581 5633 spatia
2613 5571 2669 5619 et
2702 5569 3039 5618 sacramenta
3069 5568 3372 5629 creverunt,
3407 5572 3529 5619 nam

1948 5671 2004 5719 et
2048 5676 2208 5717 mane
2250 5657 2538 5723 orandum,
2567 5669 2627 5713 ut
2647 5659 2975 5715 resurrectio
3264 5656 3530 5715 matutina

1950 5753 2195 5810 oratione
2216 5751 2554 5816 celebretur,
2580 5750 2721 5820 quod
2752 5750 2879 5805 olim
2908 5750 3138 5820 Spiritus
3174 5752 3396 5804 senem
3436 5746 3531 5801 ως

1951 5843 2194 5918 signabat
2234 5842 2291 5899 ill
2324 5840 2533 5915 psam
2556 5844 2740 5901 dicens
2766 5861 2778 5897 :
2807 5842 2919 5899 Rea:
2950 5848 3095 5899 meus
3115 5850 3167 5898 et
3204 5840 3339 5897 Deus
3368 5852 3529 5907 meus,

1954 5940 2192 6009 quoniam
2224 5936 2292 5991 ad
2322 5936 2368 5993 ie
2413 5938 2641 6008 orabam,
2666 5954 2812 5994 mane
2854 5938 3095 5993 exaudiet
3128 5951 3297 5989 rorem
3326 5949 3490 5989 mcaut
3513 5971 3529 5999 ,
