4012 6338
517 415 652 472 1197

1440 406 1950 468 SUPLEMENTUM
1989 405 2082 461 AD
2119 405 2347 461 OPERA
2388 403 2446 459 S.
2489 401 2877 459 AUGUSTINI.

3651 393 3799 451 1128

517 542 666 582 marte
691 493 936 581 adsistunt
964 524 1056 580 tibi
1085 532 1136 580 et
1173 523 1550 595 contemplabor
1575 533 1642 578 te.
1680 523 1745 578 Et
1768 522 1959 577 iterum
2004 536 2096 590 per
2129 527 2304 588 Aest.
2348 516 2572 586 Quando
2611 516 2753 572 enim
2802 530 2919 571 sine
2967 513 3167 570 lumine
3209 521 3292 570 est
3315 553 3332 581 ,
3368 510 3458 569 cui
3499 511 3690 566 lumen
3744 508 3802 563 in

517 617 831 689 prophetarit
879 615 1111 683 loquitur
1138 615 1395 671 Dominus
1420 631 1434 668 :
1462 614 1706 669 Diluculo
1730 613 2008 686 vigilabant
2028 613 2096 667 ad

516 722 596 761 nte
631 705 858 761 dicentes
882 721 903 762 :
930 705 1124 762 Eamus
1163 716 1211 762 et
1254 715 1564 762 revertamur
1599 706 1667 760 ad
1705 705 1977 760 Dominum
2007 721 2100 759 uo-

515 809 700 851 strum.
732 797 1038 853 Recedente
1066 799 1256 853 iterum
1280 798 1395 854 sole
1419 812 1482 852 ac
1507 797 1593 852 die
1623 807 1868 854 cessante
1907 811 2096 852 neces-

516 887 660 940 sario
688 901 874 943 rursus
906 887 1163 944 orandum
1199 900 1320 955 est;
1353 903 1473 942 nam
1517 888 1660 944 Deus
1702 895 1884 943 noster
1911 888 1991 942 sol
2017 895 2100 942 est

514 989 569 1032 et
600 979 714 1034 dies
738 994 921 1047 verus,
951 989 1004 1034 et
1025 979 1140 1035 sole
1164 993 1228 1034 ac
1255 980 1344 1034 die
1367 979 1549 1034 saeculi
1578 980 1860 1034 recedente
1887 978 2101 1048 quando

519 1084 739 1124 oramus
767 1082 818 1124 et
864 1072 1095 1140 petimus
1125 1080 1181 1124 ut
1229 1086 1394 1140 super
1428 1086 1525 1126 nos
1563 1071 1649 1124 lux
1685 1071 1889 1136 veniat,
1923 1070 2102 1124 denuo

515 1158 610 1211 Clu
626 1161 714 1215 isti
738 1160 1016 1230 precamur
1035 1163 1320 1218 adventum
1343 1162 1478 1218 lucis
1494 1175 1705 1217 aeterna:
1727 1161 1952 1232 gratiam
1967 1177 2104 1232 prte-

518 1250 771 1304 hiturnm.
787 1249 1056 1306 Christum
1071 1259 1248 1307 autem
1267 1252 1407 1308 diem
1428 1252 1628 1308 dictum
1642 1252 1880 1308 declarat
1894 1252 1947 1307 in
1963 1253 2099 1322 psal.

515 1343 746 1413 Spiritus
769 1355 984 1402 sanctus
1010 1345 1195 1402 dicens
1218 1361 1234 1400 :
1260 1347 1303 1399 A
1333 1345 1550 1399 Domino
1571 1347 1761 1416 factum
1785 1354 1862 1399 est
1888 1345 2026 1398 istud
2055 1353 2103 1398 et

515 1442 590 1490 est
623 1437 854 1491 mirabile
901 1439 953 1491 in
984 1440 1142 1492 oculis
1172 1440 1378 1502 nostris,
1409 1449 1462 1492 et
1487 1453 1672 1492 rursus
1702 1454 1714 1490 :
1741 1437 1855 1492 Ista
1885 1446 1958 1491 est
1993 1437 2101 1491 dies

517 1545 667 1599 quam
700 1533 816 1600 fecit
860 1530 1132 1598 Dominus,
1166 1532 1447 1586 exaltemus
1478 1539 1523 1584 et
1545 1530 1895 1601 jucundemur
1928 1532 1994 1588 in.
2019 1546 2099 1582 ea.

521 1622 655 1677 Item
705 1622 845 1689 quod
897 1622 976 1677 Sui
1020 1623 1316 1692 appellatus
1358 1625 1460 1687 sit,
1520 1621 1804 1676 Malacltias
1845 1621 2102 1690 propheta

525 1724 752 1770 testatur
778 1716 964 1770 dicens
992 1733 1003 1766 :
1040 1714 1195 1770 Vobis
1231 1727 1400 1770 autem
1430 1718 1520 1786 qui
1553 1714 1742 1768 timetis
1779 1729 1958 1768 nomen
2000 1712 2103 1766 Do-

521 1808 650 1862 mini
680 1810 870 1862 orietur
895 1809 974 1861 sol
993 1810 1215 1880 justitia:
1240 1825 1286 1864 et
1316 1810 1369 1863 in
1404 1810 1517 1862 aliis
1546 1808 1851 1862 obscuratio.
1878 1805 2030 1871 Quod
2058 1805 2102 1860 si

2201 608 2366 665 corde
2393 607 2511 664 est?
2537 617 2628 663 aut
2654 607 2866 677 quando
2892 606 2969 661 sol
2995 617 3050 661 et
3071 606 3187 662 dies
3225 621 3332 662 non
3375 613 3481 672 est,
3507 602 3604 659 cui
3632 599 3721 656 sol
3750 610 3806 655 et

2203 703 2320 757 dies
2341 699 2586 755 Chrisms
2607 700 2726 756 est?
2753 698 2856 767 Qui
2887 707 3066 754 autem
3109 698 3164 754 in
3193 697 3437 764 Christo,
3474 695 3583 749 hoc
3621 701 3713 749 est
3749 691 3805 747 in

2203 795 2405 852 lumine
2445 810 2662 866 semper
2707 795 2946 862 fuimus,
2993 809 3100 850 nec
3141 792 3388 849 noctibus
3430 789 3500 845 ab
3551 787 3806 843 oratione

2202 902 2498 952 cessemus,
2522 889 2660 944 sicut
2679 891 2834 944 Anna
2851 887 3007 942 vidua
3028 887 3146 942 sine
3171 882 3577 941 intermissione
3598 892 3806 950 rogans

2202 993 2415 1048 semper
2443 989 2498 1034 et
2523 978 2750 1049 vigilans
2773 976 3152 1049 perseverabat
3178 976 3231 1031 in
3260 971 3634 1047 promerendo
3662 970 3799 1034 Deo,

2203 1071 2342 1126 sient
2379 1071 2429 1124 in
2465 1071 2749 1140 Evangelia
2797 1070 3055 1140 scriptum
3085 1078 3168 1124 est
3193 1083 3208 1121 :
3237 1065 3361 1122 Non
3388 1061 3687 1125 recedebat,
3719 1060 3802 1113 in—

2205 1163 2338 1234 quit,
2370 1163 2433 1218 de
2457 1164 2643 1235 templo
2657 1162 2880 1236 jejuniis
2906 1169 2954 1215 et
2979 1159 3296 1216 orationibus
3320 1158 3549 1213 serviens
3579 1160 3739 1208 nocte
3757 1158 3804 1202 et

2205 1258 2323 1322 die;
2350 1273 2456 1312 non
2485 1255 2738 1310 viderunt
2757 1255 2966 1310 scilicet
2989 1255 3079 1324 qui
3100 1249 3500 1308 necilluminati
3526 1255 3687 1312 sunt,
3723 1242 3804 1297 vel

2203 1349 2374 1406 Judmi
2398 1350 2488 1420 qui
2511 1348 2715 1404 deserti
2764 1347 2967 1404 lumine
3013 1347 3068 1401 in
3099 1344 3337 1402 tenebris
3385 1347 3800 1398 remanserunt.

2205 1440 2336 1508 Nos,
2362 1440 2556 1496 lintres
2577 1425 2952 1505 dilectissimi,
2989 1438 3083 1509 qui
3104 1439 3157 1492 in
3183 1436 3394 1491 Domini
3431 1434 3556 1488 luce
3583 1443 3807 1497 semper

2205 1549 2414 1597 sumus,
2441 1533 2530 1602 qui
2569 1531 2860 1587 meruimus
2899 1542 2954 1586 et
2981 1541 3226 1586 tenemus
3252 1526 3380 1596 quid
3423 1538 3548 1580 esse
3577 1529 3806 1585 accepts

2207 1629 2377 1697 gratia
2402 1626 2746 1694 cmperimus,
2773 1634 3145 1692 computemus
3176 1629 3386 1674 noetem
3411 1631 3510 1684 pro
3539 1614 3652 1679 die.
3687 1626 3805 1664 an"

2208 1717 2395 1772 bulare
2435 1731 2652 1786 semper
2692 1717 2744 1770 in
2790 1717 2993 1771 lumine
3020 1728 3121 1770 nos
3145 1711 3454 1775 credamus,
3483 1724 3592 1761 non
3620 1705 3802 1766 impe-

2208 1811 2418 1864 diamur
2445 1825 2470 1860 a
2505 1809 2739 1864 tenebris
2779 1823 2914 1876 quas
2963 1806 3260 1869 evasimus,
3310 1802 3455 1857 nulla
3497 1799 3612 1853 sint
3649 1794 3800 1848 horis

519 1900 570 1954 in
595 1900 884 1970 Seiipturis
911 1913 1115 1956 sanctgs
1148 1901 1229 1954 sol
1271 1916 1425 1956 terus
1453 1911 1505 1954 et
1535 1899 1646 1954 dies
1671 1915 1827 1954 verus
1855 1896 2103 1952 Christus
2137 1917 2185 1978 Β
2215 1903 2495 1958 nocturnis
2528 1915 2744 1970 precum
2775 1899 2967 1954 damna
2995 1937 3012 1962 ,
3039 1896 3183 1951 nulla
3214 1893 3516 1949 orationum
3551 1888 3696 1958 pigra
3743 1894 3802 1938 et

520 2001 626 2055 eet,
657 1990 790 2046 hora
817 1993 962 2047 nulla
1000 1992 1324 2048 Christianis
1360 1993 1644 2062 excipitur.
1674 1990 1960 2060 quominus
1990 1991 2101 2044 fre-

521 2096 744 2154 quenter
771 2102 834 2142 ac
875 2101 1088 2155 semper
1125 2087 1266 2144 Deus
1303 2087 1500 2142 debeat
1533 2085 1782 2150 adorari;
1815 2094 1872 2138 ut
1918 2083 2101 2154 quiin

529 2177 746 2233 Christo
774 2179 876 2234 hoc
903 2190 986 2234 est
1016 2181 1129 2236 sole
1173 2191 1225 2235 ct
1262 2180 1315 2233 in
1341 2181 1428 2234 die
1459 2195 1586 2234 vero
1607 2192 1815 2243 sumus,
1844 2177 2102 2230 instemus

522 2284 616 2339 per
647 2277 815 2324 totam
838 2271 980 2327 diem
1005 2272 1250 2342 precibus
1271 2281 1326 2326 et
1345 2288 1578 2335 oremus,
1608 2281 1664 2324 ut
1686 2272 1896 2338 quando
1919 2267 2101 2323 mundi

530 2371 586 2417 et
615 2361 745 2430 legis
771 2362 1015 2420 decursis
1039 2367 1241 2419 vicibus
1261 2365 1481 2419 alternis
1507 2379 1612 2417 uox
1655 2363 1889 2416 resoluta
1916 2375 2102 2415 succe-

526 2450 644 2519 dit,
691 2455 894 2509 nnllum
944 2455 1010 2510 de
1063 2457 1338 2510 nocturnis
1385 2455 1621 2510 tenebris
1668 2470 1788 2508 esse
1832 2451 2105 2506 orantibus

524 2544 778 2601 damnum
808 2549 996 2617 possit,
1020 2549 1144 2619 quia
1183 2549 1306 2604 ﬁliis
1337 2549 1468 2603 lucis
1491 2558 1545 2603 et
1575 2547 1625 2600 in
1668 2547 1781 2616 ipsa
1809 2552 1966 2600 nocte
1992 2541 2107 2597 dies

2210 1995 2396 2064 ignara
2426 1989 2739 2061 dispendia;
2775 2006 2870 2060 per
2896 1989 2993 2044 Dei
3022 1988 3406 2056 indulgentiam
3435 1977 3670 2037 recreati
3690 1976 3807 2045 spi-

2209 2085 2478 2142 ritualitcr
2505 2093 2560 2140 et
2586 2083 2758 2140 renati
2786 2083 3057 2136 imitemur
3085 2077 3224 2148 quod
3265 2073 3429 2130 futuri
3455 2085 3642 2126 sumus
3662 2107 3682 2132 ,
3711 2066 3805 2120 ha-

2213 2177 2376 2234 bituri
2418 2178 2470 2233 in
2498 2191 2688 2250 regno,
2737 2175 2856 2230 sine
2906 2173 3209 2228 interventu
3240 2168 3436 2233 noctis,
3483 2163 3619 2219 solis
3659 2157 3804 2214 di

2211 2245 2644 2342 sempiternum;
2695 2269 2846 2337 quasi
2897 2268 2948 2320 in
3003 2264 3204 2319 lumine
3253 2257 3538 2330 vigilemus
3593 2245 3805 2308 uraturi

2212 2379 2426 2434 semper
2455 2372 2510 2418 et
2534 2360 2706 2417 acturi
2741 2359 2852 2414 Deo
2871 2357 3070 2427 gratias
3095 2372 3109 2410 :
3133 2369 3197 2409 ac
3223 2366 3320 2424 per
3349 2349 3452 2406 hoc
3475 2359 3532 2404 et
3554 2345 3645 2401 hic
3672 2354 3808 2412 quo-

2213 2471 2318 2528 que
2345 2470 2502 2511 orare
2528 2463 2582 2510 et
2606 2468 2768 2524 agere
2792 2454 2990 2522 gratias
3021 2464 3126 2504 non
3153 2447 3482 2503 desinamus.

524 2720 2812 2749 Μ

1176 2864 1878 2979 OPUSCUL
1905 2863 2123 2973 UM
2197 2850 3108 2969 SECUNDUM
3140 2918 3175 2972 ,-

2081 3067 2236 3124 SlVE

704 3235 1052 3318 LIBER
1130 3233 1291 3315 DE
1367 3226 1972 3341 QUATUOR
2047 3213 2784 3305 VIRTUTIBUS
2860 3183 3601 3296 CHARITATIS.

606 3393 937 3452 Dcsiderium
957 3391 1238 3464 cliaritatis
1250 3401 1438 3448 vestrae
1454 3407 1484 3444 a
1513 3389 1664 3443 nobis
1695 3387 1856 3458 exigit
1877 3384 2113 3440 debitum
2145 3384 2192 3448 C
2221 3378 2402 3434 omnia
2430 3376 2620 3432 tolerat
2645 3372 2861 3430 emicuit
2889 3373 2941 3427 in
2963 3381 3151 3427 sancto
3174 3370 3290 3426 Noe
3311 3389 3324 3423 :
3349 3384 3472 3440 quae
3495 3368 3678 3423 omnia
3694 3381 3810 3422 cne-

530 3491 795 3546 sertnouis
840 3491 1115 3554 ollicmin;
1157 3489 1253 3543 sed
1295 3497 1440 3539 tanta
1471 3496 1595 3537 sunt
1627 3498 1745 3551 qua:
1789 3488 2029 3536 terreant
2063 3485 2117 3531 et

534 3592 792 3643 revocent
815 3586 1054 3639 animum
1084 3592 1326 3637 nostrum
1358 3588 1439 3645 ut,
1465 3581 1508 3632 si
1544 3579 1772 3633 velimus
1802 3588 1992 3642 parcre
2021 3571 2112 3627 de-

536 3681 738 3756 siderio
765 3689 966 3744 vestro,
995 3691 1100 3731 non
1125 3675 1196 3729 sit
1226 3673 1342 3730 sine
1368 3669 1602 3740 periculo
1642 3680 1846 3723 nostro.
1890 3666 2119 3719 Locutu-

533 3785 628 3828 rus
656 3784 886 3839 nmque
909 3770 976 3822 de
997 3767 1276 3832 charitate,
1303 3762 1514 3819 silentio
1531 3778 1634 3816 nun
1664 3768 1973 3828 prwtcreatn
2002 3770 2120 3825 quae

532 3863 677 3918 bona
702 3876 770 3917 ex
813 3875 879 3916 ea
913 3857 1224 3928 procedant,
1263 3865 1461 3926 etquae
1493 3870 1612 3908 eam
1635 3853 1988 3915 comitentur;
2023 3849 2119 3906 sed

534 3952 792 4024 temporis
829 3959 1132 4009 coarctatae
1162 3949 1440 4019 angustiis,
1473 3961 1581 4016 quo
1624 3961 1711 4000 me
1750 3943 2026 3998 conferam
2067 3935 2122 3996 in

533 4049 718 4118 primis
743 4048 842 4102 nisi
865 4046 930 4101 ad
955 4057 1154 4100 sanctae
1183 4044 1351 4112 ipsius
1381 4041 1604 4110 vestigia
1637 4039 1915 4105 cliaritatis
1933 4080 1948 4104 ,
1973 4051 2122 4092 eam-

531 4159 640 4215 que
684 4142 943 4212 deprecer
987 4148 1045 4194 ut
1085 4139 1249 4192 donet
1289 4136 1422 4190 mihi
1467 4133 1666 4205 aliquid
1711 4133 1930 4204 dignum
1962 4130 2031 4185 de
2064 4145 2125 4184 se

535 4235 739 4299 dicere,
781 4246 886 4301 quo
916 4240 970 4285 et
1014 4243 1189 4284 meum
1233 4227 1508 4296 suppleam
1557 4224 1910 4279 ministerium
1953 4231 2010 4277 et
2034 4235 2126 4275 ve-

531 4337 708 4383 strum
753 4326 942 4380 satiem
971 4319 1340 4378 desiderium?
1374 4321 1514 4373 luter
1551 4327 1777 4372 cmteras
1801 4325 1979 4371 autem
2019 4315 2122 4368 vir-

462 4424 476 4428 ”
537 4426 678 4472 tutos
709 4418 842 4484 ejus,
889 4428 1023 4485 quas
1061 4419 1449 4467 commemorat
1488 4408 1763 4478 apostolus
1804 4407 2021 4471 Paulus,
2045 4407 2124 4459 ait

548 4510 689 4580 quod
715 4511 903 4563 caritas
931 4523 1034 4562 non
1071 4504 1364 4571 amulatur,
1398 4519 1500 4557 non
1535 4503 1641 4572 agit
1683 4514 1986 4573 perperam,
2019 4513 2120 4551 non

537 4605 795 4670 irritatur,
811 4621 912 4659 non
939 4603 1130 4674 cogitat
1153 4599 1379 4665 malum;
1401 4608 1456 4653 et
1483 4604 1754 4667 postremo
1777 4594 1872 4649 has
1898 4602 2128 4663 quatuor

535 4699 657 4768 ejus
709 4699 934 4754 virtutes
976 4695 1122 4752 brevi
1167 4707 1417 4750 sermone
1466 4688 1876 4760 comprehendit
1915 4686 2124 4749 dicens,

2221 3471 2299 3526 dit
2324 3469 2376 3525 in
2397 3476 2589 3524 sancto
2616 3465 2886 3520 Abraham
2908 3480 2923 3516 :
2947 3478 3065 3532 qua:
3087 3462 3261 3518 omnia
3288 3472 3471 3533 sperat
3485 3461 3541 3515 in
3570 3459 3811 3529 patrihus

2225 3561 2446 3628 nostris,
2485 3562 2537 3616 id
2581 3571 2662 3617 est
2695 3560 2748 3615 in
2783 3559 2976 3630 populo
3007 3557 3199 3623 Israel,
3224 3555 3365 3611 unde
3407 3553 3522 3624 ipse
3554 3553 3810 3607 Dominus

2221 3664 2450 3712 exortus
2486 3662 2602 3720 est;
2633 3667 2753 3722 quae
2779 3651 2958 3708 omnia
2996 3649 3243 3713 sustinet,
3275 3648 3326 3702 in
3357 3647 3475 3717 ipso
3495 3647 3672 3717 capite
3711 3645 3811 3700 Do-

2223 3748 2371 3804 mino
2401 3756 2587 3802 nostro
2623 3745 2751 3801 Jesu
2779 3743 3019 3810 Christo,
3050 3743 3140 3812 qui
3172 3750 3254 3796 est
3283 3754 3409 3796 vera
3434 3739 3675 3796 charitas
3698 3753 3809 3808 qua

2225 3853 2501 3910 nunquam
2543 3838 2707 3894 cadit.
2739 3836 2851 3892 Nec
2890 3844 3120 3891 cancros
3157 3841 3370 3888 sanctos
3410 3831 3480 3886 ab
3527 3830 3613 3885 liis
3652 3832 3811 3885 virtu-

2234 3937 2374 3992 tibus
2401 3943 2576 3991 vestra
2613 3930 2848 3986 rharitas
2871 3929 3088 3998 deputet
3113 3926 3318 3982 alienos
3351 3939 3488 3995 quos
3515 3939 3612 3992 pro
3647 3923 3812 3980 brevi-

2229 4038 2337 4083 tate
2384 4026 2644 4096 teuiporis
2684 4032 2740 4079 et
2785 4036 2882 4092 pro
2911 4033 3163 4076 sermone
3200 4029 3452 4086 suscepto
3493 4017 3566 4070 ita
3595 4027 3812 4084 praeter-

2229 4121 2427 4176 uiissos
2445 4134 2569 4174 esse
2595 4115 2902 4186 cognoscite
2926 4123 2984 4167 ut
3009 4123 3187 4168 tamen
3232 4108 3536 4166 certissime
3560 4108 3814 4164 noveritis

2232 4229 2424 4271 omnes
2459 4226 2581 4268 esse
2605 4211 2658 4265 in
2681 4209 2900 4265 Christo
2923 4215 2978 4263 et
3000 4207 3052 4260 in
3094 4204 3346 4260 omnibus
3373 4203 3674 4258 Christum.
3719 4199 3814 4254 Sed

2224 4308 2336 4379 jam
2362 4307 2637 4362 videamus
2661 4301 3114 4374 quemadmodum
3142 4307 3357 4354 sanctus
3381 4297 3498 4353 hoc
3521 4295 3815 4367 possederit

2243 4404 2495 4456 virtutem
2541 4396 2822 4453 charitatis
2873 4409 2993 4464 quae
3032 4393 3213 4448 omnia
3275 4390 3487 4446 tolerat.
3531 4389 3725 4444 Statim
3762 4402 3816 4440 ac

2230 4494 2324 4551 ille
2351 4493 2656 4549 admonitus
2683 4489 2804 4556 fuit,
2830 4487 3067 4557 coniugii
3095 4486 3163 4540 ad
3195 4486 3393 4554 lignum
3423 4492 3484 4538 et
3529 4493 3655 4552 post
3685 4495 3818 4535 cani-

2234 4603 2420 4658 porum
2452 4600 2789 4643 antistiorqu
2817 4582 3008 4639 faciem
3033 4591 3293 4650 angustus
3313 4593 3375 4633 se
3405 4578 3641 4634 recludit
3663 4592 3811 4632 arce:

2237 4680 2432 4735 tolerat
2479 4678 2601 4733 (εωιὶ
2643 4675 2940 4737 fremitum,
2981 4672 3216 4727 solutum
3255 4685 3521 4741 aquarum
3562 4669 3816 4740 fragorem

536 4764 724 4844 (lmni-t
753 4791 959 4854 tolerat,
1011 4787 1184 4841 omnia
1232 4784 1428 4850 credit,
1460 4783 1632 4836 omnia
1687 4787 1857 4848 sperat
1885 4819 1902 4846 ,
1952 4775 2127 4831 omnia
2158 4781 2212 4844 ι)
2237 4785 2292 4831 et
2318 4773 2648 4838 nimborum,
2676 4783 2731 4827 ct
2761 4783 2881 4840 pOSt
2903 4771 3007 4825 ista
3030 4769 3209 4826 omnia
3236 4765 3326 4836 qui
3358 4766 3575 4821 solebat
3598 4764 3820 4832 gaudere

536 4883 771 4938 sustinet.
807 4880 881 4934 De
924 4879 1008 4934 his
1038 4879 1195 4949 igitur
1211 4886 1442 4948 quatuor
1461 4874 1748 4930 virtutibus
1773 4878 1974 4927 sanctis
1993 4868 2125 4924 cha-

540 4975 713 5032 ritatis
755 4973 900 5044 loqui
940 4971 1191 5028 convenit
1220 4967 1488 5025 sanctitati
1527 4973 1754 5030 vestrae,
1787 4963 2127 5031 dclectatque

546 5070 798 5140 primitus
841 5065 1068 5132 intueri,
1097 5061 1551 5134 quemadmodum
1599 5068 1830 5129 quatuor
1877 5053 2126 5110 cardines

539 5164 688 5220 orbis
723 5162 1005 5217 continens
1034 5167 1202 5217 totum
1232 5154 1530 5227 possederit
1556 5151 1834 5208 mundum.
1863 5148 2128 5220 Requira-

543 5272 663 5311 mus
691 5257 873 5326 igitur,
905 5255 949 5310 si
972 5254 1164 5324 placet,
1189 5251 1489 5322 aliquorum
1514 5243 1764 5315 exempla
1792 5251 2123 5307 sanctorum,

545 5361 732 5404 eorum
756 5348 982 5412 scilicet,
1010 5348 1100 5418 qui
1123 5345 1206 5402 his
1223 5342 1508 5399 virtutibus
1533 5339 1766 5410 possessi
1787 5344 1932 5401 sunt,
1968 5341 2024 5389 et
2047 5332 2129 5388 eis

540 5439 766 5511 singulis
795 5439 870 5495 ita
889 5440 1097 5511 singula
1120 5438 1440 5504 tribuamus,
1465 5444 1526 5490 ut
1555 5447 1747 5491 omnes
1783 5429 1838 5486 in
1876 5426 2126 5484 omnibus

539 5547 664 5590 esse
684 5545 989 5599 noscamus,
1020 5530 1272 5602 quoniam
1301 5528 1478 5584 omnis
1499 5525 1590 5598 qui
1613 5525 1699 5595 pie
1732 5522 1946 5589 tolerat,
1978 5531 2128 5577 recte

538 5623 734 5691 credit,
751 5618 1056 5695 aliquid[F.
1069 5620 1170 5694 leg.
1182 5621 1354 5679 credit
1366 5617 1545 5689 atque]
1559 5623 1758 5688 sperat,
1783 5624 1837 5670 et
1848 5614 1933 5683 qui
1947 5620 2128 5684 sperat

539 5720 794 5790 sustinet,
814 5733 883 5776 ne
895 5717 1200 5790 absquespe
1225 5716 1399 5773 cadat.
1415 5714 1519 5771 Sed
1532 5714 1641 5783 jam
1663 5711 1755 5784 qui
1773 5727 1889 5765 nam
1905 5711 1987 5764 isti
2001 5716 2128 5763 sunt

540 5815 841 5883 videamus,
872 5826 1100 5885 quorum
1129 5809 1284 5866 iidem
1309 5809 1620 5879 inquantum
1645 5805 1879 5876 desuper
1909 5803 2134 5871 adjuva-

543 5922 663 5965 mur
683 5904 896 5973 assequi
927 5903 1218 5962 valeamus.
1241 5902 1421 5959 Virtus
1455 5907 1654 5970 sanctae
1685 5896 1960 5954 charitatis
2011 5910 2131 5965 qua:

2232 4868 2507 4922 consortio
2568 4867 2844 4919 hominum
2910 4861 3094 4918 socius
3152 4859 3556 4930 quodammodo
3601 4857 3820 4912 efﬁcitur

2234 4960 2567 5030 serpentium
2593 4975 2657 5016 ac
2691 4959 2951 5027 ferarum,
2992 4971 3094 5013 nec
3125 4955 3436 5024 expavescit
3461 4952 3545 5006 vir
3568 4954 3674 5006 iste
3694 4949 3820 5019 quod

2235 5069 2356 5108 cum
2393 5069 2461 5109 eo
2507 5053 2636 5109 lerat:
2699 5054 2810 5106 sint
2851 5053 2905 5105 in
2946 5064 3070 5104 arca
3102 5087 3120 5116 ,
3166 5047 3273 5102 imo
3324 5043 3397 5098 ibi
3441 5043 3696 5113 agnoscit
3731 5059 3813 5096 or-

2236 5146 2416 5202 dinem
2437 5160 2593 5200 suum
2631 5143 2839 5211 feritas,
2871 5140 2994 5213 quia
3022 5157 3084 5197 se
3116 5137 3366 5210 cognovit
3410 5138 3737 5195 humanitas.
3763 5141 3816 5186 et

2233 5238 2445 5310 iubenti
2481 5237 2683 5292 homini
2725 5233 2986 5291 obediunt
3011 5275 3027 5300 ,
3071 5232 3194 5303 quia
3235 5230 3513 5286 hominem
3558 5227 3818 5297 superiori

2237 5332 2472 5388 Domino
2521 5331 2743 5388 obedire
2778 5336 3131 5398 cognoscunt.
3176 5325 3467 5380 OStensum
3510 5333 3592 5377 est
3633 5321 3687 5376 in
3725 5319 3830 5374 Nec

2236 5427 2379 5498 quod
2420 5426 2592 5482 Adam
2661 5433 2991 5494 praeceptum
3027 5419 3240 5477 Domini
3281 5417 3684 5475 contemnendo
3722 5428 3830 5485 per-

2234 5519 2471 5584 diderit,
2520 5526 2578 5574 et
2618 5519 3046 5572 demonstratum
3079 5521 3162 5568 est
3199 5523 3358 5581 posse
3398 5507 3651 5563 homines
3677 5504 3832 5560 etiam

2235 5612 2422 5669 bestiis
2463 5609 2768 5677 dominari,
2811 5609 2859 5663 si
2895 5605 3130 5663 subdant
3169 5617 3228 5658 se
3276 5599 3599 5658 obedientie
3656 5596 3826 5652 cundi-

2240 5710 2396 5766 toris.
2437 5711 2729 5781 Exspectat
2771 5717 2824 5762 et
2871 5704 3069 5760 tolerat
3107 5711 3321 5758 sanctus
3361 5699 3460 5752 is‘.e
3501 5699 3665 5752 linem
3696 5696 3827 5749 dilu-

2242 5801 2352 5869 vii,
2397 5816 2503 5889 nec
2533 5811 2820 5871 antequam
2867 5797 3079 5850 liniatur
3118 5807 3277 5847 causa
3310 5789 3545 5846 lerat-um
3586 5803 3713 5842 arca
3749 5801 3831 5837 reo

2245 5881 2520 5964 linquitur.
2583 5895 2804 5950 Tolerat
2865 5892 3035 5947 bonus
3085 5889 3224 5944 mala
3289 5895 3346 5940 et
3403 5886 3579 5940 donec
3627 5885 3684 5938 in
3729 5881 3830 5934 line
