4012 6338
272 412 410 473 Ηί9
488 463 495 470 .

1089 415 1293 473 LIBER
1336 413 1424 473 DE
1455 411 1784 484 QUA'I'UOR
1823 403 2239 472 VIRTUTIBUS
2275 410 2710 475 CHARITATIS.

3386 412 3527 472 H50

271 532 433 589 etiam
453 546 691 602 corpore
726 540 1064 603 separentur,
1104 534 1246 588 intus
1283 547 1503 588 manens
1543 530 1705 586 corde
1731 543 1837 584 non
1866 529 1922 591 Α
1944 530 2140 597 minus,
2171 531 2376 600 Accipe.
2412 532 2596 601 inquit,
2625 531 2789 601 ﬁlium
2818 537 2961 584 tuum
2981 529 3129 585 illum
3173 545 3323 602 quem
3353 533 3528 604 diligis

267 637 499 692 corpore
537 635 832 694 separatur.
870 624 926 679 Si
968 641 1068 696 qua
1093 640 1150 681 es
1192 628 1366 680 anima
1405 640 1520 693 quae
1545 623 1693 692 cupis
1723 637 1842 690 pos-

266 713 446 770 sidere
472 714 717 771 virtutem
741 715 1012 771 charitatis
1033 731 1149 784 qua:
1170 716 1344 770 omnia
1371 714 1579 779 tolerat,
1607 713 1847 782 relinque

267 806 546 873 mundum,
570 807 794 879 confuge
823 808 890 862 ad
913 808 1085 862 crucis
1108 807 1338 878 lignum;
1365 821 1466 860 non
1497 815 1702 860 metuas
1723 817 1846 872 pro-

267 899 432 954 cellas
459 908 512 954 et
534 900 770 955 turbines
793 899 948 970 hujus
977 900 1199 967 diluvii,
1227 914 1329 955 non
1356 898 1612 968 mergeris
1636 897 1680 951 si
1704 897 1846 967 ligno

268 989 589 1058 portaberis.
617 989 774 1044 Novit
795 990 1094 1060 gubernare
1116 991 1204 1060 qui
1227 990 1472 1060 dignatus
1497 996 1580 1044 est
1622 1001 1844 1042 creare:

268 1086 472 1135 tantum
496 1080 632 1136 absit
655 1080 824 1136 virtus
845 1081 1116 1136 charitatis
1131 1096 1246 1151 qua:
1268 1081 1442 1136 omnia
1466 1081 1677 1144 tolerat,
1703 1077 1847 1132 nulla
1883 1083 1886 1088 '

244 1186 360 1242 .res
383 1173 448 1228 ab
467 1186 590 1228 arce
617 1169 783 1228 solida
815 1180 865 1226 te
892 1171 1127 1242 divellat,
1157 1185 1406 1241 permane
1431 1171 1602 1226 bonus
1628 1174 1693 1246 et
1710 1166 1845 1222 tole-

269 1275 360 1317 res
388 1262 576 1327 malos;
620 1262 810 1318 melius
840 1269 921 1318 est
959 1262 1098 1318 enim
1130 1270 1186 1318 ut
1217 1263 1357 1317 intus
1398 1262 1600 1332 positas
1633 1267 1847 1340 prepter

271 1353 444 1410 bonos
475 1354 671 1410 toleres
701 1357 888 1424 malos,
921 1371 1077 1424 quam
1108 1356 1236 1410 foris
1261 1355 1450 1411 exiens
1479 1363 1532 1410 et
1578 1367 1767 1424 pereas
1792 1359 1849 1407 et

269 1446 441 1501 bonos
472 1447 742 1515 relinquas
771 1454 825 1501 et
852 1446 1042 1502 malos.
1086 1447 1142 1502 Si
1171 1462 1300 1517 ergo
1325 1455 1449 1502 sunt
1486 1455 1658 1502 tecum
1697 1430 1843 1510 ferae,
1874 1457 1878 1461 '

273 1536 330 1592 id
361 1547 444 1593 est
472 1538 515 1592 si
563 1546 688 1594 sunt
741 1547 915 1594 tecum
963 1540 1016 1594 in
1056 1539 1295 1594 Ecclesia
1333 1553 1494 1607 prava
1542 1538 1801 1593 docentes
1825 1575 1840 1600 ,
1873 1529 1878 1538 “

278 1627 414 1683 falsa
443 1629 756 1697 sentientes,
789 1630 1024 1686 haeretici
1057 1631 1140 1686 vel
1177 1629 1533 1694 schismatici,
1563 1636 1652 1682 aut
1681 1608 1877 1682 etiarn"

274 1722 377 1792 ipsi
408 1723 530 1777 mali
575 1722 858 1790 catholici,
901 1737 1050 1779 more
1099 1722 1327 1779 ferarum
1356 1722 1560 1777 animas
1587 1713 1876 1775 devorare.

275 1823 602 1883 quaerentes,
635 1814 891 1870 toleretur
919 1828 1083 1884 usque
1111 1815 1163 1868 in
1193 1814 1350 1868 ﬁnem
1375 1811 1556 1868 saeculi
1589 1821 1840 1881 tanquam
1875 1805 1878 1809 ’

1952 621 2126 688 Isaac,
2157 635 2202 679 et
2222 626 2350 679 vade
2377 627 2432 678 in
2457 635 2643 680 terram
2671 627 2935 689 excelsam,
2962 637 3008 680 et
3025 626 3205 695 offeres
3234 643 3348 682 eum
3374 628 3528 682 Italo-

1948 728 2178 772 t'austum
2229 718 2279 769 in
2322 735 2479 770 unum
2520 722 2763 773 montium
2792 736 2936 789 quem
2965 702 3145 774 dixero
3185 721 3296 774 tibi.
3339 720 3523 790 Neque

1950 807 2047 863 hac
2076 809 2289 879 quidem
2317 809 2555 876 jussione
2600 811 2843 866 turbatur
2889 818 2979 864 aut
3028 810 3287 879 frangitur
3335 825 3521 866 servus

1947 897 2136 955 ﬁdelis.
2173 899 2340 955 Adest
2387 902 2527 956 enim
2566 902 2614 955 ei
2656 903 2824 956 virtus
2852 903 3128 957 charitatis
3182 917 3298 970 qua:
3345 901 3526 956 omnia

1948 992 2135 1047 credit.
2169 993 2374 1061 Surgit,
2404 995 2627 1048 domum
2659 993 2836 1065 pergit
2861 1035 2874 1060 ,
2904 995 3109 1050 asinum
3139 995 3358 1060 stravit,
3389 995 3527 1064 ligna

1947 1077 2212 1153 concidit,
2269 1085 2502 1155 gladium
2549 1097 2600 1141 et
2647 1089 2821 1158 ignem
2859 1089 3053 1156 sumit,
3099 1102 3320 1157 puerum
3367 1087 3525 1140 simul

1947 1176 2162 1232 adducit
2213 1187 2271 1232 et
2315 1178 2481 1247 pergit
2531 1178 2596 1233 ad
2643 1179 2835 1234 locum.
2874 1179 3023 1235 Nunc
3075 1179 3306 1233 intentus
3356 1177 3526 1232 factus

1947 1267 2093 1322 Isaac
2122 1255 2326 1338 patrem
2370 1271 2664 1340 interrOgat
2693 1272 2874 1324 dicens
2899 1309 2915 1336 ,
2953 1269 3127 1335 Pater,
3160 1270 3233 1324 ait
3257 1309 3272 1333 ,
3303 1277 3358 1323 at
3385 1269 3479 1323 ille
3504 1309 3518 1332 ,

1952 1358 2090 1426 Quid
2119 1370 2208 1426 est,
2246 1361 2366 1429 ﬁli?
2409 1360 2474 1414 Et
2528 1362 2664 1416 [illus
2689 1378 2704 1416 :
2729 1361 2860 1415 Ecce
2885 1402 2898 1428 ,
2931 1361 3003 1414 ait
3031 1401 3046 1426 ,
3080 1361 3211 1430 ignis
3253 1369 3300 1413 et
3339 1360 3518 1429 ligna,

1948 1453 2035 1506 ubi
2067 1462 2139 1506 est
2184 1457 2285 1507 ovis
2333 1469 2483 1522 quam
2532 1453 2883 1508 immolaturus
2932 1467 2984 1506 es
3025 1451 3092 1504 ad
3141 1450 3531 1504 holocaustum?

1949 1541 2018 1595 Et
2059 1553 2212 1611 pater
2266 1543 2543 1610 respondit
2588 1563 2599 1596 :
2643 1542 2778 1598 Deus
2819 1541 3098 1614 providebit
3144 1541 3238 1595 sibi
3287 1555 3425 1593 ovem
3462 1540 3530 1592 ad

1947 1633 2279 1702 sacriﬁcium,
2327 1633 2426 1702 fili.
2463 1634 2704 1705 Magnum
2758 1635 2858 1688 hoc
2899 1642 2954 1688 et
2983 1632 3186 1701 grande
3235 1632 3388 1684 video
3439 1643 3529 1683 sa-

1947 1733 2338 1780 cramentum:
2394 1725 2537 1779 aliud
2606 1725 2872 1780 Abraham
2937 1725 3097 1782 corde
3169 1724 3410 1794 gestabat
3475 1729 3557 1777 et-

1948 1817 2089 1872 aliud
2135 1816 2244 1871 ﬁlio
2287 1817 2649 1885 promittebat,
2686 1818 2778 1873 sed
2807 1833 2978 1887 neque
3025 1833 3144 1888 quae
3188 1815 3531 1886 promittebat

275 1906 438 1962 finem
468 1906 673 1964 diluvii.
701 1907 934 1978 Rugiant
961 1908 1118 1975 licet,
1145 1905 1370 1964 fremant
1388 1907 1660 1973 dentibus,
1690 1917 1850 1976 atque
1881 1905 1926 1963 Β
1954 1909 2121 1964 ﬁlium
2170 1910 2442 1972 fallebant,
2475 1924 2646 1980 neque
2688 1910 2861 1979 aliqua
2911 1911 3194 1964 inﬁrmitas
3219 1923 3312 1964 eor
3341 1909 3457 1978 rde
3496 1920 3526 1960 a

269 1997 438 2065 ipsam
469 2013 649 2054 arcam
691 1998 1030 2070 confringere
1073 2009 1352 2055 conentur.
1403 1998 1520 2053 Non
1566 2005 1877 2068 pavescas,’

268 2091 418 2146 ﬁnito
442 2093 641 2148 diluvio
665 2093 784 2149 illos
814 2093 983 2162 rapiet
1007 2093 1182 2148 inanis
1224 2103 1278 2148 et
1303 2094 1518 2162 spinosa
1567 2091 1723 2155 silva,
1768 2098 1848 2144 at-

267 2197 374 2252 que
406 2192 456 2237 te
486 2183 674 2238 fertilis
702 2183 962 2254 suscipiet
991 2193 1152 2240 terra.
1186 2184 1312 2240 Post
1341 2185 1501 2238 ﬁnem
1530 2183 1710 2239 saeculi
1741 2183 1845 2236 im-

269 2275 341 2344 pii
373 2276 645 2345 rapientur
685 2277 751 2331 ad
795 2278 1025 2331 tenebras
1053 2277 1326 2331 exteriores
1351 2318 1367 2343 ,
1407 2276 1476 2329 ibi
1505 2276 1596 2329 erit
1645 2288 1846 2328 scarus

273 2383 345 2422 ετ
375 2382 596 2423 srmnon
626 2369 855 2423 dentiant
877 2410 892 2436 ,
926 2368 1040 2438 pios
1068 2367 1325 2436 suscipiet
1365 2377 1504 2422 terra
1529 2366 1843 2421 viventium.

267 2458 402 2516 Nam
438 2473 490 2516 et
516 2461 628 2532 ipse
673 2474 889 2517 sanctus
930 2460 1042 2517 Noe
1079 2470 1199 2531 post
1238 2462 1400 2518 ﬁnem
1423 2461 1610 2516 diluvii
1653 2459 1847 2515 obtulit

267 2553 584 2608 sacriﬁcium
617 2554 744 2618 Deo,
777 2553 871 2609 sed
896 2554 963 2608 de
985 2553 1302 2609 animalibus
1334 2553 1547 2608 mundis
1569 2561 1622 2608 et
1649 2569 1755 2607 non
1779 2551 1847 2606 de

267 2646 579 2704 intinundis.
609 2645 777 2702 Simul
805 2647 945 2702 enim
970 2656 1025 2702 et
1068 2647 1263 2703 munda
1287 2658 1339 2702 et
1370 2646 1529 2702 etiam
1572 2647 1846 2700 immunda

266 2738 515 2792 animalia
570 2740 623 2794 in
663 2754 841 2794 arcam
893 2741 1092 2795 intrare
1131 2749 1447 2809 pomerunt;
1483 2739 1578 2794 sed
1610 2739 1748 2793 mala
1780 2739 1846 2793 ad

267 2829 588 2886 sacriﬁcium
636 2830 731 2886 Dei
773 2847 880 2887 non
905 2840 1295 2912 pervenerunt.
1320 2831 1424 2888 Sed
1451 2831 1558 2901 jam
1601 2831 1725 2885 hinc
1751 2831 1848 2884 ali-

269 2924 484 2993 quando
519 2933 853 2980 transeamus
896 2933 951 2980 ut
974 2935 1168 2980 caetera
1194 2907 1529 2994 perscrutare
1549 2923 1845 2980 valeamus.
1873 2907 1876 2910 ’

272 3017 536 3073 Procedat
565 3018 620 3073 in
643 3018 878 3073 medium
936 3026 1153 3074 sanctus
1193 3017 1285 3072 ille
1315 3017 1618 3086 Abraham,
1661 3024 1717 3072 et
1750 3031 1849 3071 suo

266 3124 368 3165 nos
390 3110 576 3164 doceat
599 3111 870 3181 possidere
893 3109 1138 3180 exemplo
1167 3109 1414 3164 virtutem
1427 3108 1702 3164 charitatis
1727 3120 1849 3177 quae
1875 3105 1880 3114 '

273 3202 454 3258 omnia
484 3201 656 3257 credit
681 3219 696 3269 ;
735 3202 827 3273 qui
852 3217 959 3258 non
986 3210 1069 3257 est
1097 3209 1376 3256 cunctatus
1401 3201 1466 3256 ad
1509 3215 1667 3256 unam
1694 3213 1850 3254 voca-

1956 2000 2228 2071 proposito
2257 2003 2651 2056 immutaverat.
2683 2002 2816 2068 Quid
2845 2002 3026 2070 plura?
3055 2003 3226 2071 pergit
3255 2001 3413 2067 viam,
3452 2000 3532 2054 vi-

1951 2093 2044 2147 det
2074 2093 2245 2146 locum
2277 2092 2345 2147 de
2375 2093 2532 2162 longe
2575 2101 2629 2147 et
2657 2102 2900 2147 statuens
2933 2108 3128 2162 pueros
3169 2107 3294 2148 suos
3327 2093 3420 2159 ibi,
3453 2093 3533 2146 eis

1952 2185 2079 2238 talia
2108 2185 2278 2261 verba
2297 2185 2494 2254 profert
2521 2184 2740 2239 dicens:
2777 2184 2959 2238 Sedete
2989 2186 3068 2237 hic
3099 2200 3212 2237 cum
3239 2184 3400 2248 asino,
3442 2199 3532 2253 ego

1951 2288 2119 2332 autem
2147 2289 2192 2332 et
2219 2295 2341 2350 pater
2362 2279 2544 2333 ibimus
2574 2278 2888 2349 nsqueilluc,
2921 2288 2968 2333 et
2991 2293 3103 2331 cum
3131 2278 3530 2344 adoraverimus,

1951 2383 2260 2427 revertemur
2287 2373 2354 2424 ad
2383 2387 2490 2425 vos.
2521 2371 2564 2426 Ο
2594 2381 2775 2426 sancte
2806 2370 3094 2439 Abraham,
3128 2369 3254 2440 quid
3286 2369 3531 2438 estquod

1950 2465 2108 2531 dicis,
2131 2481 2249 2520 cum
2278 2464 2422 2519 aliud
2450 2466 2538 2520 tibi
2564 2466 2630 2520 de
2658 2479 2821 2535 puero
2834 2464 3120 2536 gerendum
3145 2465 3246 2520 sit?
3269 2463 3530 2530 Numquid

1952 2563 2042 2608 aut
2066 2566 2136 2621 te,
2167 2568 2255 2610 aut
2283 2565 2398 2610 tuos
2429 2557 2609 2610 fallis?
2635 2558 2772 2622 Non,
2798 2557 2986 2625 inquit,
3008 2556 3098 2610 sed
3130 2556 3267 2625 quod
3297 2556 3530 2625 prophe-

1951 2649 2058 2705 tice
2086 2650 2168 2703 vel
2193 2649 2310 2705 dico
2339 2651 2416 2705 vel
2446 2666 2570 2720 gero
2599 2652 2764 2705 virtus
2790 2649 3062 2704 charitatis
3105 2655 3187 2703 est
3218 2651 3269 2702 in
3302 2664 3385 2702 me
3408 2661 3527 2713 ma-

1950 2755 2086 2794 nens
2110 2755 2226 2810 quae
2258 2741 2435 2794 omnia
2468 2739 2636 2794 credit
2682 2750 2735 2794 et
2767 2740 2889 2796 facit
2916 2749 2966 2794 et
2999 2738 3140 2793 dicit.
3187 2738 3356 2792 Audin
3384 2739 3527 2792 enim

1952 2846 2068 2886 eam
2099 2830 2213 2886 sine
2244 2834 2466 2900 strepitu
2498 2833 2641 2886 vocis
2669 2833 2808 2887 intus
2839 2833 2904 2886 ad
2934 2847 3027 2886 cor
3057 2831 3358 2902 loquentem
3375 2840 3428 2885 et
3449 2828 3528 2884 di-

1951 2936 2160 2982 centem
2182 2928 2308 2981 mihi
2328 2943 2341 2982 :
2363 2927 2441 2980 Tu
2469 2927 2679 2995 quidem
2708 2928 2830 2982 licet
2854 2934 3278 2981 resurrecturum
3302 2924 3529 2979 credens

1952 3019 2111 3089 pleno
2140 3030 2194 3075 et
2225 3020 2456 3089 perfecto
2485 3031 2609 3073 voto
2642 3033 2862 3086 puerum
2906 3017 3069 3072 ducas
3115 3015 3525 3079 immolandum,

1952 3110 2093 3165 ﬁlius
2121 3122 2241 3166 tuus
2267 3111 2323 3165 in
2349 3111 2450 3166 isto
2482 3110 2756 3167 Sacriﬁcio
2785 3125 2891 3164 non
2919 3109 3263 3175 cremabitur,
3296 3109 3421 3177 quia
3444 3120 3528 3162 re-

1952 3205 2214 3259 surrectio
2262 3205 2350 3259 Dei
2385 3203 2517 3259 Filio
2568 3211 2888 3259 reservatur.
2919 3201 3106 3256 Merito
3137 3200 3291 3268 hujus
3323 3198 3419 3253 viri
3460 3198 3525 3252 ﬁ-

267 3293 466 3348 tionem
489 3293 788 3363 relinquere
804 3292 1050 3363 patriam,
1073 3291 1278 3358 sedem,
1300 3292 1538 3358 domum,
1563 3291 1842 3346 familiam.
1872 3295 1920 3359 C
1951 3297 2073 3350 dem
2121 3297 2350 3352 Iacobus
2391 3293 2663 3366 apostolus
2711 3306 3133 3348 commemorans
3163 3291 3276 3346 ait:
3306 3287 3530 3344 Credidit

265 3383 461 3442 Omnia
484 3386 858 3454 relinquuntur
876 3393 932 3440 ut
961 3385 1183 3440 Domino
1220 3386 1549 3456 praecipienti
1573 3391 1867 3455 pareatur.'

269 3475 407 3544 Exi,
437 3477 607 3547 inquit
647 3475 786 3532 Deus
809 3516 827 3545 ,
869 3477 932 3532 de
961 3481 1262 3548 cognatione
1291 3485 1381 3532 tua
1415 3487 1460 3532 et
1487 3477 1551 3532 de
1578 3479 1728 3531 domo
1757 3491 1847 3530 tua

264 3577 315 3623 et
342 3575 451 3622 veni
476 3569 527 3622 in
553 3577 738 3623 terram
755 3585 1122 3640 quamcumque
1149 3572 1416 3624 ostendero
1439 3570 1546 3624 tibi.
1577 3569 1686 3624 Nec
1707 3571 1848 3638 apud

263 3673 327 3716 se
357 3660 604 3732 cogitavit
641 3663 744 3720 iste
786 3675 1001 3719 sanctus
1030 3674 1084 3720 et
1113 3665 1267 3731 dixit,
1301 3665 1416 3732 Quo
1444 3665 1597 3718 eam?
1643 3665 1728 3718 cui
1760 3677 1848 3718 me

262 3757 630 3811 committam?
661 3757 712 3808 in
742 3769 899 3824 quam
935 3765 1130 3810 terram
1158 3755 1390 3809 vadam'l
1432 3755 1536 3810 Sed
1572 3764 1628 3808 ut
1673 3753 1841 3820 audit,

262 3848 453 3916 surgit,
485 3846 669 3912 currit,
701 3847 949 3912 festinat,
979 3847 1278 3912 accelerat;
1305 3855 1498 3901 terram
1529 3842 1846 3914 promissam

261 3951 370 3994 non
401 3940 564 4008 videt,
594 3941 687 3996 sed
716 3939 984 3995 credendo
1004 3955 1119 3994 eam
1150 3940 1370 3994 ﬁrmiter
1398 3941 1609 3995 retinet.
1642 3938 1845 3996 Ambu-

259 4029 337 4085 lat
355 4040 504 4085 recto
526 4030 744 4094 itinere,
763 4046 860 4084 nec
881 4031 1253 4086 oberrantibus
1269 4031 1507 4101 vestigiis
1527 4030 1654 4085 alibi
1682 4045 1844 4099 quam

259 4124 449 4180 debuit
482 4123 789 4187 declinavit,
821 4123 944 4191 quia
975 4122 1067 4190 qui
1105 4136 1224 4176 eum
1265 4124 1331 4175 ad
1377 4124 1610 4190 ignotam
1644 4131 1840 4178 terram

256 4216 528 4280 mittebat,
561 4215 674 4285 ipse
697 4257 712 4283 ,
755 4215 992 4284 inquam,
1042 4212 1132 4284 qui
1164 4200 1426 4280 mittebat,
1459 4228 1563 4268 non
1604 4214 1843 4270 dimitte-

256 4306 373 4373 bat,
402 4322 501 4361 nec
521 4322 640 4363 eum
673 4306 787 4376 ipse
817 4303 1033 4361 fefellit.
1058 4306 1319 4361 Redditur
1339 4320 1545 4362 merces
1572 4306 1836 4376 credenti,

257 4400 326 4456 ad
359 4407 552 4456 terram
584 4399 852 4469 pervenit,
880 4399 1154 4468 dilatatur,
1189 4398 1589 4469 multiplicatur,
1619 4416 1681 4455 ex
1714 4415 1843 4470 pau-

258 4507 389 4562 pere
412 4492 640 4548 efﬁcitur
665 4493 837 4556 dives,
867 4508 932 4547 ex
957 4492 1171 4563 ignobili
1197 4501 1404 4561 potens,
1437 4494 1634 4548 ditatur
1658 4493 1846 4549 omni~

259 4585 363 4642 bus
391 4585 544 4641 bonis
574 4593 629 4640 et
655 4583 708 4638 in
741 4586 830 4640 illo
861 4584 1115 4654 impletur
1134 4584 1276 4654 quod
1308 4584 1558 4640 Dominus
1581 4586 1634 4639 in
1663 4583 1838 4638 Evanv

1955 3384 2214 3457 Abraham
2257 3384 2364 3440 Deo
2406 3397 2452 3439 et
2499 3394 2788 3457 reputatum
2833 3394 2908 3439 est
2949 3383 3027 3437 illi
3071 3383 3140 3436 ad
3181 3381 3436 3453 justitiam
3475 3386 3530 3435 et

1951 3453 2156 3534 amich
2217 3478 2305 3532 Dei
2334 3453 2629 3548 appellatus
2668 3483 2767 3532 est.
2801 3473 3018 3530 Amicos
3047 3484 3103 3527 ut
3127 3471 3371 3526 novimus
3399 3483 3528 3525 con-

1949 3572 2153 3642 junctio
2180 3572 2477 3624 animorum
2507 3569 2651 3622 facit.
2683 3566 2834 3622 Unde
2865 3566 3078 3636 quidam
3106 3564 3319 3633 sapiens
3366 3561 3527 3630 hujus

1953 3661 2134 3714 mundi
2178 3661 2289 3714 ait:
2347 3659 2489 3714 Velle
2517 3670 2665 3727 atque
2693 3658 2823 3710 idem
2867 3655 3003 3710 nolle
3041 3671 3102 3708 ea
3142 3656 3340 3708 demum
3380 3654 3528 3722 ﬁrma

1951 3753 2180 3806 amicitia
2227 3759 2320 3806 est.
2363 3749 2504 3821 Ergo
2548 3752 2772 3813 amicos,
2823 3759 2877 3803 ut
2908 3750 3170 3811 novimus,
3223 3745 3528 3814 conjunctio

1953 3844 2253 3898 animorum
2285 3841 2407 3896 facit
2441 3839 2928 3910 :quemadmodum
2969 3846 3148 3893 autem
3177 3837 3276 3893 iste
3312 3847 3528 3893 sanctus

1951 3935 2292 4005 conjunxerit
2336 3937 2570 3990 animum
2607 3934 2737 3998 Deo,
2761 3943 2817 3987 ut
2848 3933 2964 4002 ejus
3003 3932 3206 3986 amicus
3233 3931 3529 4000 appellare-

1953 4038 2039 4082 tur
2083 4027 2232 4096 juvat
2257 4041 2434 4082 nosse.
2485 4025 2630 4082 Sicut
2677 4025 2988 4089 enimDeus
3015 4023 3171 4078 Pater
3193 4023 3352 4077 unico
3391 4021 3529 4077 Filio

1950 4135 2056 4178 non
2086 4121 2345 4192 pepercit,
2368 4120 2445 4173 sic
2467 4120 2689 4189 jubente
2718 4117 2829 4172 Deo
2871 4129 2925 4172 ut
2971 4117 3336 4170 immolaretur
3374 4115 3423 4171 ei
3463 4114 3523 4168 ﬁ-

1948 4216 2055 4272 lius
2083 4229 2240 4285 quem
2275 4214 2493 4270 dederat
2522 4212 2622 4280 illi,
2656 4213 2848 4267 devoto
2874 4212 2920 4265 is
2959 4210 3122 4265 corde
3149 4207 3340 4264 obtulit
3381 4223 3526 4262 eum.

1950 4307 2058 4364 Sed
2087 4323 2206 4378 qua:
2234 4314 2523 4377 sequuntur
2557 4305 2868 4367 videamus;
2898 4301 3130 4358 delectat
3153 4300 3298 4356 enim
3327 4313 3424 4355 nos
3444 4298 3530 4355 ad-

1944 4403 2168 4471 juvante
2197 4401 2420 4456 Domino
2451 4401 2607 4464 huius
2630 4399 2864 4454 historia:
2895 4398 3101 4466 plenam
3127 4396 3277 4452 vobis
3304 4396 3531 4453 reddere

1949 4485 2246 4552 notionem.
2281 4495 2565 4562 Postquam
2596 4494 2795 4549 relictis
2823 4494 3001 4560 pueris
3035 4494 3099 4546 ad
3129 4492 3301 4546 locum
3325 4490 3532 4545 sacriﬁ-

1949 4590 2018 4645 cii
2048 4600 2198 4660 pater
2226 4603 2344 4643 cum
2376 4589 2483 4643 ﬁlio
2511 4589 2670 4652 venit,
2701 4601 2846 4640 aram
2871 4585 3163 4649 constituit,
3196 4584 3334 4650 ligna
3381 4597 3533 4637 com-

261 4679 398 4750 gelio
429 4680 540 4735 suis
574 4679 846 4748 discipulis
874 4677 1119 4746 promisit
1149 4677 1332 4732 dicens
1358 4695 1369 4728 :
1397 4676 1457 4732 Si
1482 4679 1593 4746 quis
1624 4677 1831 4729 dimise-

1951 4685 2148 4755 posuit,
2182 4682 2398 4750 deponit
2425 4682 2654 4734 humana
2687 4688 2919 4749 paternae
2949 4679 3158 4747 pietatis
3188 4670 3418 4741 indicia,
3449 4676 3532 4729 in-

255 4773 325 4826 rit
351 4771 553 4824 domum
577 4778 667 4824 aut
696 4785 878 4842 agrum
899 4778 985 4822 aut
1017 4777 1249 4839 parentes
1280 4784 1435 4821 causa
1460 4769 1679 4822 nominis
1709 4769 1833 4834 mei,

255 4863 314 4916 in
344 4863 436 4916 liae
465 4863 567 4917 vita
595 4861 891 4931 centuplum
917 4861 1134 4929 accipiet
1167 4870 1213 4914 et
1243 4861 1296 4915 in
1323 4865 1498 4931 futuro
1534 4863 1721 4930 sarculo
1751 4863 1831 4915 vi—

254 4966 361 5010 tam
409 4963 740 5025 consequetur
786 4963 1050 5029 internum;
1079 4949 1404 5007 cumulatur
1451 4953 1626 5008 adhuc
1670 4951 1830 5022 hujus

253 5048 380 5107 ﬁdei
412 5062 618 5104 merces
644 5091 661 5118 ,
693 5034 748 5104 et
771 5031 776 5038 ’
797 5047 914 5103 seni
968 5044 1294 5116 promittitur
1346 5045 1507 5100 ﬁlius.
1539 5043 1706 5100 Adest
1752 5045 1832 5100 illi

254 5142 428 5198 virtus
457 5139 736 5196 charitatis
783 5154 900 5208 quae
930 5138 1106 5193 omnia
1146 5138 1345 5204 credit;
1373 5138 1555 5204 audit,
1587 5138 1826 5203 exultat,

255 5233 491 5302 amplius
518 5233 734 5302 diligit,
767 5231 992 5301 suscipit
1036 5230 1201 5286 ﬁlium
1244 5231 1311 5288 de
1347 5231 1571 5303 conjuge
1614 5230 1785 5286 sterili
1816 5272 1834 5297 ,

249 5341 413 5398 quam
443 5341 538 5396 spe
569 5324 806 5395 pariendi
833 5324 1139 5381 destitutam
1170 5325 1424 5381 sterilitas
1456 5336 1690 5396 ariasque
1716 5327 1829 5396 jam

247 5419 476 5488 fecerat,
504 5420 739 5497 atquein
763 5420 855 5474 illo
881 5419 1306 5492 benedictionem
1334 5419 1568 5476 omnium
1591 5421 1832 5491 gentium

246 5513 571 5584 promissam
601 5511 905 5567 ﬁrmissime
925 5520 1090 5578 tenet;
1115 5511 1211 5567 sed
1239 5511 1414 5568 adhuc
1443 5527 1564 5568 eum
1595 5512 1835 5566 charitas

250 5607 450 5677 probat
480 5607 870 5677 probatumque
912 5605 1255 5668 commendat
1284 5615 1338 5660 et
1377 5604 1832 5676 quemadmodum

245 5698 380 5754 nihil
435 5699 545 5756 Deo
588 5699 840 5771 praeferat
885 5700 1147 5769 posterius
1182 5708 1464 5755 monstrat.
1515 5697 1679 5754 Vocat
1706 5715 1831 5754 eum

245 5787 507 5847 Dominus
536 5792 603 5848 de
623 5793 764 5849 cmlo
786 5792 975 5848 dicens
1003 5808 1021 5848 :
1045 5791 1325 5859 Abraham,
1349 5791 1635 5859 Abraham,
1661 5801 1712 5844 et
1741 5791 1834 5846 ille

247 5885 504 5949 tanquam
533 5901 722 5943 servus
764 5885 1020 5941 obediens
1040 5926 1056 5953 ,
1086 5884 1220 5942 Ecce
1248 5887 1466 5956 adsunt,
1501 5885 1608 5954 ait,
1639 5897 1694 5943 et
1723 5885 1831 5938 Do-

614 6005 885 6064 PATIOLo
931 6001 1182 6066 XLV“.

1950 4776 2129 4831 duitur
2156 4773 2449 4829 sacerdotis
2491 4773 2680 4826 devota
2713 4770 3032 4835 constantia,
3077 4769 3255 4823 educit
3295 4768 3528 4837 gladium

1948 4875 2005 4922 ut
2039 4866 2266 4935 perimat
2295 4864 2480 4919 ﬁlium.
2507 4861 2644 4931 Quid
2687 4862 2836 4917 vobis
2869 4861 3097 4926 videtur,
3129 4861 3358 4916 fratres?
3385 4859 3528 4915 Nihil

1945 4960 2036 5016 hic
2059 4961 2320 5015 sentimus
2352 4961 2640 5014 humanum
2669 4974 2681 5010 :
2719 4971 2826 5012 uno
2857 4965 3026 5012 totum
3057 4957 3428 5025 cognoscimus
3448 4955 3530 5009 di-

1944 5050 2167 5114 vinum;
2198 5050 2292 5105 sed
2335 5059 2389 5106 et
2422 5050 2514 5104 ille
2539 5049 2680 5104 ﬁlius
2709 5049 2800 5118 qui
2828 5048 2983 5117 paulo
3019 5055 3142 5101 ante
3167 5060 3321 5100 ovem
3355 5049 3532 5114 requi-

1943 5142 2116 5208 rebat,
2149 5142 2248 5196 sub
2279 5141 2478 5212 ingenti
2517 5140 2727 5196 silentio
2783 5138 2905 5194 talia
2936 5137 2988 5192 in
3017 5152 3076 5192 se
3099 5136 3213 5191 ﬁeri
3242 5134 3530 5205 sentiebat,

1943 5235 2092 5290 etita
2121 5233 2328 5304 patiens
2365 5233 2651 5297 invenitur,
2683 5240 2932 5302 tanquam
2959 5229 3066 5300 jam
3113 5228 3200 5284 ille
3225 5237 3390 5297 esset,
3440 5226 3531 5296 qui

1941 5327 2082 5382 sicut
2109 5326 2222 5381 ovis
2262 5325 2328 5382 ad
2370 5324 2750 5380 immolandum
2797 5323 2991 5379 ductus
3032 5330 3150 5388 est;
3181 5332 3235 5376 et
3277 5330 3528 5391 tanquam

1943 5431 2113 5488 agnus
2139 5432 2321 5473 coram
2363 5416 2616 5473 tondente
2646 5431 2704 5471 se
2737 5417 2854 5472 sine
2893 5429 3040 5481 voce,
3075 5415 3154 5469 sic
3176 5428 3280 5468 non
3325 5413 3532 5483 aperuit

1948 5527 2010 5566 os
2037 5527 2216 5566 suum.
2245 5511 2289 5566 Ο
2321 5521 2375 5565 et
2404 5519 2480 5576 tu,
2532 5517 2717 5565 sancte
2747 5510 2913 5575 lsaac,
2945 5507 3121 5562 indica
3151 5508 3304 5564 nobis
3330 5506 3530 5562 silentii

1946 5604 2107 5674 hujus
2134 5613 2240 5658 tam
2286 5603 2487 5672 grande
2526 5611 2811 5658 secretum.
2860 5601 3024 5656 Paulo
3071 5609 3193 5654 ante
3231 5600 3362 5653 nihil
3395 5599 3448 5652 in
3482 5607 3533 5652 te

1949 5695 2068 5751 ﬁeri
2097 5697 2387 5764 sentiebas,
2428 5706 2482 5750 et
2509 5710 2538 5749 a
2570 5704 2719 5764 patre
2763 5694 2984 5747 arietem
3017 5691 3354 5762 requirebas;
3390 5703 3531 5746 nunc

1948 5800 2124 5846 autem
2175 5789 2419 5845 manibus
2473 5789 2676 5860 ligaris,
2730 5787 2782 5843 in
2833 5803 2981 5843 aram
3031 5785 3342 5855 imponeris,
3385 5783 3528 5852 ligno

1949 5883 2340 5957 quodammodo
2368 5883 2714 5955 suspenderis
2745 5889 2797 5939 et
2823 5882 2983 5938 modo
3015 5879 3195 5934 taces?
3225 5877 3423 5940 Taceo,
3451 5876 3528 5928 in»-

2973 5993 3050 6051 36
