  <div class='ocr_page' id='page_1' title='image "/cluster/home/n/w/nwhite01/storage/ocr_20150623/47/hvd.32044015471527/571.png"; bbox 0 0 4012 6338; ppageno 0'>
   <div class='ocr_carea' id='block_1_1' title="bbox 570 324 710 407">
    <p class='ocr_par' dir='ltr' id='par_1_1' title="bbox 570 324 710 407">
     <span class='ocr_line' id='line_1_1' title="bbox 570 324 710 407; baseline -0.014 -2"><span class='ocrx_word' id='word_1_1' title='bbox 570 324 710 407; x_wconf 67' lang='lat' dir='ltr'><strong>ttat</strong></span> 
     </span>
    </p>
   </div>
   <div class='ocr_carea' id='block_1_2' title="bbox 1459 342 2935 408">
    <p class='ocr_par' dir='ltr' id='par_1_2' title="bbox 1459 342 2935 408">
     <span class='ocr_line' id='line_1_2' title="bbox 1459 342 2935 408; baseline -0.003 -1"><span class='ocrx_word' id='word_1_2' title='bbox 1459 345 2017 408; x_wconf 73' lang='lat' dir='ltr'><strong>SUPPLEMENTUM</strong></span> <span class='ocrx_word' id='word_1_3' title='bbox 2054 343 2147 403; x_wconf 80' lang='lat' dir='ltr'><strong>AD</strong></span> <span class='ocrx_word' id='word_1_4' title='bbox 2181 344 2412 404; x_wconf 76' lang='lat' dir='ltr'><strong>OPERA</strong></span> <span class='ocrx_word' id='word_1_5' title='bbox 2450 345 2509 403; x_wconf 87' lang='lat' dir='ltr'><strong>S.</strong></span> <span class='ocrx_word' id='word_1_6' title='bbox 2551 342 2935 404; x_wconf 73' lang='lat' dir='ltr'><strong>AUGUSTINI.</strong></span> 
     </span>
    </p>
   </div>
   <div class='ocr_carea' id='block_1_3' title="bbox 3621 364 3718 417">
    <p class='ocr_par' dir='ltr' id='par_1_3' title="bbox 3621 364 3718 417">
     <span class='ocr_line' id='line_1_3' title="bbox 3621 364 3718 417; baseline 0.031 -3"><span class='ocrx_word' id='word_1_7' title='bbox 3621 364 3718 417; x_wconf 68' lang='grc' dir='ltr'><strong>Ηὃί</strong></span> 
     </span>
    </p>
   </div>
   <div class='ocr_carea' id='block_1_4' title="bbox 576 459 3717 537">
    <p class='ocr_par' dir='ltr' id='par_1_4' title="bbox 576 459 3717 537">
     <span class='ocr_line' id='line_1_4' title="bbox 576 459 3717 537; baseline 0.002 -19"><span class='ocrx_word' id='word_1_8' title='bbox 576 465 710 533; x_wconf 99' lang='lat' dir='ltr'><strong>quit.</strong></span> <span class='ocrx_word' id='word_1_9' title='bbox 746 462 843 521; x_wconf 89' lang='lat' dir='ltr'><strong>Dic</strong></span> <span class='ocrx_word' id='word_1_10' title='bbox 870 478 1063 535; x_wconf 86' lang='lat' dir='ltr'><strong>quare,</strong></span> <span class='ocrx_word' id='word_1_11' title='bbox 1109 462 1333 520; x_wconf 86' lang='lat' dir='ltr'><strong>obsecro</strong></span> <span class='ocrx_word' id='word_1_12' title='bbox 1377 466 1699 529; x_wconf 74' lang='lat' dir='ltr'><strong>noverimus.</strong></span> <span class='ocrx_word' id='word_1_13' title='bbox 1753 463 1922 517; x_wconf 84' lang='lat' dir='ltr'><strong>Vultis</strong></span> <span class='ocrx_word' id='word_1_14' title='bbox 1967 476 2143 528; x_wconf 88' lang='lat' dir='ltr'><strong>nosse,</strong></span> <span class='ocrx_word' id='word_1_15' title='bbox 2176 464 2231 527; x_wconf 78' lang='grc' dir='ltr'><strong>Α</strong></span> <span class='ocrx_word' id='word_1_16' title='bbox 2252 460 2363 537; x_wconf 74' lang='lat' dir='ltr'><strong>pit:</strong></span> <span class='ocrx_word' id='word_1_17' title='bbox 2392 459 2556 514; x_wconf 82' lang='lat' dir='ltr'><strong>Credo</strong></span> <span class='ocrx_word' id='word_1_18' title='bbox 2580 460 2749 515; x_wconf 85' lang='lat' dir='ltr'><strong>videre</strong></span> <span class='ocrx_word' id='word_1_19' title='bbox 2778 462 2910 515; x_wconf 79' lang='lat' dir='ltr'><strong>bona</strong></span> <span class='ocrx_word' id='word_1_20' title='bbox 2942 459 3150 514; x_wconf 78' lang='lat' dir='ltr'><strong>Domini</strong></span> <span class='ocrx_word' id='word_1_21' title='bbox 3173 461 3223 515; x_wconf 82' lang='lat' dir='ltr'><strong>in</strong></span> <span class='ocrx_word' id='word_1_22' title='bbox 3242 470 3366 516; x_wconf 83' lang='lat' dir='ltr'><strong>terra</strong></span> <span class='ocrx_word' id='word_1_23' title='bbox 3398 464 3633 527; x_wconf 73' lang='lat' dir='ltr'><strong><em>viventium.</em></strong></span> <span class='ocrx_word' id='word_1_24' title='bbox 3658 478 3717 532; x_wconf 81' lang='lat' dir='ltr'><strong>Ut.</strong></span> 
     </span>
    </p>
   </div>
   <div class='ocr_carea' id='block_1_5' title="bbox 577 549 2144 621">
    <p class='ocr_par' dir='ltr' id='par_1_5' title="bbox 577 549 2144 621">
     <span class='ocr_line' id='line_1_5' title="bbox 577 549 2144 621; baseline -0.001 -16"><span class='ocrx_word' id='word_1_25' title='bbox 577 554 669 619; x_wconf 88' lang='lat' dir='ltr'><strong>ait,</strong></span> <span class='ocrx_word' id='word_1_26' title='bbox 705 567 867 619; x_wconf 83' lang='lat' dir='ltr'><strong>quare</strong></span> <span class='ocrx_word' id='word_1_27' title='bbox 892 552 1051 611; x_wconf 86' lang='lat' dir='ltr'><strong>modo</strong></span> <span class='ocrx_word' id='word_1_28' title='bbox 1080 554 1267 607; x_wconf 85' lang='lat' dir='ltr'><strong>taceo?</strong></span> <span class='ocrx_word' id='word_1_29' title='bbox 1295 552 1425 621; x_wconf 84' lang='lat' dir='ltr'><strong>Quia</strong></span> <span class='ocrx_word' id='word_1_30' title='bbox 1456 554 1675 621; x_wconf 84' lang='lat' dir='ltr'><strong>ﬁguram</strong></span> <span class='ocrx_word' id='word_1_31' title='bbox 1709 553 1849 605; x_wconf 86' lang='lat' dir='ltr'><strong>illius</strong></span> <span class='ocrx_word' id='word_1_32' title='bbox 1874 561 2026 620; x_wconf 90' lang='lat' dir='ltr'><strong>gesto</strong></span> <span class='ocrx_word' id='word_1_33' title='bbox 2055 549 2144 621; x_wconf 89' lang='lat' dir='ltr'><strong>qui</strong></span> 
     </span>
    </p>
   </div>
   <div class='ocr_carea' id='block_1_6' title="bbox 578 642 2145 713">
    <p class='ocr_par' dir='ltr' id='par_1_6' title="bbox 578 642 2145 713">
     <span class='ocr_line' id='line_1_6' title="bbox 578 642 2145 713; baseline -0.001 -17"><span class='ocrx_word' id='word_1_34' title='bbox 578 643 849 698; x_wconf 89' lang='lat' dir='ltr'><strong>voluntate</strong></span> <span class='ocrx_word' id='word_1_35' title='bbox 874 645 1019 713; x_wconf 87' lang='lat' dir='ltr'><strong>ponit</strong></span> <span class='ocrx_word' id='word_1_36' title='bbox 1061 645 1290 699; x_wconf 89' lang='lat' dir='ltr'><strong>animam</strong></span> <span class='ocrx_word' id='word_1_37' title='bbox 1333 660 1505 710; x_wconf 87' lang='lat' dir='ltr'><strong>suam,</strong></span> <span class='ocrx_word' id='word_1_38' title='bbox 1559 660 1661 698; x_wconf 90' lang='lat' dir='ltr'><strong>non</strong></span> <span class='ocrx_word' id='word_1_39' title='bbox 1708 642 2042 697; x_wconf 78' lang='lat' dir='ltr'><strong>necessitate.</strong></span> <span class='ocrx_word' id='word_1_40' title='bbox 2090 642 2145 696; x_wconf 88' lang='lat' dir='ltr'><strong>In</strong></span> 
     </span>
    </p>
   </div>
   <div class='ocr_carea' id='block_1_7' title="bbox 575 732 2151 808">
    <p class='ocr_par' dir='ltr' id='par_1_7' title="bbox 575 732 2151 808">
     <span class='ocr_line' id='line_1_7' title="bbox 575 732 2151 808; baseline -0.001 -20"><span class='ocrx_word' id='word_1_41' title='bbox 575 732 677 789; x_wconf 82' lang='lat' dir='ltr'><strong>hoc</strong></span> <span class='ocrx_word' id='word_1_42' title='bbox 732 744 836 788; x_wconf 87' lang='lat' dir='ltr'><strong>tam</strong></span> <span class='ocrx_word' id='word_1_43' title='bbox 894 736 1079 805; x_wconf 79' lang='lat' dir='ltr'><strong>grandi</strong></span> <span class='ocrx_word' id='word_1_44' title='bbox 1135 745 1189 791; x_wconf 91' lang='lat' dir='ltr'><strong>et</strong></span> <span class='ocrx_word' id='word_1_45' title='bbox 1247 738 1473 808; x_wconf 89' lang='lat' dir='ltr'><strong>mystico</strong></span> <span class='ocrx_word' id='word_1_46' title='bbox 1526 745 1863 791; x_wconf 87' lang='lat' dir='ltr'><strong>sacramento</strong></span> <span class='ocrx_word' id='word_1_47' title='bbox 1924 734 2046 788; x_wconf 90' lang='lat' dir='ltr'><strong>ﬁdei</strong></span> <span class='ocrx_word' id='word_1_48' title='bbox 2096 742 2151 787; x_wconf 90' lang='lat' dir='ltr'><strong>et</strong></span> 
     </span>
    </p>
   </div>
   <div class='ocr_carea' id='block_1_8' title="bbox 540 824 2149 899">
    <p class='ocr_par' dir='ltr' id='par_1_8' title="bbox 540 824 2149 899">
     <span class='ocr_line' id='line_1_8' title="bbox 540 824 2149 899; baseline -0.001 -18"><span class='ocrx_word' id='word_1_49' title='bbox 540 824 841 881; x_wconf 52' lang='lat' dir='ltr'><strong>&#39;Abraham</strong></span> <span class='ocrx_word' id='word_1_50' title='bbox 888 838 1104 883; x_wconf 90' lang='lat' dir='ltr'><strong>sanctus</strong></span> <span class='ocrx_word' id='word_1_51' title='bbox 1134 830 1395 899; x_wconf 81' lang='lat' dir='ltr'><strong>apparuit</strong></span> <span class='ocrx_word' id='word_1_52' title='bbox 1456 830 1732 898; x_wconf 80' lang='lat' dir='ltr'><strong>probatus,</strong></span> <span class='ocrx_word' id='word_1_53' title='bbox 1792 838 1844 881; x_wconf 91' lang='lat' dir='ltr'><strong>et</strong></span> <span class='ocrx_word' id='word_1_54' title='bbox 1905 826 2046 879; x_wconf 90' lang='lat' dir='ltr'><strong>ﬁlius</strong></span> <span class='ocrx_word' id='word_1_55' title='bbox 2097 827 2149 879; x_wconf 94' lang='lat' dir='ltr'><strong>in</strong></span> 
     </span>
    </p>
   </div>
   <div class='ocr_carea' id='block_1_9' title="bbox 574 916 2152 991">
    <p class='ocr_par' dir='ltr' id='par_1_9' title="bbox 574 916 2152 991">
     <span class='ocr_line' id='line_1_9' title="bbox 574 916 2152 991; baseline 0.001 -20"><span class='ocrx_word' id='word_1_56' title='bbox 574 919 828 987; x_wconf 74' lang='lat' dir='ltr'><strong>praesenti</strong></span> <span class='ocrx_word' id='word_1_57' title='bbox 875 929 954 976; x_wconf 92' lang='lat' dir='ltr'><strong>est</strong></span> <span class='ocrx_word' id='word_1_58' title='bbox 999 920 1272 975; x_wconf 90' lang='lat' dir='ltr'><strong>liberatus.</strong></span> <span class='ocrx_word' id='word_1_59' title='bbox 1305 920 1357 976; x_wconf 90' lang='lat' dir='ltr'><strong>Si</strong></span> <span class='ocrx_word' id='word_1_60' title='bbox 1403 937 1505 990; x_wconf 91' lang='lat' dir='ltr'><strong>qua</strong></span> <span class='ocrx_word' id='word_1_61' title='bbox 1533 937 1590 977; x_wconf 91' lang='lat' dir='ltr'><strong>es</strong></span> <span class='ocrx_word' id='word_1_62' title='bbox 1635 922 1810 975; x_wconf 88' lang='lat' dir='ltr'><strong>anima</strong></span> <span class='ocrx_word' id='word_1_63' title='bbox 1842 934 1956 991; x_wconf 73' lang='lat' dir='ltr'><strong>quae</strong></span> <span class='ocrx_word' id='word_1_64' title='bbox 2002 916 2152 987; x_wconf 88' lang='lat' dir='ltr'><strong>cupis</strong></span> 
     </span>
    </p>
   </div>
   <div class='ocr_carea' id='block_1_10' title="bbox 573 1008 2151 1084">
    <p class='ocr_par' dir='ltr' id='par_1_10' title="bbox 573 1008 2151 1084">
     <span class='ocr_line' id='line_1_10' title="bbox 573 1008 2151 1084; baseline 0 -22"><span class='ocrx_word' id='word_1_65' title='bbox 573 1010 724 1079; x_wconf 87' lang='lat' dir='ltr'><strong>sequi</strong></span> <span class='ocrx_word' id='word_1_66' title='bbox 770 1011 988 1084; x_wconf 89' lang='lat' dir='ltr'><strong>vestigia</strong></span> <span class='ocrx_word' id='word_1_67' title='bbox 1021 1012 1142 1067; x_wconf 91' lang='lat' dir='ltr'><strong>ﬁdei</strong></span> <span class='ocrx_word' id='word_1_68' title='bbox 1193 1015 1353 1082; x_wconf 90' lang='lat' dir='ltr'><strong>patris</strong></span> <span class='ocrx_word' id='word_1_69' title='bbox 1402 1014 1567 1067; x_wconf 89' lang='lat' dir='ltr'><strong>nostri</strong></span> <span class='ocrx_word' id='word_1_70' title='bbox 1611 1012 1899 1073; x_wconf 84' lang='lat' dir='ltr'><strong>Abraham,</strong></span> <span class='ocrx_word' id='word_1_71' title='bbox 1952 1009 2035 1063; x_wconf 82' lang='lat' dir='ltr'><strong>exi</strong></span> <span class='ocrx_word' id='word_1_72' title='bbox 2084 1008 2151 1063; x_wconf 89' lang='lat' dir='ltr'><strong>de</strong></span> 
     </span>
    </p>
   </div>
   <div class='ocr_carea' id='block_1_11' title="bbox 571 1104 2145 1179">
    <p class='ocr_par' dir='ltr' id='par_1_11' title="bbox 571 1104 2145 1179">
     <span class='ocr_line' id='line_1_11' title="bbox 571 1104 2145 1179; baseline -0.001 -25"><span class='ocrx_word' id='word_1_73' title='bbox 571 1105 713 1154; x_wconf 82' lang='lat' dir='ltr'><strong>terra</strong></span> <span class='ocrx_word' id='word_1_74' title='bbox 746 1112 828 1157; x_wconf 87' lang='lat' dir='ltr'><strong>tua</strong></span> <span class='ocrx_word' id='word_1_75' title='bbox 857 1112 909 1159; x_wconf 89' lang='lat' dir='ltr'><strong>et</strong></span> <span class='ocrx_word' id='word_1_76' title='bbox 937 1105 1251 1179; x_wconf 77' lang='lat' dir='ltr'><strong>cognatione</strong></span> <span class='ocrx_word' id='word_1_77' title='bbox 1282 1115 1366 1158; x_wconf 88' lang='lat' dir='ltr'><strong>tua</strong></span> <span class='ocrx_word' id='word_1_78' title='bbox 1398 1124 1408 1158; x_wconf 92' lang='lat'><strong>:</strong></span> <span class='ocrx_word' id='word_1_79' title='bbox 1442 1106 1680 1175; x_wconf 87' lang='lat' dir='ltr'><strong>relinque</strong></span> <span class='ocrx_word' id='word_1_80' title='bbox 1709 1104 1955 1174; x_wconf 82' lang='lat' dir='ltr'><strong>populum</strong></span> <span class='ocrx_word' id='word_1_81' title='bbox 1981 1110 2145 1167; x_wconf 89' lang='lat' dir='ltr'><strong>tuum,</strong></span> 
     </span>
    </p>
   </div>
   <div class='ocr_carea' id='block_1_12' title="bbox 573 1191 2151 1273">
    <p class='ocr_par' dir='ltr' id='par_1_12' title="bbox 573 1191 2151 1273">
     <span class='ocr_line' id='line_1_12' title="bbox 573 1191 2151 1273; baseline 0.001 -29"><span class='ocrx_word' id='word_1_82' title='bbox 573 1200 629 1244; x_wconf 92' lang='lat' dir='ltr'><strong>et</strong></span> <span class='ocrx_word' id='word_1_83' title='bbox 676 1192 889 1249; x_wconf 88' lang='lat' dir='ltr'><strong>domum</strong></span> <span class='ocrx_word' id='word_1_84' title='bbox 936 1196 1099 1265; x_wconf 81' lang='lat' dir='ltr'><strong>patris</strong></span> <span class='ocrx_word' id='word_1_85' title='bbox 1129 1198 1226 1273; x_wconf 81' lang='lat' dir='ltr'><strong>tui,</strong></span> <span class='ocrx_word' id='word_1_86' title='bbox 1255 1197 1304 1252; x_wconf 92' lang='lat' dir='ltr'><strong>id</strong></span> <span class='ocrx_word' id='word_1_87' title='bbox 1360 1207 1442 1252; x_wconf 91' lang='lat' dir='ltr'><strong>est</strong></span> <span class='ocrx_word' id='word_1_88' title='bbox 1493 1196 1719 1253; x_wconf 90' lang='lat' dir='ltr'><strong>ﬁdeliter</strong></span> <span class='ocrx_word' id='word_1_89' title='bbox 1764 1193 2009 1250; x_wconf 87' lang='lat' dir='ltr'><strong>renuntia</strong></span> <span class='ocrx_word' id='word_1_90' title='bbox 2042 1191 2151 1246; x_wconf 90' lang='lat' dir='ltr'><strong>dia-</strong></span> 
     </span>
    </p>
   </div>
   <div class='ocr_carea' id='block_1_13' title="bbox 577 1282 2151 1361">
    <p class='ocr_par' dir='ltr' id='par_1_13' title="bbox 577 1282 2151 1361">
     <span class='ocr_line' id='line_1_13' title="bbox 577 1282 2151 1361; baseline 0.003 -24"><span class='ocrx_word' id='word_1_91' title='bbox 577 1282 726 1351; x_wconf 85' lang='lat' dir='ltr'><strong>bolo,</strong></span> <span class='ocrx_word' id='word_1_92' title='bbox 756 1289 963 1361; x_wconf 87' lang='lat' dir='ltr'><strong>pompis</strong></span> <span class='ocrx_word' id='word_1_93' title='bbox 1000 1290 1117 1359; x_wconf 83' lang='lat' dir='ltr'><strong>ejns</strong></span> <span class='ocrx_word' id='word_1_94' title='bbox 1144 1300 1196 1345; x_wconf 91' lang='lat' dir='ltr'><strong>et</strong></span> <span class='ocrx_word' id='word_1_95' title='bbox 1226 1292 1427 1361; x_wconf 80' lang='lat' dir='ltr'><strong>angelis</strong></span> <span class='ocrx_word' id='word_1_96' title='bbox 1458 1293 1594 1359; x_wconf 85' lang='lat' dir='ltr'><strong>ejus,</strong></span> <span class='ocrx_word' id='word_1_97' title='bbox 1642 1299 1695 1345; x_wconf 92' lang='lat' dir='ltr'><strong>et</strong></span> <span class='ocrx_word' id='word_1_98' title='bbox 1744 1304 1968 1360; x_wconf 86' lang='lat' dir='ltr'><strong>sequere</strong></span> <span class='ocrx_word' id='word_1_99' title='bbox 2013 1288 2151 1342; x_wconf 90' lang='lat' dir='ltr'><strong>viam</strong></span> 
     </span>
    </p>
   </div>
   <div class='ocr_carea' id='block_1_14' title="bbox 576 1380 2154 1451">
    <p class='ocr_par' dir='ltr' id='par_1_14' title="bbox 576 1380 2154 1451">
     <span class='ocr_line' id='line_1_14' title="bbox 576 1380 2154 1451; baseline -0.001 -19"><span class='ocrx_word' id='word_1_100' title='bbox 576 1385 777 1439; x_wconf 80' lang='lat' dir='ltr'><strong>rectam</strong></span> <span class='ocrx_word' id='word_1_101' title='bbox 808 1394 928 1451; x_wconf 75' lang='lat' dir='ltr'><strong>qua:</strong></span> <span class='ocrx_word' id='word_1_102' title='bbox 954 1389 1005 1436; x_wconf 93' lang='lat' dir='ltr'><strong>te</strong></span> <span class='ocrx_word' id='word_1_103' title='bbox 1035 1381 1288 1449; x_wconf 81' lang='lat' dir='ltr'><strong>perducat</strong></span> <span class='ocrx_word' id='word_1_104' title='bbox 1316 1382 1380 1437; x_wconf 86' lang='lat' dir='ltr'><strong>ad</strong></span> <span class='ocrx_word' id='word_1_105' title='bbox 1414 1392 1605 1437; x_wconf 85' lang='lat' dir='ltr'><strong>terram</strong></span> <span class='ocrx_word' id='word_1_106' title='bbox 1640 1382 1693 1435; x_wconf 93' lang='lat' dir='ltr'><strong>in</strong></span> <span class='ocrx_word' id='word_1_107' title='bbox 1716 1384 1817 1451; x_wconf 72' lang='lat' dir='ltr'><strong>Qua</strong></span> <span class='ocrx_word' id='word_1_108' title='bbox 1842 1380 2071 1434; x_wconf 91' lang='lat' dir='ltr'><strong>ditescas</strong></span> <span class='ocrx_word' id='word_1_109' title='bbox 2099 1387 2154 1433; x_wconf 93' lang='lat' dir='ltr'><strong>et</strong></span> 
     </span>
    </p>
   </div>
   <div class='ocr_carea' id='block_1_15' title="bbox 577 1469 2151 1535">
    <p class='ocr_par' dir='ltr' id='par_1_15' title="bbox 577 1469 2151 1535">
     <span class='ocr_line' id='line_1_15' title="bbox 577 1469 2151 1535; baseline 0.002 -14"><span class='ocrx_word' id='word_1_110' title='bbox 577 1469 817 1527; x_wconf 87' lang='lat' dir='ltr'><strong>emineas</strong></span> <span class='ocrx_word' id='word_1_111' title='bbox 846 1483 899 1527; x_wconf 88' lang='lat' dir='ltr'><strong>et</strong></span> <span class='ocrx_word' id='word_1_112' title='bbox 943 1473 1190 1531; x_wconf 76' lang='lat' dir='ltr'><strong>el‘ﬁeiaris</strong></span> <span class='ocrx_word' id='word_1_113' title='bbox 1236 1476 1412 1531; x_wconf 90' lang='lat' dir='ltr'><strong>socius</strong></span> <span class='ocrx_word' id='word_1_114' title='bbox 1453 1474 1701 1535; x_wconf 61' lang='lat' dir='ltr'><strong>Abrahae.</strong></span> <span class='ocrx_word' id='word_1_115' title='bbox 1751 1473 1854 1529; x_wconf 87' lang='lat' dir='ltr'><strong>Sed</strong></span> <span class='ocrx_word' id='word_1_116' title='bbox 1901 1487 2020 1528; x_wconf 92' lang='lat' dir='ltr'><strong>cum</strong></span> <span class='ocrx_word' id='word_1_117' title='bbox 2052 1471 2151 1525; x_wconf 90' lang='lat' dir='ltr'><strong>ista</strong></span> 
     </span>
    </p>
   </div>
   <div class='ocr_carea' id='block_1_16' title="bbox 572 1561 2156 1635">
    <p class='ocr_par' dir='ltr' id='par_1_16' title="bbox 572 1561 2156 1635">
     <span class='ocr_line' id='line_1_16' title="bbox 572 1561 2156 1635; baseline 0.001 -21"><span class='ocrx_word' id='word_1_118' title='bbox 572 1561 753 1615; x_wconf 87' lang='lat' dir='ltr'><strong>omnia</strong></span> <span class='ocrx_word' id='word_1_119' title='bbox 800 1563 1006 1631; x_wconf 79' lang='lat' dir='ltr'><strong>feceris,</strong></span> <span class='ocrx_word' id='word_1_120' title='bbox 1037 1566 1083 1627; x_wconf 82' lang='lat' dir='ltr'><strong>si</strong></span> <span class='ocrx_word' id='word_1_121' title='bbox 1126 1568 1291 1621; x_wconf 87' lang='lat' dir='ltr'><strong>virtus</strong></span> <span class='ocrx_word' id='word_1_122' title='bbox 1322 1566 1598 1625; x_wconf 86' lang='lat' dir='ltr'><strong>charitatis</strong></span> <span class='ocrx_word' id='word_1_123' title='bbox 1627 1582 1745 1635; x_wconf 61' lang='lat' dir='ltr'><strong>quae</strong></span> <span class='ocrx_word' id='word_1_124' title='bbox 1773 1565 1951 1623; x_wconf 87' lang='lat' dir='ltr'><strong>omnia</strong></span> <span class='ocrx_word' id='word_1_125' title='bbox 1983 1562 2156 1618; x_wconf 84' lang='lat' dir='ltr'><strong>credit</strong></span> 
     </span>
    </p>
   </div>
   <div class='ocr_carea' id='block_1_17' title="bbox 575 1652 2151 1730">
    <p class='ocr_par' dir='ltr' id='par_1_17' title="bbox 575 1652 2151 1730">
     <span class='ocr_line' id='line_1_17' title="bbox 575 1652 2151 1730; baseline 0.003 -26"><span class='ocrx_word' id='word_1_126' title='bbox 575 1660 657 1705; x_wconf 89' lang='lat' dir='ltr'><strong>est</strong></span> <span class='ocrx_word' id='word_1_127' title='bbox 680 1652 735 1705; x_wconf 89' lang='lat' dir='ltr'><strong>in</strong></span> <span class='ocrx_word' id='word_1_128' title='bbox 758 1665 830 1723; x_wconf 91' lang='lat' dir='ltr'><strong>te,</strong></span> <span class='ocrx_word' id='word_1_129' title='bbox 854 1654 1027 1711; x_wconf 89' lang='lat' dir='ltr'><strong>adhuc</strong></span> <span class='ocrx_word' id='word_1_130' title='bbox 1050 1658 1272 1715; x_wconf 85' lang='lat' dir='ltr'><strong>teutabit</strong></span> <span class='ocrx_word' id='word_1_131' title='bbox 1297 1668 1347 1714; x_wconf 87' lang='lat' dir='ltr'><strong>te</strong></span> <span class='ocrx_word' id='word_1_132' title='bbox 1374 1668 1427 1713; x_wconf 92' lang='lat' dir='ltr'><strong>et</strong></span> <span class='ocrx_word' id='word_1_133' title='bbox 1456 1660 1734 1730; x_wconf 90' lang='lat' dir='ltr'><strong>probatum</strong></span> <span class='ocrx_word' id='word_1_134' title='bbox 1776 1655 2051 1711; x_wconf 85' lang='lat' dir='ltr'><strong>coronabit</strong></span> <span class='ocrx_word' id='word_1_135' title='bbox 2081 1663 2151 1720; x_wconf 91' lang='lat' dir='ltr'><strong>te,</strong></span> 
     </span>
    </p>
   </div>
   <div class='ocr_carea' id='block_1_18' title="bbox 571 1746 2155 1821">
    <p class='ocr_par' dir='ltr' id='par_1_18' title="bbox 571 1746 2155 1821">
     <span class='ocr_line' id='line_1_18' title="bbox 571 1746 2155 1821; baseline 0.001 -24"><span class='ocrx_word' id='word_1_136' title='bbox 571 1746 774 1815; x_wconf 82' lang='lat' dir='ltr'><strong>expetit</strong></span> <span class='ocrx_word' id='word_1_137' title='bbox 800 1760 828 1799; x_wconf 90' lang='lat' dir='ltr'><strong>a</strong></span> <span class='ocrx_word' id='word_1_138' title='bbox 862 1755 911 1801; x_wconf 90' lang='lat' dir='ltr'><strong>te</strong></span> <span class='ocrx_word' id='word_1_139' title='bbox 933 1749 1253 1804; x_wconf 89' lang='lat' dir='ltr'><strong>sacriﬁcium</strong></span> <span class='ocrx_word' id='word_1_140' title='bbox 1282 1750 1460 1806; x_wconf 88' lang='lat' dir='ltr'><strong>dilecti</strong></span> <span class='ocrx_word' id='word_1_141' title='bbox 1495 1752 1589 1807; x_wconf 93' lang='lat' dir='ltr'><strong>tui.</strong></span> <span class='ocrx_word' id='word_1_142' title='bbox 1620 1749 1758 1816; x_wconf 82' lang='lat' dir='ltr'><strong>Quid</strong></span> <span class='ocrx_word' id='word_1_143' title='bbox 1786 1766 1813 1802; x_wconf 94' lang='lat' dir='ltr'><strong>a</strong></span> <span class='ocrx_word' id='word_1_144' title='bbox 1840 1757 1891 1802; x_wconf 90' lang='lat' dir='ltr'><strong>te</strong></span> <span class='ocrx_word' id='word_1_145' title='bbox 1921 1746 2155 1821; x_wconf 79' lang='lat' dir='ltr'><strong>expetit?</strong></span> 
     </span>
    </p>
   </div>
   <div class='ocr_carea' id='block_1_19' title="bbox 2255 546 3724 629">
    <p class='ocr_par' dir='ltr' id='par_1_19' title="bbox 2255 546 3724 629">
     <span class='ocr_line' id='line_1_19' title="bbox 2255 546 3724 629; baseline 0.012 -23"><span class='ocrx_word' id='word_1_146' title='bbox 2255 553 2381 606; x_wconf 90' lang='lat' dir='ltr'><strong>tima</strong></span> <span class='ocrx_word' id='word_1_147' title='bbox 2408 553 2575 605; x_wconf 85' lang='lat' dir='ltr'><strong>virtus</strong></span> <span class='ocrx_word' id='word_1_148' title='bbox 2603 552 2877 605; x_wconf 86' lang='lat' dir='ltr'><strong>charitatis</strong></span> <span class='ocrx_word' id='word_1_149' title='bbox 2923 559 3093 606; x_wconf 81' lang='lat' dir='ltr'><strong>restat</strong></span> <span class='ocrx_word' id='word_1_150' title='bbox 3120 568 3233 621; x_wconf 73' lang='lat' dir='ltr'><strong>quae</strong></span> <span class='ocrx_word' id='word_1_151' title='bbox 3271 556 3433 611; x_wconf 89' lang='lat' dir='ltr'><strong>omnia</strong></span> <span class='ocrx_word' id='word_1_152' title='bbox 3460 546 3662 629; x_wconf 41' lang='lat' dir='ltr'><strong>suttinet,</strong></span> <span class='ocrx_word' id='word_1_153' title='bbox 3686 578 3724 623; x_wconf 87' lang='lat' dir='ltr'><strong>et</strong></span> 
     </span>
    </p>
   </div>
   <div class='ocr_carea' id='block_1_20' title="bbox 2254 640 3722 712">
    <p class='ocr_par' dir='ltr' id='par_1_20' title="bbox 2254 640 3722 712">
     <span class='ocr_line' id='line_1_20' title="bbox 2254 640 3722 712; baseline 0.007 -16"><span class='ocrx_word' id='word_1_154' title='bbox 2254 658 2521 712; x_wconf 80' lang='lat' dir='ltr'><strong>nunquam</strong></span> <span class='ocrx_word' id='word_1_155' title='bbox 2552 643 2711 696; x_wconf 85' lang='lat' dir='ltr'><strong>cadit.</strong></span> <span class='ocrx_word' id='word_1_156' title='bbox 2744 643 2890 697; x_wconf 88' lang='lat' dir='ltr'><strong>Hanc</strong></span> <span class='ocrx_word' id='word_1_157' title='bbox 2917 640 3017 711; x_wconf 89' lang='lat' dir='ltr'><strong>ipsi</strong></span> <span class='ocrx_word' id='word_1_158' title='bbox 3045 643 3202 709; x_wconf 90' lang='lat' dir='ltr'><strong>capiti</strong></span> <span class='ocrx_word' id='word_1_159' title='bbox 3228 654 3396 699; x_wconf 90' lang='lat' dir='ltr'><strong>nostro</strong></span> <span class='ocrx_word' id='word_1_160' title='bbox 3424 647 3608 711; x_wconf 76' lang='lat' dir='ltr'><strong>Domitio</strong></span> <span class='ocrx_word' id='word_1_161' title='bbox 3634 653 3722 712; x_wconf 72' lang='lat' dir='ltr'><strong>lesu</strong></span> 
     </span>
    </p>
   </div>
   <div class='ocr_carea' id='block_1_21' title="bbox 2254 732 3724 812">
    <p class='ocr_par' dir='ltr' id='par_1_21' title="bbox 2254 732 3724 812">
     <span class='ocr_line' id='line_1_21' title="bbox 2254 732 3724 812; baseline 0.008 -24"><span class='ocrx_word' id='word_1_162' title='bbox 2254 732 2467 788; x_wconf 84' lang='lat' dir='ltr'><strong>Christo</strong></span> <span class='ocrx_word' id='word_1_163' title='bbox 2495 735 2778 789; x_wconf 89' lang='lat' dir='ltr'><strong>convenire</strong></span> <span class='ocrx_word' id='word_1_164' title='bbox 2832 733 3095 799; x_wconf 85' lang='lat' dir='ltr'><strong>novimus,</strong></span> <span class='ocrx_word' id='word_1_165' title='bbox 3123 742 3177 788; x_wconf 92' lang='lat' dir='ltr'><strong>et</strong></span> <span class='ocrx_word' id='word_1_166' title='bbox 3220 735 3332 790; x_wconf 91' lang='lat' dir='ltr'><strong>ideo</strong></span> <span class='ocrx_word' id='word_1_167' title='bbox 3366 736 3413 790; x_wconf 91' lang='lat' dir='ltr'><strong>in</strong></span> <span class='ocrx_word' id='word_1_168' title='bbox 3440 740 3597 796; x_wconf 89' lang='lat' dir='ltr'><strong>ultimo</strong></span> <span class='ocrx_word' id='word_1_169' title='bbox 3615 750 3724 812; x_wconf 89' lang='lat' dir='ltr'><strong>poni-</strong></span> 
     </span>
    </p>
   </div>
   <div class='ocr_carea' id='block_1_22' title="bbox 2258 823 3725 895">
    <p class='ocr_par' dir='ltr' id='par_1_22' title="bbox 2258 823 3725 895">
     <span class='ocr_line' id='line_1_22' title="bbox 2258 823 3725 895; baseline 0.01 -18"><span class='ocrx_word' id='word_1_170' title='bbox 2258 834 2363 895; x_wconf 87' lang='lat' dir='ltr'><strong>tur,</strong></span> <span class='ocrx_word' id='word_1_171' title='bbox 2396 828 2632 895; x_wconf 78' lang='lat' dir='ltr'><strong>quom’am</strong></span> <span class='ocrx_word' id='word_1_172' title='bbox 2662 824 2779 895; x_wconf 77' lang='lat' dir='ltr'><strong>ﬁnis</strong></span> <span class='ocrx_word' id='word_1_173' title='bbox 2812 825 2936 895; x_wconf 77' lang='lat' dir='ltr'><strong>legis</strong></span> <span class='ocrx_word' id='word_1_174' title='bbox 2981 833 3056 878; x_wconf 83' lang='lat' dir='ltr'><strong>est</strong></span> <span class='ocrx_word' id='word_1_175' title='bbox 3098 823 3342 880; x_wconf 77' lang='lat' dir='ltr'><strong>Christus.</strong></span> <span class='ocrx_word' id='word_1_176' title='bbox 3387 827 3563 894; x_wconf 88' lang='lat' dir='ltr'><strong>Quanta</strong></span> <span class='ocrx_word' id='word_1_177' title='bbox 3601 845 3725 890; x_wconf 80' lang='lat' dir='ltr'><strong>autem</strong></span> 
     </span>
    </p>
   </div>
   <div class='ocr_carea' id='block_1_23' title="bbox 2254 916 3724 991">
    <p class='ocr_par' dir='ltr' id='par_1_23' title="bbox 2254 916 3724 991">
     <span class='ocr_line' id='line_1_23' title="bbox 2254 916 3724 991; baseline 0.006 -20"><span class='ocrx_word' id='word_1_178' title='bbox 2254 931 2369 986; x_wconf 75' lang='lat' dir='ltr'><strong>Ipse</strong></span> <span class='ocrx_word' id='word_1_179' title='bbox 2403 933 2495 987; x_wconf 92' lang='lat' dir='ltr'><strong>pro</strong></span> <span class='ocrx_word' id='word_1_180' title='bbox 2549 916 2701 972; x_wconf 91' lang='lat' dir='ltr'><strong>nobis</strong></span> <span class='ocrx_word' id='word_1_181' title='bbox 2759 916 3009 971; x_wconf 88' lang='lat' dir='ltr'><strong>sustinuit</strong></span> <span class='ocrx_word' id='word_1_182' title='bbox 3062 927 3186 986; x_wconf 90' lang='lat' dir='ltr'><strong>puto</strong></span> <span class='ocrx_word' id='word_1_183' title='bbox 3225 918 3512 991; x_wconf 87' lang='lat' dir='ltr'><strong>charitatem</strong></span> <span class='ocrx_word' id='word_1_184' title='bbox 3554 934 3724 981; x_wconf 78' lang='lat' dir='ltr'><strong>vestram</strong></span> 
     </span>
    </p>
   </div>
   <div class='ocr_carea' id='block_1_24' title="bbox 2255 1007 3726 1083">
    <p class='ocr_par' dir='ltr' id='par_1_24' title="bbox 2255 1007 3726 1083">
     <span class='ocr_line' id='line_1_24' title="bbox 2255 1007 3726 1083; baseline 0.007 -21"><span class='ocrx_word' id='word_1_185' title='bbox 2255 1007 2501 1080; x_wconf 84' lang='lat' dir='ltr'><strong>ignorare</strong></span> <span class='ocrx_word' id='word_1_186' title='bbox 2532 1025 2635 1063; x_wconf 92' lang='lat' dir='ltr'><strong>non</strong></span> <span class='ocrx_word' id='word_1_187' title='bbox 2669 1024 2845 1079; x_wconf 88' lang='lat' dir='ltr'><strong>posse.</strong></span> <span class='ocrx_word' id='word_1_188' title='bbox 2877 1008 3079 1064; x_wconf 88' lang='lat' dir='ltr'><strong>Tamen</strong></span> <span class='ocrx_word' id='word_1_189' title='bbox 3109 1008 3296 1064; x_wconf 80' lang='lat' dir='ltr'><strong>exinde</strong></span> <span class='ocrx_word' id='word_1_190' title='bbox 3324 1011 3502 1079; x_wconf 83' lang='lat' dir='ltr'><strong>aliquid</strong></span> <span class='ocrx_word' id='word_1_191' title='bbox 3529 1014 3726 1083; x_wconf 86' lang='lat' dir='ltr'><strong>dicam,si</strong></span> 
     </span>
    </p>
   </div>
   <div class='ocr_carea' id='block_1_25' title="bbox 2258 1101 3727 1178">
    <p class='ocr_par' dir='ltr' id='par_1_25' title="bbox 2258 1101 3727 1178">
     <span class='ocr_line' id='line_1_25' title="bbox 2258 1101 3727 1178; baseline 0.001 -16"><span class='ocrx_word' id='word_1_192' title='bbox 2258 1116 2434 1171; x_wconf 87' lang='lat' dir='ltr'><strong>tamen</strong></span> <span class='ocrx_word' id='word_1_193' title='bbox 2466 1103 2533 1159; x_wconf 86' lang='lat' dir='ltr'><strong>de</strong></span> <span class='ocrx_word' id='word_1_194' title='bbox 2561 1111 2703 1157; x_wconf 90' lang='lat' dir='ltr'><strong>tanto</strong></span> <span class='ocrx_word' id='word_1_195' title='bbox 2724 1101 2923 1172; x_wconf 90' lang='lat' dir='ltr'><strong>aliquid</strong></span> <span class='ocrx_word' id='word_1_196' title='bbox 2948 1101 3105 1171; x_wconf 81' lang='lat' dir='ltr'><strong>digne</strong></span> <span class='ocrx_word' id='word_1_197' title='bbox 3128 1102 3316 1155; x_wconf 88' lang='lat' dir='ltr'><strong>dicam.</strong></span> <span class='ocrx_word' id='word_1_198' title='bbox 3346 1102 3483 1157; x_wconf 86' lang='lat' dir='ltr'><strong>Prius</strong></span> <span class='ocrx_word' id='word_1_199' title='bbox 3506 1104 3611 1160; x_wconf 90' lang='lat' dir='ltr'><strong>illud</strong></span> <span class='ocrx_word' id='word_1_200' title='bbox 3630 1112 3727 1178; x_wconf 52' lang='lat' dir='ltr'><strong>quod</strong></span> 
     </span>
    </p>
   </div>
   <div class='ocr_carea' id='block_1_26' title="bbox 2261 1184 3729 1271">
    <p class='ocr_par' dir='ltr' id='par_1_26' title="bbox 2261 1184 3729 1271">
     <span class='ocr_line' id='line_1_26' title="bbox 2261 1184 3729 1271; baseline 0.001 -19"><span class='ocrx_word' id='word_1_201' title='bbox 2261 1198 2400 1252; x_wconf 89' lang='lat' dir='ltr'><strong>Deus</strong></span> <span class='ocrx_word' id='word_1_202' title='bbox 2430 1196 2612 1271; x_wconf 86' lang='lat' dir='ltr'><strong>homo,</strong></span> <span class='ocrx_word' id='word_1_203' title='bbox 2662 1193 2803 1265; x_wconf 92' lang='lat' dir='ltr'><strong>quod</strong></span> <span class='ocrx_word' id='word_1_204' title='bbox 2859 1192 3093 1249; x_wconf 82' lang='lat' dir='ltr'><strong>Verbum</strong></span> <span class='ocrx_word' id='word_1_205' title='bbox 3125 1208 3247 1247; x_wconf 88' lang='lat' dir='ltr'><strong>caro</strong></span> <span class='ocrx_word' id='word_1_206' title='bbox 3297 1192 3475 1259; x_wconf 84' lang='lat' dir='ltr'><strong>factum</strong></span> <span class='ocrx_word' id='word_1_207' title='bbox 3513 1205 3595 1267; x_wconf 86' lang='lat' dir='ltr'><strong>est,</strong></span> <span class='ocrx_word' id='word_1_208' title='bbox 3632 1184 3729 1266; x_wconf 82' lang='lat' dir='ltr'><strong>quod</strong></span> 
     </span>
    </p>
   </div>
   <div class='ocr_carea' id='block_1_27' title="bbox 2258 1286 3730 1363">
    <p class='ocr_par' dir='ltr' id='par_1_27' title="bbox 2258 1286 3730 1363">
     <span class='ocr_line' id='line_1_27' title="bbox 2258 1286 3730 1363; baseline -0.001 -16"><span class='ocrx_word' id='word_1_209' title='bbox 2258 1293 2424 1347; x_wconf 89' lang='lat' dir='ltr'><strong>multa</strong></span> <span class='ocrx_word' id='word_1_210' title='bbox 2454 1289 2590 1345; x_wconf 84' lang='lat' dir='ltr'><strong>bona</strong></span> <span class='ocrx_word' id='word_1_211' title='bbox 2623 1286 2768 1353; x_wconf 84' lang='lat' dir='ltr'><strong>fecit,</strong></span> <span class='ocrx_word' id='word_1_212' title='bbox 2800 1296 2855 1341; x_wconf 91' lang='lat' dir='ltr'><strong>et</strong></span> <span class='ocrx_word' id='word_1_213' title='bbox 2900 1287 3035 1340; x_wconf 89' lang='lat' dir='ltr'><strong>mala</strong></span> <span class='ocrx_word' id='word_1_214' title='bbox 3067 1302 3346 1363; x_wconf 87' lang='lat' dir='ltr'><strong>perpessus</strong></span> <span class='ocrx_word' id='word_1_215' title='bbox 3372 1296 3465 1352; x_wconf 86' lang='lat' dir='ltr'><strong>est,</strong></span> <span class='ocrx_word' id='word_1_216' title='bbox 3494 1289 3606 1357; x_wconf 89' lang='lat' dir='ltr'><strong>quod</strong></span> <span class='ocrx_word' id='word_1_217' title='bbox 3630 1307 3730 1346; x_wconf 87' lang='lat' dir='ltr'><strong>mor-</strong></span> 
     </span>
    </p>
   </div>
   <div class='ocr_carea' id='block_1_28' title="bbox 2259 1379 3733 1455">
    <p class='ocr_par' dir='ltr' id='par_1_28' title="bbox 2259 1379 3733 1455">
     <span class='ocr_line' id='line_1_28' title="bbox 2259 1379 3733 1455; baseline 0.001 -18"><span class='ocrx_word' id='word_1_218' title='bbox 2259 1392 2381 1439; x_wconf 88' lang='lat' dir='ltr'><strong>tuos</strong></span> <span class='ocrx_word' id='word_1_219' title='bbox 2407 1381 2703 1445; x_wconf 68' lang='lat' dir='ltr'><strong>suscitavit,</strong></span> <span class='ocrx_word' id='word_1_220' title='bbox 2736 1389 2790 1434; x_wconf 92' lang='lat' dir='ltr'><strong>et</strong></span> <span class='ocrx_word' id='word_1_221' title='bbox 2838 1388 3080 1434; x_wconf 91' lang='lat' dir='ltr'><strong>mortuus</strong></span> <span class='ocrx_word' id='word_1_222' title='bbox 3108 1388 3221 1441; x_wconf 91' lang='lat' dir='ltr'><strong>est;</strong></span> <span class='ocrx_word' id='word_1_223' title='bbox 3264 1379 3394 1455; x_wconf 86' lang='lat' dir='ltr'><strong>quod</strong></span> <span class='ocrx_word' id='word_1_224' title='bbox 3438 1380 3644 1451; x_wconf 80' lang='lat' dir='ltr'><strong>singulari</strong></span> <span class='ocrx_word' id='word_1_225' title='bbox 3674 1383 3733 1439; x_wconf 76' lang='lat' dir='ltr'><strong>illa</strong></span> 
     </span>
    </p>
   </div>
   <div class='ocr_carea' id='block_1_29' title="bbox 2258 1462 3733 1547">
    <p class='ocr_par' dir='ltr' id='par_1_29' title="bbox 2258 1462 3733 1547">
     <span class='ocr_line' id='line_1_29' title="bbox 2258 1462 3733 1547; baseline 0.001 -17"><span class='ocrx_word' id='word_1_226' title='bbox 2258 1477 2514 1547; x_wconf 85' lang='lat' dir='ltr'><strong>patientia</strong></span> <span class='ocrx_word' id='word_1_227' title='bbox 2545 1473 2765 1545; x_wconf 84' lang='lat' dir='ltr'><strong>pertulit</strong></span> <span class='ocrx_word' id='word_1_228' title='bbox 2797 1472 3115 1528; x_wconf 86' lang='lat' dir='ltr'><strong>diabolicum</strong></span> <span class='ocrx_word' id='word_1_229' title='bbox 3148 1462 3471 1539; x_wconf 82' lang='lat' dir='ltr'><strong>tentatorem,</strong></span> <span class='ocrx_word' id='word_1_230' title='bbox 3497 1474 3733 1545; x_wconf 80' lang='lat' dir='ltr'><strong>discipulum</strong></span> 
     </span>
    </p>
   </div>
   <div class='ocr_carea' id='block_1_30' title="bbox 2262 1566 3735 1639">
    <p class='ocr_par' dir='ltr' id='par_1_30' title="bbox 2262 1566 3735 1639">
     <span class='ocr_line' id='line_1_30' title="bbox 2262 1566 3735 1639; baseline 0.001 -14"><span class='ocrx_word' id='word_1_231' title='bbox 2262 1570 2595 1632; x_wconf 89' lang='lat' dir='ltr'><strong>traditorem,</strong></span> <span class='ocrx_word' id='word_1_232' title='bbox 2631 1569 2772 1639; x_wconf 90' lang='lat' dir='ltr'><strong>quod</strong></span> <span class='ocrx_word' id='word_1_233' title='bbox 2823 1568 2994 1637; x_wconf 71' lang='lat' dir='ltr'><strong>ipsum</strong></span> <span class='ocrx_word' id='word_1_234' title='bbox 3042 1566 3230 1639; x_wconf 68' lang='lat' dir='ltr'><strong>ludant</strong></span> <span class='ocrx_word' id='word_1_235' title='bbox 3275 1566 3551 1639; x_wconf 83' lang='lat' dir='ltr'><strong>priusquam</strong></span> <span class='ocrx_word' id='word_1_236' title='bbox 3576 1568 3735 1626; x_wconf 56' lang='lat' dir='ltr'><strong>tradito.</strong></span> 
     </span>
    </p>
   </div>
   <div class='ocr_carea' id='block_1_31' title="bbox 2260 1661 3730 1735">
    <p class='ocr_par' dir='ltr' id='par_1_31' title="bbox 2260 1661 3730 1735">
     <span class='ocr_line' id='line_1_31' title="bbox 2260 1661 3730 1735; baseline 0.001 -18"><span class='ocrx_word' id='word_1_237' title='bbox 2260 1679 2374 1727; x_wconf 87' lang='lat' dir='ltr'><strong>rem</strong></span> <span class='ocrx_word' id='word_1_238' title='bbox 2408 1663 2623 1735; x_wconf 87' lang='lat' dir='ltr'><strong>pertulit</strong></span> <span class='ocrx_word' id='word_1_239' title='bbox 2651 1661 2844 1732; x_wconf 80' lang='lat' dir='ltr'><strong>furem,</strong></span> <span class='ocrx_word' id='word_1_240' title='bbox 2876 1671 2928 1716; x_wconf 88' lang='lat' dir='ltr'><strong>et</strong></span> <span class='ocrx_word' id='word_1_241' title='bbox 2976 1670 3100 1716; x_wconf 87' lang='lat' dir='ltr'><strong>ante</strong></span> <span class='ocrx_word' id='word_1_242' title='bbox 3148 1662 3543 1730; x_wconf 78' lang='lat' dir='ltr'><strong>experimentum</strong></span> <span class='ocrx_word' id='word_1_243' title='bbox 3570 1663 3730 1718; x_wconf 83' lang='lat' dir='ltr'><strong>vinculo-</strong></span> 
     </span>
    </p>
   </div>
   <div class='ocr_carea' id='block_1_32' title="bbox 2260 1754 3731 1831">
    <p class='ocr_par' dir='ltr' id='par_1_32' title="bbox 2260 1754 3731 1831">
     <span class='ocr_line' id='line_1_32' title="bbox 2260 1754 3731 1831; baseline -0.001 -18"><span class='ocrx_word' id='word_1_244' title='bbox 2260 1773 2402 1825; x_wconf 88' lang='lat' dir='ltr'><strong>rum,</strong></span> <span class='ocrx_word' id='word_1_245' title='bbox 2433 1758 2628 1825; x_wconf 84' lang='lat' dir='ltr'><strong>crucis,</strong></span> <span class='ocrx_word' id='word_1_246' title='bbox 2658 1771 2721 1812; x_wconf 90' lang='lat' dir='ltr'><strong>ac</strong></span> <span class='ocrx_word' id='word_1_247' title='bbox 2763 1756 2968 1819; x_wconf 89' lang='lat' dir='ltr'><strong>mortis,</strong></span> <span class='ocrx_word' id='word_1_248' title='bbox 3002 1755 3156 1825; x_wconf 90' lang='lat' dir='ltr'><strong>labiis</strong></span> <span class='ocrx_word' id='word_1_249' title='bbox 3178 1755 3293 1825; x_wconf 86' lang='lat' dir='ltr'><strong>ejus</strong></span> <span class='ocrx_word' id='word_1_250' title='bbox 3321 1754 3504 1809; x_wconf 80' lang='lat' dir='ltr'><strong>dolosis</strong></span> <span class='ocrx_word' id='word_1_251' title='bbox 3528 1770 3612 1809; x_wconf 90' lang='lat' dir='ltr'><strong>non</strong></span> <span class='ocrx_word' id='word_1_252' title='bbox 3629 1772 3731 1831; x_wconf 72' lang='lat' dir='ltr'><strong>nega-</strong></span> 
     </span>
    </p>
   </div>
   <div class='ocr_carea' id='block_1_33' title="bbox 575 1835 3725 1927">
    <p class='ocr_par' dir='ltr' id='par_1_33' title="bbox 575 1835 3725 1927">
     <span class='ocr_line' id='line_1_33' title="bbox 575 1835 3725 1927; baseline 0 -38"><span class='ocrx_word' id='word_1_253' title='bbox 575 1835 726 1902; x_wconf 88' lang='lat' dir='ltr'><strong>Quod</strong></span> <span class='ocrx_word' id='word_1_254' title='bbox 757 1836 1024 1896; x_wconf 84' lang='lat' dir='ltr'><strong>Abraham</strong></span> <span class='ocrx_word' id='word_1_255' title='bbox 1052 1842 1129 1898; x_wconf 89' lang='lat' dir='ltr'><strong>illi</strong></span> <span class='ocrx_word' id='word_1_256' title='bbox 1162 1844 1359 1898; x_wconf 89' lang='lat' dir='ltr'><strong>dictum</strong></span> <span class='ocrx_word' id='word_1_257' title='bbox 1389 1853 1471 1899; x_wconf 80' lang='lat' dir='ltr'><strong>est</strong></span> <span class='ocrx_word' id='word_1_258' title='bbox 1500 1863 1511 1897; x_wconf 93' lang='lat'>:</span> <span class='ocrx_word' id='word_1_259' title='bbox 1548 1844 1621 1899; x_wconf 91' lang='lat' dir='ltr'><strong>Da</strong></span> <span class='ocrx_word' id='word_1_260' title='bbox 1651 1841 1783 1897; x_wconf 91' lang='lat' dir='ltr'><strong>mihi</strong></span> <span class='ocrx_word' id='word_1_261' title='bbox 1826 1839 2152 1909; x_wconf 90' lang='lat' dir='ltr'><strong>unigenitum</strong></span> <span class='ocrx_word' id='word_1_262' title='bbox 2181 1850 2233 1912; x_wconf 76' lang='grc' dir='ltr'><strong>Β</strong></span> <span class='ocrx_word' id='word_1_263' title='bbox 2259 1852 2331 1906; x_wconf 70' lang='lat' dir='ltr'><strong>vir</strong></span> <span class='ocrx_word' id='word_1_264' title='bbox 2362 1850 2601 1909; x_wconf 78' lang='lat' dir='ltr'><strong>osculum</strong></span> <span class='ocrx_word' id='word_1_265' title='bbox 2635 1849 2798 1927; x_wconf 84' lang='lat' dir='ltr'><strong>pacis.</strong></span> <span class='ocrx_word' id='word_1_266' title='bbox 2850 1848 2903 1905; x_wconf 90' lang='lat' dir='ltr'><strong>In</strong></span> <span class='ocrx_word' id='word_1_267' title='bbox 2936 1848 3046 1918; x_wconf 86' lang='lat' dir='ltr'><strong>ipsa</strong></span> <span class='ocrx_word' id='word_1_268' title='bbox 3074 1858 3250 1909; x_wconf 78' lang='lat' dir='ltr'><strong>autem</strong></span> <span class='ocrx_word' id='word_1_269' title='bbox 3282 1855 3445 1919; x_wconf 78' lang='lat' dir='ltr'><strong>morte</strong></span> <span class='ocrx_word' id='word_1_270' title='bbox 3479 1856 3639 1918; x_wconf 75' lang='lat' dir='ltr'><strong>quanta</strong></span> <span class='ocrx_word' id='word_1_271' title='bbox 3654 1862 3725 1903; x_wconf 59' lang='lat' dir='ltr'><strong>sus.</strong></span> 
     </span>
    </p>
   </div>
   <div class='ocr_carea' id='block_1_34' title="bbox 569 1927 2153 2006">
    <p class='ocr_par' dir='ltr' id='par_1_34' title="bbox 569 1927 2153 2006">
     <span class='ocr_line' id='line_1_34' title="bbox 569 1927 2153 2006; baseline 0.002 -25"><span class='ocrx_word' id='word_1_272' title='bbox 569 1927 820 1987; x_wconf 91' lang='lat' dir='ltr'><strong>dilectum</strong></span> <span class='ocrx_word' id='word_1_273' title='bbox 854 1941 1022 1988; x_wconf 90' lang='lat' dir='ltr'><strong>tuum.</strong></span> <span class='ocrx_word' id='word_1_274' title='bbox 1055 1934 1174 1990; x_wconf 89' lang='lat' dir='ltr'><strong>Tibi</strong></span> <span class='ocrx_word' id='word_1_275' title='bbox 1200 1936 1329 1991; x_wconf 86' lang='lat' dir='ltr'><strong>dicit</strong></span> <span class='ocrx_word' id='word_1_276' title='bbox 1353 1936 1634 2006; x_wconf 84' lang='lat' dir='ltr'><strong>sapientia,</strong></span> <span class='ocrx_word' id='word_1_277' title='bbox 1668 1936 1737 1990; x_wconf 91' lang='lat' dir='ltr'><strong>Da</strong></span> <span class='ocrx_word' id='word_1_278' title='bbox 1768 1932 1919 2001; x_wconf 87' lang='lat' dir='ltr'><strong>mihi,</strong></span> <span class='ocrx_word' id='word_1_279' title='bbox 1948 1932 2039 1996; x_wconf 81' lang='lat' dir='ltr'><strong>illi,</strong></span> <span class='ocrx_word' id='word_1_280' title='bbox 2060 1946 2153 1985; x_wconf 89' lang='lat' dir='ltr'><strong>cor</strong></span> 
     </span>
    </p>
   </div>
   <div class='ocr_carea' id='block_1_35' title="bbox 570 2023 2151 2098">
    <p class='ocr_par' dir='ltr' id='par_1_35' title="bbox 570 2023 2151 2098">
     <span class='ocr_line' id='line_1_35' title="bbox 570 2023 2151 2098; baseline 0.004 -26"><span class='ocrx_word' id='word_1_281' title='bbox 570 2028 738 2087; x_wconf 88' lang='lat' dir='ltr'><strong>tuum,</strong></span> <span class='ocrx_word' id='word_1_282' title='bbox 786 2023 899 2092; x_wconf 92' lang='lat' dir='ltr'><strong>ipse</strong></span> <span class='ocrx_word' id='word_1_283' title='bbox 942 2034 1023 2080; x_wconf 90' lang='lat' dir='ltr'><strong>est</strong></span> <span class='ocrx_word' id='word_1_284' title='bbox 1063 2026 1292 2083; x_wconf 88' lang='lat' dir='ltr'><strong>dilectus</strong></span> <span class='ocrx_word' id='word_1_285' title='bbox 1320 2031 1541 2096; x_wconf 89' lang='lat' dir='ltr'><strong>unicus;</strong></span> <span class='ocrx_word' id='word_1_286' title='bbox 1567 2028 1691 2098; x_wconf 91' lang='lat' dir='ltr'><strong>quid</strong></span> <span class='ocrx_word' id='word_1_287' title='bbox 1735 2026 1928 2083; x_wconf 85' lang='lat' dir='ltr'><strong>metuis</strong></span> <span class='ocrx_word' id='word_1_288' title='bbox 1957 2024 2151 2078; x_wconf 77' lang='lat' dir='ltr'><strong>olferre</strong></span> 
     </span>
    </p>
   </div>
   <div class='ocr_carea' id='block_1_36' title="bbox 568 2113 2149 2175">
    <p class='ocr_par' dir='ltr' id='par_1_36' title="bbox 568 2113 2149 2175">
     <span class='ocr_line' id='line_1_36' title="bbox 568 2113 2149 2175; baseline 0.005 -13"><span class='ocrx_word' id='word_1_289' title='bbox 568 2122 662 2163; x_wconf 88' lang='lat' dir='ltr'><strong>cor</strong></span> <span class='ocrx_word' id='word_1_290' title='bbox 689 2114 872 2167; x_wconf 87' lang='lat' dir='ltr'><strong>tuum?</strong></span> <span class='ocrx_word' id='word_1_291' title='bbox 907 2113 1051 2170; x_wconf 81' lang='lat' dir='ltr'><strong>Oﬂ&#39;er</strong></span> <span class='ocrx_word' id='word_1_292' title='bbox 1081 2118 1398 2175; x_wconf 76' lang='lat' dir='ltr'><strong>sacriﬁcium</strong></span> <span class='ocrx_word' id='word_1_293' title='bbox 1428 2118 1800 2175; x_wconf 87' lang='lat' dir='ltr'><strong>contritioncm</strong></span> <span class='ocrx_word' id='word_1_294' title='bbox 1841 2118 2019 2171; x_wconf 84' lang='lat' dir='ltr'><strong>cordis</strong></span> <span class='ocrx_word' id='word_1_295' title='bbox 2047 2116 2149 2170; x_wconf 93' lang='lat' dir='ltr'><strong>Do-</strong></span> 
     </span>
    </p>
   </div>
   <div class='ocr_carea' id='block_1_37' title="bbox 568 2201 2148 2280">
    <p class='ocr_par' dir='ltr' id='par_1_37' title="bbox 568 2201 2148 2280">
     <span class='ocr_line' id='line_1_37' title="bbox 568 2201 2148 2280; baseline 0.005 -26"><span class='ocrx_word' id='word_1_296' title='bbox 568 2201 718 2257; x_wconf 89' lang='lat' dir='ltr'><strong>mino</strong></span> <span class='ocrx_word' id='word_1_297' title='bbox 747 2203 855 2259; x_wconf 90' lang='lat' dir='ltr'><strong>Deo</strong></span> <span class='ocrx_word' id='word_1_298' title='bbox 886 2214 995 2273; x_wconf 86' lang='lat' dir='ltr'><strong>tuo,</strong></span> <span class='ocrx_word' id='word_1_299' title='bbox 1041 2218 1095 2265; x_wconf 90' lang='lat' dir='ltr'><strong>et</strong></span> <span class='ocrx_word' id='word_1_300' title='bbox 1119 2210 1203 2264; x_wconf 88' lang='lat' dir='ltr'><strong>dic</strong></span> <span class='ocrx_word' id='word_1_301' title='bbox 1234 2226 1351 2265; x_wconf 89' lang='lat' dir='ltr'><strong>cum</strong></span> <span class='ocrx_word' id='word_1_302' title='bbox 1396 2213 1673 2280; x_wconf 78' lang='lat' dir='ltr'><strong>pr0plieta,</strong></span> <span class='ocrx_word' id='word_1_303' title='bbox 1696 2210 2025 2264; x_wconf 80' lang='lat' dir='ltr'><strong>Holoc&#39;austis</strong></span> <span class='ocrx_word' id='word_1_304' title='bbox 2049 2224 2148 2262; x_wconf 86' lang='lat' dir='ltr'><strong>non</strong></span> 
     </span>
    </p>
   </div>
   <div class='ocr_carea' id='block_1_38' title="bbox 568 2290 2144 2369">
    <p class='ocr_par' dir='ltr' id='par_1_38' title="bbox 568 2290 2144 2369">
     <span class='ocr_line' id='line_1_38' title="bbox 568 2290 2144 2369; baseline 0.005 -27"><span class='ocrx_word' id='word_1_305' title='bbox 568 2290 915 2350; x_wconf 81' lang='lat' dir='ltr'><strong>delectaberis.</strong></span> <span class='ocrx_word' id='word_1_306' title='bbox 970 2296 1297 2366; x_wconf 84' lang='lat' dir='ltr'><strong>Sacri/icium</strong></span> <span class='ocrx_word' id='word_1_307' title='bbox 1347 2297 1455 2353; x_wconf 88' lang='lat' dir='ltr'><strong>Deo</strong></span> <span class='ocrx_word' id='word_1_308' title='bbox 1496 2299 1705 2369; x_wconf 84' lang='lat' dir='ltr'><strong>spiritus</strong></span> <span class='ocrx_word' id='word_1_309' title='bbox 1757 2298 2144 2362; x_wconf 83' lang='lat' dir='ltr'><strong>contribulatus,</strong></span> 
     </span>
    </p>
   </div>
   <div class='ocr_carea' id='block_1_39' title="bbox 570 2386 2147 2462">
    <p class='ocr_par' dir='ltr' id='par_1_39' title="bbox 570 2386 2147 2462">
     <span class='ocr_line' id='line_1_39' title="bbox 570 2386 2147 2462; baseline 0.005 -28"><span class='ocrx_word' id='word_1_310' title='bbox 570 2397 653 2435; x_wconf 88' lang='lat' dir='ltr'><strong>cor</strong></span> <span class='ocrx_word' id='word_1_311' title='bbox 677 2386 944 2445; x_wconf 83' lang='lat' dir='ltr'><strong>contritum</strong></span> <span class='ocrx_word' id='word_1_312' title='bbox 969 2398 1015 2442; x_wconf 84' lang='lat' dir='ltr'><strong>et</strong></span> <span class='ocrx_word' id='word_1_313' title='bbox 1040 2390 1379 2457; x_wconf 84' lang='lat' dir='ltr'><strong>humiliatum,</strong></span> <span class='ocrx_word' id='word_1_314' title='bbox 1410 2391 1567 2457; x_wconf 81' lang='lat' dir='ltr'><strong>Deus,</strong></span> <span class='ocrx_word' id='word_1_315' title='bbox 1592 2409 1692 2445; x_wconf 86' lang='lat' dir='ltr'><strong>non</strong></span> <span class='ocrx_word' id='word_1_316' title='bbox 1720 2392 1982 2462; x_wconf 83' lang='lat' dir='ltr'><strong>despicies.</strong></span> <span class='ocrx_word' id='word_1_317' title='bbox 2008 2389 2147 2444; x_wconf 86' lang='lat' dir='ltr'><strong>Nihil</strong></span> 
     </span>
    </p>
   </div>
   <div class='ocr_carea' id='block_1_40' title="bbox 565 2478 2145 2553">
    <p class='ocr_par' dir='ltr' id='par_1_40' title="bbox 565 2478 2145 2553">
     <span class='ocr_line' id='line_1_40' title="bbox 565 2478 2145 2553; baseline 0.004 -25"><span class='ocrx_word' id='word_1_318' title='bbox 565 2487 771 2529; x_wconf 61' lang='lat' dir='ltr'><strong>metuas</strong></span> <span class='ocrx_word' id='word_1_319' title='bbox 797 2478 885 2531; x_wconf 83' lang='lat' dir='ltr'><strong>tali</strong></span> <span class='ocrx_word' id='word_1_320' title='bbox 908 2480 1173 2535; x_wconf 87' lang='lat' dir='ltr'><strong>sacriﬁcio</strong></span> <span class='ocrx_word' id='word_1_321' title='bbox 1205 2482 1407 2549; x_wconf 90' lang='lat' dir='ltr'><strong>oblato,</strong></span> <span class='ocrx_word' id='word_1_322' title='bbox 1439 2493 1493 2538; x_wconf 91' lang='lat' dir='ltr'><strong>et</strong></span> <span class='ocrx_word' id='word_1_323' title='bbox 1521 2483 1612 2538; x_wconf 90' lang='lat' dir='ltr'><strong>tibi</strong></span> <span class='ocrx_word' id='word_1_324' title='bbox 1642 2492 1918 2553; x_wconf 86' lang='lat' dir='ltr'><strong>acceptum</strong></span> <span class='ocrx_word' id='word_1_325' title='bbox 1947 2484 2069 2547; x_wconf 87' lang='lat' dir='ltr'><strong>erit,</strong></span> <span class='ocrx_word' id='word_1_326' title='bbox 2095 2492 2145 2535; x_wconf 89' lang='lat' dir='ltr'><strong>et</strong></span> 
     </span>
    </p>
   </div>
   <div class='ocr_carea' id='block_1_41' title="bbox 568 2567 2143 2643">
    <p class='ocr_par' dir='ltr' id='par_1_41' title="bbox 568 2567 2143 2643">
     <span class='ocr_line' id='line_1_41' title="bbox 568 2567 2143 2643; baseline 0.006 -25"><span class='ocrx_word' id='word_1_327' title='bbox 568 2567 706 2635; x_wconf 87' lang='lat' dir='ltr'><strong>quod</strong></span> <span class='ocrx_word' id='word_1_328' title='bbox 737 2568 993 2625; x_wconf 89' lang='lat' dir='ltr'><strong>obtuleris</strong></span> <span class='ocrx_word' id='word_1_329' title='bbox 1021 2572 1286 2643; x_wconf 89' lang='lat' dir='ltr'><strong>integrum</strong></span> <span class='ocrx_word' id='word_1_330' title='bbox 1319 2575 1671 2643; x_wconf 89' lang='lat' dir='ltr'><strong>permanebit.</strong></span> <span class='ocrx_word' id='word_1_331' title='bbox 1701 2576 1872 2629; x_wconf 81' lang='lat' dir='ltr'><strong>Aliam</strong></span> <span class='ocrx_word' id='word_1_332' title='bbox 1894 2577 2143 2629; x_wconf 83' lang='lat' dir='ltr'><strong>virtutem</strong></span> 
     </span>
    </p>
   </div>
   <div class='ocr_carea' id='block_1_42' title="bbox 566 2657 2142 2737">
    <p class='ocr_par' dir='ltr' id='par_1_42' title="bbox 566 2657 2142 2737">
     <span class='ocr_line' id='line_1_42' title="bbox 566 2657 2142 2737; baseline 0.008 -28"><span class='ocrx_word' id='word_1_333' title='bbox 566 2657 840 2713; x_wconf 89' lang='lat' dir='ltr'><strong>charitatis</strong></span> <span class='ocrx_word' id='word_1_334' title='bbox 868 2675 984 2729; x_wconf 49' lang='lat' dir='ltr'><strong>quae</strong></span> <span class='ocrx_word' id='word_1_335' title='bbox 1014 2664 1189 2718; x_wconf 83' lang='lat' dir='ltr'><strong>omnia</strong></span> <span class='ocrx_word' id='word_1_336' title='bbox 1220 2677 1437 2734; x_wconf 89' lang='lat' dir='ltr'><strong>superat</strong></span> <span class='ocrx_word' id='word_1_337' title='bbox 1466 2667 1639 2736; x_wconf 86' lang='lat' dir='ltr'><strong>placet</strong></span> <span class='ocrx_word' id='word_1_338' title='bbox 1668 2682 1810 2722; x_wconf 91' lang='lat' dir='ltr'><strong>nunc</strong></span> <span class='ocrx_word' id='word_1_339' title='bbox 1854 2668 2142 2737; x_wconf 89' lang='lat' dir='ltr'><strong>inspicere,</strong></span> 
     </span>
    </p>
   </div>
   <div class='ocr_carea' id='block_1_43' title="bbox 567 2755 2138 2830">
    <p class='ocr_par' dir='ltr' id='par_1_43' title="bbox 567 2755 2138 2830">
     <span class='ocr_line' id='line_1_43' title="bbox 567 2755 2138 2830; baseline 0.008 -27"><span class='ocrx_word' id='word_1_340' title='bbox 567 2763 719 2818; x_wconf 74' lang='lat' dir='ltr'><strong>Quam</strong></span> <span class='ocrx_word' id='word_1_341' title='bbox 752 2755 998 2821; x_wconf 88' lang='lat' dir='ltr'><strong>superius</strong></span> <span class='ocrx_word' id='word_1_342' title='bbox 1030 2756 1166 2823; x_wconf 77' lang='lat' dir='ltr'><strong>plebi</strong></span> <span class='ocrx_word' id='word_1_343' title='bbox 1216 2757 1385 2825; x_wconf 85' lang='lat' dir='ltr'><strong>lsrael</strong></span> <span class='ocrx_word' id='word_1_344' title='bbox 1414 2769 1469 2814; x_wconf 92' lang='lat' dir='ltr'><strong>et</strong></span> <span class='ocrx_word' id='word_1_345' title='bbox 1513 2761 1755 2830; x_wconf 88' lang='lat' dir='ltr'><strong>patribus</strong></span> <span class='ocrx_word' id='word_1_346' title='bbox 1807 2761 2005 2814; x_wconf 90' lang='lat' dir='ltr'><strong>nostris</strong></span> <span class='ocrx_word' id='word_1_347' title='bbox 2054 2775 2138 2815; x_wconf 88' lang='lat' dir='ltr'><strong>as-</strong></span> 
     </span>
    </p>
   </div>
   <div class='ocr_carea' id='block_1_44' title="bbox 567 2843 2145 2921">
    <p class='ocr_par' dir='ltr' id='par_1_44' title="bbox 567 2843 2145 2921">
     <span class='ocr_line' id='line_1_44' title="bbox 567 2843 2145 2921; baseline 0.006 -27"><span class='ocrx_word' id='word_1_348' title='bbox 567 2843 804 2912; x_wconf 86' lang='lat' dir='ltr'><strong>signasse</strong></span> <span class='ocrx_word' id='word_1_349' title='bbox 834 2848 1222 2916; x_wconf 84' lang='lat' dir='ltr'><strong>cognoscimus.</strong></span> <span class='ocrx_word' id='word_1_350' title='bbox 1258 2848 1385 2919; x_wconf 85' lang='lat' dir='ltr'><strong>Ejus</strong></span> <span class='ocrx_word' id='word_1_351' title='bbox 1433 2867 1661 2921; x_wconf 89' lang='lat' dir='ltr'><strong>namque</strong></span> <span class='ocrx_word' id='word_1_352' title='bbox 1690 2851 1907 2906; x_wconf 89' lang='lat' dir='ltr'><strong>virtutis</strong></span> <span class='ocrx_word' id='word_1_353' title='bbox 1938 2867 2037 2906; x_wconf 92' lang='lat' dir='ltr'><strong>vox</strong></span> <span class='ocrx_word' id='word_1_354' title='bbox 2062 2859 2145 2904; x_wconf 89' lang='lat' dir='ltr'><strong>est</strong></span> 
     </span>
    </p>
   </div>
   <div class='ocr_carea' id='block_1_45' title="bbox 566 2938 2145 3015">
    <p class='ocr_par' dir='ltr' id='par_1_45' title="bbox 566 2938 2145 3015">
     <span class='ocr_line' id='line_1_45' title="bbox 566 2938 2145 3015; baseline 0.003 -23"><span class='ocrx_word' id='word_1_355' title='bbox 566 2938 616 2992; x_wconf 88' lang='lat' dir='ltr'><strong>in</strong></span> <span class='ocrx_word' id='word_1_356' title='bbox 648 2955 803 2996; x_wconf 87' lang='lat' dir='ltr'><strong>versu</strong></span> <span class='ocrx_word' id='word_1_357' title='bbox 830 2941 921 2996; x_wconf 91' lang='lat' dir='ltr'><strong>illo</strong></span> <span class='ocrx_word' id='word_1_358' title='bbox 951 2945 1261 3015; x_wconf 87' lang='lat' dir='ltr'><strong>prophetico</strong></span> <span class='ocrx_word' id='word_1_359' title='bbox 1286 2963 1299 2998; x_wconf 88' lang='lat'><strong>:</strong></span> <span class='ocrx_word' id='word_1_360' title='bbox 1332 2944 1398 2999; x_wconf 85' lang='lat' dir='ltr'><strong>In</strong></span> <span class='ocrx_word' id='word_1_361' title='bbox 1429 2956 1476 3000; x_wconf 85' lang='lat' dir='ltr'><strong>te</strong></span> <span class='ocrx_word' id='word_1_362' title='bbox 1496 2954 1825 3015; x_wconf 80' lang='lat' dir='ltr'><strong>speraverant</strong></span> <span class='ocrx_word' id='word_1_363' title='bbox 1857 2956 2026 3015; x_wconf 76' lang='lat' dir='ltr'><strong>patres</strong></span> <span class='ocrx_word' id='word_1_364' title='bbox 2050 2961 2145 2997; x_wconf 84' lang='lat' dir='ltr'><strong>no-</strong></span> 
     </span>
    </p>
   </div>
   <div class='ocr_carea' id='block_1_46' title="bbox 566 3034 2143 3109">
    <p class='ocr_par' dir='ltr' id='par_1_46' title="bbox 566 3034 2143 3109">
     <span class='ocr_line' id='line_1_46' title="bbox 566 3034 2143 3109; baseline 0.006 -24"><span class='ocrx_word' id='word_1_365' title='bbox 566 3034 679 3098; x_wconf 82' lang='lat' dir='ltr'><strong>stri,</strong></span> <span class='ocrx_word' id='word_1_366' title='bbox 720 3046 1045 3105; x_wconf 75' lang='lat' dir='ltr'><strong>speraverant</strong></span> <span class='ocrx_word' id='word_1_367' title='bbox 1089 3047 1135 3091; x_wconf 88' lang='lat' dir='ltr'><strong>et</strong></span> <span class='ocrx_word' id='word_1_368' title='bbox 1174 3038 1399 3092; x_wconf 81' lang='lat' dir='ltr'><strong>liberasti</strong></span> <span class='ocrx_word' id='word_1_369' title='bbox 1440 3057 1541 3095; x_wconf 84' lang='lat' dir='ltr'><strong>eos.</strong></span> <span class='ocrx_word' id='word_1_370' title='bbox 1575 3040 1639 3093; x_wconf 86' lang='lat' dir='ltr'><strong>Et</strong></span> <span class='ocrx_word' id='word_1_371' title='bbox 1669 3040 1767 3109; x_wconf 88' lang='lat' dir='ltr'><strong>ipsi</strong></span> <span class='ocrx_word' id='word_1_372' title='bbox 1799 3055 1866 3094; x_wconf 86' lang='lat' dir='ltr'><strong>ex</strong></span> <span class='ocrx_word' id='word_1_373' title='bbox 1916 3036 2143 3109; x_wconf 58' lang='lat' dir='ltr'><strong>(Egyplo</strong></span> 
     </span>
    </p>
   </div>
   <div class='ocr_carea' id='block_1_47' title="bbox 567 3122 2144 3199">
    <p class='ocr_par' dir='ltr' id='par_1_47' title="bbox 567 3122 2144 3199">
     <span class='ocr_line' id='line_1_47' title="bbox 567 3122 2144 3199; baseline 0.002 -22"><span class='ocrx_word' id='word_1_374' title='bbox 567 3122 747 3197; x_wconf 83' lang='lat' dir='ltr'><strong>lugere</strong></span> <span class='ocrx_word' id='word_1_375' title='bbox 772 3127 1045 3199; x_wconf 88' lang='lat' dir='ltr'><strong>jubentur,</strong></span> <span class='ocrx_word' id='word_1_376' title='bbox 1076 3139 1213 3184; x_wconf 85' lang='lat' dir='ltr'><strong>terra</strong></span> <span class='ocrx_word' id='word_1_377' title='bbox 1248 3132 1326 3187; x_wconf 89' lang='lat' dir='ltr'><strong>eis</strong></span> <span class='ocrx_word' id='word_1_378' title='bbox 1356 3131 1435 3185; x_wconf 88' lang='lat' dir='ltr'><strong>lac</strong></span> <span class='ocrx_word' id='word_1_379' title='bbox 1465 3143 1517 3186; x_wconf 93' lang='lat' dir='ltr'><strong>et</strong></span> <span class='ocrx_word' id='word_1_380' title='bbox 1546 3132 1649 3186; x_wconf 92' lang='lat' dir='ltr'><strong>mel</strong></span> <span class='ocrx_word' id='word_1_381' title='bbox 1674 3132 1844 3186; x_wconf 78' lang='lat' dir='ltr'><strong>(luens</strong></span> <span class='ocrx_word' id='word_1_382' title='bbox 1881 3129 2144 3199; x_wconf 87' lang='lat' dir='ltr'><strong>promitti-</strong></span> 
     </span>
    </p>
   </div>
   <div class='ocr_carea' id='block_1_48' title="bbox 2258 1940 3733 2010">
    <p class='ocr_par' dir='ltr' id='par_1_48' title="bbox 2258 1940 3733 2010">
     <span class='ocr_line' id='line_1_48' title="bbox 2258 1940 3733 2010; baseline 0 -12"><span class='ocrx_word' id='word_1_383' title='bbox 2258 1944 2448 1999; x_wconf 81' lang='lat' dir='ltr'><strong>tinuit?</strong></span> <span class='ocrx_word' id='word_1_384' title='bbox 2479 1942 2701 1998; x_wconf 86' lang='lat' dir='ltr'><strong>Pertulit</strong></span> <span class='ocrx_word' id='word_1_385' title='bbox 2724 1942 2965 2009; x_wconf 82' lang='lat' dir='ltr'><strong>odiorum</strong></span> <span class='ocrx_word' id='word_1_386' title='bbox 3000 1940 3263 2004; x_wconf 86' lang='lat' dir='ltr'><strong>ﬂammas,</strong></span> <span class='ocrx_word' id='word_1_387' title='bbox 3316 1940 3560 1995; x_wconf 88' lang='lat' dir='ltr'><strong>ministras</strong></span> <span class='ocrx_word' id='word_1_388' title='bbox 3585 1942 3733 2010; x_wconf 82' lang='lat' dir='ltr'><strong>pessimi</strong></span> 
     </span>
    </p>
   </div>
   <div class='ocr_carea' id='block_1_49' title="bbox 2256 2031 3734 2103">
    <p class='ocr_par' dir='ltr' id='par_1_49' title="bbox 2256 2031 3734 2103">
     <span class='ocr_line' id='line_1_49' title="bbox 2256 2031 3734 2103; baseline -0.002 -12"><span class='ocrx_word' id='word_1_389' title='bbox 2256 2035 2433 2091; x_wconf 88' lang='lat' dir='ltr'><strong>cordis</strong></span> <span class='ocrx_word' id='word_1_390' title='bbox 2469 2035 2697 2103; x_wconf 80' lang='lat' dir='ltr'><strong>linguas.</strong></span> <span class='ocrx_word' id='word_1_391' title='bbox 2726 2032 3106 2097; x_wconf 86' lang='lat' dir='ltr'><strong>Clamaverunt</strong></span> <span class='ocrx_word' id='word_1_392' title='bbox 3147 2032 3338 2094; x_wconf 75' lang='lat' dir='ltr'><strong>Judaei.</strong></span> <span class='ocrx_word' id='word_1_393' title='bbox 3364 2031 3734 2103; x_wconf 78' lang='lat' dir='ltr'><strong>Cruciﬁge,(.‘ruci-</strong></span> 
     </span>
    </p>
   </div>
   <div class='ocr_carea' id='block_1_50' title="bbox 2257 2123 3736 2199">
    <p class='ocr_par' dir='ltr' id='par_1_50' title="bbox 2257 2123 3736 2199">
     <span class='ocr_line' id='line_1_50' title="bbox 2257 2123 3736 2199; baseline 0.001 -20"><span class='ocrx_word' id='word_1_394' title='bbox 2257 2128 2375 2199; x_wconf 80' lang='lat' dir='ltr'><strong>ﬁge,</strong></span> <span class='ocrx_word' id='word_1_395' title='bbox 2401 2137 2455 2183; x_wconf 92' lang='lat' dir='ltr'><strong>et</strong></span> <span class='ocrx_word' id='word_1_396' title='bbox 2484 2136 2543 2183; x_wconf 90' lang='lat' dir='ltr'><strong>ttt</strong></span> <span class='ocrx_word' id='word_1_397' title='bbox 2572 2129 2648 2182; x_wconf 88' lang='lat' dir='ltr'><strong>rei</strong></span> <span class='ocrx_word' id='word_1_398' title='bbox 2691 2133 2971 2193; x_wconf 83' lang='lat' dir='ltr'><strong>manerent</strong></span> <span class='ocrx_word' id='word_1_399' title='bbox 2999 2124 3193 2189; x_wconf 75' lang='lat' dir='ltr'><strong>Judaei,</strong></span> <span class='ocrx_word' id='word_1_400' title='bbox 3226 2125 3470 2199; x_wconf 85' lang='lat' dir='ltr'><strong>innocens</strong></span> <span class='ocrx_word' id='word_1_401' title='bbox 3495 2123 3551 2179; x_wconf 89' lang='lat' dir='ltr'><strong>ab</strong></span> <span class='ocrx_word' id='word_1_402' title='bbox 3579 2125 3638 2180; x_wconf 88' lang='lat' dir='ltr'><strong>eis</strong></span> <span class='ocrx_word' id='word_1_403' title='bbox 3656 2141 3736 2182; x_wconf 83' lang='lat' dir='ltr'><strong>cnt-</strong></span> 
     </span>
    </p>
   </div>
   <div class='ocr_carea' id='block_1_51' title="bbox 2255 2215 3737 2295">
    <p class='ocr_par' dir='ltr' id='par_1_51' title="bbox 2255 2215 3737 2295">
     <span class='ocr_line' id='line_1_51' title="bbox 2255 2215 3737 2295; baseline -0.003 -20"><span class='ocrx_word' id='word_1_404' title='bbox 2255 2221 2442 2277; x_wconf 83' lang='lat' dir='ltr'><strong>citixns</strong></span> <span class='ocrx_word' id='word_1_405' title='bbox 2469 2229 2550 2275; x_wconf 90' lang='lat' dir='ltr'><strong>est</strong></span> <span class='ocrx_word' id='word_1_406' title='bbox 2580 2218 2745 2273; x_wconf 78' lang='lat' dir='ltr'><strong>Filius</strong></span> <span class='ocrx_word' id='word_1_407' title='bbox 2780 2218 2905 2291; x_wconf 83' lang='lat' dir='ltr'><strong>Dei;</strong></span> <span class='ocrx_word' id='word_1_408' title='bbox 2936 2217 3001 2295; x_wconf 80' lang='lat' dir='ltr'><strong>ad</strong></span> <span class='ocrx_word' id='word_1_409' title='bbox 3048 2231 3267 2291; x_wconf 82' lang='lat' dir='ltr'><strong>crucem</strong></span> <span class='ocrx_word' id='word_1_410' title='bbox 3299 2216 3517 2282; x_wconf 86' lang='lat' dir='ltr'><strong>ducitur,</strong></span> <span class='ocrx_word' id='word_1_411' title='bbox 3543 2215 3737 2286; x_wconf 82' lang='lat' dir='ltr'><strong>expalma-</strong></span> 
     </span>
    </p>
   </div>
   <div class='ocr_carea' id='block_1_52' title="bbox 2251 2305 3736 2383">
    <p class='ocr_par' dir='ltr' id='par_1_52' title="bbox 2251 2305 3736 2383">
     <span class='ocr_line' id='line_1_52' title="bbox 2251 2305 3736 2383; baseline -0.003 -18"><span class='ocrx_word' id='word_1_412' title='bbox 2251 2319 2341 2365; x_wconf 84' lang='lat' dir='ltr'><strong>tur</strong></span> <span class='ocrx_word' id='word_1_413' title='bbox 2388 2310 2477 2383; x_wconf 91' lang='lat' dir='ltr'><strong>qui</strong></span> <span class='ocrx_word' id='word_1_414' title='bbox 2527 2318 2609 2365; x_wconf 89' lang='lat' dir='ltr'><strong>est</strong></span> <span class='ocrx_word' id='word_1_415' title='bbox 2653 2310 2827 2383; x_wconf 90' lang='lat' dir='ltr'><strong>palma</strong></span> <span class='ocrx_word' id='word_1_416' title='bbox 2878 2307 3137 2375; x_wconf 80' lang='lat' dir='ltr'><strong>victoriae,</strong></span> <span class='ocrx_word' id='word_1_417' title='bbox 3194 2306 3361 2383; x_wconf 83' lang='lat' dir='ltr'><strong>spinis</strong></span> <span class='ocrx_word' id='word_1_418' title='bbox 3415 2317 3650 2361; x_wconf 88' lang='lat' dir='ltr'><strong>coronatur</strong></span> <span class='ocrx_word' id='word_1_419' title='bbox 3677 2305 3736 2377; x_wconf 85' lang='lat' dir='ltr'><strong>qui</strong></span> 
     </span>
    </p>
   </div>
   <div class='ocr_carea' id='block_1_53' title="bbox 2251 2395 3737 2479">
    <p class='ocr_par' dir='ltr' id='par_1_53' title="bbox 2251 2395 3737 2479">
     <span class='ocr_line' id='line_1_53' title="bbox 2251 2395 3737 2479; baseline -0.004 -23"><span class='ocrx_word' id='word_1_420' title='bbox 2251 2401 2432 2472; x_wconf 85' lang='lat' dir='ltr'><strong>spinas</strong></span> <span class='ocrx_word' id='word_1_421' title='bbox 2463 2412 2798 2479; x_wconf 84' lang='lat' dir='ltr'><strong>peccatorum</strong></span> <span class='ocrx_word' id='word_1_422' title='bbox 2849 2409 3150 2469; x_wconf 82' lang='lat' dir='ltr'><strong>nostrorum</strong></span> <span class='ocrx_word' id='word_1_423' title='bbox 3181 2398 3327 2455; x_wconf 88' lang='lat' dir='ltr'><strong>venit</strong></span> <span class='ocrx_word' id='word_1_424' title='bbox 3370 2395 3673 2469; x_wconf 79' lang='lat' dir='ltr'><strong>confringere;</strong></span> <span class='ocrx_word' id='word_1_425' title='bbox 3698 2400 3737 2451; x_wconf 87' lang='lat' dir='ltr'><strong>li-</strong></span> 
     </span>
    </p>
   </div>
   <div class='ocr_carea' id='block_1_54' title="bbox 2249 2487 3736 2563">
    <p class='ocr_par' dir='ltr' id='par_1_54' title="bbox 2249 2487 3736 2563">
     <span class='ocr_line' id='line_1_54' title="bbox 2249 2487 3736 2563; baseline -0.003 -16"><span class='ocrx_word' id='word_1_426' title='bbox 2249 2504 2403 2563; x_wconf 89' lang='lat' dir='ltr'><strong>gatur</strong></span> <span class='ocrx_word' id='word_1_427' title='bbox 2428 2494 2517 2563; x_wconf 88' lang='lat' dir='ltr'><strong>qui</strong></span> <span class='ocrx_word' id='word_1_428' title='bbox 2548 2493 2706 2548; x_wconf 89' lang='lat' dir='ltr'><strong>solvit</strong></span> <span class='ocrx_word' id='word_1_429' title='bbox 2747 2492 3111 2561; x_wconf 85' lang='lat' dir='ltr'><strong>compeditos;</strong></span> <span class='ocrx_word' id='word_1_430' title='bbox 3176 2489 3319 2561; x_wconf 91' lang='lat' dir='ltr'><strong>ligno</strong></span> <span class='ocrx_word' id='word_1_431' title='bbox 3362 2487 3654 2560; x_wconf 84' lang='lat' dir='ltr'><strong>suspenditur</strong></span> <span class='ocrx_word' id='word_1_432' title='bbox 3678 2488 3736 2560; x_wconf 86' lang='lat' dir='ltr'><strong>qui</strong></span> 
     </span>
    </p>
   </div>
   <div class='ocr_carea' id='block_1_55' title="bbox 2248 2579 3737 2655">
    <p class='ocr_par' dir='ltr' id='par_1_55' title="bbox 2248 2579 3737 2655">
     <span class='ocr_line' id='line_1_55' title="bbox 2248 2579 3737 2655; baseline -0.003 -16"><span class='ocrx_word' id='word_1_433' title='bbox 2248 2586 2404 2654; x_wconf 87' lang='lat' dir='ltr'><strong>erigit</strong></span> <span class='ocrx_word' id='word_1_434' title='bbox 2431 2585 2624 2649; x_wconf 80' lang='lat' dir='ltr'><strong>elisos;</strong></span> <span class='ocrx_word' id='word_1_435' title='bbox 2658 2595 2806 2639; x_wconf 89' lang='lat' dir='ltr'><strong>aceto</strong></span> <span class='ocrx_word' id='word_1_436' title='bbox 2837 2592 3044 2655; x_wconf 90' lang='lat' dir='ltr'><strong>potatur</strong></span> <span class='ocrx_word' id='word_1_437' title='bbox 3074 2579 3197 2635; x_wconf 83' lang='lat' dir='ltr'><strong>fons</strong></span> <span class='ocrx_word' id='word_1_438' title='bbox 3240 2580 3377 2649; x_wconf 62' lang='lat' dir='ltr'><strong>vitm,</strong></span> <span class='ocrx_word' id='word_1_439' title='bbox 3421 2580 3649 2647; x_wconf 81' lang='lat' dir='ltr'><strong>disciplina</strong></span> <span class='ocrx_word' id='word_1_440' title='bbox 3669 2594 3737 2634; x_wconf 59' lang='lat' dir='ltr'><strong>cae</strong></span> 
     </span>
    </p>
   </div>
   <div class='ocr_carea' id='block_1_56' title="bbox 2248 2668 3738 2747">
    <p class='ocr_par' dir='ltr' id='par_1_56' title="bbox 2248 2668 3738 2747">
     <span class='ocr_line' id='line_1_56' title="bbox 2248 2668 3738 2747; baseline -0.003 -18"><span class='ocrx_word' id='word_1_441' title='bbox 2248 2674 2411 2739; x_wconf 81' lang='lat' dir='ltr'><strong>ditur,</strong></span> <span class='ocrx_word' id='word_1_442' title='bbox 2454 2675 2596 2730; x_wconf 90' lang='lat' dir='ltr'><strong>salus</strong></span> <span class='ocrx_word' id='word_1_443' title='bbox 2623 2675 2952 2747; x_wconf 80' lang='lat' dir='ltr'><strong>vulneratur,</strong></span> <span class='ocrx_word' id='word_1_444' title='bbox 2990 2673 3111 2727; x_wconf 86' lang='lat' dir='ltr'><strong>vita</strong></span> <span class='ocrx_word' id='word_1_445' title='bbox 3164 2672 3418 2739; x_wconf 91' lang='lat' dir='ltr'><strong>moritur,</strong></span> <span class='ocrx_word' id='word_1_446' title='bbox 3459 2671 3669 2727; x_wconf 80' lang='lat' dir='ltr'><strong>occiditur</strong></span> <span class='ocrx_word' id='word_1_447' title='bbox 3694 2668 3738 2724; x_wconf 84' lang='lat' dir='ltr'><strong>ad</strong></span> 
     </span>
    </p>
   </div>
   <div class='ocr_carea' id='block_1_57' title="bbox 2250 2761 3736 2835">
    <p class='ocr_par' dir='ltr' id='par_1_57' title="bbox 2250 2761 3736 2835">
     <span class='ocr_line' id='line_1_57' title="bbox 2250 2761 3736 2835; baseline -0.005 -15"><span class='ocrx_word' id='word_1_448' title='bbox 2250 2775 2457 2822; x_wconf 83' lang='lat' dir='ltr'><strong>tempus</strong></span> <span class='ocrx_word' id='word_1_449' title='bbox 2482 2767 2589 2820; x_wconf 90' lang='lat' dir='ltr'><strong>vita</strong></span> <span class='ocrx_word' id='word_1_450' title='bbox 2620 2780 2649 2819; x_wconf 91' lang='lat' dir='ltr'><strong>a</strong></span> <span class='ocrx_word' id='word_1_451' title='bbox 2681 2778 2872 2831; x_wconf 87' lang='lat' dir='ltr'><strong>morte,</strong></span> <span class='ocrx_word' id='word_1_452' title='bbox 2903 2773 2959 2819; x_wconf 92' lang='lat' dir='ltr'><strong>ut</strong></span> <span class='ocrx_word' id='word_1_453' title='bbox 3007 2765 3057 2819; x_wconf 89' lang='lat' dir='ltr'><strong>in</strong></span> <span class='ocrx_word' id='word_1_454' title='bbox 3093 2775 3353 2835; x_wconf 82' lang='lat' dir='ltr'><strong>perpetuo</strong></span> <span class='ocrx_word' id='word_1_455' title='bbox 3399 2778 3428 2819; x_wconf 86' lang='lat' dir='ltr'><strong>a</strong></span> <span class='ocrx_word' id='word_1_456' title='bbox 3453 2767 3547 2819; x_wconf 85' lang='lat' dir='ltr'><strong>vita</strong></span> <span class='ocrx_word' id='word_1_457' title='bbox 3583 2761 3736 2818; x_wconf 85' lang='lat' dir='ltr'><strong>occida-</strong></span> 
     </span>
    </p>
   </div>
   <div class='ocr_carea' id='block_1_58' title="bbox 2249 2852 3738 2929">
    <p class='ocr_par' dir='ltr' id='par_1_58' title="bbox 2249 2852 3738 2929">
     <span class='ocr_line' id='line_1_58' title="bbox 2249 2852 3738 2929; baseline -0.007 -15"><span class='ocrx_word' id='word_1_458' title='bbox 2249 2869 2335 2914; x_wconf 91' lang='lat' dir='ltr'><strong>tur</strong></span> <span class='ocrx_word' id='word_1_459' title='bbox 2374 2874 2537 2921; x_wconf 88' lang='lat' dir='ltr'><strong>mors.</strong></span> <span class='ocrx_word' id='word_1_460' title='bbox 2573 2858 2709 2925; x_wconf 86' lang='lat' dir='ltr'><strong>Quid</strong></span> <span class='ocrx_word' id='word_1_461' title='bbox 2757 2858 2841 2912; x_wconf 92' lang='lat' dir='ltr'><strong>hic</strong></span> <span class='ocrx_word' id='word_1_462' title='bbox 2894 2856 3061 2912; x_wconf 68' lang='lat' dir='ltr'><strong>Judaei</strong></span> <span class='ocrx_word' id='word_1_463' title='bbox 3124 2859 3178 2911; x_wconf 91' lang='lat' dir='ltr'><strong>in</strong></span> <span class='ocrx_word' id='word_1_464' title='bbox 3228 2857 3326 2929; x_wconf 86' lang='lat' dir='ltr'><strong>hac</strong></span> <span class='ocrx_word' id='word_1_465' title='bbox 3368 2863 3525 2910; x_wconf 91' lang='lat' dir='ltr'><strong>morte</strong></span> <span class='ocrx_word' id='word_1_466' title='bbox 3565 2852 3738 2910; x_wconf 83' lang='lat' dir='ltr'><strong>Christil</strong></span> 
     </span>
    </p>
   </div>
   <div class='ocr_carea' id='block_1_59' title="bbox 2248 2949 3740 3033">
    <p class='ocr_par' dir='ltr' id='par_1_59' title="bbox 2248 2949 3740 3033">
     <span class='ocr_line' id='line_1_59' title="bbox 2248 2949 3740 3033; baseline -0.004 -28"><span class='ocrx_word' id='word_1_467' title='bbox 2248 2951 2631 3033; x_wconf 68' lang='lat' dir='ltr'><strong>Exultaverunt</strong></span> <span class='ocrx_word' id='word_1_468' title='bbox 2656 2952 2807 3022; x_wconf 89' lang='lat' dir='ltr'><strong>quasi</strong></span> <span class='ocrx_word' id='word_1_469' title='bbox 2836 2952 3088 3021; x_wconf 87' lang='lat' dir='ltr'><strong>victores,</strong></span> <span class='ocrx_word' id='word_1_470' title='bbox 3121 2960 3174 3005; x_wconf 91' lang='lat' dir='ltr'><strong>et</strong></span> <span class='ocrx_word' id='word_1_471' title='bbox 3205 2949 3332 3004; x_wconf 91' lang='lat' dir='ltr'><strong>dum</strong></span> <span class='ocrx_word' id='word_1_472' title='bbox 3363 2960 3601 3005; x_wconf 89' lang='lat' dir='ltr'><strong>terrenum</strong></span> <span class='ocrx_word' id='word_1_473' title='bbox 3621 2958 3661 3001; x_wconf 89' lang='lat' dir='ltr'><strong>et</strong></span> <span class='ocrx_word' id='word_1_474' title='bbox 3681 2960 3740 2999; x_wconf 81' lang='lat' dir='ltr'><strong>ca-</strong></span> 
     </span>
    </p>
   </div>
   <div class='ocr_carea' id='block_1_60' title="bbox 2246 3038 3738 3117">
    <p class='ocr_par' dir='ltr' id='par_1_60' title="bbox 2246 3038 3738 3117">
     <span class='ocr_line' id='line_1_60' title="bbox 2246 3038 3738 3117; baseline -0.005 -20"><span class='ocrx_word' id='word_1_475' title='bbox 2246 3042 2440 3115; x_wconf 84' lang='lat' dir='ltr'><strong>ducum</strong></span> <span class='ocrx_word' id='word_1_476' title='bbox 2494 3060 2714 3114; x_wconf 88' lang='lat' dir='ltr'><strong>regnum</strong></span> <span class='ocrx_word' id='word_1_477' title='bbox 2771 3042 3065 3098; x_wconf 89' lang='lat' dir='ltr'><strong>timuerunt</strong></span> <span class='ocrx_word' id='word_1_478' title='bbox 3114 3042 3360 3112; x_wconf 90' lang='lat' dir='ltr'><strong>perdere,</strong></span> <span class='ocrx_word' id='word_1_479' title='bbox 3393 3055 3551 3117; x_wconf 88' lang='lat' dir='ltr'><strong>regem</strong></span> <span class='ocrx_word' id='word_1_480' title='bbox 3584 3038 3738 3093; x_wconf 70' lang='lat' dir='ltr'><strong>catliet</strong></span> 
     </span>
    </p>
   </div>
   <div class='ocr_carea' id='block_1_61' title="bbox 2246 3130 3738 3201">
    <p class='ocr_par' dir='ltr' id='par_1_61' title="bbox 2246 3130 3738 3201">
     <span class='ocr_line' id='line_1_61' title="bbox 2246 3130 3738 3201; baseline -0.005 -12"><span class='ocrx_word' id='word_1_481' title='bbox 2246 3144 2402 3197; x_wconf 66' lang='lat' dir='ltr'><strong>terrae</strong></span> <span class='ocrx_word' id='word_1_482' title='bbox 2455 3152 2559 3191; x_wconf 90' lang='lat' dir='ltr'><strong>non</strong></span> <span class='ocrx_word' id='word_1_483' title='bbox 2588 3137 2965 3201; x_wconf 85' lang='lat' dir='ltr'><strong>dubitaverunt</strong></span> <span class='ocrx_word' id='word_1_484' title='bbox 2991 3134 3261 3189; x_wconf 84' lang='lat' dir='ltr'><strong>occidere.</strong></span> <span class='ocrx_word' id='word_1_485' title='bbox 3293 3134 3397 3190; x_wconf 76' lang='lat' dir='ltr'><strong>Sed</strong></span> <span class='ocrx_word' id='word_1_486' title='bbox 3443 3148 3527 3187; x_wconf 90' lang='lat' dir='ltr'><strong>nec</strong></span> <span class='ocrx_word' id='word_1_487' title='bbox 3549 3130 3655 3185; x_wconf 87' lang='lat' dir='ltr'><strong>sicut</strong></span> <span class='ocrx_word' id='word_1_488' title='bbox 3676 3144 3738 3199; x_wconf 80' lang='lat' dir='ltr'><strong>pu-</strong></span> 
     </span>
    </p>
   </div>
   <div class='ocr_carea' id='block_1_62' title="bbox 567 3222 3740 3298">
    <p class='ocr_par' dir='ltr' id='par_1_62' title="bbox 567 3222 3740 3298">
     <span class='ocr_line' id='line_1_62' title="bbox 567 3222 3740 3298; baseline -0.005 -9"><span class='ocrx_word' id='word_1_489' title='bbox 567 3226 672 3289; x_wconf 62' lang='lat' dir='ltr'><strong>W’:</strong></span> <span class='ocrx_word' id='word_1_490' title='bbox 710 3234 979 3296; x_wconf 48' lang='lat' dir='ltr'><strong>P9093&quot;?</strong></span> <span class='ocrx_word' id='word_1_491' title='bbox 1010 3222 1246 3277; x_wconf 66' lang='lat' dir='ltr'><strong>Rubrum</strong></span> <span class='ocrx_word' id='word_1_492' title='bbox 1299 3234 1592 3289; x_wconf 70' lang='lat' dir='ltr'><strong>lraﬂseu&#39;tl.</strong></span> <span class='ocrx_word' id='word_1_493' title='bbox 1639 3224 1705 3279; x_wconf 74' lang='lat' dir='ltr'><strong>ad</strong></span> <span class='ocrx_word' id='word_1_494' title='bbox 1737 3224 2010 3279; x_wconf 69' lang='lat' dir='ltr'><strong>heremum</strong></span> <span class='ocrx_word' id='word_1_495' title='bbox 2050 3238 2141 3278; x_wconf 78' lang='lat' dir='ltr'><strong>Ve-</strong></span> <span class='ocrx_word' id='word_1_496' title='bbox 2170 3224 2220 3289; x_wconf 89' lang='lat' dir='ltr'><strong>C</strong></span> <span class='ocrx_word' id='word_1_497' title='bbox 2249 3236 2534 3298; x_wconf 69' lang='lat' dir='ltr'><strong>laverunt,</strong></span> <span class='ocrx_word' id='word_1_498' title='bbox 2591 3230 2822 3283; x_wconf 88' lang='lat' dir='ltr'><strong>victores</strong></span> <span class='ocrx_word' id='word_1_499' title='bbox 2874 3231 3219 3282; x_wconf 84' lang='lat' dir='ltr'><strong>exstiterunt.</strong></span> <span class='ocrx_word' id='word_1_500' title='bbox 3270 3227 3325 3281; x_wconf 91' lang='lat' dir='ltr'><strong>Si</strong></span> <span class='ocrx_word' id='word_1_501' title='bbox 3372 3224 3505 3280; x_wconf 78' lang='lat' dir='ltr'><strong>enim</strong></span> <span class='ocrx_word' id='word_1_502' title='bbox 3549 3226 3740 3286; x_wconf 76' lang='lat' dir='ltr'><strong>Vicerunt,</strong></span> 
     </span>
    </p>
   </div>
   <div class='ocr_carea' id='block_1_63' title="bbox 569 3310 2144 3384">
    <p class='ocr_par' dir='ltr' id='par_1_63' title="bbox 569 3310 2144 3384">
     <span class='ocr_line' id='line_1_63' title="bbox 569 3310 2144 3384; baseline 0.004 -21"><span class='ocrx_word' id='word_1_503' title='bbox 569 3310 743 3379; x_wconf 87' lang='lat' dir='ltr'><strong>niunt,</strong></span> <span class='ocrx_word' id='word_1_504' title='bbox 777 3314 1004 3369; x_wconf 86' lang='lat' dir='ltr'><strong>ducebat</strong></span> <span class='ocrx_word' id='word_1_505' title='bbox 1027 3329 1118 3370; x_wconf 92' lang='lat' dir='ltr'><strong>eos</strong></span> <span class='ocrx_word' id='word_1_506' title='bbox 1148 3330 1272 3384; x_wconf 82' lang='lat' dir='ltr'><strong>spes</strong></span> <span class='ocrx_word' id='word_1_507' title='bbox 1299 3316 1573 3373; x_wconf 87' lang='lat' dir='ltr'><strong>charitatis</strong></span> <span class='ocrx_word' id='word_1_508' title='bbox 1605 3325 1658 3370; x_wconf 93' lang='lat' dir='ltr'><strong>ut</strong></span> <span class='ocrx_word' id='word_1_509' title='bbox 1687 3317 1957 3371; x_wconf 89' lang='lat' dir='ltr'><strong>discerent</strong></span> <span class='ocrx_word' id='word_1_510' title='bbox 1980 3315 2144 3370; x_wconf 92' lang='lat' dir='ltr'><strong>Deum</strong></span> 
     </span>
    </p>
   </div>
   <div class='ocr_carea' id='block_1_64' title="bbox 568 3405 2146 3475">
    <p class='ocr_par' dir='ltr' id='par_1_64' title="bbox 568 3405 2146 3475">
     <span class='ocr_line' id='line_1_64' title="bbox 568 3405 2146 3475; baseline 0.001 -19"><span class='ocrx_word' id='word_1_511' title='bbox 568 3417 749 3460; x_wconf 86' lang='lat' dir='ltr'><strong>amare</strong></span> <span class='ocrx_word' id='word_1_512' title='bbox 797 3405 980 3475; x_wconf 89' lang='lat' dir='ltr'><strong>gratis.</strong></span> <span class='ocrx_word' id='word_1_513' title='bbox 1018 3405 1273 3461; x_wconf 82' lang='lat' dir='ltr'><strong>Redditur</strong></span> <span class='ocrx_word' id='word_1_514' title='bbox 1302 3406 1386 3459; x_wconf 87' lang='lat' dir='ltr'><strong>his</strong></span> <span class='ocrx_word' id='word_1_515' title='bbox 1434 3422 1643 3467; x_wconf 80' lang='lat' dir='ltr'><strong>merces</strong></span> <span class='ocrx_word' id='word_1_516' title='bbox 1678 3406 1837 3473; x_wconf 88' lang='lat' dir='ltr'><strong>ﬁdei;</strong></span> <span class='ocrx_word' id='word_1_517' title='bbox 1871 3422 1973 3463; x_wconf 91' lang='lat' dir='ltr'><strong>non</strong></span> <span class='ocrx_word' id='word_1_518' title='bbox 2004 3408 2146 3460; x_wconf 92' lang='lat' dir='ltr'><strong>enim</strong></span> 
     </span>
    </p>
   </div>
   <div class='ocr_carea' id='block_1_65' title="bbox 568 3500 2149 3573">
    <p class='ocr_par' dir='ltr' id='par_1_65' title="bbox 568 3500 2149 3573">
     <span class='ocr_line' id='line_1_65' title="bbox 568 3500 2149 3573; baseline -0.003 -16"><span class='ocrx_word' id='word_1_519' title='bbox 568 3504 745 3573; x_wconf 86' lang='lat' dir='ltr'><strong>potest</strong></span> <span class='ocrx_word' id='word_1_520' title='bbox 790 3518 894 3558; x_wconf 90' lang='lat' dir='ltr'><strong>non</strong></span> <span class='ocrx_word' id='word_1_521' title='bbox 941 3503 1166 3557; x_wconf 87' lang='lat' dir='ltr'><strong>reddere</strong></span> <span class='ocrx_word' id='word_1_522' title='bbox 1195 3504 1282 3573; x_wconf 90' lang='lat' dir='ltr'><strong>qui</strong></span> <span class='ocrx_word' id='word_1_523' title='bbox 1336 3520 1392 3558; x_wconf 89' lang='lat' dir='ltr'><strong>se</strong></span> <span class='ocrx_word' id='word_1_524' title='bbox 1424 3504 1674 3573; x_wconf 85' lang='lat' dir='ltr'><strong>dignatur</strong></span> <span class='ocrx_word' id='word_1_525' title='bbox 1719 3502 1900 3557; x_wconf 84' lang='lat' dir='ltr'><strong>facere</strong></span> <span class='ocrx_word' id='word_1_526' title='bbox 1942 3500 2149 3554; x_wconf 79' lang='lat' dir='ltr'><strong>debito-</strong></span> 
     </span>
    </p>
   </div>
   <div class='ocr_carea' id='block_1_66' title="bbox 569 3598 2147 3667">
    <p class='ocr_par' dir='ltr' id='par_1_66' title="bbox 569 3598 2147 3667">
     <span class='ocr_line' id='line_1_66' title="bbox 569 3598 2147 3667; baseline -0.003 -14"><span class='ocrx_word' id='word_1_527' title='bbox 569 3600 862 3657; x_wconf 77' lang='lat' dir='ltr'><strong>rem.-l‘ost</strong></span> <span class='ocrx_word' id='word_1_528' title='bbox 904 3600 1177 3653; x_wconf 82' lang='lat' dir='ltr'><strong>heremum</strong></span> <span class='ocrx_word' id='word_1_529' title='bbox 1203 3599 1357 3653; x_wconf 90' lang='lat' dir='ltr'><strong>mella</strong></span> <span class='ocrx_word' id='word_1_530' title='bbox 1388 3614 1420 3657; x_wconf 87' lang='lat' dir='ltr'><strong>e</strong></span> <span class='ocrx_word' id='word_1_531' title='bbox 1451 3608 1594 3667; x_wconf 87' lang='lat' dir='ltr'><strong>petra</strong></span> <span class='ocrx_word' id='word_1_532' title='bbox 1626 3598 1924 3662; x_wconf 83' lang='lat' dir='ltr'><strong>ﬂuxerunt;</strong></span> <span class='ocrx_word' id='word_1_533' title='bbox 1956 3611 2147 3665; x_wconf 89' lang='lat' dir='ltr'><strong>panem</strong></span> 
     </span>
    </p>
   </div>
   <div class='ocr_carea' id='block_1_67' title="bbox 569 3689 2149 3760">
    <p class='ocr_par' dir='ltr' id='par_1_67' title="bbox 569 3689 2149 3760">
     <span class='ocr_line' id='line_1_67' title="bbox 569 3689 2149 3760; baseline -0.004 -10"><span class='ocrx_word' id='word_1_534' title='bbox 569 3694 691 3750; x_wconf 65' lang='lat' dir='ltr'><strong>caeli</strong></span> <span class='ocrx_word' id='word_1_535' title='bbox 738 3691 1225 3758; x_wconf 82' lang='lat' dir='ltr'><strong>manducaveruut;</strong></span> <span class='ocrx_word' id='word_1_536' title='bbox 1278 3708 1381 3747; x_wconf 88' lang='lat' dir='ltr'><strong>non</strong></span> <span class='ocrx_word' id='word_1_537' title='bbox 1433 3700 1558 3746; x_wconf 88' lang='lat' dir='ltr'><strong>sunt</strong></span> <span class='ocrx_word' id='word_1_538' title='bbox 1586 3690 1776 3760; x_wconf 90' lang='lat' dir='ltr'><strong>privati</strong></span> <span class='ocrx_word' id='word_1_539' title='bbox 1808 3705 1835 3743; x_wconf 92' lang='lat' dir='ltr'><strong>a</strong></span> <span class='ocrx_word' id='word_1_540' title='bbox 1878 3689 2149 3744; x_wconf 88' lang='lat' dir='ltr'><strong>desiderio</strong></span> 
     </span>
    </p>
   </div>
   <div class='ocr_carea' id='block_1_68' title="bbox 569 3779 2149 3855">
    <p class='ocr_par' dir='ltr' id='par_1_68' title="bbox 569 3779 2149 3855">
     <span class='ocr_line' id='line_1_68' title="bbox 569 3779 2149 3855; baseline -0.005 -14"><span class='ocrx_word' id='word_1_541' title='bbox 569 3799 668 3841; x_wconf 84' lang='lat' dir='ltr'><strong>suo</strong></span> <span class='ocrx_word' id='word_1_542' title='bbox 690 3784 827 3855; x_wconf 89' lang='lat' dir='ltr'><strong>quod</strong></span> <span class='ocrx_word' id='word_1_543' title='bbox 866 3792 1234 3852; x_wconf 85' lang='lat' dir='ltr'><strong>speraverunt,</strong></span> <span class='ocrx_word' id='word_1_544' title='bbox 1264 3792 1458 3838; x_wconf 92' lang='lat' dir='ltr'><strong>terram</strong></span> <span class='ocrx_word' id='word_1_545' title='bbox 1490 3783 1649 3837; x_wconf 89' lang='lat' dir='ltr'><strong>etiam</strong></span> <span class='ocrx_word' id='word_1_546' title='bbox 1674 3779 2042 3851; x_wconf 76' lang='lat' dir='ltr'><strong>promissionis</strong></span> <span class='ocrx_word' id='word_1_547' title='bbox 2063 3794 2149 3833; x_wconf 90' lang='lat' dir='ltr'><strong>ac-</strong></span> 
     </span>
    </p>
   </div>
   <div class='ocr_carea' id='block_1_69' title="bbox 572 3872 2147 3944">
    <p class='ocr_par' dir='ltr' id='par_1_69' title="bbox 572 3872 2147 3944">
     <span class='ocr_line' id='line_1_69' title="bbox 572 3872 2147 3944; baseline -0.003 -14"><span class='ocrx_word' id='word_1_548' title='bbox 572 3884 846 3944; x_wconf 85' lang='lat' dir='ltr'><strong>ceperunt.</strong></span> <span class='ocrx_word' id='word_1_549' title='bbox 880 3875 1113 3944; x_wconf 85' lang='lat' dir='ltr'><strong>Exurgat</strong></span> <span class='ocrx_word' id='word_1_550' title='bbox 1144 3875 1317 3929; x_wconf 84' lang='lat' dir='ltr'><strong>anima</strong></span> <span class='ocrx_word' id='word_1_551' title='bbox 1368 3890 1485 3944; x_wconf 74' lang='lat' dir='ltr'><strong>qua:</strong></span> <span class='ocrx_word' id='word_1_552' title='bbox 1518 3873 1672 3944; x_wconf 88' lang='lat' dir='ltr'><strong>hujus</strong></span> <span class='ocrx_word' id='word_1_553' title='bbox 1716 3872 1991 3927; x_wconf 84' lang='lat' dir='ltr'><strong>charitatis</strong></span> <span class='ocrx_word' id='word_1_554' title='bbox 2039 3872 2147 3925; x_wconf 89' lang='lat' dir='ltr'><strong>vir-</strong></span> 
     </span>
    </p>
   </div>
   <div class='ocr_carea' id='block_1_70' title="bbox 572 3965 2149 4040">
    <p class='ocr_par' dir='ltr' id='par_1_70' title="bbox 572 3965 2149 4040">
     <span class='ocr_line' id='line_1_70' title="bbox 572 3965 2149 4040; baseline -0.004 -17"><span class='ocrx_word' id='word_1_555' title='bbox 572 3978 684 4025; x_wconf 84' lang='lat' dir='ltr'><strong>tute</strong></span> <span class='ocrx_word' id='word_1_556' title='bbox 711 3969 1097 4038; x_wconf 83' lang='lat' dir='ltr'><strong>comprehensa</strong></span> <span class='ocrx_word' id='word_1_557' title='bbox 1141 3976 1263 4023; x_wconf 80' lang='lat' dir='ltr'><strong>est:</strong></span> <span class='ocrx_word' id='word_1_558' title='bbox 1301 3967 1521 4040; x_wconf 69' lang='lat' dir='ltr'><strong>effugiat</strong></span> <span class='ocrx_word' id='word_1_559' title='bbox 1557 3982 1622 4021; x_wconf 85' lang='lat' dir='ltr'><strong>ex</strong></span> <span class='ocrx_word' id='word_1_560' title='bbox 1672 3965 1923 4037; x_wconf 58' lang='lat' dir='ltr'><strong>Egypto,</strong></span> <span class='ocrx_word' id='word_1_561' title='bbox 1974 3965 2024 4017; x_wconf 91' lang='lat' dir='ltr'><strong>id</strong></span> <span class='ocrx_word' id='word_1_562' title='bbox 2069 3973 2149 4025; x_wconf 82' lang='lat' dir='ltr'><strong>est</strong></span> 
     </span>
    </p>
   </div>
   <div class='ocr_carea' id='block_1_71' title="bbox 573 4054 2148 4131">
    <p class='ocr_par' dir='ltr' id='par_1_71' title="bbox 573 4054 2148 4131">
     <span class='ocr_line' id='line_1_71' title="bbox 573 4054 2148 4131; baseline -0.007 -14"><span class='ocrx_word' id='word_1_563' title='bbox 573 4076 637 4117; x_wconf 83' lang='lat' dir='ltr'><strong>ex</strong></span> <span class='ocrx_word' id='word_1_564' title='bbox 666 4060 822 4130; x_wconf 90' lang='lat' dir='ltr'><strong>hujus</strong></span> <span class='ocrx_word' id='word_1_565' title='bbox 848 4060 1029 4117; x_wconf 78' lang='lat' dir='ltr'><strong>saeculi</strong></span> <span class='ocrx_word' id='word_1_566' title='bbox 1077 4059 1360 4123; x_wconf 84' lang='lat' dir='ltr'><strong>desiderio,</strong></span> <span class='ocrx_word' id='word_1_567' title='bbox 1392 4066 1578 4127; x_wconf 88' lang='lat' dir='ltr'><strong>pergat</strong></span> <span class='ocrx_word' id='word_1_568' title='bbox 1614 4056 1680 4111; x_wconf 91' lang='lat' dir='ltr'><strong>ad</strong></span> <span class='ocrx_word' id='word_1_569' title='bbox 1711 4071 1856 4112; x_wconf 91' lang='lat' dir='ltr'><strong>mare</strong></span> <span class='ocrx_word' id='word_1_570' title='bbox 1885 4054 2148 4131; x_wconf 85' lang='lat' dir='ltr'><strong>Rubrum,</strong></span> 
     </span>
    </p>
   </div>
   <div class='ocr_carea' id='block_1_72' title="bbox 573 4146 2151 4221">
    <p class='ocr_par' dir='ltr' id='par_1_72' title="bbox 573 4146 2151 4221">
     <span class='ocr_line' id='line_1_72' title="bbox 573 4146 2151 4221; baseline -0.008 -10"><span class='ocrx_word' id='word_1_571' title='bbox 573 4155 777 4211; x_wconf 80' lang='lat' dir='ltr'><strong>scilicet</strong></span> <span class='ocrx_word' id='word_1_572' title='bbox 802 4154 996 4208; x_wconf 82' lang='lat' dir='ltr'><strong>Christi</strong></span> <span class='ocrx_word' id='word_1_573' title='bbox 1036 4154 1356 4221; x_wconf 71' lang='lat' dir='ltr'><strong>baptismum</strong></span> <span class='ocrx_word' id='word_1_574' title='bbox 1380 4169 1406 4217; x_wconf 76' lang='lat'><strong>;-</strong></span> <span class='ocrx_word' id='word_1_575' title='bbox 1428 4152 1548 4206; x_wconf 89' lang='lat' dir='ltr'><strong>ideo</strong></span> <span class='ocrx_word' id='word_1_576' title='bbox 1582 4150 1799 4204; x_wconf 88' lang='lat' dir='ltr'><strong>rubrum</strong></span> <span class='ocrx_word' id='word_1_577' title='bbox 1830 4147 1955 4218; x_wconf 88' lang='lat' dir='ltr'><strong>quia</strong></span> <span class='ocrx_word' id='word_1_578' title='bbox 1996 4146 2151 4201; x_wconf 89' lang='lat' dir='ltr'><strong>Chri-</strong></span> 
     </span>
    </p>
   </div>
   <div class='ocr_carea' id='block_1_73' title="bbox 573 4242 2150 4317">
    <p class='ocr_par' dir='ltr' id='par_1_73' title="bbox 573 4242 2150 4317">
     <span class='ocr_line' id='line_1_73' title="bbox 573 4242 2150 4317; baseline -0.009 -12"><span class='ocrx_word' id='word_1_579' title='bbox 573 4249 641 4305; x_wconf 84' lang='lat' dir='ltr'><strong>sti</strong></span> <span class='ocrx_word' id='word_1_580' title='bbox 668 4250 922 4317; x_wconf 80' lang='lat' dir='ltr'><strong>sanguine</strong></span> <span class='ocrx_word' id='word_1_581' title='bbox 946 4257 1221 4315; x_wconf 85' lang='lat' dir='ltr'><strong>purgatum</strong></span> <span class='ocrx_word' id='word_1_582' title='bbox 1242 4284 1256 4299; x_wconf 93' lang='lat'><strong>.</strong></span> <span class='ocrx_word' id='word_1_583' title='bbox 1289 4245 1682 4313; x_wconf 87' lang='lat' dir='ltr'><strong>Persequantur</strong></span> <span class='ocrx_word' id='word_1_584' title='bbox 1706 4242 1906 4302; x_wconf 82' lang='lat' dir='ltr'><strong>hostes,</strong></span> <span class='ocrx_word' id='word_1_585' title='bbox 1932 4248 2150 4313; x_wconf 69' lang='lat' dir='ltr'><strong>peccata</strong></span> 
     </span>
    </p>
   </div>
   <div class='ocr_carea' id='block_1_74' title="bbox 574 4332 2149 4405">
    <p class='ocr_par' dir='ltr' id='par_1_74' title="bbox 574 4332 2149 4405">
     <span class='ocr_line' id='line_1_74' title="bbox 574 4332 2149 4405; baseline -0.01 -4"><span class='ocrx_word' id='word_1_586' title='bbox 574 4344 782 4400; x_wconf 74' lang='lat' dir='ltr'><strong>scilicet</strong></span> <span class='ocrx_word' id='word_1_587' title='bbox 811 4356 928 4395; x_wconf 88' lang='lat' dir='ltr'><strong>cum</strong></span> <span class='ocrx_word' id='word_1_588' title='bbox 953 4354 1054 4397; x_wconf 90' lang='lat' dir='ltr'><strong>suo</strong></span> <span class='ocrx_word' id='word_1_589' title='bbox 1081 4348 1299 4394; x_wconf 83' lang='lat' dir='ltr'><strong>auctore</strong></span> <span class='ocrx_word' id='word_1_590' title='bbox 1330 4338 1561 4403; x_wconf 86' lang='lat' dir='ltr'><strong>diabolo,</strong></span> <span class='ocrx_word' id='word_1_591' title='bbox 1594 4347 1841 4404; x_wconf 87' lang='lat' dir='ltr'><strong>tanquam</strong></span> <span class='ocrx_word' id='word_1_592' title='bbox 1870 4350 1934 4390; x_wconf 89' lang='lat' dir='ltr'><strong>ex</strong></span> <span class='ocrx_word' id='word_1_593' title='bbox 1979 4332 2149 4405; x_wconf 66' lang='lat' dir='ltr'><strong>IEgy-</strong></span> 
     </span>
    </p>
   </div>
   <div class='ocr_carea' id='block_1_75' title="bbox 575 4428 2154 4505">
    <p class='ocr_par' dir='ltr' id='par_1_75' title="bbox 575 4428 2154 4505">
     <span class='ocr_line' id='line_1_75' title="bbox 575 4428 2154 4505; baseline -0.008 -12"><span class='ocrx_word' id='word_1_594' title='bbox 575 4445 668 4505; x_wconf 87' lang='lat' dir='ltr'><strong>pto</strong></span> <span class='ocrx_word' id='word_1_595' title='bbox 689 4450 809 4491; x_wconf 87' lang='lat' dir='ltr'><strong>cum</strong></span> <span class='ocrx_word' id='word_1_596' title='bbox 841 4449 937 4489; x_wconf 89' lang='lat' dir='ltr'><strong>suo</strong></span> <span class='ocrx_word' id='word_1_597' title='bbox 976 4448 1100 4502; x_wconf 87' lang='lat' dir='ltr'><strong>rege</strong></span> <span class='ocrx_word' id='word_1_598' title='bbox 1140 4432 1420 4488; x_wconf 86' lang='lat' dir='ltr'><strong>Pharaone</strong></span> <span class='ocrx_word' id='word_1_599' title='bbox 1448 4430 1693 4491; x_wconf 66' lang='lat' dir='ltr'><strong>saaviant,</strong></span> <span class='ocrx_word' id='word_1_600' title='bbox 1741 4437 2031 4497; x_wconf 88' lang='lat' dir='ltr'><strong>sequantur</strong></span> <span class='ocrx_word' id='word_1_601' title='bbox 2076 4428 2154 4480; x_wconf 85' lang='lat' dir='ltr'><strong>iu-</strong></span> 
     </span>
    </p>
   </div>
   <div class='ocr_carea' id='block_1_76' title="bbox 576 4518 2154 4602">
    <p class='ocr_par' dir='ltr' id='par_1_76' title="bbox 576 4518 2154 4602">
     <span class='ocr_line' id='line_1_76' title="bbox 576 4518 2154 4602; baseline -0.01 -18"><span class='ocrx_word' id='word_1_602' title='bbox 576 4530 798 4602; x_wconf 86' lang='lat' dir='ltr'><strong>gientes,</strong></span> <span class='ocrx_word' id='word_1_603' title='bbox 829 4525 953 4595; x_wconf 90' lang='lat' dir='ltr'><strong>quid</strong></span> <span class='ocrx_word' id='word_1_604' title='bbox 987 4523 1212 4580; x_wconf 82' lang='lat' dir='ltr'><strong>metuis?</strong></span> <span class='ocrx_word' id='word_1_605' title='bbox 1245 4521 1424 4591; x_wconf 88' lang='lat' dir='ltr'><strong>Usque</strong></span> <span class='ocrx_word' id='word_1_606' title='bbox 1454 4520 1517 4573; x_wconf 90' lang='lat' dir='ltr'><strong>ad</strong></span> <span class='ocrx_word' id='word_1_607' title='bbox 1566 4533 1756 4587; x_wconf 90' lang='lat' dir='ltr'><strong>aquam</strong></span> <span class='ocrx_word' id='word_1_608' title='bbox 1787 4528 2041 4582; x_wconf 76' lang='lat' dir='ltr'><strong>saevuent;</strong></span> <span class='ocrx_word' id='word_1_609' title='bbox 2074 4518 2154 4570; x_wconf 92' lang='lat' dir='ltr'><strong>in-</strong></span> 
     </span>
    </p>
   </div>
   <div class='ocr_carea' id='block_1_77' title="bbox 2253 3318 3743 3399">
    <p class='ocr_par' dir='ltr' id='par_1_77' title="bbox 2253 3318 3743 3399">
     <span class='ocr_line' id='line_1_77' title="bbox 2253 3318 3743 3399; baseline -0.006 -23"><span class='ocrx_word' id='word_1_610' title='bbox 2253 3337 2475 3393; x_wconf 81' lang='lat' dir='ltr'><strong>regnunt</strong></span> <span class='ocrx_word' id='word_1_611' title='bbox 2497 3320 2763 3397; x_wconf 86' lang='lat' dir='ltr'><strong>quomodo</strong></span> <span class='ocrx_word' id='word_1_612' title='bbox 2786 3318 3167 3399; x_wconf 85' lang='lat' dir='ltr'><strong>perdiderunt?</strong></span> <span class='ocrx_word' id='word_1_613' title='bbox 3190 3318 3464 3389; x_wconf 86' lang='lat' dir='ltr'><strong>Quomodo</strong></span> <span class='ocrx_word' id='word_1_614' title='bbox 3490 3329 3608 3371; x_wconf 90' lang='lat' dir='ltr'><strong>nunc</strong></span> <span class='ocrx_word' id='word_1_615' title='bbox 3627 3324 3743 3382; x_wconf 84' lang='lat' dir='ltr'><strong>usque</strong></span> 
     </span>
    </p>
   </div>
   <div class='ocr_carea' id='block_1_78' title="bbox 2253 3401 3742 3483">
    <p class='ocr_par' dir='ltr' id='par_1_78' title="bbox 2253 3401 3742 3483">
     <span class='ocr_line' id='line_1_78' title="bbox 2253 3401 3742 3483; baseline -0.008 -16"><span class='ocrx_word' id='word_1_616' title='bbox 2253 3415 2394 3469; x_wconf 76' lang='lat' dir='ltr'><strong>servi</strong></span> <span class='ocrx_word' id='word_1_617' title='bbox 2427 3413 2831 3469; x_wconf 86' lang='lat' dir='ltr'><strong>remanserunt?</strong></span> <span class='ocrx_word' id='word_1_618' title='bbox 2861 3411 2964 3483; x_wconf 82' lang='lat' dir='ltr'><strong>lsta</strong></span> <span class='ocrx_word' id='word_1_619' title='bbox 2991 3425 3225 3482; x_wconf 89' lang='lat' dir='ltr'><strong>namque</strong></span> <span class='ocrx_word' id='word_1_620' title='bbox 3254 3424 3410 3463; x_wconf 90' lang='lat' dir='ltr'><strong>causa</strong></span> <span class='ocrx_word' id='word_1_621' title='bbox 3439 3416 3512 3464; x_wconf 87' lang='lat' dir='ltr'><strong>est</strong></span> <span class='ocrx_word' id='word_1_622' title='bbox 3537 3419 3622 3477; x_wconf 87' lang='lat' dir='ltr'><strong>qua</strong></span> <span class='ocrx_word' id='word_1_623' title='bbox 3639 3401 3742 3458; x_wconf 88' lang='lat' dir='ltr'><strong>Chri-</strong></span> 
     </span>
    </p>
   </div>
   <div class='ocr_carea' id='block_1_79' title="bbox 2253 3497 3745 3573">
    <p class='ocr_par' dir='ltr' id='par_1_79' title="bbox 2253 3497 3745 3573">
     <span class='ocr_line' id='line_1_79' title="bbox 2253 3497 3745 3573; baseline -0.007 -12"><span class='ocrx_word' id='word_1_624' title='bbox 2253 3518 2367 3562; x_wconf 91' lang='lat' dir='ltr'><strong>stus</strong></span> <span class='ocrx_word' id='word_1_625' title='bbox 2403 3508 2470 3564; x_wconf 89' lang='lat' dir='ltr'><strong>ab</strong></span> <span class='ocrx_word' id='word_1_626' title='bbox 2519 3509 2597 3562; x_wconf 87' lang='lat' dir='ltr'><strong>eis</strong></span> <span class='ocrx_word' id='word_1_627' title='bbox 2630 3510 2836 3562; x_wconf 86' lang='lat' dir='ltr'><strong>occisus</strong></span> <span class='ocrx_word' id='word_1_628' title='bbox 2865 3514 2967 3562; x_wconf 91' lang='lat' dir='ltr'><strong>est.</strong></span> <span class='ocrx_word' id='word_1_629' title='bbox 3020 3505 3286 3559; x_wconf 77' lang='lat' dir='ltr'><strong>Dixerunt</strong></span> <span class='ocrx_word' id='word_1_630' title='bbox 3326 3517 3536 3573; x_wconf 89' lang='lat' dir='ltr'><strong>namque</strong></span> <span class='ocrx_word' id='word_1_631' title='bbox 3569 3497 3675 3568; x_wconf 86' lang='lat' dir='ltr'><strong>apud</strong></span> <span class='ocrx_word' id='word_1_632' title='bbox 3705 3508 3745 3550; x_wconf 77' lang='lat' dir='ltr'><strong>se</strong></span> 
     </span>
    </p>
   </div>
   <div class='ocr_carea' id='block_1_80' title="bbox 2255 3586 3741 3670">
    <p class='ocr_par' dir='ltr' id='par_1_80' title="bbox 2255 3586 3741 3670">
     <span class='ocr_line' id='line_1_80' title="bbox 2255 3586 3741 3670; baseline -0.011 -17"><span class='ocrx_word' id='word_1_633' title='bbox 2255 3601 2521 3670; x_wconf 90' lang='lat' dir='ltr'><strong>principes</strong></span> <span class='ocrx_word' id='word_1_634' title='bbox 2549 3600 2877 3663; x_wconf 63' lang='lat' dir='ltr'><strong>Iudaeorum,</strong></span> <span class='ocrx_word' id='word_1_635' title='bbox 2914 3608 2968 3651; x_wconf 93' lang='lat' dir='ltr'><strong>ut</strong></span> <span class='ocrx_word' id='word_1_636' title='bbox 2993 3595 3323 3667; x_wconf 86' lang='lat' dir='ltr'><strong>evangelista</strong></span> <span class='ocrx_word' id='word_1_637' title='bbox 3352 3606 3556 3648; x_wconf 88' lang='lat' dir='ltr'><strong>narrat:</strong></span> <span class='ocrx_word' id='word_1_638' title='bbox 3590 3586 3741 3655; x_wconf 71' lang='lat' dir='ltr'><strong>Videtis,</strong></span> 
     </span>
    </p>
   </div>
   <div class='ocr_carea' id='block_1_81' title="bbox 2254 3680 3741 3762">
    <p class='ocr_par' dir='ltr' id='par_1_81' title="bbox 2254 3680 3741 3762">
     <span class='ocr_line' id='line_1_81' title="bbox 2254 3680 3741 3762; baseline -0.01 -18"><span class='ocrx_word' id='word_1_639' title='bbox 2254 3692 2517 3762; x_wconf 83' lang='lat' dir='ltr'><strong>inquiunt,</strong></span> <span class='ocrx_word' id='word_1_640' title='bbox 2554 3692 2671 3757; x_wconf 81' lang='lat' dir='ltr'><strong>quia</strong></span> <span class='ocrx_word' id='word_1_641' title='bbox 2696 3702 2829 3743; x_wconf 81' lang='lat' dir='ltr'><strong>totus</strong></span> <span class='ocrx_word' id='word_1_642' title='bbox 2854 3688 3075 3742; x_wconf 85' lang='lat' dir='ltr'><strong>mundus</strong></span> <span class='ocrx_word' id='word_1_643' title='bbox 3100 3697 3213 3756; x_wconf 86' lang='lat' dir='ltr'><strong>post</strong></span> <span class='ocrx_word' id='word_1_644' title='bbox 3237 3703 3353 3740; x_wconf 85' lang='lat' dir='ltr'><strong>eum</strong></span> <span class='ocrx_word' id='word_1_645' title='bbox 3374 3685 3517 3749; x_wconf 85' lang='lat' dir='ltr'><strong>abiit;</strong></span> <span class='ocrx_word' id='word_1_646' title='bbox 3536 3682 3573 3735; x_wconf 82' lang='lat' dir='ltr'><strong>si</strong></span> <span class='ocrx_word' id='word_1_647' title='bbox 3598 3680 3741 3732; x_wconf 73' lang='lat' dir='ltr'><strong>dimise-</strong></span> 
     </span>
    </p>
   </div>
   <div class='ocr_carea' id='block_1_82' title="bbox 2252 3770 3746 3847">
    <p class='ocr_par' dir='ltr' id='par_1_82' title="bbox 2252 3770 3746 3847">
     <span class='ocr_line' id='line_1_82' title="bbox 2252 3770 3746 3847; baseline -0.009 -11"><span class='ocrx_word' id='word_1_648' title='bbox 2252 3784 2414 3837; x_wconf 82' lang='lat' dir='ltr'><strong>rimus</strong></span> <span class='ocrx_word' id='word_1_649' title='bbox 2446 3799 2559 3837; x_wconf 86' lang='lat' dir='ltr'><strong>eum</strong></span> <span class='ocrx_word' id='word_1_650' title='bbox 2592 3783 2770 3847; x_wconf 78' lang='lat' dir='ltr'><strong>vivere,</strong></span> <span class='ocrx_word' id='word_1_651' title='bbox 2802 3782 2997 3835; x_wconf 85' lang='lat' dir='ltr'><strong>venient</strong></span> <span class='ocrx_word' id='word_1_652' title='bbox 3018 3781 3243 3835; x_wconf 87' lang='lat' dir='ltr'><strong>Romani</strong></span> <span class='ocrx_word' id='word_1_653' title='bbox 3266 3789 3314 3833; x_wconf 90' lang='lat' dir='ltr'><strong>et</strong></span> <span class='ocrx_word' id='word_1_654' title='bbox 3336 3778 3501 3831; x_wconf 83' lang='lat' dir='ltr'><strong>tollent</strong></span> <span class='ocrx_word' id='word_1_655' title='bbox 3520 3770 3746 3828; x_wconf 74' lang='lat' dir='ltr'><strong>nobisctlo-</strong></span> 
     </span>
    </p>
   </div>
   <div class='ocr_carea' id='block_1_83' title="bbox 2256 3865 3747 3947">
    <p class='ocr_par' dir='ltr' id='par_1_83' title="bbox 2256 3865 3747 3947">
     <span class='ocr_line' id='line_1_83' title="bbox 2256 3865 3747 3947; baseline -0.009 -20"><span class='ocrx_word' id='word_1_656' title='bbox 2256 3891 2370 3927; x_wconf 87' lang='lat' dir='ltr'><strong>cum</strong></span> <span class='ocrx_word' id='word_1_657' title='bbox 2401 3886 2447 3928; x_wconf 90' lang='lat' dir='ltr'><strong>et</strong></span> <span class='ocrx_word' id='word_1_658' title='bbox 2479 3890 2725 3947; x_wconf 80' lang='lat' dir='ltr'><strong>regnum;</strong></span> <span class='ocrx_word' id='word_1_659' title='bbox 2758 3882 2811 3928; x_wconf 89' lang='lat' dir='ltr'><strong>et</strong></span> <span class='ocrx_word' id='word_1_660' title='bbox 2830 3872 3100 3928; x_wconf 83' lang='lat' dir='ltr'><strong>Christum</strong></span> <span class='ocrx_word' id='word_1_661' title='bbox 3130 3871 3458 3934; x_wconf 89' lang='lat' dir='ltr'><strong>occiderunt,</strong></span> <span class='ocrx_word' id='word_1_662' title='bbox 3487 3876 3532 3922; x_wconf 89' lang='lat' dir='ltr'><strong>et</strong></span> <span class='ocrx_word' id='word_1_663' title='bbox 3560 3865 3692 3919; x_wconf 87' lang='lat' dir='ltr'><strong>locum</strong></span> <span class='ocrx_word' id='word_1_664' title='bbox 3712 3866 3747 3912; x_wconf 89' lang='lat' dir='ltr'><strong>el</strong></span> 
     </span>
    </p>
   </div>
   <div class='ocr_carea' id='block_1_84' title="bbox 2256 3954 3746 4045">
    <p class='ocr_par' dir='ltr' id='par_1_84' title="bbox 2256 3954 3746 4045">
     <span class='ocr_line' id='line_1_84' title="bbox 2256 3954 3746 4045; baseline -0.014 -18"><span class='ocrx_word' id='word_1_665' title='bbox 2256 3988 2475 4045; x_wconf 85' lang='lat' dir='ltr'><strong>regnum</strong></span> <span class='ocrx_word' id='word_1_666' title='bbox 2507 3972 2866 4043; x_wconf 90' lang='lat' dir='ltr'><strong>perdiderunt.</strong></span> <span class='ocrx_word' id='word_1_667' title='bbox 2898 3970 3035 4038; x_wconf 90' lang='lat' dir='ltr'><strong>Quid</strong></span> <span class='ocrx_word' id='word_1_668' title='bbox 3063 3970 3216 4024; x_wconf 90' lang='lat' dir='ltr'><strong>vobis</strong></span> <span class='ocrx_word' id='word_1_669' title='bbox 3244 3966 3455 4037; x_wconf 82' lang='lat' dir='ltr'><strong>profuit,</strong></span> <span class='ocrx_word' id='word_1_670' title='bbox 3482 3978 3511 4016; x_wconf 93' lang='grc' dir='ltr'>ο</span> <span class='ocrx_word' id='word_1_671' title='bbox 3532 3956 3666 4015; x_wconf 90' lang='lat' dir='ltr'><strong>insani</strong></span> <span class='ocrx_word' id='word_1_672' title='bbox 3683 3954 3746 4045; x_wconf 82' lang='lat' dir='ltr'><strong>lu-</strong></span> 
     </span>
    </p>
   </div>
   <div class='ocr_carea' id='block_1_85' title="bbox 2253 4044 3747 4135">
    <p class='ocr_par' dir='ltr' id='par_1_85' title="bbox 2253 4044 3747 4135">
     <span class='ocr_line' id='line_1_85' title="bbox 2253 4044 3747 4135; baseline -0.01 -16"><span class='ocrx_word' id='word_1_673' title='bbox 2253 4044 2378 4132; x_wconf 78' lang='lat' dir='ltr'><strong>daei,</strong></span> <span class='ocrx_word' id='word_1_674' title='bbox 2402 4066 2541 4135; x_wconf 91' lang='lat' dir='ltr'><strong>quod</strong></span> <span class='ocrx_word' id='word_1_675' title='bbox 2571 4074 2773 4119; x_wconf 90' lang='lat' dir='ltr'><strong>tantum</strong></span> <span class='ocrx_word' id='word_1_676' title='bbox 2801 4062 2977 4117; x_wconf 83' lang='lat' dir='ltr'><strong>scelus</strong></span> <span class='ocrx_word' id='word_1_677' title='bbox 3006 4056 3385 4112; x_wconf 78' lang='lat' dir='ltr'><strong>commisistis?</strong></span> <span class='ocrx_word' id='word_1_678' title='bbox 3424 4048 3647 4121; x_wconf 84' lang='lat' dir='ltr'><strong>Numquid</strong></span> <span class='ocrx_word' id='word_1_679' title='bbox 3665 4044 3747 4135; x_wconf 63' lang='lat' dir='ltr'><strong>quit</strong></span> 
     </span>
    </p>
   </div>
   <div class='ocr_carea' id='block_1_86' title="bbox 2254 4134 3748 4219">
    <p class='ocr_par' dir='ltr' id='par_1_86' title="bbox 2254 4134 3748 4219">
     <span class='ocr_line' id='line_1_86' title="bbox 2254 4134 3748 4219; baseline -0.015 -9"><span class='ocrx_word' id='word_1_680' title='bbox 2254 4134 2466 4210; x_wconf 85' lang='lat' dir='ltr'><strong>Christo</strong></span> <span class='ocrx_word' id='word_1_681' title='bbox 2491 4154 2737 4219; x_wconf 89' lang='lat' dir='ltr'><strong>Domino,</strong></span> <span class='ocrx_word' id='word_1_682' title='bbox 2786 4159 2845 4206; x_wconf 92' lang='lat' dir='ltr'><strong>ut</strong></span> <span class='ocrx_word' id='word_1_683' title='bbox 2888 4150 3083 4216; x_wconf 90' lang='lat' dir='ltr'><strong>decuit,</strong></span> <span class='ocrx_word' id='word_1_684' title='bbox 3140 4151 3345 4204; x_wconf 89' lang='lat' dir='ltr'><strong>servire</strong></span> <span class='ocrx_word' id='word_1_685' title='bbox 3382 4143 3632 4204; x_wconf 81' lang='lat' dir='ltr'><strong>noluistis,</strong></span> <span class='ocrx_word' id='word_1_686' title='bbox 3666 4134 3748 4191; x_wconf 81' lang='lat' dir='ltr'><strong>iacti</strong></span> 
     </span>
    </p>
   </div>
   <div class='ocr_carea' id='block_1_87' title="bbox 2253 4226 3747 4301">
    <p class='ocr_par' dir='ltr' id='par_1_87' title="bbox 2253 4226 3747 4301">
     <span class='ocr_line' id='line_1_87' title="bbox 2253 4226 3747 4301; baseline -0.016 0"><span class='ocrx_word' id='word_1_687' title='bbox 2253 4246 2382 4301; x_wconf 80' lang='lat' dir='ltr'><strong>eStis</strong></span> <span class='ocrx_word' id='word_1_688' title='bbox 2412 4244 2536 4299; x_wconf 89' lang='lat' dir='ltr'><strong>mali</strong></span> <span class='ocrx_word' id='word_1_689' title='bbox 2583 4243 2720 4297; x_wconf 85' lang='lat' dir='ltr'><strong>servi</strong></span> <span class='ocrx_word' id='word_1_690' title='bbox 2779 4240 3041 4297; x_wconf 91' lang='lat' dir='ltr'><strong>bonorum</strong></span> <span class='ocrx_word' id='word_1_691' title='bbox 3094 4253 3373 4295; x_wconf 88' lang='lat' dir='ltr'><strong>servorum</strong></span> <span class='ocrx_word' id='word_1_692' title='bbox 3428 4229 3642 4291; x_wconf 83' lang='lat' dir='ltr'><strong>Christi?</strong></span> <span class='ocrx_word' id='word_1_693' title='bbox 3678 4226 3747 4281; x_wconf 85' lang='lat' dir='ltr'><strong>Per</strong></span> 
     </span>
    </p>
   </div>
   <div class='ocr_carea' id='block_1_88' title="bbox 2254 4315 3750 4407">
    <p class='ocr_par' dir='ltr' id='par_1_88' title="bbox 2254 4315 3750 4407">
     <span class='ocr_line' id='line_1_88' title="bbox 2254 4315 3750 4407; baseline -0.016 -15"><span class='ocrx_word' id='word_1_694' title='bbox 2254 4338 2400 4407; x_wconf 89' lang='lat' dir='ltr'><strong>ipsos</strong></span> <span class='ocrx_word' id='word_1_695' title='bbox 2430 4334 2658 4390; x_wconf 88' lang='lat' dir='ltr'><strong>conterit</strong></span> <span class='ocrx_word' id='word_1_696' title='bbox 2688 4332 3074 4389; x_wconf 80' lang='lat' dir='ltr'><strong>contumaciam</strong></span> <span class='ocrx_word' id='word_1_697' title='bbox 3100 4343 3354 4396; x_wconf 89' lang='lat' dir='ltr'><strong>vestram,</strong></span> <span class='ocrx_word' id='word_1_698' title='bbox 3389 4344 3475 4395; x_wconf 89' lang='lat' dir='ltr'><strong>per</strong></span> <span class='ocrx_word' id='word_1_699' title='bbox 3500 4326 3620 4393; x_wconf 85' lang='lat' dir='ltr'><strong>ipsos</strong></span> <span class='ocrx_word' id='word_1_700' title='bbox 3641 4315 3750 4373; x_wconf 87' lang='lat' dir='ltr'><strong>dissi-</strong></span> 
     </span>
    </p>
   </div>
   <div class='ocr_carea' id='block_1_89' title="bbox 2258 4412 3749 4501">
    <p class='ocr_par' dir='ltr' id='par_1_89' title="bbox 2258 4412 3749 4501">
     <span class='ocr_line' id='line_1_89' title="bbox 2258 4412 3749 4501; baseline -0.013 -20"><span class='ocrx_word' id='word_1_701' title='bbox 2258 4439 2348 4497; x_wconf 72' lang='lat' dir='ltr'><strong>pat</strong></span> <span class='ocrx_word' id='word_1_702' title='bbox 2377 4427 2601 4483; x_wconf 91' lang='lat' dir='ltr'><strong>consilia</strong></span> <span class='ocrx_word' id='word_1_703' title='bbox 2652 4435 2848 4489; x_wconf 82' lang='lat' dir='ltr'><strong>vestra,</strong></span> <span class='ocrx_word' id='word_1_704' title='bbox 2883 4438 2979 4501; x_wconf 89' lang='lat' dir='ltr'><strong>per</strong></span> <span class='ocrx_word' id='word_1_705' title='bbox 3010 4426 3152 4493; x_wconf 86' lang='lat' dir='ltr'><strong>ipsos</strong></span> <span class='ocrx_word' id='word_1_706' title='bbox 3183 4423 3371 4476; x_wconf 91' lang='lat' dir='ltr'><strong>tribuit</strong></span> <span class='ocrx_word' id='word_1_707' title='bbox 3418 4417 3597 4474; x_wconf 88' lang='lat' dir='ltr'><strong>scelera</strong></span> <span class='ocrx_word' id='word_1_708' title='bbox 3624 4412 3664 4466; x_wconf 90' lang='lat' dir='ltr'><strong>in</strong></span> <span class='ocrx_word' id='word_1_709' title='bbox 3691 4421 3749 4461; x_wconf 83' lang='lat' dir='ltr'><strong>ca-</strong></span> 
     </span>
    </p>
   </div>
   <div class='ocr_carea' id='block_1_90' title="bbox 2262 4508 3753 4591">
    <p class='ocr_par' dir='ltr' id='par_1_90' title="bbox 2262 4508 3753 4591">
     <span class='ocr_line' id='line_1_90' title="bbox 2262 4508 3753 4591; baseline -0.014 -15"><span class='ocrx_word' id='word_1_710' title='bbox 2262 4521 2610 4591; x_wconf 48' lang='lat' dir='ltr'><strong>pitayestra.</strong></span> <span class='ocrx_word' id='word_1_711' title='bbox 2647 4517 2762 4587; x_wconf 92' lang='lat' dir='ltr'><strong>Ipse</strong></span> <span class='ocrx_word' id='word_1_712' title='bbox 2808 4526 2986 4570; x_wconf 90' lang='lat' dir='ltr'><strong>autem</strong></span> <span class='ocrx_word' id='word_1_713' title='bbox 3030 4513 3287 4569; x_wconf 91' lang='lat' dir='ltr'><strong>Dominus</strong></span> <span class='ocrx_word' id='word_1_714' title='bbox 3318 4528 3467 4584; x_wconf 87' lang='lat' dir='ltr'><strong>quem</strong></span> <span class='ocrx_word' id='word_1_715' title='bbox 3508 4522 3589 4562; x_wconf 89' lang='lat' dir='ltr'><strong>vos</strong></span> <span class='ocrx_word' id='word_1_716' title='bbox 3613 4508 3753 4558; x_wconf 82' lang='lat' dir='ltr'><strong>intere-</strong></span> 
     </span>
    </p>
   </div>
   <div class='ocr_carea' id='block_1_91' title="bbox 576 4591 3752 4694">
    <p class='ocr_par' dir='ltr' id='par_1_91' title="bbox 576 4591 3752 4694">
     <span class='ocr_line' id='line_1_91' title="bbox 576 4591 3752 4694; baseline -0.01 -19"><span class='ocrx_word' id='word_1_717' title='bbox 576 4591 832 4694; x_wconf 68' lang='lat' dir='ltr'><strong>gredieris</strong></span> <span class='ocrx_word' id='word_1_718' title='bbox 875 4628 950 4679; x_wconf 88' lang='lat' dir='ltr'><strong>tu,</strong></span> <span class='ocrx_word' id='word_1_719' title='bbox 984 4616 1346 4687; x_wconf 90' lang='lat' dir='ltr'><strong>ingredientur</strong></span> <span class='ocrx_word' id='word_1_720' title='bbox 1375 4622 1429 4669; x_wconf 91' lang='lat' dir='ltr'><strong>et</strong></span> <span class='ocrx_word' id='word_1_721' title='bbox 1458 4614 1532 4667; x_wconf 89' lang='lat' dir='ltr'><strong>illi</strong></span> <span class='ocrx_word' id='word_1_722' title='bbox 1584 4624 1703 4683; x_wconf 90' lang='lat' dir='ltr'><strong>post</strong></span> <span class='ocrx_word' id='word_1_723' title='bbox 1737 4624 1821 4677; x_wconf 92' lang='lat' dir='ltr'><strong>te,</strong></span> <span class='ocrx_word' id='word_1_724' title='bbox 1869 4612 1962 4667; x_wconf 88' lang='lat' dir='ltr'><strong>sed</strong></span> <span class='ocrx_word' id='word_1_725' title='bbox 2014 4626 2150 4681; x_wconf 90' lang='lat' dir='ltr'><strong>aqua</strong></span> <span class='ocrx_word' id='word_1_726' title='bbox 2182 4597 2235 4683; x_wconf 67' lang='grc' dir='ltr'>ρ</span> <span class='ocrx_word' id='word_1_727' title='bbox 2263 4611 2434 4666; x_wconf 89' lang='lat' dir='ltr'><strong>mistis</strong></span> <span class='ocrx_word' id='word_1_728' title='bbox 2483 4627 2589 4665; x_wconf 86' lang='lat' dir='ltr'><strong>non</strong></span> <span class='ocrx_word' id='word_1_729' title='bbox 2632 4624 2729 4663; x_wconf 87' lang='lat' dir='ltr'><strong>vos</strong></span> <span class='ocrx_word' id='word_1_730' title='bbox 2778 4622 2985 4673; x_wconf 89' lang='lat' dir='ltr'><strong>servos,</strong></span> <span class='ocrx_word' id='word_1_731' title='bbox 3032 4606 3121 4661; x_wconf 91' lang='lat' dir='ltr'><strong>sed</strong></span> <span class='ocrx_word' id='word_1_732' title='bbox 3178 4605 3375 4659; x_wconf 89' lang='lat' dir='ltr'><strong>liberos</strong></span> <span class='ocrx_word' id='word_1_733' title='bbox 3421 4614 3529 4657; x_wconf 83' lang='lat' dir='ltr'><strong>esse</strong></span> <span class='ocrx_word' id='word_1_734' title='bbox 3571 4591 3752 4694; x_wconf 56' lang='lat' dir='ltr'><strong>cupiebat</strong></span> 
     </span>
    </p>
   </div>
   <div class='ocr_carea' id='block_1_92' title="bbox 575 4703 2148 4774">
    <p class='ocr_par' dir='ltr' id='par_1_92' title="bbox 575 4703 2148 4774">
     <span class='ocr_line' id='line_1_92' title="bbox 575 4703 2148 4774; baseline -0.007 -7"><span class='ocrx_word' id='word_1_735' title='bbox 575 4724 720 4770; x_wconf 87' lang='lat' dir='ltr'><strong>retro</strong></span> <span class='ocrx_word' id='word_1_736' title='bbox 744 4723 998 4765; x_wconf 86' lang='lat' dir='ltr'><strong>conversa</strong></span> <span class='ocrx_word' id='word_1_737' title='bbox 1030 4707 1137 4761; x_wconf 91' lang='lat' dir='ltr'><strong>illis</strong></span> <span class='ocrx_word' id='word_1_738' title='bbox 1182 4708 1288 4760; x_wconf 89' lang='lat' dir='ltr'><strong>erit</strong></span> <span class='ocrx_word' id='word_1_739' title='bbox 1316 4708 1366 4760; x_wconf 93' lang='lat' dir='ltr'><strong>in</strong></span> <span class='ocrx_word' id='word_1_740' title='bbox 1418 4704 1726 4774; x_wconf 84' lang='lat' dir='ltr'><strong>perniciem,</strong></span> <span class='ocrx_word' id='word_1_741' title='bbox 1774 4704 1866 4757; x_wconf 89' lang='lat' dir='ltr'><strong>tibi</strong></span> <span class='ocrx_word' id='word_1_742' title='bbox 1900 4703 2148 4772; x_wconf 90' lang='lat' dir='ltr'><strong>proﬁciet</strong></span> 
     </span>
    </p>
   </div>
   <div class='ocr_carea' id='block_1_93' title="bbox 577 4797 2145 4865">
    <p class='ocr_par' dir='ltr' id='par_1_93' title="bbox 577 4797 2145 4865">
     <span class='ocr_line' id='line_1_93' title="bbox 577 4797 2145 4865; baseline -0.007 -4"><span class='ocrx_word' id='word_1_743' title='bbox 577 4807 643 4861; x_wconf 85' lang='lat' dir='ltr'><strong>ad</strong></span> <span class='ocrx_word' id='word_1_744' title='bbox 688 4806 935 4859; x_wconf 86' lang='lat' dir='ltr'><strong>salutem.</strong></span> <span class='ocrx_word' id='word_1_745' title='bbox 978 4802 1100 4856; x_wconf 84' lang='lat' dir='ltr'><strong>illos</strong></span> <span class='ocrx_word' id='word_1_746' title='bbox 1129 4801 1340 4865; x_wconf 89' lang='lat' dir='ltr'><strong>obruet,</strong></span> <span class='ocrx_word' id='word_1_747' title='bbox 1376 4808 1427 4856; x_wconf 94' lang='lat' dir='ltr'><strong>te</strong></span> <span class='ocrx_word' id='word_1_748' title='bbox 1455 4799 1654 4863; x_wconf 82' lang='lat' dir='ltr'><strong>abluet,</strong></span> <span class='ocrx_word' id='word_1_749' title='bbox 1690 4798 1808 4853; x_wconf 91' lang='lat' dir='ltr'><strong>illos</strong></span> <span class='ocrx_word' id='word_1_750' title='bbox 1849 4797 2145 4864; x_wconf 87' lang='lat' dir='ltr'><strong>damnabit,</strong></span> 
     </span>
    </p>
   </div>
   <div class='ocr_carea' id='block_1_94' title="bbox 580 4888 2152 4960">
    <p class='ocr_par' dir='ltr' id='par_1_94' title="bbox 580 4888 2152 4960">
     <span class='ocr_line' id='line_1_94' title="bbox 580 4888 2152 4960; baseline -0.006 -9"><span class='ocrx_word' id='word_1_751' title='bbox 580 4908 630 4955; x_wconf 89' lang='lat' dir='ltr'><strong>te</strong></span> <span class='ocrx_word' id='word_1_752' title='bbox 652 4895 915 4953; x_wconf 84' lang='lat' dir='ltr'><strong>liberabit.</strong></span> <span class='ocrx_word' id='word_1_753' title='bbox 968 4893 1096 4950; x_wconf 85' lang='lat' dir='ltr'><strong>Post</strong></span> <span class='ocrx_word' id='word_1_754' title='bbox 1123 4892 1225 4948; x_wconf 89' lang='lat' dir='ltr'><strong>hoc</strong></span> <span class='ocrx_word' id='word_1_755' title='bbox 1245 4891 1502 4958; x_wconf 87' lang='lat' dir='ltr'><strong>suscipies</strong></span> <span class='ocrx_word' id='word_1_756' title='bbox 1533 4890 1636 4947; x_wconf 92' lang='lat' dir='ltr'><strong>mel</strong></span> <span class='ocrx_word' id='word_1_757' title='bbox 1667 4890 1735 4944; x_wconf 91' lang='lat' dir='ltr'><strong>de</strong></span> <span class='ocrx_word' id='word_1_758' title='bbox 1766 4900 1911 4958; x_wconf 85' lang='lat' dir='ltr'><strong>petra</strong></span> <span class='ocrx_word' id='word_1_759' title='bbox 1943 4905 2047 4960; x_wconf 91' lang='lat' dir='ltr'><strong>quo</strong></span> <span class='ocrx_word' id='word_1_760' title='bbox 2073 4888 2152 4942; x_wconf 85' lang='lat' dir='ltr'><strong>fa-</strong></span> 
     </span>
    </p>
   </div>
   <div class='ocr_carea' id='block_1_95' title="bbox 578 4978 2149 5049">
    <p class='ocr_par' dir='ltr' id='par_1_95' title="bbox 578 4978 2149 5049">
     <span class='ocr_line' id='line_1_95' title="bbox 578 4978 2149 5049; baseline -0.007 -5"><span class='ocrx_word' id='word_1_761' title='bbox 578 5006 715 5049; x_wconf 77' lang='lat' dir='ltr'><strong>mem</strong></span> <span class='ocrx_word' id='word_1_762' title='bbox 740 4999 789 5044; x_wconf 88' lang='lat' dir='ltr'><strong>et</strong></span> <span class='ocrx_word' id='word_1_763' title='bbox 819 4988 958 5047; x_wconf 68' lang='lat' dir='ltr'><strong>sitim</strong></span> <span class='ocrx_word' id='word_1_764' title='bbox 989 4995 1129 5040; x_wconf 86' lang='lat' dir='ltr'><strong>tuam</strong></span> <span class='ocrx_word' id='word_1_765' title='bbox 1157 4986 1354 5049; x_wconf 86' lang='lat' dir='ltr'><strong>saties;</strong></span> <span class='ocrx_word' id='word_1_766' title='bbox 1394 4981 1551 5038; x_wconf 88' lang='lat' dir='ltr'><strong>Petra</strong></span> <span class='ocrx_word' id='word_1_767' title='bbox 1598 4983 1733 5037; x_wconf 82' lang='lat' dir='ltr'><strong>enim</strong></span> <span class='ocrx_word' id='word_1_768' title='bbox 1760 4991 1866 5034; x_wconf 87' lang='lat' dir='ltr'><strong>erat</strong></span> <span class='ocrx_word' id='word_1_769' title='bbox 1896 4978 2149 5047; x_wconf 81' lang='lat' dir='ltr'><strong>Christus,</strong></span> 
     </span>
    </p>
   </div>
   <div class='ocr_carea' id='block_1_96' title="bbox 578 5074 2155 5152">
    <p class='ocr_par' dir='ltr' id='par_1_96' title="bbox 578 5074 2155 5152">
     <span class='ocr_line' id='line_1_96' title="bbox 578 5074 2155 5152; baseline -0.01 -9"><span class='ocrx_word' id='word_1_770' title='bbox 578 5099 643 5143; x_wconf 75' lang='lat' dir='ltr'><strong>ex</strong></span> <span class='ocrx_word' id='word_1_771' title='bbox 691 5083 842 5152; x_wconf 84' lang='lat' dir='ltr'><strong>cujus</strong></span> <span class='ocrx_word' id='word_1_772' title='bbox 891 5080 1169 5150; x_wconf 71' lang='lat' dir='ltr'><strong>praeceptis</strong></span> <span class='ocrx_word' id='word_1_773' title='bbox 1203 5088 1449 5147; x_wconf 90' lang='lat' dir='ltr'><strong>tanquam</strong></span> <span class='ocrx_word' id='word_1_774' title='bbox 1497 5091 1562 5131; x_wconf 85' lang='lat' dir='ltr'><strong>ex</strong></span> <span class='ocrx_word' id='word_1_775' title='bbox 1595 5075 1829 5131; x_wconf 80' lang='lat' dir='ltr'><strong>fontibus</strong></span> <span class='ocrx_word' id='word_1_776' title='bbox 1856 5074 2155 5130; x_wconf 90' lang='lat' dir='ltr'><strong>dulcedinis</strong></span> 
     </span>
    </p>
   </div>
   <div class='ocr_carea' id='block_1_97' title="bbox 580 5165 2160 5241">
    <p class='ocr_par' dir='ltr' id='par_1_97' title="bbox 580 5165 2160 5241">
     <span class='ocr_line' id='line_1_97' title="bbox 580 5165 2160 5241; baseline -0.01 -7"><span class='ocrx_word' id='word_1_777' title='bbox 580 5176 811 5239; x_wconf 63' lang='lat' dir='ltr'><strong>seueris,</strong></span> <span class='ocrx_word' id='word_1_778' title='bbox 836 5175 1071 5241; x_wconf 80' lang='lat' dir='ltr'><strong>gustabis</strong></span> <span class='ocrx_word' id='word_1_779' title='bbox 1098 5174 1255 5235; x_wconf 72' lang='lat' dir='ltr'><strong>etiam</strong></span> <span class='ocrx_word' id='word_1_780' title='bbox 1286 5186 1500 5239; x_wconf 82' lang='lat' dir='ltr'><strong>panem,</strong></span> <span class='ocrx_word' id='word_1_781' title='bbox 1534 5170 1681 5241; x_wconf 80' lang='lat' dir='ltr'><strong>illum</strong></span> <span class='ocrx_word' id='word_1_782' title='bbox 1728 5168 1932 5233; x_wconf 87' lang='lat' dir='ltr'><strong>scilicet</strong></span> <span class='ocrx_word' id='word_1_783' title='bbox 1960 5168 2045 5238; x_wconf 91' lang='lat' dir='ltr'><strong>qui</strong></span> <span class='ocrx_word' id='word_1_784' title='bbox 2079 5165 2160 5219; x_wconf 86' lang='lat' dir='ltr'><strong>di-</strong></span> 
     </span>
    </p>
   </div>
   <div class='ocr_carea' id='block_1_98' title="bbox 578 5258 2162 5333">
    <p class='ocr_par' dir='ltr' id='par_1_98' title="bbox 578 5258 2162 5333">
     <span class='ocr_line' id='line_1_98' title="bbox 578 5258 2162 5333; baseline -0.008 -10"><span class='ocrx_word' id='word_1_785' title='bbox 578 5269 651 5323; x_wconf 84' lang='lat' dir='ltr'><strong>cit</strong></span> <span class='ocrx_word' id='word_1_786' title='bbox 674 5285 687 5319; x_wconf 86' lang='lat'><strong>:</strong></span> <span class='ocrx_word' id='word_1_787' title='bbox 722 5265 832 5333; x_wconf 87' lang='lat' dir='ltr'><strong>Ego</strong></span> <span class='ocrx_word' id='word_1_788' title='bbox 854 5282 970 5319; x_wconf 84' lang='lat' dir='ltr'><strong>sum</strong></span> <span class='ocrx_word' id='word_1_789' title='bbox 992 5266 1136 5333; x_wconf 78' lang='lat' dir='ltr'><strong>panis</strong></span> <span class='ocrx_word' id='word_1_790' title='bbox 1164 5268 1300 5318; x_wconf 83' lang='lat' dir='ltr'><strong>vivus</strong></span> <span class='ocrx_word' id='word_1_791' title='bbox 1330 5280 1416 5332; x_wconf 71' lang='lat' dir='ltr'><strong>qua</strong></span> <span class='ocrx_word' id='word_1_792' title='bbox 1439 5265 1501 5327; x_wconf 81' lang='lat' dir='ltr'><strong>de</strong></span> <span class='ocrx_word' id='word_1_793' title='bbox 1530 5261 1654 5315; x_wconf 68' lang='lat' dir='ltr'><strong>calo</strong></span> <span class='ocrx_word' id='word_1_794' title='bbox 1678 5259 1933 5314; x_wconf 76' lang='lat' dir='ltr'><strong>descendi.</strong></span> <span class='ocrx_word' id='word_1_795' title='bbox 1964 5258 2162 5313; x_wconf 87' lang='lat' dir='ltr'><strong>Gusta-</strong></span> 
     </span>
    </p>
   </div>
   <div class='ocr_carea' id='block_1_99' title="bbox 578 5351 2155 5428">
    <p class='ocr_par' dir='ltr' id='par_1_99' title="bbox 578 5351 2155 5428">
     <span class='ocr_line' id='line_1_99' title="bbox 578 5351 2155 5428; baseline -0.008 -12"><span class='ocrx_word' id='word_1_796' title='bbox 578 5360 660 5416; x_wconf 86' lang='lat' dir='ltr'><strong>bis</strong></span> <span class='ocrx_word' id='word_1_797' title='bbox 686 5369 742 5415; x_wconf 87' lang='lat' dir='ltr'><strong>et</strong></span> <span class='ocrx_word' id='word_1_798' title='bbox 765 5359 968 5413; x_wconf 89' lang='lat' dir='ltr'><strong>videbis</strong></span> <span class='ocrx_word' id='word_1_799' title='bbox 996 5358 1247 5428; x_wconf 84' lang='lat' dir='ltr'><strong>quoniam</strong></span> <span class='ocrx_word' id='word_1_800' title='bbox 1278 5356 1458 5413; x_wconf 88' lang='lat' dir='ltr'><strong>suavis</strong></span> <span class='ocrx_word' id='word_1_801' title='bbox 1488 5362 1571 5410; x_wconf 88' lang='lat' dir='ltr'><strong>est</strong></span> <span class='ocrx_word' id='word_1_802' title='bbox 1617 5354 1899 5417; x_wconf 85' lang='lat' dir='ltr'><strong>Dominus,</strong></span> <span class='ocrx_word' id='word_1_803' title='bbox 1928 5359 1985 5419; x_wconf 81' lang='lat' dir='ltr'><strong>et</strong></span> <span class='ocrx_word' id='word_1_804' title='bbox 2012 5353 2057 5403; x_wconf 79' lang='lat' dir='ltr'><strong>si</strong></span> <span class='ocrx_word' id='word_1_805' title='bbox 2104 5351 2155 5404; x_wconf 91' lang='lat' dir='ltr'><strong>in</strong></span> 
     </span>
    </p>
   </div>
   <div class='ocr_carea' id='block_1_100' title="bbox 580 5443 2160 5518">
    <p class='ocr_par' dir='ltr' id='par_1_100' title="bbox 580 5443 2160 5518">
     <span class='ocr_line' id='line_1_100' title="bbox 580 5443 2160 5518; baseline -0.008 -9"><span class='ocrx_word' id='word_1_806' title='bbox 580 5463 633 5509; x_wconf 82' lang='lat' dir='ltr'><strong>te</strong></span> <span class='ocrx_word' id='word_1_807' title='bbox 653 5453 852 5507; x_wconf 81' lang='lat' dir='ltr'><strong>eminet</strong></span> <span class='ocrx_word' id='word_1_808' title='bbox 870 5452 1043 5505; x_wconf 82' lang='lat' dir='ltr'><strong>virtus</strong></span> <span class='ocrx_word' id='word_1_809' title='bbox 1064 5450 1342 5511; x_wconf 86' lang='lat' dir='ltr'><strong>charitatis</strong></span> <span class='ocrx_word' id='word_1_810' title='bbox 1367 5463 1485 5518; x_wconf 84' lang='lat' dir='ltr'><strong>quae</strong></span> <span class='ocrx_word' id='word_1_811' title='bbox 1512 5446 1688 5509; x_wconf 87' lang='lat' dir='ltr'><strong>omnia</strong></span> <span class='ocrx_word' id='word_1_812' title='bbox 1718 5453 1918 5513; x_wconf 77' lang='lat' dir='ltr'><strong>Sperat,</strong></span> <span class='ocrx_word' id='word_1_813' title='bbox 1950 5458 2043 5512; x_wconf 91' lang='lat' dir='ltr'><strong>per</strong></span> <span class='ocrx_word' id='word_1_814' title='bbox 2068 5443 2160 5496; x_wconf 93' lang='lat' dir='ltr'><strong>he-</strong></span> 
     </span>
    </p>
   </div>
   <div class='ocr_carea' id='block_1_101' title="bbox 580 5533 2159 5607">
    <p class='ocr_par' dir='ltr' id='par_1_101' title="bbox 580 5533 2159 5607">
     <span class='ocr_line' id='line_1_101' title="bbox 580 5533 2159 5607; baseline -0.008 -7"><span class='ocrx_word' id='word_1_815' title='bbox 580 5558 787 5600; x_wconf 88' lang='lat' dir='ltr'><strong>remum</strong></span> <span class='ocrx_word' id='word_1_816' title='bbox 835 5557 1053 5597; x_wconf 89' lang='lat' dir='ltr'><strong>necesse</strong></span> <span class='ocrx_word' id='word_1_817' title='bbox 1099 5552 1179 5597; x_wconf 90' lang='lat' dir='ltr'><strong>est</strong></span> <span class='ocrx_word' id='word_1_818' title='bbox 1230 5553 1285 5597; x_wconf 89' lang='lat' dir='ltr'><strong>te</strong></span> <span class='ocrx_word' id='word_1_819' title='bbox 1311 5541 1562 5605; x_wconf 88' lang='lat' dir='ltr'><strong>transire,</strong></span> <span class='ocrx_word' id='word_1_820' title='bbox 1603 5538 1651 5595; x_wconf 92' lang='lat' dir='ltr'><strong>id</strong></span> <span class='ocrx_word' id='word_1_821' title='bbox 1706 5545 1789 5591; x_wconf 89' lang='lat' dir='ltr'><strong>est</strong></span> <span class='ocrx_word' id='word_1_822' title='bbox 1842 5535 2006 5589; x_wconf 88' lang='lat' dir='ltr'><strong>utaris</strong></span> <span class='ocrx_word' id='word_1_823' title='bbox 2058 5533 2159 5607; x_wconf 84' lang='lat' dir='ltr'><strong>hoc</strong></span> 
     </span>
    </p>
   </div>
   <div class='ocr_carea' id='block_1_102' title="bbox 580 5610 2162 5705">
    <p class='ocr_par' dir='ltr' id='par_1_102' title="bbox 580 5610 2162 5705">
     <span class='ocr_line' id='line_1_102' title="bbox 580 5610 2162 5705; baseline -0.009 -11"><span class='ocrx_word' id='word_1_824' title='bbox 580 5636 780 5693; x_wconf 88' lang='lat' dir='ltr'><strong>mundo</strong></span> <span class='ocrx_word' id='word_1_825' title='bbox 803 5645 1052 5705; x_wconf 82' lang='lat' dir='ltr'><strong>tanquam</strong></span> <span class='ocrx_word' id='word_1_826' title='bbox 1075 5650 1180 5689; x_wconf 91' lang='lat' dir='ltr'><strong>non</strong></span> <span class='ocrx_word' id='word_1_827' title='bbox 1214 5644 1384 5695; x_wconf 88' lang='lat' dir='ltr'><strong>utens,</strong></span> <span class='ocrx_word' id='word_1_828' title='bbox 1412 5644 1466 5689; x_wconf 91' lang='lat' dir='ltr'><strong>et</strong></span> <span class='ocrx_word' id='word_1_829' title='bbox 1491 5634 1545 5687; x_wconf 92' lang='lat' dir='ltr'><strong>in</strong></span> <span class='ocrx_word' id='word_1_830' title='bbox 1571 5632 1670 5687; x_wconf 88' lang='lat' dir='ltr'><strong>hac</strong></span> <span class='ocrx_word' id='word_1_831' title='bbox 1693 5629 1797 5683; x_wconf 89' lang='lat' dir='ltr'><strong>vita</strong></span> <span class='ocrx_word' id='word_1_832' title='bbox 1824 5610 2162 5698; x_wconf 81' lang='lat' dir='ltr'><strong>peregrinum</strong></span> 
     </span>
    </p>
   </div>
   <div class='ocr_carea' id='block_1_103' title="bbox 582 5719 2161 5795">
    <p class='ocr_par' dir='ltr' id='par_1_103' title="bbox 582 5719 2161 5795">
     <span class='ocr_line' id='line_1_103' title="bbox 582 5719 2161 5795; baseline -0.011 -10"><span class='ocrx_word' id='word_1_833' title='bbox 582 5741 633 5787; x_wconf 86' lang='lat' dir='ltr'><strong>te</strong></span> <span class='ocrx_word' id='word_1_834' title='bbox 680 5729 893 5784; x_wconf 76' lang='lat' dir='ltr'><strong>noveris</strong></span> <span class='ocrx_word' id='word_1_835' title='bbox 942 5741 1083 5789; x_wconf 79' lang='lat' dir='ltr'><strong>esse,</strong></span> <span class='ocrx_word' id='word_1_836' title='bbox 1119 5726 1162 5785; x_wconf 86' lang='lat' dir='ltr'><strong>si</strong></span> <span class='ocrx_word' id='word_1_837' title='bbox 1212 5734 1407 5783; x_wconf 88' lang='lat' dir='ltr'><strong>terram</strong></span> <span class='ocrx_word' id='word_1_838' title='bbox 1461 5723 1833 5795; x_wconf 89' lang='lat' dir='ltr'><strong>promissionis</strong></span> <span class='ocrx_word' id='word_1_839' title='bbox 1880 5722 2030 5789; x_wconf 90' lang='lat' dir='ltr'><strong>cupis</strong></span> <span class='ocrx_word' id='word_1_840' title='bbox 2082 5719 2161 5789; x_wconf 84' lang='lat' dir='ltr'><strong>in-</strong></span> 
     </span>
    </p>
   </div>
   <div class='ocr_carea' id='block_1_104' title="bbox 580 5810 2163 5890">
    <p class='ocr_par' dir='ltr' id='par_1_104' title="bbox 580 5810 2163 5890">
     <span class='ocr_line' id='line_1_104' title="bbox 580 5810 2163 5890; baseline -0.009 -11"><span class='ocrx_word' id='word_1_841' title='bbox 580 5828 759 5889; x_wconf 80' lang='lat' dir='ltr'><strong>trare;</strong></span> <span class='ocrx_word' id='word_1_842' title='bbox 787 5820 906 5878; x_wconf 70' lang='lat' dir='ltr'><strong>hac</strong></span> <span class='ocrx_word' id='word_1_843' title='bbox 959 5827 1103 5877; x_wconf 88' lang='lat' dir='ltr'><strong>terra</strong></span> <span class='ocrx_word' id='word_1_844' title='bbox 1149 5828 1233 5877; x_wconf 86' lang='lat' dir='ltr'><strong>est</strong></span> <span class='ocrx_word' id='word_1_845' title='bbox 1266 5819 1335 5875; x_wconf 87' lang='lat' dir='ltr'><strong>de</strong></span> <span class='ocrx_word' id='word_1_846' title='bbox 1364 5833 1465 5888; x_wconf 84' lang='lat' dir='ltr'><strong>qua</strong></span> <span class='ocrx_word' id='word_1_847' title='bbox 1494 5819 1757 5890; x_wconf 84' lang='lat' dir='ltr'><strong>prepheta</strong></span> <span class='ocrx_word' id='word_1_848' title='bbox 1788 5822 1968 5871; x_wconf 82' lang='lat' dir='ltr'><strong>cantat</strong></span> <span class='ocrx_word' id='word_1_849' title='bbox 1995 5822 2045 5869; x_wconf 90' lang='lat' dir='ltr'><strong>et</strong></span> <span class='ocrx_word' id='word_1_850' title='bbox 2077 5810 2163 5866; x_wconf 90' lang='lat' dir='ltr'><strong>di-</strong></span> 
     </span>
    </p>
   </div>
   <div class='ocr_carea' id='block_1_105' title="bbox 2260 4678 3751 4773">
    <p class='ocr_par' dir='ltr' id='par_1_105' title="bbox 2260 4678 3751 4773">
     <span class='ocr_line' id='line_1_105' title="bbox 2260 4678 3751 4773; baseline -0.019 -14"><span class='ocrx_word' id='word_1_851' title='bbox 2260 4705 2471 4773; x_wconf 86' lang='lat' dir='ltr'><strong>quando</strong></span> <span class='ocrx_word' id='word_1_852' title='bbox 2500 4703 2710 4758; x_wconf 89' lang='lat' dir='ltr'><strong>dicebat</strong></span> <span class='ocrx_word' id='word_1_853' title='bbox 2738 4720 2750 4753; x_wconf 87' lang='lat'>:</span> <span class='ocrx_word' id='word_1_854' title='bbox 2787 4700 2845 4757; x_wconf 90' lang='lat' dir='ltr'><strong>Si</strong></span> <span class='ocrx_word' id='word_1_855' title='bbox 2875 4717 2959 4754; x_wconf 87' lang='lat' dir='ltr'><strong>vos</strong></span> <span class='ocrx_word' id='word_1_856' title='bbox 2985 4696 3153 4752; x_wconf 83' lang='lat' dir='ltr'><strong>Filius</strong></span> <span class='ocrx_word' id='word_1_857' title='bbox 3176 4696 3477 4757; x_wconf 81' lang='lat' dir='ltr'><strong>liberaverit,</strong></span> <span class='ocrx_word' id='word_1_858' title='bbox 3501 4703 3602 4744; x_wconf 78' lang='lat' dir='ltr'><strong>tunc</strong></span> <span class='ocrx_word' id='word_1_859' title='bbox 3617 4678 3751 4739; x_wconf 53' lang='lat' dir='ltr'><strong>meli‘</strong></span> 
     </span>
    </p>
   </div>
   <div class='ocr_carea' id='block_1_106' title="bbox 2261 4774 3754 4862">
    <p class='ocr_par' dir='ltr' id='par_1_106' title="bbox 2261 4774 3754 4862">
     <span class='ocr_line' id='line_1_106' title="bbox 2261 4774 3754 4862; baseline -0.008 -13"><span class='ocrx_word' id='word_1_860' title='bbox 2261 4796 2364 4849; x_wconf 86' lang='lat' dir='ltr'><strong>beri</strong></span> <span class='ocrx_word' id='word_1_861' title='bbox 2407 4797 2585 4862; x_wconf 86' lang='lat' dir='ltr'><strong>eritis;</strong></span> <span class='ocrx_word' id='word_1_862' title='bbox 2617 4808 2709 4848; x_wconf 85' lang='lat' dir='ltr'><strong>vos</strong></span> <span class='ocrx_word' id='word_1_863' title='bbox 2739 4804 2913 4847; x_wconf 89' lang='lat' dir='ltr'><strong>autem</strong></span> <span class='ocrx_word' id='word_1_864' title='bbox 2948 4791 3111 4845; x_wconf 89' lang='lat' dir='ltr'><strong>Deum</strong></span> <span class='ocrx_word' id='word_1_865' title='bbox 3141 4798 3195 4844; x_wconf 94' lang='lat' dir='ltr'><strong>et</strong></span> <span class='ocrx_word' id='word_1_866' title='bbox 3230 4787 3498 4842; x_wconf 83' lang='lat' dir='ltr'><strong>Dominum</strong></span> <span class='ocrx_word' id='word_1_867' title='bbox 3528 4789 3688 4848; x_wconf 66' lang='lat' dir='ltr'><strong>regem.</strong></span> <span class='ocrx_word' id='word_1_868' title='bbox 3718 4774 3754 4822; x_wconf 67' lang='grc'><strong>⁸⁸</strong></span> 
     </span>
    </p>
   </div>
   <div class='ocr_carea' id='block_1_107' title="bbox 2261 4867 3752 4961">
    <p class='ocr_par' dir='ltr' id='par_1_107' title="bbox 2261 4867 3752 4961">
     <span class='ocr_line' id='line_1_107' title="bbox 2261 4867 3752 4961; baseline -0.015 -21"><span class='ocrx_word' id='word_1_869' title='bbox 2261 4887 2428 4961; x_wconf 88' lang='lat' dir='ltr'><strong>ipsam</strong></span> <span class='ocrx_word' id='word_1_870' title='bbox 2462 4901 2642 4940; x_wconf 87' lang='lat' dir='ltr'><strong>veram</strong></span> <span class='ocrx_word' id='word_1_871' title='bbox 2692 4883 2986 4937; x_wconf 90' lang='lat' dir='ltr'><strong>libertatem</strong></span> <span class='ocrx_word' id='word_1_872' title='bbox 3021 4896 3126 4935; x_wconf 90' lang='lat' dir='ltr'><strong>non</strong></span> <span class='ocrx_word' id='word_1_873' title='bbox 3167 4879 3341 4935; x_wconf 78' lang='lat' dir='ltr'><strong>Solum</strong></span> <span class='ocrx_word' id='word_1_874' title='bbox 3372 4867 3667 4944; x_wconf 79' lang='lat' dir='ltr'><strong>repudiastis,</strong></span> <span class='ocrx_word' id='word_1_875' title='bbox 3689 4873 3752 4912; x_wconf 73' lang='lat' dir='ltr'><strong>ve-</strong></span> 
     </span>
    </p>
   </div>
   <div class='ocr_carea' id='block_1_108' title="bbox 2262 4960 3751 5048">
    <p class='ocr_par' dir='ltr' id='par_1_108' title="bbox 2262 4960 3751 5048">
     <span class='ocr_line' id='line_1_108' title="bbox 2262 4960 3751 5048; baseline -0.015 -14"><span class='ocrx_word' id='word_1_876' title='bbox 2262 4960 2379 5034; x_wconf 88' lang='lat' dir='ltr'><strong>rum</strong></span> <span class='ocrx_word' id='word_1_877' title='bbox 2407 4980 2564 5033; x_wconf 88' lang='lat' dir='ltr'><strong>etiam</strong></span> <span class='ocrx_word' id='word_1_878' title='bbox 2592 4992 2785 5048; x_wconf 77' lang='lat' dir='ltr'><strong>negare</strong></span> <span class='ocrx_word' id='word_1_879' title='bbox 2803 4975 3079 5045; x_wconf 83' lang='lat' dir='ltr'><strong>cupientes</strong></span> <span class='ocrx_word' id='word_1_880' title='bbox 3106 4973 3374 5028; x_wconf 85' lang='lat' dir='ltr'><strong>clamastis</strong></span> <span class='ocrx_word' id='word_1_881' title='bbox 3401 4989 3412 5023; x_wconf 88' lang='lat'>:</span> <span class='ocrx_word' id='word_1_882' title='bbox 3444 4966 3555 5021; x_wconf 84' lang='lat' dir='ltr'><strong>Non</strong></span> <span class='ocrx_word' id='word_1_883' title='bbox 3574 4960 3751 5048; x_wconf 59' lang='grc' dir='ltr'><strong>Μικίψα</strong></span> 
     </span>
    </p>
   </div>
   <div class='ocr_carea' id='block_1_109' title="bbox 2261 5046 3752 5144">
    <p class='ocr_par' dir='ltr' id='par_1_109' title="bbox 2261 5046 3752 5144">
     <span class='ocr_line' id='line_1_109' title="bbox 2261 5046 3752 5144; baseline -0.013 -18"><span class='ocrx_word' id='word_1_884' title='bbox 2261 5090 2450 5144; x_wconf 83' lang='lat' dir='ltr'><strong>regem,</strong></span> <span class='ocrx_word' id='word_1_885' title='bbox 2495 5072 2591 5124; x_wconf 83' lang='lat' dir='ltr'><strong>nisi</strong></span> <span class='ocrx_word' id='word_1_886' title='bbox 2619 5046 2889 5124; x_wconf 70' lang='lat' dir='ltr'><strong>Caesarem.</strong></span> <span class='ocrx_word' id='word_1_887' title='bbox 2921 5067 3024 5121; x_wconf 86' lang='lat' dir='ltr'><strong>Sed</strong></span> <span class='ocrx_word' id='word_1_888' title='bbox 3077 5082 3141 5118; x_wconf 89' lang='lat' dir='ltr'><strong>ne</strong></span> <span class='ocrx_word' id='word_1_889' title='bbox 3174 5068 3222 5118; x_wconf 89' lang='lat' dir='ltr'><strong>in</strong></span> <span class='ocrx_word' id='word_1_890' title='bbox 3254 5065 3358 5118; x_wconf 89' lang='lat' dir='ltr'><strong>hoc</strong></span> <span class='ocrx_word' id='word_1_891' title='bbox 3381 5060 3576 5134; x_wconf 84' lang='lat' dir='ltr'><strong>quidem</strong></span> <span class='ocrx_word' id='word_1_892' title='bbox 3615 5046 3752 5144; x_wconf 34' lang='lat' dir='ltr'><strong>glori?</strong></span> 
     </span>
    </p>
   </div>
   <div class='ocr_carea' id='block_1_110' title="bbox 2265 5136 3749 5235">
    <p class='ocr_par' dir='ltr' id='par_1_110' title="bbox 2265 5136 3749 5235">
     <span class='ocr_line' id='line_1_110' title="bbox 2265 5136 3749 5235; baseline -0.015 -17"><span class='ocrx_word' id='word_1_893' title='bbox 2265 5136 2391 5218; x_wconf 79' lang='lat' dir='ltr'><strong>mini</strong></span> <span class='ocrx_word' id='word_1_894' title='bbox 2439 5162 2579 5235; x_wconf 89' lang='lat' dir='ltr'><strong>quod</strong></span> <span class='ocrx_word' id='word_1_895' title='bbox 2611 5160 2877 5235; x_wconf 78' lang='lat' dir='ltr'><strong>Christum</strong></span> <span class='ocrx_word' id='word_1_896' title='bbox 2911 5156 3199 5235; x_wconf 83' lang='lat' dir='ltr'><strong>occidistis,</strong></span> <span class='ocrx_word' id='word_1_897' title='bbox 3243 5164 3419 5211; x_wconf 89' lang='lat' dir='ltr'><strong>actum</strong></span> <span class='ocrx_word' id='word_1_898' title='bbox 3466 5159 3539 5205; x_wconf 85' lang='lat' dir='ltr'><strong>est</strong></span> <span class='ocrx_word' id='word_1_899' title='bbox 3578 5146 3630 5199; x_wconf 85' lang='lat' dir='ltr'><strong>de</strong></span> <span class='ocrx_word' id='word_1_900' title='bbox 3651 5136 3749 5193; x_wconf 67' lang='grc' dir='ltr'><strong>γοὺῑέ</strong></span> 
     </span>
    </p>
   </div>
   <div class='ocr_carea' id='block_1_111' title="bbox 2265 5232 3751 5323">
    <p class='ocr_par' dir='ltr' id='par_1_111' title="bbox 2265 5232 3751 5323">
     <span class='ocr_line' id='line_1_111' title="bbox 2265 5232 3751 5323; baseline -0.016 -14"><span class='ocrx_word' id='word_1_901' title='bbox 2265 5254 2440 5323; x_wconf 90' lang='lat' dir='ltr'><strong>potius</strong></span> <span class='ocrx_word' id='word_1_902' title='bbox 2458 5232 2517 5307; x_wconf 19' lang='lat' dir='ltr'><strong>&quot;et</strong></span> <span class='ocrx_word' id='word_1_903' title='bbox 2550 5232 3015 5306; x_wconf 51' lang='grc' dir='ltr'><strong>ηεερἰιὶςζΑιιάίιὸ</strong></span> <span class='ocrx_word' id='word_1_904' title='bbox 3058 5249 3227 5317; x_wconf 90' lang='lat' dir='ltr'><strong>ipsum</strong></span> <span class='ocrx_word' id='word_1_905' title='bbox 3262 5246 3531 5299; x_wconf 81' lang='lat' dir='ltr'><strong>Dominum</strong></span> <span class='ocrx_word' id='word_1_906' title='bbox 3559 5238 3751 5291; x_wconf 61' lang='lat' dir='ltr'><strong>dicentem</strong></span> 
     </span>
    </p>
   </div>
   <div class='ocr_carea' id='block_1_112' title="bbox 2267 5324 3754 5417">
    <p class='ocr_par' dir='ltr' id='par_1_112' title="bbox 2267 5324 3754 5417">
     <span class='ocr_line' id='line_1_112' title="bbox 2267 5324 3754 5417; baseline -0.017 -15"><span class='ocrx_word' id='word_1_907' title='bbox 2267 5363 2359 5417; x_wconf 92' lang='lat' dir='ltr'><strong>per</strong></span> <span class='ocrx_word' id='word_1_908' title='bbox 2372 5346 2684 5417; x_wconf 79' lang='lat' dir='ltr'><strong>prephetam</strong></span> <span class='ocrx_word' id='word_1_909' title='bbox 2710 5362 2722 5397; x_wconf 88' lang='lat'><strong>:</strong></span> <span class='ocrx_word' id='word_1_910' title='bbox 2750 5342 2861 5415; x_wconf 87' lang='lat' dir='ltr'><strong>Ego</strong></span> <span class='ocrx_word' id='word_1_911' title='bbox 2874 5324 3091 5396; x_wconf 83' lang='lat' dir='ltr'><strong>dormivi</strong></span> <span class='ocrx_word' id='word_1_912' title='bbox 3112 5349 3159 5393; x_wconf 87' lang='lat' dir='ltr'><strong>et</strong></span> <span class='ocrx_word' id='word_1_913' title='bbox 3179 5351 3411 5393; x_wconf 84' lang='lat' dir='ltr'><strong>somnum</strong></span> <span class='ocrx_word' id='word_1_914' title='bbox 3428 5332 3561 5401; x_wconf 72' lang='lat' dir='ltr'><strong>coepi,</strong></span> <span class='ocrx_word' id='word_1_915' title='bbox 3578 5330 3754 5417; x_wconf 54' lang='lat' dir='ltr'><strong>somnufl</strong></span> 
     </span>
    </p>
   </div>
   <div class='ocr_carea' id='block_1_113' title="bbox 2266 5405 3757 5508">
    <p class='ocr_par' dir='ltr' id='par_1_113' title="bbox 2266 5405 3757 5508">
     <span class='ocr_line' id='line_1_113' title="bbox 2266 5405 3757 5508; baseline -0.019 -11"><span class='ocrx_word' id='word_1_916' title='bbox 2266 5405 2543 5508; x_wconf 44' lang='lat' dir='ltr'><strong>appella-ns</strong></span> <span class='ocrx_word' id='word_1_917' title='bbox 2575 5405 2821 5490; x_wconf 40' lang='lat' dir='ltr'><strong>mortem-</strong></span> <span class='ocrx_word' id='word_1_918' title='bbox 2846 5448 2876 5489; x_wconf 91' lang='lat' dir='ltr'><strong>a</strong></span> <span class='ocrx_word' id='word_1_919' title='bbox 2905 5433 3055 5488; x_wconf 87' lang='lat' dir='ltr'><strong>vobis</strong></span> <span class='ocrx_word' id='word_1_920' title='bbox 3102 5431 3320 5486; x_wconf 87' lang='lat' dir='ltr'><strong>illatam.</strong></span> <span class='ocrx_word' id='word_1_921' title='bbox 3362 5426 3602 5483; x_wconf 68' lang='lat' dir='ltr'><strong>Caiterum</strong></span> <span class='ocrx_word' id='word_1_922' title='bbox 3639 5405 3757 5508; x_wconf 51' lang='lat' dir='ltr'><strong>(tntilli</strong></span> 
     </span>
    </p>
   </div>
   <div class='ocr_carea' id='block_1_114' title="bbox 2265 5503 3755 5601">
    <p class='ocr_par' dir='ltr' id='par_1_114' title="bbox 2265 5503 3755 5601">
     <span class='ocr_line' id='line_1_114' title="bbox 2265 5503 3755 5601; baseline -0.016 -16"><span class='ocrx_word' id='word_1_923' title='bbox 2265 5503 2408 5585; x_wconf 84' lang='lat' dir='ltr'><strong>mors</strong></span> <span class='ocrx_word' id='word_1_924' title='bbox 2451 5530 2622 5601; x_wconf 92' lang='lat' dir='ltr'><strong>potuit</strong></span> <span class='ocrx_word' id='word_1_925' title='bbox 2662 5541 2782 5582; x_wconf 89' lang='lat' dir='ltr'><strong>esse</strong></span> <span class='ocrx_word' id='word_1_926' title='bbox 2830 5523 3106 5589; x_wconf 88' lang='lat' dir='ltr'><strong>triduana,</strong></span> <span class='ocrx_word' id='word_1_927' title='bbox 3153 5519 3382 5576; x_wconf 81' lang='lat' dir='ltr'><strong>maxime</strong></span> <span class='ocrx_word' id='word_1_928' title='bbox 3420 5513 3553 5570; x_wconf 83' lang='lat' dir='ltr'><strong>illius</strong></span> <span class='ocrx_word' id='word_1_929' title='bbox 3576 5503 3755 5601; x_wconf 60' lang='lat' dir='ltr'><strong>quill“</strong></span> 
     </span>
    </p>
   </div>
   <div class='ocr_carea' id='block_1_115' title="bbox 2266 5596 3757 5694">
    <p class='ocr_par' dir='ltr' id='par_1_115' title="bbox 2266 5596 3757 5694">
     <span class='ocr_line' id='line_1_115' title="bbox 2266 5596 3757 5694; baseline -0.005 -16"><span class='ocrx_word' id='word_1_930' title='bbox 2266 5596 2512 5679; x_wconf 81' lang='lat' dir='ltr'><strong>eumdem</strong></span> <span class='ocrx_word' id='word_1_931' title='bbox 2558 5622 2870 5693; x_wconf 88' lang='lat' dir='ltr'><strong>pr0phetam</strong></span> <span class='ocrx_word' id='word_1_932' title='bbox 2923 5618 3028 5672; x_wconf 90' lang='lat' dir='ltr'><strong>alio</strong></span> <span class='ocrx_word' id='word_1_933' title='bbox 3078 5618 3191 5671; x_wconf 86' lang='lat' dir='ltr'><strong>loco</strong></span> <span class='ocrx_word' id='word_1_934' title='bbox 3223 5614 3355 5667; x_wconf 89' lang='lat' dir='ltr'><strong>dicit</strong></span> <span class='ocrx_word' id='word_1_935' title='bbox 3399 5596 3673 5694; x_wconf 62' lang='lat' dir='ltr'><strong>:NuW</strong></span> 
     </span>
    </p>
   </div>
   <div class='ocr_carea' id='block_1_116' title="bbox 2269 5692 3751 5782">
    <p class='ocr_par' dir='ltr' id='par_1_116' title="bbox 2269 5692 3751 5782">
     <span class='ocr_line' id='line_1_116' title="bbox 2269 5692 3751 5782; baseline -0.02 -13"><span class='ocrx_word' id='word_1_936' title='bbox 2269 5716 2453 5769; x_wconf 87' lang='lat' dir='ltr'><strong>dormit</strong></span> <span class='ocrx_word' id='word_1_937' title='bbox 2476 5730 2575 5767; x_wconf 88' lang='lat' dir='ltr'><strong>non</strong></span> <span class='ocrx_word' id='word_1_938' title='bbox 2614 5692 2819 5782; x_wconf 81' lang='lat' dir='ltr'><strong>adjiciet</strong></span> <span class='ocrx_word' id='word_1_939' title='bbox 2846 5719 2899 5764; x_wconf 85' lang='lat' dir='ltr'><strong>ut</strong></span> <span class='ocrx_word' id='word_1_940' title='bbox 2926 5708 3195 5779; x_wconf 81' lang='lat' dir='ltr'><strong>resurgat?</strong></span> <span class='ocrx_word' id='word_1_941' title='bbox 3220 5707 3351 5777; x_wconf 82' lang='lat' dir='ltr'><strong>Ego,</strong></span> <span class='ocrx_word' id='word_1_942' title='bbox 3377 5699 3549 5768; x_wconf 88' lang='lat' dir='ltr'><strong>inquit,</strong></span> <span class='ocrx_word' id='word_1_943' title='bbox 3576 5692 3751 5782; x_wconf 37' lang='lat' dir='ltr'><strong>dormiit</strong></span> 
     </span>
    </p>
   </div>
   <div class='ocr_carea' id='block_1_117' title="bbox 2270 5777 3745 5878">
    <p class='ocr_par' dir='ltr' id='par_1_117' title="bbox 2270 5777 3745 5878">
     <span class='ocr_line' id='line_1_117' title="bbox 2270 5777 3745 5878; baseline -0.024 -13"><span class='ocrx_word' id='word_1_944' title='bbox 2270 5823 2369 5878; x_wconf 77' lang='lat' dir='ltr'><strong>ego</strong></span> <span class='ocrx_word' id='word_1_945' title='bbox 2411 5808 2499 5876; x_wconf 89' lang='lat' dir='ltr'><strong>qui</strong></span> <span class='ocrx_word' id='word_1_946' title='bbox 2549 5777 2864 5874; x_wconf 76' lang='lat' dir='ltr'><strong>potestatem</strong></span> <span class='ocrx_word' id='word_1_947' title='bbox 2911 5777 3087 5857; x_wconf 82' lang='lat' dir='ltr'><strong>habeo</strong></span> <span class='ocrx_word' id='word_1_948' title='bbox 3119 5795 3347 5863; x_wconf 87' lang='lat' dir='ltr'><strong>ponendi</strong></span> <span class='ocrx_word' id='word_1_949' title='bbox 3378 5792 3590 5847; x_wconf 81' lang='lat' dir='ltr'><strong>animant</strong></span> <span class='ocrx_word' id='word_1_950' title='bbox 3618 5777 3745 5835; x_wconf 73' lang='lat' dir='ltr'><strong>mem</strong></span> 
     </span>
    </p>
   </div>
  </div>
