4012 6338
282 296 419 355 1153

1266 309 1548 371 HOMILIA
1588 314 1653 371 IN
1695 312 2021 375 DOMINICA
2062 318 2103 374 ll
2142 320 2526 381 ADVENTUS.

3396 330 3533 391 1154

278 440 378 493 ego
423 426 663 494 dormivi,
694 442 798 483 non
825 430 946 496 quia
974 430 1219 498 savistis,
1254 452 1360 492 non
1387 440 1511 509 quia
1540 441 1807 495 insanistis
1833 460 1846 507 ;
1880 446 1934 504 Α
1961 453 2118 499 tatem
2150 451 2218 501 et‘
2239 449 2303 502 ad
2336 451 2495 505 vitam
2524 452 2729 517 venire,
2772 467 2800 507 a
2842 450 2920 517 via
2954 453 3062 515 noli
3092 448 3295 515 errare.
3330 454 3527 525 Video,

279 535 379 585 ego
410 521 621 588 implevi
669 524 807 591 quod
835 526 1005 591 volui,
1051 542 1144 583 vos
1174 530 1225 585 in
1257 538 1461 587 scelere
1491 535 1848 594 remansistis.

279 612 407 678 Quis
438 614 605 683 exigit
632 623 775 670 tanta
806 618 870 671 de
909 618 1016 673 Deo
1043 632 1246 687 nostro,
1273 624 1491 688 fratres,
1534 642 1630 695 pro
1671 639 1852 683 nostra

279 705 651 773 redemptione
688 718 745 764 et
783 710 971 775 salute,
1007 712 1105 766 nisi
1148 713 1381 769 charitas
1421 732 1537 785 qu:e
1584 734 1852 788 nunquam

278 799 454 853 cadit?
482 800 526 853 0
548 799 782 855 charitas
798 818 914 871 quae
936 820 1152 874 magnas
1176 807 1316 861 vires
1338 807 1524 873 habes,
1556 817 1611 863 et
1632 809 1698 864 de
1716 811 1855 866 caelo

281 887 447 943 Deum
496 890 822 959 deposuisti;
851 907 884 947 ο
912 909 1035 948 cara
1072 898 1297 963 sanitas,
1328 912 1360 952 ο
1411 909 1598 953 sancta
1637 912 1689 955 et
1732 917 1855 958 vera

279 981 512 1037 charitas
539 998 657 1052 qua!
681 992 828 1039 tanta
861 1002 920 1041 es
947 987 999 1042 in
1025 990 1205 1054 terris,
1238 1001 1432 1060 quanta
1456 993 1563 1048 eris
1587 994 1646 1048 in
1670 995 1852 1050 caelis!

277 1069 410 1136 Quae
437 1081 635 1127 tantum
667 1083 819 1143 potes
856 1077 906 1131 in
958 1077 1057 1133 hac
1102 1095 1273 1151 pugna
1314 1083 1653 1138 mortalitatis
1682 1085 1857 1142 adhuc

281 1161 530 1229 sollicita,
581 1176 836 1234 quantum
881 1173 1078 1238 poteris
1123 1174 1175 1227 in
1207 1173 1297 1229 illa
1327 1176 1558 1245 perfecta
1598 1193 1725 1245 pace
1766 1194 1854 1234 se-

279 1255 445 1309 cura?
492 1255 693 1328 Evigila
750 1260 926 1331 itaque
957 1266 1130 1319 omnis
1156 1266 1329 1321 anima
1357 1268 1661 1335 christiana,
1715 1280 1767 1324 et
1812 1271 1857 1325 si

280 1345 334 1399 in
384 1355 438 1403 te
486 1350 687 1406 eminet
735 1354 903 1409 virtus
961 1356 1233 1411 charitatis
1284 1373 1404 1427 quae
1466 1362 1641 1413 omnia
1700 1362 1858 1415 susti-

281 1444 395 1502 net,
423 1438 631 1495 Domini
679 1444 750 1498 tui
803 1445 1013 1501 imitare
1052 1449 1291 1519 vestigia.
1341 1449 1572 1504 Christus
1595 1452 1747 1519 enim,
1786 1452 1859 1506 ait

276 1534 551 1599 apostolus
582 1534 792 1605 Petrus,
827 1556 919 1610 pro
946 1543 1083 1596 vobis
1107 1561 1288 1611 passus
1311 1555 1384 1600 est
1407 1549 1696 1617 relinquens
1718 1548 1857 1603 vobis

277 1626 564 1695 exemplum
582 1636 643 1681 ut
676 1633 956 1698 sequamini
974 1636 1183 1706 vestigia
1203 1637 1312 1706 ejus
1331 1653 1350 1692 :
1371 1647 1425 1693 et
1457 1640 1501 1692 si
1525 1639 1614 1694 ille
1640 1650 1858 1707 propter

283 1724 339 1771 te
370 1718 437 1772 de
457 1721 661 1777 cmlesti
694 1724 822 1779 sede
847 1726 910 1780 ad
938 1734 1147 1783 terrena
1171 1730 1468 1797 descendit,
1495 1742 1546 1785 tu
1576 1738 1857 1801 propterte

1956 541 2154 611 inquis,
2186 544 2323 597 viam
2354 557 2406 601 et
2433 549 2587 616 cupio
2615 550 2921 617 ambulare;
2951 552 3043 605 sed
3072 567 3250 611 amara
3277 562 3357 609 est
3392 572 3403 607 :
3430 556 3531 610 Ar-

1956 642 2035 685 cta
2061 638 2193 688 enim
2216 635 2300 688 via
2340 650 2386 692 et
2427 654 2644 711 angusta
2669 652 2741 697 est
2769 660 2880 711 qua:
2907 644 3043 697 ducit
3071 646 3138 698 ad
3170 646 3353 712 vitam;
3379 645 3534 703 Chri-

1956 734 2071 783 stus
2103 731 2367 796 transivit,
2403 745 2453 787 et
2482 732 2653 791 adhuc
2690 751 2878 806 aspera
2908 736 3027 793 est?
3056 736 3404 795 Transierunt
3441 755 3530 795 se-

1958 836 2072 887 nes,
2122 824 2447 879 transierunt
2491 825 2737 895 juvenes,
2789 830 3116 884 transierunt
3176 831 3364 900 puellae
3412 848 3533 900 quae

1959 914 2099 968 viam
2133 930 2289 985 quam
2322 916 2475 972 times
2495 928 2547 971 et
2570 919 2757 975 horres
2787 923 2961 975 tritam
2997 922 3091 976 tibi
3120 923 3381 981 iecerunt.
3404 926 3534 978 Am~

1959 1006 2077 1063 bula
2106 1022 2236 1077 ergo
2263 1010 2401 1063 viam
2432 1024 2651 1065 securus
2700 1030 2713 1066 :
2744 1013 2975 1081 ambula,
3009 1014 3137 1082 quid
3167 1016 3309 1070 enim
3341 1013 3535 1073 metuis

1958 1096 2012 1150 in
2044 1096 2144 1152 hac
2185 1099 2308 1153 via?
2339 1100 2598 1154 Mortem?
2627 1109 2681 1156 et
2711 1112 2932 1158 mortem
2962 1106 3115 1160 times
3145 1105 3235 1175 qui
3271 1105 3337 1159 ad
3367 1107 3533 1161 vitam

1959 1189 2164 1243 curris?
2196 1189 2373 1244 Bonus
2401 1205 2491 1258 es;
2526 1192 2660 1247 bene
2688 1195 2737 1246 in
2770 1195 2868 1248 hac
2898 1197 3008 1250 vita
3037 1200 3228 1251 curris.
3260 1197 3400 1254 Mors
3438 1197 3533 1256 tibi

1953 1278 2111 1347 janua
2141 1289 2222 1334 est
2265 1298 2383 1349 quae
2432 1292 2484 1337 te
2510 1294 2855 1353 reprtesentat
2908 1301 3010 1340 non
3053 1302 3169 1357 quae
3214 1288 3414 1342 auferat
3458 1289 3533 1343 vi-

1958 1380 2087 1446 tam.
2136 1373 2357 1426 Ambula
2394 1389 2520 1448 ergo
2578 1375 2751 1443 viam,
2800 1375 2905 1429 imo
2951 1377 3061 1445 ipse
3087 1378 3175 1446 qui
3227 1385 3441 1447 propter
3483 1386 3535 1434 te

1960 1464 2131 1519 factus
2157 1475 2238 1520 est
2266 1466 2369 1525 via.
2403 1468 2516 1536 ipse
2548 1476 2597 1522 te
2624 1468 2779 1523 ducat
2823 1485 2915 1537 per
2956 1483 3014 1523 se
3058 1470 3264 1539 ipsum;
3301 1471 3415 1540 ipse
3453 1479 3535 1526 est

1959 1562 2098 1617 enim
2128 1564 2227 1629 via,
2254 1563 2437 1617 veritas
2466 1572 2513 1616 et
2542 1564 2663 1619 vita.
2712 1564 2802 1617 Dic
2832 1578 2958 1633 ergo
2991 1572 3064 1629 tu,
3097 1578 3130 1618 ο
3159 1564 3333 1618 anima
3366 1565 3535 1620 ﬁdelis

1959 1660 2013 1705 et
2035 1653 2143 1720 pia,
2175 1652 2259 1705 dic
2286 1667 2493 1716 secura,
2525 1653 2609 1706 dic
2638 1662 2690 1707 et
2718 1668 2838 1707 cum
2867 1655 3126 1724 prOpIteta
3159 1655 3420 1709 veraciter
3441 1670 3534 1710 ex-

1960 1743 2129 1797 clama
2158 1760 2170 1797 :
2205 1743 2381 1799 Deduc
2403 1760 2499 1812 me,
2533 1742 2767 1815 Domine,
2803 1745 2854 1797 in
2878 1746 2956 1798 via
2979 1756 3085 1821 tua,
3112 1754 3156 1799 et
3176 1744 3446 1800 ambulabo
3480 1747 3535 1800 in

281 1819 494 1908 ιριξπξηθ
521 1813 676 1908 fuge:
691 1829 879 1908 ἔψρθιθ
906 1822 1163 1876 οωῑθδῑίθ-
1197 1823 1254 1879 Si
1292 1824 1462 1879 dulCiS
1484 1834 1565 1879 est
1594 1825 1848 1893 mundus.
1884 1825 1932 1885 Β
1961 1839 2170 1891 veritate
2194 1845 2322 1890 tua:
2350 1846 2471 1890 tunc
2499 1836 2563 1890 ad
2592 1846 2642 1892 te
2670 1813 2890 1892 securus
2922 1813 3255 1905 perveniam,
3289 1839 3331 1893 si
3360 1852 3531 1908 usque

276 1900 482 1957 dulcior
519 1914 601 1960 est
639 1905 911 1976 Christus;
945 1913 987 1965 si
1015 1927 1227 1969 amarus
1256 1925 1339 1970 est
1368 1918 1623 1984 mundus,
1659 1932 1756 1985 pro
1797 1926 1849 1973 te

276 1994 455 2047 omnia
502 1999 753 2054 sustinuit
796 2000 1063 2059 Christus.
1099 2004 1192 2060 Via
1248 2006 1338 2061 tibi
1392 2007 1562 2062 iactus
1601 2014 1685 2063 est
1734 2009 1850 2078 ipse

276 2084 530 2151 salvator,
559 2101 744 2158 surge,
767 2092 999 2159 ambula,
1028 2095 1191 2152 habes
1213 2112 1348 2166 quo;
1380 2098 1489 2153 noli
1522 2099 1851 2170 pigrescere;

275 2176 371 2232 sed
403 2177 538 2234 forte
579 2182 777 2251 queris
822 2185 960 2252 quo?
994 2185 1153 2242 Vides
1205 2190 1347 2243 enim
1378 2191 1515 2244 viam
1549 2201 1603 2244 et
1660 2192 1855 2259 quaeris

275 2282 385 2337 quo
428 2270 584 2326 ducat
609 2272 724 2328 hinc
754 2275 865 2343 ipsa
896 2275 1013 2331 via?
1043 2277 1122 2332 Ad
1175 2282 1447 2335 veritatem
1493 2291 1544 2335 et
1572 2281 1638 2335 ad
1670 2282 1851 2336 vitam.

275 2361 333 2416 Si
363 2376 511 2419 amas
544 2368 838 2436 veritatem,
869 2371 914 2425 si
959 2386 1106 2426 amas
1134 2373 1317 2438 vitam,
1351 2383 1405 2428 et
1433 2377 1581 2441 cupis
1608 2374 1675 2428 ad
1705 2374 1851 2430 veri-

1960 1931 2011 1984 in
2044 1929 2199 1985 linem
2233 1939 2374 1984 tuam
2394 1930 2616 1998 gratiam
2647 1944 2750 1983 non
2779 1930 3040 1997 deseram.
3061 1931 3203 2003 Haec,
3234 1929 3424 1995 fratres
3453 1929 3535 1983 di-

1960 2022 2261 2086 lectissimi,
2289 2038 2405 2099 qua:
2436 2037 2460 2074 a
2493 2020 2714 2076 Domino
2757 2021 2920 2093 ipsius
2950 2022 3220 2076 charitatis
3249 2022 3388 2076 dicta
3409 2030 3534 2078 sunt

1958 2118 2223 2172 sanctitati
2256 2106 2465 2179 vestrae,
2518 2115 2588 2167 ita
2622 2110 2858 2168 haereant
2904 2114 3150 2175 sensibus
3195 2124 3248 2170 et
3279 2114 3535 2169 cordibus

1960 2208 2171 2275 vestris,
2204 2216 2260 2260 ut
2286 2208 2471 2262 eadem
2499 2205 2612 2275 ipsa
2631 2204 2862 2259 charitas
2893 2203 3120 2273 fructum
3152 2205 3203 2259 in
3236 2206 3385 2273 vobis
3406 2218 3537 2276 ope-

1962 2299 2035 2353 ris
2068 2297 2324 2366 inveniat,
2356 2313 2459 2352 non
2492 2297 2610 2351 folia
2643 2295 2830 2350 laudis.

290 2507 2587 2532 ww—

1016 2611 1219 2715 OP
1242 2610 1979 2722 USCULUM
2056 2605 2805 2718 TERTIUM

1838 2800 1994 2856 SIVE

754 2914 1266 3002 HOMILIA
1338 2921 1459 3004 IN
1536 2917 2125 3006 DOMINICA
2200 2921 2284 3003 II
2357 2887 3019 3007 ADVENTUS.

349 3054 488 3112 Ecce
517 3071 587 3111 ex
621 3071 721 3127 qua
766 3057 929 3115 Tribu
975 3060 1275 3115 nasciturus
1325 3068 1465 3116 esset
1493 3061 1737 3116 Christus
1780 3078 1845 3118 ex

1953 3062 2200 3121 missum.
2223 3062 2310 3132 qui
2334 3074 2437 3115 non
2478 3070 2597 3115 ante
2636 3069 2863 3115 mortem
2894 3063 3077 3131 David,
3109 3065 3202 3123 sed
3235 3076 3354 3136 post
3378 3085 3530 3125 mor.

278 3146 503 3203 lectione
529 3149 835 3218 evangelica
866 3151 1139 3205 docemur.
1176 3151 1247 3204 Ex
1281 3150 1442 3205 David
1472 3164 1646 3207 autem
1681 3154 1847 3223 stirpe
1876 3123 1922 3187 ε
1954 3162 2058 3208 tem
2089 3154 2203 3221 ejus
2236 3152 2618 3221 praenuntiatus
2651 3151 2807 3205 luerit
2839 3153 3195 3221 suscitandus,
3233 3160 3320 3227 qui
3353 3160 3521 3214 aediﬁ-

275 3242 565 3298 secundutn
594 3258 806 3298 carnem
856 3245 1088 3299 futurum
1139 3259 1275 3309 esse,
1330 3246 1402 3299 ita
1440 3248 1847 3313 praenuntiatum

275 3343 356 3389 est
382 3335 434 3389 in
463 3336 677 3404 psalmis
708 3353 720 3389 :
752 3316 952 3391 Iuravit
998 3336 1244 3391 Dominus
1291 3336 1455 3391 David
1480 3340 1531 3392 in
1561 3341 1782 3404 veritate,
1803 3348 1851 3394 et

273 3444 374 3481 non
398 3428 723 3497 frustrabitur
743 3446 877 3497 eum,
906 3431 966 3483 de
992 3433 1161 3499 {ructu
1182 3432 1366 3485 ventris
1391 3431 1463 3487 tui
1490 3447 1672 3499 ponant
1697 3448 1852 3503 super

272 3520 441 3574 sedem
461 3531 622 3576 tuam.
656 3522 721 3577 Et
752 3537 961 3576 rursum
1004 3539 1016 3575 :
1052 3523 1220 3577 Semel
1242 3522 1413 3592 juravi
1459 3522 1511 3575 in
1536 3531 1708 3576 sancto
1742 3540 1849 3577 meo

273 3614 319 3667 si
358 3615 522 3667 David
553 3616 794 3681 mentiar,
825 3632 992 3669 semen
1016 3618 1127 3687 ejus
1170 3617 1221 3667 in
1259 3626 1501 3669 ceternum
1544 3618 1765 3669 manebit
1806 3624 1853 3670 et

274 3708 513 3763 thronum
538 3711 646 3780 ejus
671 3712 799 3764 sicut
828 3717 903 3764 sat
942 3728 994 3764 in
1020 3718 1291 3779 conspectu
1324 3726 1455 3779 meo,
1496 3718 1541 3763 et
1566 3711 1694 3763 sicut
1727 3708 1852 3763 luna

273 3801 496 3870 perfecta
518 3803 569 3854 in
591 3814 855 3865 aeternum,
880 3813 927 3856 et
950 3804 1087 3855 testis
1118 3802 1170 3855 in
1197 3803 1320 3856 cwlo
1344 3801 1528 3871 ﬁdelis.
1560 3801 1625 3855 Et
1647 3803 1772 3857 item
1799 3803 1850 3857 in

272 3890 413 3947 libro
444 3893 880 3961 Paralipomenon
909 3912 920 3946 :
974 3893 1055 3946 Et
1087 3898 1277 3963 factum
1301 3904 1372 3947 est
1413 3895 1612 3945 verbum
1646 3891 1850 3946 Domini

273 3987 341 4039 ad
380 3984 587 4039 Nathan
630 3988 926 4054 praphetam
954 3987 1123 4040 dicens
1149 4002 1165 4041 :
1196 3983 1342 4039 Vade
1371 3996 1417 4038 et
1449 3985 1529 4037 dic
1555 4000 1692 4037 servo
1738 4002 1848 4039 meo

276 4078 442 4133 David
467 4094 485 4132 :
516 4077 639 4135 Haec
668 4080 789 4133 dicit
822 4077 1108 4133 Dominus:
1132 4080 1391 4135 Annuntio
1421 4081 1506 4135 tibi
1526 4081 1660 4151 quod
1684 4079 1849 4147 (edifi-

273 4181 479 4227 caturus
510 4183 582 4229 est
608 4174 814 4228 domum
860 4174 955 4229 sibi
998 4173 1535 4242 Dominus;cumque
1566 4176 1850 4243 impleveris

272 4263 381 4319 dies
426 4274 536 4320 tuos
572 4275 628 4320 ut
669 4267 824 4320 vadas
868 4266 935 4319 ad
982 4276 1147 4335 patres
1188 4278 1334 4334 tuos,
1384 4269 1633 4323 suscitabo
1679 4285 1850 4323 semen

274 4366 419 4410 tuum
462 4368 571 4426 post
596 4358 827 4429 te,quod
868 4361 961 4415 erit
986 4359 1047 4414 de
1068 4360 1187 4427 ﬁliis
1233 4360 1352 4425 tuis,
1420 4371 1465 4414 et
1486 4359 1741 4416 stabiliam
1781 4376 1853 4413 re-

272 4465 429 4519 gnum
450 4450 579 4521 ejus.
610 4448 728 4519 Ipse
757 4452 1029 4519 ardiﬁcabit
1061 4452 1182 4506 mihi
1209 4452 1429 4515 domum,
1456 4463 1499 4505 et
1523 4453 1740 4520 ﬁrmabo
1765 4468 1848 4505 so-

1955 3254 2103 3299 caret
2130 3244 2347 3297 domum
2384 3243 2590 3297 Demini
2624 3259 2726 3297 non
2756 3244 2823 3297 de
2854 3244 3143 3311 parietibus
3184 3250 3525 3315 manufactis,

1953 3338 2045 3393 sed
2073 3337 2139 3390 de
2184 3335 2441 3406 lapidibus
2490 3334 2621 3407 vivis
2651 3346 2702 3388 et
2735 3334 3001 3406 pretiosis,
3038 3337 3087 3390 id
3119 3348 3197 3391 cst
3240 3341 3438 3395 sanctis
3466 3355 3520 3396 et

1955 3429 2217 3495 ﬁdelibus,
2249 3443 2368 3485 nam
2397 3436 2450 3483 et
2480 3427 2605 3481 illud
2635 3429 2775 3498 quod
2808 3428 3069 3498 subjecit:
3106 3430 3277 3485 ﬁdelis
3310 3435 3408 3486 erit
3435 3433 3527 3487 do-

1954 3536 2073 3574 mus
2093 3520 2228 3590 ejus,
2265 3528 2320 3574 et
2349 3536 2567 3588 regnum
2601 3521 2715 3589 ejus
2744 3537 2909 3590 usque
2939 3523 2989 3576 in
3013 3527 3394 3591 sempiternum
3431 3542 3525 3581 c0-

1954 3625 2064 3666 ram
2099 3627 2200 3675 me,
2238 3611 2473 3665 attendat
2517 3620 2571 3665 ct
2614 3612 2837 3679 aspiciat
2866 3614 3144 3682 quisquam
3181 3630 3283 3669 non
3333 3617 3399 3671 de
3429 3618 3527 3673 Sa-

1954 3703 2167 3756 lomone
2197 3715 2316 3755 esse
2344 3702 2783 3773 praenuntiatum;
2824 3704 3123 3773 Salomonis
3170 3721 3396 3775 namque
3429 3709 3529 3764 do-

1953 3809 2095 3848 mum
2125 3795 2285 3849 fuisse
2316 3795 2523 3865 plenam
2554 3795 2860 3851 mulieribus
2888 3797 3197 3867 alienigenis
3226 3801 3527 3859 colentibus

1953 3886 2113 3949 idola,
2143 3895 2197 3939 et
2228 3885 2341 3954 ipse
2372 3887 2438 3939 ah
2476 3886 2555 3941 eis
2582 3902 2673 3943 rex
2707 3889 3018 3944 idololatriae
3060 3891 3332 3961 seductus,
3361 3906 3525 3965 atque

1956 3978 2209 4048 dejectus,
2244 3980 2332 4049 qui
2364 3979 2487 4032 dum
2513 3980 2679 4035 bonus
2703 3981 2887 4038 fuisset
2916 3984 2965 4035 in
2999 3983 3168 4055 initio,
3199 3989 3391 4041 tnalum
3424 3990 3508 4045 exi

1957 4079 2063 4125 tum
2093 4072 2293 4127 habuit.
2331 4073 2468 4143 Ergo
2496 4075 2614 4143 quis
2638 4087 2719 4128 εει
2746 4077 2843 4130 istc
2874 4077 3025 4145 cujus
3055 4078 3244 4133 domus
3275 4091 3356 4135 est
3391 4083 3522 4140 iide-

1954 4162 2018 4216 lis
2051 4165 2098 4217 in
2129 4174 2458 4234 perpetuum,
2492 4175 2545 4219 et
2569 4167 2655 4235 qui
2690 4178 2805 4233 post
2846 4178 3071 4223 mortem
3099 4170 3260 4226 David
3307 4176 3526 4243 promit-

1972 4256 2180 4310 tebatur
2209 4257 2579 4312 suscitandus?
2609 4257 2697 4313 llle
2723 4270 2803 4315 est
2831 4261 3007 4329 utique
3036 4262 3099 4317 de
3147 4280 3251 4333 quo
3279 4268 3391 4336 ipse
3420 4267 3526 4323 Da-

1960 4346 2041 4399 vid
2074 4347 2122 4399 in
2156 4350 2360 4417 psalmo
2397 4350 2761 4418 oetuagesimo
2806 4362 2992 4407 octavo
3037 4365 3269 4411 aestuans
3309 4368 3361 4413 et
3402 4375 3532 4429 pro-

1956 4437 2188 4491 clamans
2210 4438 2373 4492 dicit:
2404 4438 2481 4493 Tu
2510 4458 2624 4495 vero
2649 4442 2893 4496 distulisti
2912 4442 3167 4500 Christum
3207 4459 3365 4504 tuum.
3409 4452 3525 4507 Non

273 4542 400 4596 lium
420 4547 530 4614 ejus
558 4560 713 4612 usque
742 4546 794 4597 in
820 4554 1083 4597 aeternum.
1118 4543 1227 4613 Ego
1257 4559 1342 4597 ero
1367 4544 1444 4597 illi
1478 4544 1529 4596 in
1556 4553 1770 4613 patrem,
1795 4551 1840 4596 et
1869 4541 1923 4605 ι)
1944 4539 2026 4585 est
2048 4546 2175 4599 ergo
2196 4531 2463 4598 Salomon,
2490 4535 2579 4587 sed
2608 4551 2702 4589 nec
2723 4536 2819 4591 iste
2844 4536 3026 4601 David,
3057 4539 3148 4592 sed
3172 4540 3419 4595 dilatatus
3440 4556 3525 4600 est

272 4634 383 4699 ipse
415 4634 507 4685 erit
549 4632 670 4686 mihi
710 4634 761 4685 in
793 4634 977 4700 ﬁlium,
1017 4643 1063 4688 et
1106 4634 1509 4687 misericordiam
1541 4649 1704 4685 meam
1747 4620 1877 4686 non-

274 4724 510 4793 auferam
533 4723 595 4776 ab
624 4739 703 4791 eo,
734 4724 861 4776 sicut
879 4721 1066 4777 abstuli
1097 4723 1158 4775 ab
1180 4740 1237 4776 eo
1276 4724 1363 4792 qui
1385 4732 1502 4775 ante
1546 4730 1593 4773 te
1624 4722 1758 4790 luit;
1803 4728 1849 4775 et

272 4823 496 4871 statuam
523 4831 634 4869 eum
682 4816 734 4868 in
781 4814 930 4868 domo
965 4830 1093 4878 mea,
1118 4824 1164 4866 et
1195 4814 1247 4867 in
1278 4830 1433 4885 regno
1462 4829 1570 4866 meo
1616 4828 1772 4880 usque
1797 4813 1851 4865 in

273 4908 657 4979 sempiternum,
697 4916 741 4959 et
773 4904 1009 4959 thronum
1041 4921 1203 4959 meum
1226 4904 1577 4974 ﬁrmissimum
1598 4905 1649 4956 in
1682 4919 1852 4973 perpe-

275 5009 441 5069 tuum.
475 4997 597 5052 llaec
621 4998 794 5052 omnia
825 4999 914 5069 qui
945 4998 995 5051 in
1027 4996 1314 5053 Salomone
1358 5005 1503 5066 putat
1546 4996 1707 5050 fuisse
1750 4998 1845 5049 im-

275 5092 437 5160 pleta,
472 5090 690 5142 multum
716 5104 895 5143 errare
921 5089 1159 5155 videtur;
1194 5105 1313 5142 nam
1357 5089 1583 5159 qualiter
1614 5088 1663 5141 in
1693 5086 1847 5143 Salo-

276 5196 436 5237 mone
464 5180 861 5251 iutelligcndum
889 5190 971 5235 est
998 5179 1138 5252 quod
1167 5179 1370 5233 dictum
1410 5188 1492 5234 est
1518 5197 1529 5231 :
1562 5179 1847 5247 Postquam

275 5275 560 5329 dormieris
589 5289 708 5328 cum
741 5273 976 5342 patribus
1009 5275 1137 5339 tuis,
1184 5273 1455 5327 suscitabo
1485 5286 1664 5326 semen
1703 5280 1847 5324 tuum

276 5374 397 5435 post
420 5372 489 5432 te,
520 5365 657 5435 quod
688 5366 788 5420 erit
816 5366 881 5419 de
912 5366 1031 5420 liliis
1060 5366 1184 5434 tuis,
1215 5376 1268 5420 et
1314 5366 1579 5419 stabiliam
1628 5378 1848 5432 regnum

272 5457 429 5529 eius?
456 5455 702 5528 Nunquid
734 5457 798 5511 de
845 5456 932 5511 illo
972 5456 1261 5511 Salomone
1289 5456 1523 5510 creditur
1562 5455 1850 5525 propheta-

274 5549 426 5605 tum?
466 5548 709 5615 Minime;
759 5549 846 5603 ille
892 5547 1033 5603 enim
1077 5548 1288 5603 vivente
1340 5559 1490 5616 patre
1545 5562 1643 5601 suo
1688 5546 1851 5615 coepit

276 5656 537 5712 regnare;
570 5656 691 5696 nam
723 5640 806 5695 hic
835 5641 1033 5695 dicitur
1064 5658 1076 5693 :
1110 5640 1227 5709 quia
1259 5656 1377 5694 cum
1422 5640 1625 5710 impleti
1659 5638 1852 5693 iuerint

274 5732 393 5787 dies
424 5733 498 5789 tui
545 5742 600 5788 et
644 5734 924 5788 dormieris
966 5747 1085 5789 cum
1134 5732 1371 5803 patribus
1407 5732 1530 5795 tuis,
1584 5730 1852 5786 suscitabo

278 5834 461 5878 semen
493 5833 660 5891 tuum,
707 5839 772 5901 es
811 5840 914 5901 quo
957 5812 1267 5903 intelligitur
1309 5822 1468 5897 alium
1515 5822 1677 5878 fuisse
1728 5835 1851 5890 pro-

1950 4620 2212 4676 Christus.
2249 4624 2379 4678 Ecce
2401 4626 2645 4693 apparuit
2681 4638 2819 4680 Ct’l‘ltl
2846 4630 3220 4696 promissiones
3240 4635 3525 4701 pracdictas

1953 4713 2125 4765 nonin
2150 4713 2458 4781 Salomone,
2478 4715 2571 4769 sed
2595 4716 2643 4768 in’
2668 4716 2874 4771 Christo
2890 4718 3114 4772 Domino
3129 4730 3332 4788 nostro,
3351 4725 3436 4792 qui
3457 4740 3526 4780 ex

1958 4807 2121 4861 David
2138 4824 2331 4877 genere
2347 4820 2490 4863 ortus
2507 4811 2772 4876 est,iuisse
2787 4814 3169 4879 completas,de
3185 4832 3288 4885 quo
3308 4834 3400 4887 per
3413 4820 3529 4875 Ηίθ-

1956 4897 2172 4952 remiam
2193 4898 2303 4967 ipse
2331 4898 2582 4953 Dominus
2596 4901 2722 4954 dicit
2736 4919 2748 4955 :
2769 4901 2897 4955 Ecce
2909 4904 3015 4957 dies
3029 4907 3303 4971 veniunt,et
3315 4909 3529 4962 suscita-

1957 4990 2017 5043 bo
2038 4989 2197 5042 David
2207 5007 2405 5061 germen
2410 4993 2631 5061 justum,
2649 5001 2692 5045 et
2708 4994 2929 5060 regnabit
2944 5004 3103 5059 rex,et
3120 4998 3320 5066 sapiens
3346 5000 3462 5064 erit,
3479 5008 3528 5052 et

1955 5083 2376 5154 facietjudicium
2393 5093 2435 5135 rt
2452 5084 2712 5154 justitiam
2735 5099 2883 5154 super
2906 5096 3109 5139 terram.
3140 5086 3205 5141 In
3221 5088 3396 5142 diebus
3422 5090 3528 5144 illis

1953 5176 2226 5230 salvabitur
2245 5174 2408 5237 Juda,
2428 5184 2471 5229 et
2499 5175 2659 5230 Israel
2670 5174 2905 5229 habitabit
2918 5178 3251 5245 conﬁdenter,
3271 5181 3426 5234 ethoc
3452 5191 3529 5236 est

1956 5286 2132 5324 nomen
2154 5274 2292 5338 quod
2321 5270 2566 5323 vocabunt
2594 5286 2729 5337 eum,
2765 5269 3008 5323 Dominus
3030 5272 3204 5338 justus
3249 5284 3436 5328 noster.
3465 5275 3531 5331 Et

1956 5354 2114 5415 Isaias
2162 5362 2228 5415 de
2258 5360 2469 5414 Christo
2505 5363 2627 5430 quia
2677 5377 2745 5416 ex
2793 5361 2994 5414 semine
3044 5361 3204 5416 David
3263 5374 3415 5419 natus
3447 5377 3531 5421 est

1955 5453 2244 5507 secundum
2289 5467 2501 5506 carnem
2534 5453 2611 5504 sic
2640 5452 2693 5505 in
2745 5454 3196 5522 consequentibus
3240 5438 3532 5525 prophetia:

1958 5557 2069 5597 sum
2086 5542 2218 5596 dicit
2260 5559 2272 5597 :
2307 5542 2367 5595 In
2391 5544 2470 5595 die
2494 5542 2585 5595 illa
2612 5544 2760 5597 radix
2787 5544 2931 5597 Iesse
2969 5546 3056 5615 qui
3084 5555 3183 5599 stat
3225 5548 3279 5601 in
3324 5550 3531 5618 signum

1959 5633 2285 5704 p0pulorunt,
2319 5635 2487 5701 ipsum
2524 5645 2691 5701 gentes
2716 5636 3139 5706 deprecabuntur,
3163 5648 3210 5693 et
3239 5641 3331 5693 erit
3359 5640 3530 5708 s'epuL

1958 5743 2096 5780 crum
2126 5729 2235 5798 ejus
2260 5727 2557 5798 gloriosum.
2592 5728 2645 5781 In
2676 5731 2880 5800 signum
2911 5732 3223 5800 papulorum
3251 5742 3353 5788 stat
3382 5735 3529 5790 radix

1958 5817 2133 5886 Jesse,
2168 5821 2417 5888 quoniam
2450 5818 2693 5876 Christus
2723 5821 3051 5892 signaculum
3080 5824 3253 5878 crucis
3279 5824 3527 5892 exprimit
