4012 6338
444 352 584 426 tias

1331 356 1888 433 SUPPLEMENTUM
1928 373 2020 431 AD
2058 370 2288 431 ornas
2325 368 2385 429 s.
2427 364 2818 428 AUGUSTINI.

3585 356 3741 427 1136

440 484 496 539 in
527 481 792 538 frontibus
838 488 1045 537 eorum.
1097 480 1272 553 ipsum
1325 496 1512 555 gemes
1560 488 2019 559 deprecabuntur,
2051 492 2107 554 Α
2131 488 2373 552 accubat,
2405 486 2653 556 permixti
2682 483 2891 540 scilicet
2920 476 3131 538 subdoli
3162 495 3283 536 cum
3312 481 3743 552 peccatoribus,

440 575 584 647 quod
609 574 721 646 jam
750 573 993 631 obtutum
1011 576 1248 631 cernitur
1269 578 1433 635 fuisse
1458 581 1806 651 completum.
1832 584 2030 653 Sepul-

440 683 590 725 crum
645 678 820 723 autem
870 668 984 737 ejus
1027 669 1080 725 in
1130 680 1331 726 tantum
1362 683 1445 729 est
1487 675 1799 745 gloriosum,
1833 686 1890 730 ut
1936 691 2029 731 ex-

442 768 598 828 cepto
627 759 767 828 quod
798 759 1060 832 redempti
1093 775 1186 832 per
1214 776 1441 820 mortem
1473 766 1591 836 ejus
1622 767 1849 837 gloriam
1876 769 2029 824 exhi-

438 852 650 916 bemus,
681 854 843 909 etiam
880 855 1027 910 locus
1076 857 1189 927 ipse
1218 872 1510 916 coruscans
1542 862 1814 917 miraculis
1843 863 2030 932 gloria:

436 945 672 1010 snm,_ob
716 960 834 1002 eam
864 962 1080 1003 causam
1127 953 1191 1004 ad
1234 967 1292 1007 se
1335 968 1548 1008 omnem
1576 954 1844 1009 contrahit
1872 971 2030 1009 utun-

437 1042 587 1099 dum.
616 1043 714 1099 Hic
746 1046 893 1101 locus
926 1047 979 1101 in
1000 1047 1215 1119 hebraco
1247 1048 1407 1105 habet
1438 1068 1451 1104 :
1486 1048 1553 1103 Et
1574 1052 1667 1104 erit
1696 1052 1892 1121 requies
1920 1053 2033 1123 ejus

437 1136 683 1207 gloriosa,
720 1138 901 1208 utique
949 1141 1071 1210 quia
1122 1142 1359 1197 moriens
1405 1157 1533 1199 caro
1577 1144 1692 1212 ejus
1743 1158 1848 1198 non
1902 1144 2034 1199 vidit

437 1235 869 1302 corruptionem,
920 1235 1214 1291 secundum
1274 1237 1595 1295 sententiam
1636 1237 1850 1308 psalmi,
1909 1236 2032 1307 quia

437 1337 540 1375 non
572 1332 644 1377 est
674 1324 916 1378 derelicta
942 1326 1113 1379 anima
1140 1328 1251 1398 ejus
1274 1331 1327 1379 in
1370 1328 1587 1394 inferno,
1615 1342 1715 1383 nec
1743 1328 1927 1382 datum
1951 1338 2035 1383 est

438 1424 669 1470 sanctum
720 1418 835 1488 ejus
872 1419 1042 1473 videre
1093 1420 1488 1490 corruptionem.
1538 1420 1643 1476 lste
1691 1429 1774 1476 est
1810 1420 1901 1491 qui
1940 1434 2035 1489 per

438 1509 644 1566 Nathan
686 1528 753 1567 ex
805 1513 1010 1569 semine
1038 1512 1203 1569 David
1249 1514 1597 1583 promittitur,
1643 1514 1733 1584 qui
1780 1514 1941 1568 etiam
1982 1523 2034 1569 et

439 1619 537 1675 per
565 1604 752 1659 Isaiam
783 1608 1097 1675 pr0pbetam
1134 1607 1206 1661 ita
1253 1607 1643 1675 praenun‘tiatur
1674 1624 1687 1661 :
1722 1606 2027 1679 Egredietur

440 1696 582 1770 uirga
608 1697 671 1751 de
708 1698 880 1752 radice
908 1698 1074 1763 Jesse,
1116 1710 1165 1753 et
1189 1700 1285 1768 ﬂos
1316 1701 1379 1755 de
1409 1701 1587 1756 radice
1614 1704 1730 1773 ejus
1769 1702 2033 1756 ascendet.

439 1789 569 1847 Haec
590 1792 734 1861 virga
763 1791 831 1847 de
854 1791 1037 1847 radice
1062 1791 1214 1848 lesse
1236 1792 1384 1861 virgo
1410 1793 1574 1849 Maria
1604 1802 1711 1860 est,
1739 1792 1808 1849 de
1854 1792 2036 1849 radice

2135 583 2207 639 ibi
2242 582 2325 636 vel
2355 582 2516 636 etiam
2541 581 2735 634 vitulus
2788 594 2853 633 ex
2878 577 3311 642 circumcisione,
3340 577 3426 631 leo
3451 590 3520 631 ex
3541 575 3741 631 saculi

2134 686 2417 749 potestate,
2449 690 2576 731 oves
2600 675 2669 730 de
2700 674 2941 744 populari
2981 672 3169 729 ordine
3192 672 3354 727 simul
3380 687 3745 727 commoran-

2134 782 2241 838 tur,
2273 772 2393 843 quia
2423 772 2475 825 in
2505 771 2608 826 ﬁde
2637 769 2939 825 communis
2971 777 3053 823 est
3097 767 3411 823 commixtio
3460 766 3745 820 omnium.

2132 865 2273 923 Puer
2328 873 2504 918 autem
2557 862 2808 932 parvulus
2864 862 3075 915 minans
3128 874 3220 916 eos
3266 860 3357 915 ille
3411 867 3497 914 est
3542 860 3747 927 utique

2135 958 2225 1029 qui
2278 972 2337 1014 se
2388 956 2684 1012 humiliavit
2736 971 2834 1025 pro
2865 954 3020 1009 nobis
3068 955 3121 1009 in
3171 953 3427 1025 parvulis.
3484 953 3590 1007 Bos
3630 968 3741 1007 au-

2138 1062 2243 1107 tem
2274 1061 2328 1107 et
2351 1052 2436 1106 leo
2462 1050 2622 1105 simul
2648 1048 2931 1104 comedent
2953 1048 3153 1117 paleas,
3174 1048 3295 1117 quia
3316 1046 3585 1117 principes
3607 1060 3743 1100 cum

2137 1147 2393 1217 subjectis
2416 1147 2660 1215 plebibus
2689 1159 3029 1201 communem
3060 1143 3258 1198 habent
3278 1142 3604 1197 doctrinam.
3632 1141 3746 1195 De-

2138 1240 2367 1295 lectatur
2394 1253 2606 1310 quoque
2634 1236 2811 1293 infans
2850 1236 2917 1290 ab
2945 1235 3112 1291 ubere
3143 1249 3303 1303 super
3328 1231 3594 1288 foramine
3639 1244 3743 1284 as-

2138 1328 2295 1400 pidis,
2341 1329 2465 1383 dum
2512 1338 2703 1398 gentes
2753 1342 2877 1396 qua:
2906 1326 3155 1381 solebant
3183 1338 3386 1380 venena
3438 1321 3752 1393 praedicare

2139 1422 2426 1494 aliquando
2453 1436 2731 1478 conversae
2777 1420 2937 1475 etiam
2970 1418 3176 1488 parvuli
3224 1416 3425 1471 Christi
3450 1416 3613 1471 ﬁdem
3640 1414 3755 1469 de-

2139 1516 2409 1571 lectantur
2436 1513 2658 1578 audire;
2690 1527 2918 1568 caverna
2947 1512 3093 1567 enim
3126 1508 3294 1579 reguli
3322 1507 3482 1563 corda
3504 1516 3631 1561 sunt
3656 1506 3754 1562 in-

2139 1606 2397 1675 ﬁdelium,
2428 1607 2483 1660 in
2526 1605 2718 1675 quibus
2746 1603 2835 1659 ille
2865 1617 3093 1671 serpens
3127 1610 3300 1657 tortus
3329 1599 3747 1670 requiescebat,

2139 1715 2298 1770 quem
2366 1698 2668 1753 ablactatus
2721 1695 3169 1765 comprehensum
3222 1692 3415 1748 exinde
3468 1693 3748 1759 :aptivum

2141 1792 2325 1857 traxit,
2358 1798 2416 1844 ut
2454 1791 2509 1845 in
2542 1790 2739 1844 ‘monte
2781 1796 2965 1842 sancto
3008 1786 3146 1855 ejus,
3177 1784 3331 1855 quod
3362 1791 3445 1839 est
3471 1781 3738 1849 Ecclesia,

439 1880 608 1937 David
634 1891 844 1949 exorta,
875 1898 995 1953 quae
1023 1884 1210 1954 genuit
1257 1883 1442 1941 ﬂorem
1493 1884 1774 1941 Dominum
1806 1884 2038 1941 salvato-
2070 1887 2120 1949 B
2145 1901 2251 1942 non
2278 1891 2517 1939 noceret.
2546 1882 2663 1937 lam
2684 1895 2811 1935 vero
2834 1879 2957 1949 quia
2980 1893 3076 1932 ore
3105 1875 3421 1947 prophetico
3450 1874 3520 1927 de
3546 1873 3739 1927 Aiebat)

439 1986 581 2041 rem,
610 1975 676 2029 de
701 1988 808 2043 quo
833 1976 995 2030 etiam
1022 1977 1262 2046 sequitur
1287 1994 1300 2029 :
1333 1974 1401 2028 Et
1424 1977 1699 2047 requiescet
1726 1993 1881 2045 super
1918 1993 2037 2031 eum

440 2062 672 2132 Spiritus
699 2064 924 2132 Domini,
951 2068 1163 2137 spiritus
1191 2068 1455 2139 sapientia:
1474 2076 1520 2122 et
1546 2068 1853 2135 intellectus,
1878 2068 2038 2137 spiri-

443 2166 525 2210 tus
549 2158 749 2212 consilii
778 2165 825 2210 et
855 2158 1209 2227 fortitudinis,
1248 2161 1455 2227 spiritus
1489 2160 1711 2215 scientia:
1741 2170 1787 2214 et
1808 2159 2033 2230 pietatis,

443 2259 492 2303 et
515 2251 726 2319 replebit
748 2267 863 2305 eum
882 2252 1091 2322 spiritus
1108 2252 1303 2306 timoris
1320 2250 1682 2307 Domini.ldeo
1695 2261 1872 2307 autem
1890 2260 2038 2307 tanta

444 2342 588 2400 dona
601 2344 830 2415 Spiritus
842 2360 1005 2416 super
1014 2361 1135 2403 eum
1150 2346 1529 2417 praedicantur,
1544 2346 1665 2416 quia
1682 2346 1734 2400 in
1762 2360 1826 2402 eo
1843 2360 1947 2400 non
1972 2343 2040 2400 ad

445 2451 756 2493 mensuram
776 2436 982 2493 habitat
1005 2430 1238 2509 Spiritus
1248 2440 1388 2493 sicut
1406 2438 1647 2504 innobis,
1666 2437 1758 2493 sed
1780 2446 1889 2492 tota
1908 2437 2049 2492 inest

451 2528 732 2600 plenitudo
773 2528 1071 2585 divinitatis
1098 2539 1155 2586 et
1182 2530 1492 2601 gratiarum.
1533 2530 1638 2584 Iste
1682 2537 1767 2583 est
1808 2529 1896 2599 qni
1936 2542 2042 2581 non

445 2625 721 2679 secundum
743 2624 989 2679 visionem
1009 2624 1296 2687 oculorum,
1322 2634 1368 2678 et
1399 2624 1635 2677 auditum
1661 2623 1873 2676 aurium
1895 2621 2045 2692 judi-

445 2728 549 2783 cat,
578 2717 667 2773 sed
695 2726 768 2772 est
790 2718 1007 2790 justitia
1046 2718 1309 2789 cingulum
1351 2718 1638 2772 lumborum
1666 2718 1779 2787 ejus
1821 2726 1869 2769 et
1920 2714 2049 2785 ﬁdes

446 2813 746 2869 cinctorinm
773 2828 951 2865 renum
977 2814 1128 2884 ejus;
1174 2812 1225 2865 in
1257 2812 1412 2880 cujus
1441 2810 1674 2867 ecclesia
1714 2808 1920 2863 habitat
1965 2806 2048 2861 lu-

449 2923 549 2977 pus
580 2923 700 2961 cum
731 2922 900 2977 agno;
932 2905 1023 2961 ille
1065 2905 1245 2976 utique
1274 2890 1626 2975 qui'solebat
1653 2902 1720 2957 ab
1752 2916 1819 2956 eo
1857 2912 2047 2969 rapere

451 3002 707 3071 praedam,
740 3012 794 3057 et
821 3002 947 3056 dum
976 2998 1044 3055 ad
1070 3015 1190 3056 eam
1221 2997 1551 3055 convertitur
1580 3012 1702 3051 cum
1739 2992 2043 3049 innocenti-

452 3093 549 3150 bus
575 3103 970 3159 commoratur;
1003 3094 1058 3149 in
1103 3092 1258 3163 cujus
1300 3092 1424 3148 ovili
1468 3090 1666 3161 pardus
1706 3102 1830 3143 cum
1885 3084 2042 3139 haedo

2149 1976 2391 2034 nascenti
2447 1974 2662 2028 Christo
2727 1970 3074 2038 perhibeatur
3130 1966 3491 2023 testimonium
3523 2003 3544 2031 ,
3599 1962 3743 2018 idem

2148 2067 2314 2123 lsaias
2372 2075 2618 2127 teStatur,
2671 2062 2869 2115 Ponant
2910 2060 3069 2124 enim,
3113 2059 3298 2123 inquit,
3333 2073 3487 2121 super
3522 2056 3607 2108 his
3652 2056 3747 2123 qui

2147 2160 2371 2233 fugerint
2401 2158 2464 2211 de
2487 2155 2676 2209 Moltab
2725 2168 2941 2217 leonem,
2984 2162 3035 2206 et
3083 2156 3309 2219 reliqum
3336 2160 3485 2202 terra:
3524 2162 3545 2201 :
3573 2147 3749 2199 emitte

2149 2267 2361 2323 agnum,
2389 2247 2629 2315 Domine,
2668 2247 3044 2300 dominatorem
3066 2252 3233 2307 terrm,
3276 2241 3341 2295 de
3369 2250 3512 2309 petra
3556 2236 3751 2291 deserti

2150 2348 2217 2400 ad
2243 2354 2460 2400 montem
2491 2342 2616 2412 ﬁlia:
2657 2341 2807 2397 Sion.
2835 2340 2909 2395 De
2937 2339 3039 2393 hac
3058 2336 3200 2392 enim
3227 2344 3389 2405 gente
3431 2332 3743 2388 Mobabita-

2151 2454 2274 2495 rum
2304 2451 2553 2508 egressus
2583 2442 2668 2490 est
2696 2448 2864 2502 agnus
2906 2429 3277 2485 immaculatus
3305 2426 3396 2497 qui
3447 2426 3590 2479 tollit
3624 2438 3751 2492 pec-

2150 2531 2256 2587 cati
2297 2529 2499 2594 mundi,
2530 2528 2621 2598 qui
2656 2525 2966 2581 dominatur
2998 2523 3050 2577 in
3081 2523 3213 2577 orbe
3244 2532 3533 2574 terrarum.
3587 2516 3746 2571 Petra

2151 2635 2330 2681 autem
2374 2622 2575 2679 deserti
2624 2620 2765 2675 Ruth
2798 2617 3067 2688 significat
3096 2628 3215 2685 qua:
3261 2612 3517 2667 deStituta
3569 2618 3749 2663 morte

2152 2719 2331 2775 mariti
2353 2716 2421 2773 de
2449 2716 2589 2770 Booz
2615 2710 2983 2785 genuitObed,
3006 2706 3222 2764 etOhetl
3243 2706 3420 2770 Jesse,
3435 2702 3577 2759 etde
3595 2701 3752 2756 lesse

2155 2812 2341 2877 David,
2358 2818 2413 2865 et
2432 2807 2500 2863 de
2520 2806 2771 2861 Davidica
2786 2804 2952 2872 stirpe
2966 2811 3122 2854 natus
3145 2793 3751 2854 estChriuusMontem

2154 2916 2330 2962 autem
2373 2902 2494 2958 ﬁliae
2522 2902 2651 2957 Sion
2679 2907 2771 2954 aut
2811 2896 3163 2951 historialiter
3191 2892 3361 2962 ipsam
3395 2890 3583 2944 urbem
3625 2888 3752 2942 llic-

2155 3001 2481 3072 rosolymam
2518 2996 2667 3061 dicit,
2700 3003 2791 3049 aut
2816 2992 2968 3062 juxta
2999 2986 3349 3059 tropologiam
3374 2982 3665 3038 Ecclesiant
3698 2980 3754 3034 in

2154 3096 2391 3160 saecula,
2428 3093 2477 3147 id
2523 3102 2604 3147 ρει
2638 3090 2689 3144 in
2747 3089 3003 3142 virtutum
3055 3082 3381 3138 sublimitate
3409 3076 3751 3133 collocatam.

456 3244 3749 3306 MM

1164 3394 1873 3507 OPU'SCUL
1900 3386 2045 3499 ΠΛ

2184 3386 2282 3515 ρ
2303 3380 2624 3491 UAR
2640 3376 2741 3484 Τ
2763 3377 3029 3498 UM.

2034 3593 2188 3653 SIVE

992 3748 1413 3836 SERMO
1490 3746 1613 3829 IN
1691 3735 2658 3828 CIRCUMCISIONE
2732 3728 3203 3816 DOMINI.

532 3936 1784 4007 lncarnattontsdiviua:mysterium,nostratque
1797 3927 2048 3985 recorda-
2077 3931 2122 3994 ρ
2154 3918 2523 3991 magnitudine
2539 3917 2817 3983 dubitare;
2842 3920 2949 3972 imo
2980 3917 3069 3971 illa
3102 3916 3282 3969 omnia
3308 3929 3429 3983 qua:
3447 3913 3519 3968 de
3540 3912 3755 3967 humili-

468 4036 633 4090 tionis
658 4034 928 4104 egregium
954 4039 1346 4087 sacramentum
1380 4028 1447 4082 ob
1479 4027 1580 4082 hoc
1618 4042 1647 4079 a
1692 4025 1844 4079 nobis
1875 4036 2051 4076 annua

457 4128 793 4185 revolutione
812 4126 1111 4183 celebratur
1137 4134 1188 4179 et
1219 4124 1434 4191 colitur,
1466 4130 1525 4177 ut
1570 4121 1699 4175 tanti
1726 4132 2057 4175 commemo-

458 4221 597 4276 ratio
635 4220 879 4276 beneﬁcii
913 4220 1053 4290 quod
1097 4218 1248 4272 nobis
1286 4216 1514 4285 indignis
1560 4214 1720 4269 fuerit
1755 4214 2056 4282 impensum

459 4312 738 4379 ostendat,
771 4323 822 4367 et
853 4311 977 4381 quid
1010 4320 1171 4364 tanta:
1210 4310 1394 4380 glorias
1425 4308 1714 4364 debeamus
1744 4307 2049 4361 admoneat.

462 4403 717 4470 Proinde,
736 4402 948 4470 fratres,
968 4409 1223 4470 quantum
1246 4400 1546 4454 audivimus
1564 4400 1848 4453 Dominum
1867 4396 2053 4452 Jesum

459 4495 735 4551 Christum
765 4511 859 4565 pro
886 4495 1038 4551 nobis
1068 4493 1489 4549 misericorditer
1518 4491 1875 4557 Itumiiiatutn,
1909 4499 2055 4545 tanto

461 4590 633 4659 magis
687 4600 1039 4658 agnoscamus
1092 4584 1436 4640 inerrabiliter
1486 4584 1813 4654 gloriosum,
1864 4583 1916 4637 in
1952 4597 2058 4652 quo

465 4697 695 4751 namque
716 4696 867 4736 suam
890 4681 1032 4735 circa
1065 4694 1159 4733 nos
1183 4677 1595 4747 insnpcrahilem
1625 4677 1940 4732 charitatem
1961 4676 2054 4730 Dei

461 4774 769 4845 unigenitus
797 4772 1077 4828 evidenter
1100 4772 1351 4838 ostendit,
1382 4770 1433 4825 in
1457 4786 1561 4840 quo
1588 4784 1684 4839 pro
1707 4771 1861 4825 nobis
1883 4769 2055 4824 humi-

466 4871 670 4926 litatcm
702 4884 843 4923 vera:
871 4845 1072 4932 carnis,
1093 4880 1337 4935 veraeque
1355 4864 1560 4931 mortis,
1584 4879 1690 4918 non
1717 4872 1936 4919 coactus
1963 4878 2055 4919 ne-

462 4964 713 5020 cessitate
738 4960 832 5016 sed
858 4960 1091 5014 bonitate
1111 4958 1393 5013 miseratus
1417 4957 1729 5025 assumpsit.
1753 4956 1889 5023 Quid
1914 4956 2055 5010 enim

461 5055 587 5109 boni
623 5055 945 5115 leceramus,
978 5048 1191 5115 fratres,
1222 5058 1277 5102 ut
1307 5057 1510 5103 tantum
1553 5049 1706 5103 nobis
1738 5048 2054 5104 beneﬁcium

466 5144 858 5217 praestaretur?
885 5140 1015 5209 Quae
1040 5150 1218 5195 nostra
1240 5140 1374 5194 bona
1399 5138 1824 5205 meritafuerunt
1855 5147 1911 5193 ut
1933 5139 2055 5192 uni-

460 5238 673 5307 genitus
706 5236 800 5290 Dei
832 5236 993 5289 homo
1025 5234 1140 5288 ﬁeri
1171 5234 1504 5302 dignaretur,
1532 5242 1589 5286 ut
1620 5232 1925 5287 Altissimus
1956 5232 2057 5287 inte

3154 3300 3181 3322 ν

2165 4025 2273 4073 tate
2285 4025 2443 4085 atque
2456 4012 2788 4068 humanitate
2803 4010 3009 4065 Domini
3028 4008 3320 4064 Salvatoris
3332 4005 3665 4070 audivimus,
3676 4020 3759 4060 γε·

2122 4158 2135 4169 .
2160 4124 2219 4165 ra
2233 4122 2353 4164 esse
2367 4107 2481 4163 sine
2499 4105 2675 4174 aliqua
2698 4102 3033 4157 haesitatione
3048 4099 3345 4165 credamus.
3370 4097 3435 4152 Et
3456 4097 3580 4152 ideo
3596 4095 3761 4166 magis

2163 4200 2367 4273 gratias
2394 4212 2635 4269 agamus,
2669 4196 2881 4263 fratres,
2916 4192 3150 4263 quicum
3176 4205 3513 4247 mereremur
3546 4201 3759 4258 pinnam

2164 4293 2501 4365 percepimus
2525 4291 2891 4361 gratiam,qua
2910 4286 3286 4357 gratiafactum
3299 4295 3379 4339 est
3396 4284 3597 4337 utdum
3622 4293 3760 4335 mors

2164 4386 2390 4442 debetur
2416 4383 2660 4454 perditis,
2686 4378 2793 4435 vita
2815 4379 2983 4449 gratis
3005 4380 3296 4433 donaretur
3320 4376 3578 4445 indignis.
3604 4374 3761 4429 Altis-

2165 4482 2286 4538 simi
2340 4493 2571 4547 namque
2620 4473 2920 4531 Salvatoris
2962 4472 3234 4527 humilitas
3279 4486 3385 4524 non
3419 4470 3522 4539 ipsi
3550 4466 3759 4537 aliquod

2172 4574 2355 4630 intulit
2383 4560 2787 4633 detrimentum,
2821 4566 2914 4623 sed
2946 4566 3333 4620 incrementum
3367 4561 3525 4614 nobis
3547 4559 3762 4613 contulit

2163 4681 2440 4737 magnum,
2476 4678 2577 4719 nec
2604 4662 2877 4718 excelsum
2904 4658 3103 4728 dejecit
3124 4699 3138 4722 ,
3168 4654 3261 4710 sed
3289 4654 3535 4723 dejectos
3559 4652 3763 4714 erexit;

2164 4770 2219 4814 ut
2233 4757 2374 4814 enim
2394 4757 2608 4827 plenum
2627 4756 2716 4811 Dei
2731 4752 2898 4810 Filius
2921 4758 3233 4821 operaretur
3258 4746 3651 4815 redemptionis
3671 4757 3766 4796 no-

2162 4861 2288 4907 strae
2320 4851 2612 4921 negotium,
2638 4862 2745 4902 non
2776 4846 2953 4900 solum
2985 4844 3232 4913 dignatus
3259 4836 3591 4895 estCreator
3613 4837 3767 4889 totius

2163 4945 2342 4997 carnis
2358 4943 2425 4996 de
2449 4956 2612 4995 carne
2633 4938 2868 5009 Virginis
2879 4935 3174 4992 secundum
3187 4933 3462 4988 veritatem
3481 4928 3664 4985 carnis
3681 4942 3769 4982 na-

2165 5038 2409 5092 turaliter
2450 5036 2624 5101 nasci,
2657 5042 2710 5088 et
2751 5032 2894 5086 Deus
2927 5029 3096 5084 factor
3136 5025 3367 5082 hominis
3399 5025 3565 5079 homo
3617 5035 3769 5079 verus

2177 5147 2240 5185 ex
2268 5128 2485 5184 homine
2508 5127 2645 5194 ﬁeri,
2670 5123 2964 5196 quinetiam
2992 5121 3181 5192 pannis
3205 5118 3407 5175 involvi
3429 5112 3483 5173 iri
3505 5118 3768 5187 angustis-

2164 5228 2306 5280 simo
2328 5222 2610 5293 praesepio,
2635 5221 2883 5275 humanis
2904 5217 3153 5273 manibus
3177 5214 3424 5286 bajulari.
3454 5214 3500 5268 Ο
3534 5214 3766 5269 clemen-

464 5330 779 5397 molaretur,
819 5341 873 5383 ut
906 5327 1219 5383 indeliciens
1248 5327 1573 5397 Angelorum
1608 5327 1759 5396 panis
1790 5324 2058 5382 fmtnineis
2084 5345 2140 5407 ι)
2166 5316 2464 5373 lissimiDei
2488 5315 2717 5387 gloriosa
2747 5313 3073 5383 benignilaS.
3103 5325 3137 5365 0
3158 5307 3401 5364 altissimi
3430 5307 3529 5362 Dei
3560 5309 3772 5363 excelsa

463 5422 718 5477 uberibus
765 5422 1083 5487 luctaretur,
1118 5435 1173 5474 ut
1218 5418 1539 5474 saeculorum
1585 5434 1674 5473 rex
1718 5416 2060 5472 contumeliis

462 5515 792 5578 alﬁceretur,
828 5522 881 5566 ut
916 5513 1020 5567 vita
1050 5522 1249 5567 eterna
1284 5510 1417 5566 mori
1450 5512 1839 5580 patientissime
1877 5510 2063 5580 digna-

461 5607 645 5665 retur?
673 5606 905 5660 Attende
927 5605 1106 5675 igitur,
1139 5605 1321 5671 hotno,
1339 5613 1499 5659 tanta:
1514 5602 1855 5673 benignitatis
1878 5602 2065 5670 digna-

462 5701 697 5765 tionem,
736 5707 793 5752 ut
823 5698 1115 5767 gratiarum
1148 5698 1422 5765 persolvas
1454 5695 1727 5751 humiliter
1767 5695 2058 5749 actionem.

462 5791 610 5847 Scito
639 5798 815 5846 autem
846 5801 898 5845 te
922 5804 1027 5843 non
1052 5788 1538 5854 honoriﬁcentiam,
1562 5788 1655 5843 sed
1679 5786 2062 5843 contumeliam

462 5884 657 5940 divina:
695 5882 878 5953 grati-.2
908 5880 1138 5939 reddere
1182 5882 1226 5936 si
1265 5882 1495 5951 cmperis
1540 5880 1608 5935 de
1650 5878 1780 5933 luttli
1819 5878 2060 5934 beneficii

2171 5410 2472 5465 humilitas!
2507 5408 2598 5463 llle
2644 5423 2673 5461 a
2725 5414 2898 5461 matre
2939 5403 3275 5458 nutriebatur
3320 5398 3653 5466 infantulus,
3685 5397 3775 5468 qui

2170 5511 2397 5555 matrem
2430 5499 2533 5553 sibi
2565 5496 2775 5553 creavit
2802 5497 3132 5560 immensus;
3163 5495 3278 5563 ipse
3314 5509 3343 5545 a
3375 5494 3695 5561 parentibus
3718 5492 3773 5545 in

2144 5608 2326 5647 suum
2361 5591 2616 5662 templum
2647 5604 2781 5660 puer
2818 5588 3075 5658 parvulus
3116 5586 3454 5656 portabatur,
3485 5584 3579 5656 qui
3629 5586 3771 5640 Deus

2172 5700 2395 5756 magnus
2432 5686 2486 5740 in
2527 5684 2716 5740 eodem
2756 5682 2960 5751 templo
2986 5696 3015 5734 a
3047 5679 3249 5735 sanctis
3277 5679 3587 5735 hominibus
3617 5689 3769 5747 roga-

2174 5782 2361 5849 batur;
2408 5789 2461 5834 et
2504 5778 2644 5834 idem
2688 5790 2785 5846 pro
2824 5788 2884 5830 se
2914 5773 3238 5830 sacriﬁcium
3270 5773 3528 5844 praecepit
3566 5768 3762 5831 oﬁ‘erri,

2175 5873 2264 5945 qui
2295 5873 2411 5930 sine
2442 5878 2661 5944 peccato
2683 5880 2783 5942 pro
2809 5867 3013 5928 nostris
3033 5873 3253 5927 venerat
3276 5864 3642 5931 impietatibus
3666 5862 3764 5918 im-
