4012 6338
313 363 497 425 11577

1362 360 1593 418 SE-RMO
1632 362 1695 417 IN
1737 359 2253 422 CIRCUMCISIONE
2294 365 2548 433 DOMINI,

3426 372 3563 432 1158

311 479 521 534 'morlari.
548 474 835 532 Considera
870 474 1049 545 igitur,
1085 474 1266 541 homo,
1291 477 1417 545 quid
1449 476 1644 531 debeas
1674 475 1893 533 excelso
1919 481 1975 539 Α
2001 478 2353 534 tentissimum
2401 481 2745 547 Creatorem;
2786 482 2839 535 in
2887 481 3035 537 Novo
3076 482 3312 552 ejusdem
3361 490 3562 556 carnis,

307 571 555 628 Creatori
592 580 714 634 tuo,
756 569 1028 624 humiliato
1056 567 1400 638 Redemptori
1444 578 1551 624 tuo.
1609 570 1889 624 Verumta-

316 681 459 729 men,
500 662 800 732 carissimi,
832 664 933 718 hoc
974 676 1184 732 semper
1226 661 1529 716 christiana;
1559 662 1679 717 ﬁdei
1712 672 1893 718 tenere

313 758 589 816 consuevit
630 757 904 827 integritas
925 795 939 819 ,
986 762 1044 809 ut
1071 755 1114 809 si
1142 753 1267 823 quid
1299 769 1328 807 a
1355 751 1565 807 Christo
1601 753 1890 808 secundum

313 850 622 905 canonicam
650 847 1111 917 Evangelistarum
1143 846 1500 900 narrationem
1530 844 1726 900 factum
1759 845 1891 916 legi-

315 960 453 1008 mus,
477 944 562 997 vel
593 941 860 1007 audimus,
885 939 1160 994 historiam
1185 939 1411 1007 primum
1432 952 1610 995 veram
1633 951 1755 993 esse
1774 939 1891 994 sine

312 1034 642 1090 dubitatione
692 1032 995 1092 credamus.
1028 1028 1225 1084 deinde
1259 1029 1321 1082 in
1368 1028 1617 1083 historica
1666 1029 1891 1085 veritate

239 1136 245 1161 ι
310 1125 645 1197 spiritualem
678 1138 890 1195 quoque
930 1121 1334 1189 tntelligentiam
1365 1122 1715 1190 requiramus.
1757 1119 1888 1175 Cum

234 1235 247 1292 ς
307 1217 453 1272 enim
481 1215 673 1269 divinae
698 1222 874 1268 textus
902 1206 1319 1267 historiae'verus
1346 1225 1467 1265 esse
1493 1208 1749 1278 creditur,
1780 1210 1890 1267 Ma-

236 1310 242 1367 ξ
306 1308 549 1362 nichaeus
582 1308 632 1361 in
678 1320 773 1361 sua
816 1304 1105 1359 severitate
1133 1302 1499 1366 confunditur,
1542 1302 1631 1372 qui
1665 1302 1788 1357 dum
1832 1303 1887 1357 in

303 1400 522 1455 Christo
546 1398 634 1453 Dei
658 1397 791 1452 Filio
819 1396 1095 1451 veritatem
1113 1409 1220 1451 non
1241 1394 1413 1449 credit
1434 1393 1630 1460 carnis,
1655 1393 1885 1463 scriptu-

303 1492 384 1546 ris
417 1489 618 1545 sanctis
655 1497 709 1543 et
747 1487 1014 1543 veteribus
1067 1496 1120 1542 et
1147 1485 1527 1554 noviscrimen
1568 1485 1749 1539 nititur
1789 1487 1887 1539 im-

302 1597 508 1651 ponere
534 1580 799 1635 falsitatis.
836 1579 967 1634 Nam
996 1592 1117 1633 cum
1144 1576 1355 1633 Veteris
1383 1576 1708 1631 Testamenti
1739 1574 1888 1629 deiﬁ-

300 1688 424 1730 cam
455 1673 613 1728 miser
643 1678 931 1727 execratur
960 1669 1260 1735 historiam,
1288 1669 1339 1723 in
1371 1667 1519 1723 Novo
1544 1667 1888 1722 Testamento
1950 1684 1953 1687 λ

303 1765 425 1837 ipse
475 1765 573 1821 sibi
605 1755 829 1835 denegat
868 1763 1049 1833 utique
1084 1761 1424 1817 medicinam.
1457 1759 1571 1815 Non
1602 1760 1713 1813 vult
1744 1760 1886 1816 enim

1996 580 2155 637 atque
2200 572 2391 624 animae
2441 571 2914 627 clementissimum
2966 583 3362 643 susceptoretu,
3405 589 3469 631 ac
3515 578 3565 633 si

1997 661 2169 730 primo
2197 662 2371 717 carnis
2401 662 2697 732 animaeque
2726 663 2978 718 factorem
2998 706 3014 730 ,
3064 666 3401 732 postmodum
3430 683 3563 726 vero

1996 756 2170 810 carnis
2193 756 2487 826 animaeque
2506 757 2845 813 salvatorem.
2872 755 2996 812 Hzec
3020 757 3340 815 Manichacus
3361 761 3561 830 audiat,

1996 844 2262 911 conferat,
2289 855 2570 916 agnoscat,
2597 856 2652 902 et
2678 846 2892 915 credat,
2924 848 3253 918 credensque
3281 849 3345 904 ad
3380 850 3567 907 Eccle-

1995 936 2130 992 siam
2174 930 2494 993 catholicam
2544 939 2756 1004 redeat,
2804 938 2859 993 in
2905 954 3005 1009 qua
3056 940 3373 996 beneﬁcium
3421 957 3566 998 verat

1994 1030 2182 1087 salutis
2212 1032 2463 1086 inveniat.
2494 1030 2594 1086 Per
2624 1032 2737 1086 haec
2763 1040 2937 1087 autem
2972 1048 3090 1102 quae
3120 1033 3369 1090 Dominus
3399 1036 3568 1105 gessit

1993 1124 2050 1180 in
2094 1140 2317 1194 corpore
2346 1124 2663 1180 constitutus
2710 1139 2815 1179 non
2858 1125 3028 1179 solum
3060 1126 3333 1197 utriusque
3377 1126 3567 1182 Testa-

1998 1215 2158 1270 menti
2191 1216 2435 1284 dignatus
2482 1225 2564 1270 est
2596 1215 2934 1270 concordiam
2962 1216 3352 1285 demonstrare,
3380 1234 3568 1276 verum

1996 1306 2155 1363 etiam
2188 1306 2597 1362 christianorum
2647 1321 2826 1362 mores
2863 1306 3149 1363 salubriter
3196 1309 3361 1364 voluit
3401 1309 3570 1365 infor-

1996 1412 2162 1465 mare,
2198 1408 2256 1453 ut
2286 1399 2424 1469 quod
2459 1399 2511 1453 in
2549 1398 2641 1452 illo
2670 1412 2767 1467 pro
2793 1406 2972 1452 nostra
3003 1398 3173 1453 salute
3216 1409 3425 1468 gestum
3452 1414 3573 1456 cor-

1996 1490 2248 1559 poraliter
2296 1492 2587 1557 intuemur,
2621 1504 2718 1545 nos
2758 1506 2967 1561 quoque
3010 1492 3359 1560 spiritualiter
3399 1493 3574 1549 imite-

1996 1597 2139 1639 mur.
2182 1583 2306 1638 ldeo
2333 1599 2451 1639 nam
2483 1584 2733 1654 parvulus
2760 1583 2816 1639 in
2847 1594 2986 1640 terra
3019 1593 3170 1641 natus
3197 1594 3280 1641 est
3306 1585 3573 1653 Christus,

1996 1684 2055 1731 ut
2083 1675 2428 1731 humilitatem
2451 1677 2679 1731 disceret
2697 1676 3050 1743 christianus;
3080 1677 3150 1733 ob
3178 1676 3277 1732 hoc
3298 1678 3456 1733 etiam
3483 1692 3574 1747 pa-

1954 1784 1956 1788 '
1997 1768 2238 1824 rentibus
2259 1770 2431 1824 carnis
2456 1784 2565 1824 sure
2592 1768 2835 1824 subditus
2856 1778 2999 1834 erat,
3028 1778 3085 1823 ut
3112 1768 3575 1826 honoriﬁcentiam
3602 1836 3603 1839 η

299 1857 530 1913 credere
576 1857 858 1911 humanam
902 1869 1115 1910 Carnem
1145 1868 1174 1908 ³
1203 1854 1313 1909 Deo
1341 1853 1672 1922 Ριθδωειῦίην
1716 1866 1885 1923 neque
1917 1865 1967 1924 B
1996 1877 2213 1932 semper
2252 1862 2387 1928 patri
2432 1871 2487 1916 et
2528 1862 2686 1916 matri
2724 1862 2898 1916 omnis
2937 1861 3257 1918 cbristianus
3302 1863 3575 1920 exhibeat.

304 1950 772 2005 circumcisionem
798 1948 977 2003 carnis
999 1948 1311 2013 imperatam
1353 1961 1382 2000 a
1415 1947 1522 2001 Deo
1550 1955 1734 2002 nostro
1761 1960 1886 2001 san-

303 2044 413 2097 ctis
446 2041 703 2111 patribus,
755 2055 853 2097 nec
885 2040 1148 2094 victimam
1190 2039 1258 2094 de
1284 2039 1533 2095 carnibus
1574 2038 1884 2094 animalium

307 2134 424 2191 Deo
454 2134 575 2189 vivo
603 2143 655 2188 et
684 2149 812 2189 vero
837 2134 1023 2203 priscis
1052 2131 1379 2201 temporibus
1410 2131 1753 2194 immolatam,
1789 2146 1887 2187 nec

304 2232 589 2287 sabbatum
632 2245 698 2286 ex
742 2230 835 2284 Dei
878 2236 1140 2296 praecepto
1176 2241 1238 2281 ac
1275 2226 1544 2280 voluntate
1573 2234 1845 2279 servatum
1868 2266 1884 2282 .

306 2337 412 2378 nec
441 2323 662 2379 Domino
694 2322 969 2391 templum,
994 2319 1101 2373 Deo
1126 2317 1367 2389 iubente,
1398 2316 1751 2381 fabricatum;
1783 2316 1887 2370 ita-

301 2429 414 2485 que
461 2414 583 2468 dum
632 2413 685 2468 in
722 2412 1008 2481 Scripturis
1058 2410 1258 2465 sanctis
1309 2422 1416 2463 non
1464 2408 1714 2463 discernit
1746 2414 1888 2461 tem-

266 2520 497 2574 porum
547 2504 888 2573 qualitatem,
944 2502 1147 2571 spernit
1200 2509 1252 2555 et
1321 2498 1549 2567 despicit
1598 2496 1889 2551 Dominicae

302 2595 693 2652 incarnationis
773 2593 1179 2648 saluberrimam
1275 2588 1575 2643 veritatem.
1647 2586 1890 2654 Quapro-

303 2699 429 2758 pter
487 2696 545 2741 ut
606 2685 925 2741 Manichacus
976 2679 1371 2738 evidentissima
1440 2678 1644 2734 ratione
1710 2676 1889 2732 vinca-

302 2791 430 2848 tur,
474 2779 529 2837 et
597 2780 765 2832 victus
837 2777 1033 2831 utinam
1097 2780 1461 2836 convertatur,
1515 2786 1580 2826 ex
1635 2769 1891 2824 hodierna

297 2871 616 2942 evangelica
639 2870 865 2925 lectione
890 2868 1165 2942 veritatem
1196 2862 1519 2919 Testamenti
1556 2861 1764 2923 Veteris
1791 2861 1891 2917 de-

300 2964 611 3030 fendamus,
643 2972 697 3016 ut
735 2976 800 3015 ex
826 2961 925 3014 hoc
953 2968 1006 3014 et
1040 2958 1246 3012 Veteris
1271 2965 1325 3011 et
1350 2954 1485 3009 Novi
1523 2954 1690 3009 Deum
1723 2968 1891 3007 unum

301 3055 742 3111 manifestissime
760 3051 1185 3121 comprobemus.
1210 3050 1343 3103 Ecce
1365 3056 1549 3102 sancto
1570 3045 1892 3116 evangelista

302 3160 566 3205 narrante
590 3148 931 3218 cngnovimus
952 3144 1221 3198 Christum
1243 3141 1334 3195 Dei
1362 3140 1555 3194 Filium
1581 3154 1765 3194 verum
1794 3139 1890 3192 ho-

1992 1955 2119 2010 ldeo
2149 1966 2324 2010 autem
2353 1953 2597 2010 Christus
2626 1953 2819 2009 vilibus
2867 1956 3135 2010 involutus
3166 1965 3250 2011 est
3280 1956 3489 2027 pannis,
3516 1963 3578 2012 ut

1954 2060 1955 2063 ‘
1992 2048 2316 2103 christianus
2346 2060 2450 2100 non
2495 2046 2794 2102 declaretur
2854 2046 3087 2102 vestibus
3131 2048 3408 2116 pretiosis;
3453 2062 3578 2117 pro-

1993 2149 2181 2207 pterea
2203 2152 2333 2192 vero
2359 2138 2602 2192 Christus
2631 2138 2684 2192 in
2708 2145 2850 2193 terra
2881 2152 3081 2207 pauper
3101 2138 3270 2193 voluit
3294 2154 3575 2209 apparere,

1997 2240 2058 2284 ut
2104 2229 2291 2283 divites
2336 2227 2610 2284 christiani
2655 2229 2924 2284 discerent
2962 2238 3203 2283 terrenas
3230 2228 3442 2285 divitias
3470 2246 3578 2288 non
3670 2272 3673 2273 ν

1996 2335 2197 2384 amare,
2224 2322 2319 2376 sed
2344 2321 2714 2392 eleemosynas
2731 2321 3045 2391 pauperibus
3066 2321 3334 2392 erogando
3359 2332 3579 2393 possent

1995 2430 2125 2471 suas
2153 2415 2361 2470 divitias
2408 2417 2461 2470 in
2509 2416 2646 2471 cwlo
2690 2429 2929 2471 servare.
2970 2415 3070 2469 Per
3111 2416 3577 2474 circumcisionem

1996 2520 2129 2561 vero
2154 2520 2309 2574 quam
2340 2506 2432 2560 Dei
2466 2504 2629 2559 Filius
2652 2505 2703 2558 itt
2732 2519 2892 2559 carne
2917 2507 3178 2573 suscepit,
3210 2505 3376 2561 nostri
3400 2507 3580 2562 cordis

1995 2596 2460 2652 circumcisionem
2493 2597 2544 2650 in
2572 2595 2762 2663 spiritu
2792 2597 3254 2665 praemonstravit,
3286 2612 3444 2667 quam
3473 2599 3577 2652 cir-

1996 2684 2377 2746 cumcisionem
2430 2688 2582 2743 nobis
2631 2701 2810 2743 sermo
2862 2688 3042 2757 legalis
3096 2689 3316 2754 indicit,
3369 2686 3580 2744 dicente

2004 2785 2185 2856 Moyse
2210 2801 2223 2837 :
2252 2781 2608 2836 Circumcidite
2648 2780 2956 2852 praeputium
2996 2780 3163 2834 cordis
3191 2781 3374 2846 vestri,
3404 2790 3451 2835 ct
3480 2781 3579 2834 cir-

2000 2876 2346 2930 cumcidimt'ni
2376 2875 2599 2928 Domino
2645 2873 2753 2927 Deo
2782 2882 2965 2927 vestro.
2997 2871 3094 2927 Cui
3145 2881 3410 2942 praecepto
3450 2887 3579 2927 con-

1999 2969 2187 3025 cordat
2233 2969 2419 3022 beatus
2468 2967 2660 3020 Paulus
2709 2965 2979 3035 apostolus
3009 2964 3238 3020 dicens:
3285 2964 3405 3018 Non
3447 2964 3579 3017 enim

1936 3110 1945 3115 -
1999 3060 2087 3128 qui
2114 3060 2167 3112 in
2197 3058 2465 3128 manifesto
2495 3057 2731 3120 Iudaeus,
2764 3070 2923 3123 neque
2968 3069 3081 3120 qua:
3125 3054 3181 3106 in
3227 3053 3495 3123 manifesto
3522 3052 3580 3106 in

1999 3167 2152 3205 carne
2178 3151 2513 3211 circumcisio,
2537 3150 2624 3201 sed
2649 3148 2735 3216 qui
2761 3147 2812 3199 in
2841 3143 3379 3205 absconditoludwus.
3406 3154 3453 3199 et
3481 3145 3579 3197 cir-

299 3230 509 3298 minem
546 3251 721 3296 natum
744 3281 758 3305 ,
806 3238 1076 3294 Christum
1490 3232 1753 3286 veraciter
1787 3230 1895 3284 Cif-
1918 3230 1969 3294 C
1999 3244 2238 3297 εηηιοίεξο
2268 3242 2517 3295 εοτάίδεῇη
2558 3241 2761 3310 spira",
2785 3254 2887 3293 ηοη
2918 3239 3117 3304 [ἥιρει-α,
3162 3240 3308 3308 cujus
3339 3239 3449 3291 [aus
3478 3252 3580 3292 πο.

298 3336 601 3393 cumeisum
621 3373 636 3398 ,
672 3347 765 3403 pro
791 3329 1004 3385 Christo
1034 3326 1127 3381 Dei
1159 3325 1295 3380 Filio
1324 3321 1648 3379 sacriﬁcium
1681 3320 1746 3375 de
1771 3335 1890 3375 car-

296 3431 468 3485 nibus
517 3424 806 3481 secundum
861 3435 1063 3476 morem
1120 3428 1245 3473 tunc
1294 3414 1487 3469 divina:
1542 3411 1889 3469 institutionis

294 3522 569 3583 oblatum,
601 3517 713 3572 sive
756 3524 930 3569 autem
962 3509 1296 3568 circumcisio
1326 3507 1523 3573 carnis,
1557 3506 1670 3560 sive
1699 3520 1887 3560 carna-

296 3617 442 3671 lium
474 3612 849 3667 sacriliciorum
891 3606 1069 3675 regula
1091 3645 1105 3669 ,
1140 3605 1191 3658 itt
1219 3602 1396 3658 Veteri
1428 3601 1771 3655 Testamento
1797 3612 1889 3653 θοι-ο

294 3706 587 3780 gnoscitur
617 3703 876 3757 instituta.
901 3697 1008 3752 Cur
1039 3698 1218 3766 igitur,
1261 3692 1612 3758 dilectissimi,
1644 3705 1749 3744 non
1775 3704 1891 3744 cre-

295 3799 475 3853 datur
499 3796 790 3867 justissime
819 3793 873 3847 in
904 3790 1081 3846 Veteri
1124 3789 1488 3849 Testamento,
1516 3782 1765 3849 quoniam
1798 3781 1890 3837 Dei

295 3891 562 3947 manibus
588 3890 878 3958 plasmatus
909 3892 991 3938 est
1021 3881 1202 3945 homo,
1233 3877 1446 3948 quando
1478 3877 1529 3929 in
1560 3874 1709 3929 Novo
1750 3872 1887 3927 Tes-

297 3989 551 4039 tamento
587 3987 641 4033 ttt
676 3993 778 4032 non
820 3979 882 4030 in'
902 3986 1157 4030 :eternum
1186 3971 1388 4041 periret
1435 3968 1600 4023 homo
1631 3967 1743 4036 ipse
1774 3964 1894 4019 uni-

297 4072 525 4143 genitus
554 4069 648 4123 Dei
696 4081 792 4138 pro
841 4065 993 4121 nobis
1034 4062 1205 4119 factus
1247 4070 1331 4116 est
1376 4073 1532 4115 verus
1564 4056 1756 4111 homo?
1786 4054 1893 4109 Cur

300 4180 425 4220 non
452 4160 697 4216 credatur
738 4159 880 4212 Deus
922 4155 1081 4210 etiam
1112 4150 1575 4208 circumcisionem
1623 4144 1801 4201 carnis
1826 4144 1894 4199 ad

296 4254 515 4324 aliquid
544 4250 943 4321 signiﬁcandum
969 4260 1203 4316 congruo
1229 4254 1470 4311 tempore
1492 4240 1717 4309 jussisse
1745 4236 1891 4301 ﬁeri,

297 4365 437 4407 cum
464 4361 581 4403 eant
610 4346 702 4401 Dei
732 4344 900 4398 Filius
930 4342 982 4396 in
1009 4354 1108 4394 suo
1133 4350 1359 4407 corpore
1387 4335 1576 4389 fecerit
1599 4328 1894 4388 celebrari?

298 4444 423 4499 Cur
451 4448 628 4494 autem
668 4452 769 4491 non
801 4435 901 4491 sibi
932 4435 1073 4489 Deus
1110 4439 1291 4485 noster
1340 4425 1609 4497 praeterito
1654 4433 1895 4492 tempore

298 4533 569 4606 populum
600 4530 901 4585 Judaeorum
946 4525 1148 4596 typieas
1175 4522 1418 4591 jussisset
1448 4518 1692 4571 victimas
1716 4515 1892 4569 carnis

1994 3350 2058 3389 ea:
2104 3331 2413 3397 hominibus,
2446 3331 2535 3384 sed
2570 3347 2632 3384 ea:
2673 3328 2779 3383 Deo
2814 3338 2909 3384 est.
2945 3328 3174 3383 Proinde
3210 3328 3579 3382 circumcisio-

1998 3439 2121 3479 nem
2164 3424 2218 3477 in
2248 3435 2478 3492 corpore
2524 3421 2706 3476 habuit
2750 3418 3015 3486 Christus,
3047 3427 3107 3474 ut
3150 3419 3495 3488 spiritualiter
3526 3420 3579 3472 in

1996 3515 2162 3573 corde
2210 3514 2400 3569 haheat
2443 3513 2789 3577 christianos,
2833 3512 2907 3568 ob
2948 3512 3050 3566 hoc
3089 3525 3316 3581 namque
3359 3511 3447 3565 ille
3486 3511 3579 3579 qui

2002 3608 2204 3663 nullum
2229 3606 2427 3660 habere
2450 3604 2621 3673 potuit
2641 3604 2859 3657 omnino
2886 3610 3163 3671 peccatum
3188 3601 3431 3668 deposuit
3454 3616 3578 3670 pra:-

1996 3699 2200 3769 putium
2223 3696 2423 3756 carnis,
2451 3704 2510 3749 ut
2532 3708 2630 3749 nos
2650 3694 2964 3764 abjiciamus
2985 3692 3247 3748 desideria
3275 3692 3576 3763 pravitatis.

1996 3788 2242 3844 Christus
2286 3787 2446 3859 igitur
2484 3785 2728 3841 manibus
2768 3794 2850 3841 est
2898 3793 3134 3854 portatus
3173 3786 3240 3841 ad
3287 3785 3578 3854 templum,

2000 3890 2058 3937 ut
2084 3881 2407 3937 ehristianus
2444 3879 2596 3933 bonis
2632 3877 2880 3947 operibus
2920 3878 3245 3933 conscendat
3274 3879 3325 3932 in
3357 3877 3577 3932 coelum.

1995 3972 2334 4030 Sacriﬁcium
2357 3986 2450 4039 pro
2473 3985 2531 4025 se
2558 3970 2750 4025 oﬁ‘erre
2775 3968 2941 4023 voluit
2965 3967 3210 4023 Christus
3237 3978 3292 4023 ut
3312 3968 3377 4023 ad
3407 3967 3576 4023 altare

2000 4065 2211 4120 Domini
2257 4077 2317 4118 se
2345 4061 2539 4116 offerat
2578 4060 2934 4124 christianus;
2966 4058 3195 4114 maxime
3232 4067 3410 4114 autem
3439 4057 3577 4113 bene

1998 4156 2245 4214 vivendo.
2273 4156 2509 4225 seipsum
2559 4156 2666 4208 Deo
2711 4152 2904 4208 offerre
2952 4153 3194 4218 festinet,
3225 4160 3282 4209 et
3319 4151 3577 4206 mundum

1998 4247 2317 4306 sacriﬁcium
2348 4260 2407 4301 se
2445 4243 2637 4299 divinis
2690 4242 2957 4301 obtutibus
2995 4251 3146 4297 curet
3194 4241 3474 4307 exhibere;
3520 4241 3575 4296 in

1997 4342 2117 4409 ipso
2159 4340 2303 4395 enim
2347 4352 2443 4408 pro
2492 4336 2703 4391 Christo
2749 4334 2928 4390 oblato
2974 4334 3255 4399 sacriﬁcio,
3302 4332 3570 4403 quoddam

1999 4431 2279 4502 spirituale
2338 4427 2653 4484 sacriﬁcium
2720 4425 2872 4481 nobis
2932 4425 3271 4494 agnoscimus
3328 4424 3575 4479 indicari.

1998 4523 2129 4590 Par,
2162 4524 2362 4594 inquit,
2393 4528 2645 4575 turturum
2673 4528 2719 4573 et
2758 4520 2887 4573 duos
2916 4519 3085 4587 pullos
3116 4517 3481 4572 columbarum.
3519 4516 3577 4571 In

296 4603 544 4692 δῦθι-το,
570 4621 780 4693 quando
808 4621 918 4687 ipse
948 4618 1085 4672 Deus
1113 4613 1418 4685 unigenilus
1439 4625 1507 4666 ex
1534 4608 1733 4664 JuliiBiS
1757 4616 1891 4663 ιθηι-
1919 4603 1975 4663 Ῑ)
1999 4617 2103 4671 hoc
2119 4629 2315 4683 genere
2335 4614 2533 4679 avium,
2558 4609 2890 4665 dilectissimi
2912 4608 3125 4678 fratres,
3151 4624 3399 4680 magnum
3423 4608 3575 4662 nobis

297 4715 573 4789 poralitcr
602 4722 756 4767 natus
783 4709 1015 4779 seipsum
1060 4722 1158 4777 pro
1205 4706 1400 4759 nostris
1429 4702 1659 4774 peccatis
1699 4716 1891 4755 secun-

293 4811 444 4865 dum
476 4818 687 4859 carnem
717 4804 963 4872 dignatus
990 4806 1073 4853 est
1110 4795 1420 4851 immolare?
1450 4791 1702 4848 Attendat
1730 4791 1893 4860 igitur

296 4896 642 4957 Manichrens
664 4893 939 4960 utriusque
960 4886 1261 4945 testamenti
1294 4884 1779 4940 manii’estissimam
1796 4924 1813 4951 ,
1837 4889 1895 4937 et

291 4988 787 5049 concordissimam
818 4983 1126 5050 veritatem,
1159 4990 1214 5035 et
1250 4992 1541 5034 conversus
1570 4991 1720 5031 suam
1758 4975 1894 5045 abji-

289 5083 425 5140 ciat
454 5080 753 5135 vanitatem.
783 5074 972 5130 Videat
1000 5074 1051 5128 in
1086 5070 1261 5127 Veteri
1304 5069 1646 5124 Testamento
1689 5066 1893 5135 signiﬁ-

246 5204 247 5207 η
291 5170 582 5232 cationem
613 5168 941 5233 futurorum,
971 5164 1023 5219 in
1053 5162 1199 5217 Novo
1229 5159 1607 5217 revelationem
1657 5159 1896 5227 praeteri-

293 5278 524 5328 torum;
567 5260 835 5318 Christum
879 5266 1056 5314 autem
1086 5255 1250 5309 Deum
1279 5252 1553 5308 amborum
1583 5250 1897 5305 Testamen-

293 5369 496 5414 torum
515 5394 529 5419 ,
555 5354 609 5409 in
639 5351 813 5407 Veteri
836 5349 1174 5404 Testamento
1194 5330 1333 5415 quod
1365 5343 1697 5399 exhibiturus
1722 5339 1896 5413 fuerat

294 5446 720 5521 promittentem
739 5482 753 5509 ,
779 5443 831 5496 in
854 5440 998 5495 Novo
1020 5438 1161 5509 quod
1189 5435 1507 5508 promiserat
1528 5433 1892 5500 exhibentem,

292 5554 419 5598 nec
463 5540 515 5593 in
569 5534 920 5607 promissione
973 5530 1320 5595 mendacem,
1362 5542 1460 5583 nec
1508 5527 1562 5582 in
1610 5527 1897 5581 donatione

293 5633 595 5697 fallacem,
626 5627 719 5685 sed
748 5626 941 5697 ubique
964 5625 1194 5692 bonum,
1223 5622 1417 5691 ubique
1437 5622 1640 5696 justum
1658 5662 1673 5687 ,
1702 5620 1898 5690 ubique

292 5732 602 5786 sanctum,
646 5720 836 5790 ubique
880 5726 1183 5788 potentem.
1214 5715 1408 5784 ubique
1453 5715 1791 5771 clementem.
1838 5713 1896 5768 lu

297 5813 511 5870 Veteri
537 5812 883 5887 Testamento
919 5807 1114 5874 carnis,
1140 5816 1299 5878 atque
1327 5806 1575 5861 humana:
1596 5804 1784 5861 anima:
1804 5818 1898 5875 po-

1999 4706 2402 4763 commendatur
2444 4701 2721 4757 catholicae
2762 4701 2883 4755 ﬁdei
2929 4709 3351 4765 sacramentum;
3385 4701 3435 4754 in
3479 4716 3575 4754 co-

1999 4800 2175 4854 lumba
2203 4798 2344 4853 enim
2371 4794 2603 4851 charitas
2625 4794 2950 4862 agnoscitur,
2975 4802 3029 4848 et
3050 4794 3102 4848 in
3133 4800 3337 4848 turture
3357 4794 3574 4849 castitas

1999 4891 2285 4947 invenitur;
2299 4888 2494 4941 Turtur
2514 4898 2741 4953 namque
2757 4894 2936 4941 servat
2952 4885 3319 4941 intemeratam
3344 4885 3435 4939 uni
3458 4886 3575 4940 viro

2000 4981 2189 5050 ﬁdem,
2220 4979 2463 5035 columba
2497 4993 2624 5036 vero
2654 4978 2874 5035 aliarum
2899 4978 3316 5035 cohabitantium
3345 4997 3450 5036 non
3481 4983 3576 5038 de-
3602 5024 3603 5027 η

2003 5072 2131 5127 serit
2163 5070 2437 5125 unitatem.
2462 5069 2795 5125 Christianus
2821 5070 2982 5139 igitur
3010 5077 3136 5126 tunc
3162 5085 3289 5125 vere
3317 5071 3575 5142 spiritalis

2004 5172 2174 5219 turtur
2202 5162 2434 5218 efﬁcitur
2453 5163 2498 5218 si
2528 5177 2708 5219 veram
2738 5163 2988 5218 trinitatis
3016 5162 3172 5219 ﬁdem
3207 5164 3358 5218 firma
3387 5167 3577 5221 credu-

2000 5257 2146 5312 litate
2174 5267 2475 5321 conservet.
2506 5267 2559 5310 et
2591 5256 2852 5312 haereticae
2890 5255 3166 5326 pravitatis
3208 5272 3422 5313 sensum
3455 5268 3574 5313 tan-

1999 5361 2157 5413 quam
2184 5345 2549 5401 fornicationis
2574 5346 2971 5414 inquinamenta
2992 5345 3256 5416 repudiet.
3282 5346 3429 5403 Tunc
3449 5364 3577 5405 vero

1999 5436 2098 5492 erit
2127 5435 2370 5490 columba
2412 5435 2455 5489 si
2488 5435 2859 5506 longanimiter
2886 5450 3052 5506 usque
3100 5436 3150 5490 in
3196 5438 3355 5493 finem
3397 5440 3447 5491 in
3478 5453 3573 5493 ca-

2000 5526 2194 5582 tholica
2247 5526 2501 5582 societate
2550 5536 2887 5597 permaneat,
2933 5537 2987 5582 et
3032 5537 3218 5583 contra
3270 5530 3575 5583 tentationis

2000 5619 2251 5675 scandala
2296 5619 2554 5675 immobili
2584 5619 2842 5673 ﬁrmitate
2863 5620 3145 5686 consistat,
3186 5630 3243 5674 ut
3274 5634 3372 5677 nec
3403 5619 3575 5675 haece"

2002 5712 2103 5767 tica
2148 5710 2431 5767 fornicatio
2479 5720 2788 5780 corrumpat
2816 5712 2869 5766 in
2898 5710 3060 5767 corde
3088 5709 3210 5766 ﬁdei
3240 5711 3571 5777 castitatem,

2001 5817 2099 5860 nec
2129 5816 2310 5859 amara
2338 5800 2601 5859 dissensio
2629 5802 3001 5859 ecclesiastica
3041 5800 3321 5861 charimis.
3355 5800 3573 5880 dissipet
