4012 6338
531 328 667 385 1145

1410 314 1955 378 SUPPLEMENTUM
1998 313 2086 368 AD
2125 307 2350 364 ΟΡΕΒΔ
2389 306 2448 362 S.
2486 299 2873 359 AUGUSTINI.

3617 302 3725 360 1144

534 443 586 496 in
622 454 803 497 eremo
825 439 1078 510 jejunavit
1099 479 1113 504 ,
1146 447 1203 492 ut
1240 438 1411 507 legem
1447 435 1655 489 Domini
1690 441 1981 487 mereretur
2012 445 2097 484 ac-
2125 431 2174 488 Α
2204 432 2314 478 ιοιο
2356 435 2498 476 anno
2529 420 2682 474 nobis
2713 418 2965 480 viximus,
3011 416 3202 472 saltem
3232 412 3417 485 paucis
3451 412 3622 472 diebus
3645 418 3728 476 Deo

534 533 734 603 cipet'e.
786 532 1203 599 impetraverunt
1240 529 1436 598 jejunia
1479 527 1619 597 quod
1661 533 1846 579 venter
1894 533 2101 577 saturus

535 625 874 695 desperabat.
920 625 1155 693 Denique
1196 623 1390 684 videte.
1426 622 1617 675 fratres
1656 619 1951 685 carissimi,
1978 618 2101 684 quid

514 698 604 775 'sit
646 721 782 774 inter
803 718 1063 788 jejunium
1090 725 1143 770 et
1186 716 1513 769 saturitatem
1533 755 1546 776 ,
1582 714 1718 767 inter
1745 720 1980 765 ventrem
2012 725 2104 763 va-

490 870 503 891 ,
534 825 692 866 cuum
734 819 789 865 et
819 810 1121 877 pulmonem
1148 806 1318 873 epulis
1348 813 1679 859 aestuantem.
1722 803 1952 874 Moyses,
1980 803 2105 871 quia

535 900 820 970 jejunavit,
850 898 1129 953 Dominum
1173 896 1336 961 vidit;
1366 904 1421 950 et
1466 896 1691 964 populus
1720 896 1843 961 quia
1874 893 2108 947 comedit

539 998 595 1046 et
620 991 780 1056 bibit,
809 990 947 1044 idola
981 989 1263 1045 fabricatus
1290 996 1389 1042 est.
1415 986 1549 1054 Quid
1578 987 1646 1041 de
1672 986 1853 1055 Moyse
1893 985 2104 1054 loquor,

537 1085 687 1141 etde
718 1084 1001 1139 israelitica
1042 1081 1418 1137 multitudine?
1448 1079 1565 1149 Ipse
1610 1093 1854 1148 princeps
1896 1077 2107 1148 generis

540 1177 706 1231 nostri
730 1176 901 1230 Adam
927 1174 1177 1244 quamdiu
1200 1188 1304 1227 non
1327 1171 1589 1232 comedit,
1622 1171 1671 1223 in
1699 1168 1945 1238 paradiso
1969 1167 2067 1223 fuit
2091 1186 2105 1223 :

539 1270 715 1321 statim
761 1275 817 1320 ut
861 1264 1125 1329 comedit,
1163 1262 1231 1317 de
1275 1262 1518 1330 paradiso
1548 1262 1751 1329 ejectus
1791 1270 1892 1318 est.
1924 1262 2022 1326 Qui
2055 1260 2109 1315 in

540 1358 784 1429 paradiso
830 1357 953 1422 Dei,
985 1371 1134 1426 vrrgo
1180 1354 1381 1417 fuerat,
1410 1352 1612 1422 ejectus
1640 1351 1706 1406 de
1743 1352 1990 1419 paradiso
2019 1366 2108 1405 co-

500 1440 501 1443 “
542 1450 725 1519 gnovit
762 1463 979 1502 uxorem
1007 1462 1196 1503 suam:
1229 1459 1439 1510 semper
1472 1442 1611 1497 enim
1640 1442 1902 1497 saturitati
1926 1442 2109 1511 juncta

538 1542 767 1597 lascivia
793 1550 873 1596 est
899 1556 912 1593 :
946 1540 1115 1593 vicina
1154 1538 1255 1592 sibi
1298 1545 1422 1591 sunt
1451 1536 1649 1605 saginae
1677 1534 1915 1589 membra
1937 1544 2112 1603 ‘atque

544 1634 807 1697 luxuriae;
840 1645 934 1701 pro
960 1630 1317 1686 membrorum
1346 1627 1557 1693 ordine,
1581 1626 1714 1683 ordo
1736 1627 1983 1683 vitiorum
2015 1628 2109 1682 eli-

541 1726 701 1794 gitur.

2202 513 2381 568 vivere
2422 512 2708 574 valeamus,
2742 508 3026 577 adjuvante
3066 522 3160 562 nos
3202 507 3324 576 ipso
3350 505 3575 575 quicum
3611 508 3730 567 Patre

2202 614 2257 661 et
2280 605 2478 675 Spiritu
2503 612 2687 657 sancto
2711 600 2837 654 vivit
2857 608 2912 653 et
2932 608 3115 669 regnat
3134 599 3189 653 in
3215 598 3417 652 saecula
3441 599 3726 659 seculorum.

2204 697 2395 752 Amen.

2802 759 3037 819 SERMO
3077 760 3159 813 Ill.

2279 881 2356 935 De
2383 879 2640 949 evangelio
2676 877 2760 929 ubi
2803 875 3053 930 Dominus
3098 874 3159 928 de
3189 889 3329 944 aqua
3372 874 3534 926 uinum
3567 877 3679 944 fecit.

2799 966 2954 1022 Joan.
2981 984 3096 1037 cap.
3128 981 3184 1019 lt.

2278 1087 2505 1158 Nuptite,
2537 1086 2590 1140 in
2621 1084 2811 1154 quibus
2839 1083 3081 1137 Christus
3111 1092 3164 1136 et
3212 1090 3519 1135 munerator
3554 1094 3600 1137 et
3633 1100 3731 1140 om.

2211 1182 2329 1236 viva
2374 1176 2668 1240 discubuit;
2700 1182 3012 1227 muneratur
3053 1173 3263 1227 scilicet
3307 1170 3361 1225 in
3406 1172 3609 1241 origine,
3637 1191 3730 1231 con-

2217 1273 2333 1327 viva
2365 1270 2531 1324 factus
2570 1269 2620 1321 in
2665 1279 2882 1335 genere,
2918 1273 2975 1318 ut
3012 1264 3101 1333 qui
3149 1262 3204 1316 in
3248 1261 3537 1333 primordio
3577 1268 3734 1329 conule

2214 1364 2436 1423 novellae
2462 1372 2802 1431 concesserat
2831 1362 2975 1411 nasci
3004 1372 3070 1412 ex
3101 1356 3323 1410 homine
3353 1356 3626 1423 hominetn,
3650 1360 3733 1428 ipse

2214 1441 2429 1529 quoque
2450 1456 2594 1510 nasci
2629 1453 2937 1523 dignaretur
2964 1466 3031 1505 ex
3062 1449 3373 1520 virgine....
3400 1450 3560 1502 Aures
3586 1463 3734 1508 nostra

2216 1551 2436 1620 pulsaue
2485 1562 2624 1601 nunc
2668 1560 2698 1598 e
2748 1553 2932 1597 Sancto
2978 1542 3269 1610 Evangelia
3323 1542 3732 1606 sonueruntzdie,

2218 1644 2415 1714 inquit,
2452 1640 2611 1695 tertio
2643 1639 2841 1708 nuptiae
2874 1639 3023 1691 facta:
3054 1642 3180 1691 sunt
3222 1637 3278 1689 in
3310 1633 3523 1688 Chanan
3562 1636 3732 1704 galilet,

2219 1746 2273 1791 et
2300 1745 2417 1791 erat
2446 1741 2614 1787 mater
2635 1730 2760 1786 Jesu
2784 1730 2889 1795 ibi;
2914 1728 3165 1782 invitatus
3186 1734 3272 1781 est
3295 1735 3468 1780 autem
3498 1725 3630 1780 Jesus
3650 1740 3730 1782 cum

612 1817 791 1871 Helias
810 1824 1044 1881 “nausa
1066 1814 1150 1870 cui
1169 1815 1432 1871 elementa
1457 1814 1705 1870 ramum”
1728 1822 1869 1879 sum»
1889 1816 1980 1885 αυί
2000 1829 2111 1870 εσθ-
2148 1808 2195 1869 Β
2220 1825 2492 1896 discipulis
2516 1825 2580 1878 ad
2613 1823 2840 1892 nuptias.
2873 1821 2930 1876 Si
2963 1821 3388 1874 Manichaeorum
3419 1817 3650 1871 latebrosa
3670 1834 3733 1872 vo-

557 1922 648 1962 um
674 1908 839 1963 tribus
866 1907 1018 1961 annis
1042 1916 1095 1961 et
1120 1920 1211 1960 sex
1245 1907 1515 1962 mensibus
1546 1908 1835 1971 clauserat,
1867 1908 1930 1960 ad
1960 1908 2112 1975 cujus

543 2012 726 2053 vocem
755 2012 1041 2066 supernum
1068 1997 1341 2053 descendit
1366 1998 1665 2053 incendium
1684 2042 1699 2067 ,
1728 2014 1848 2054 cum
1875 2014 1996 2053 eum
2025 1999 2113 2053 Je-

546 2087 693 2142 zabal
723 2087 884 2142 vellet
914 2087 1178 2153 occidere,
1208 2097 1261 2141 et
1290 2089 1459 2142 fessus
1507 2090 1606 2143 sub
1644 2091 1891 2145 umbrosa
1925 2090 2116 2144 arbore

544 2181 746 2252 iaceret
789 2179 841 2234 iit
884 2180 1200 2248 solitudine,
1246 2181 1463 2249 angelus
1508 2181 1574 2234 ad
1619 2196 1740 2235 eum
1787 2182 2032 2246 mittitur,
2065 2189 2119 2236 et

546 2273 801 2341 praecepit
837 2281 893 2326 ut
936 2279 1172 2327 sumeret
1211 2273 1477 2340 paululum
1510 2274 1661 2340 panis
1688 2282 1741 2327 et
1771 2288 1950 2342 aquae;
1983 2287 2110 2342 qua-

547 2361 789 2431 draginta
818 2362 960 2416 enim
1000 2361 1202 2415 dierum
1231 2361 1435 2431 jejunio
1463 2377 1555 2431 per
1594 2362 1865 2416 desertum
1896 2363 1962 2416 ad
1995 2364 2120 2418 Sina

549 2462 786 2508 montem
820 2451 1153 2521 profecturus
1192 2461 1326 2507 erat.
1372 2452 1636 2522 Numquid
1681 2456 1820 2509 enim
1868 2456 2121 2511 Dominus

549 2545 905 2613 omnipotens,
930 2544 1019 2613 qui
1041 2544 1234 2599 coelum
1266 2552 1320 2598 et
1343 2554 1537 2599 terram
1566 2544 1795 2612 fecerat,
1824 2547 1976 2615 cujus
2006 2548 2125 2602 uni-

555 2655 704 2696 versa
734 2649 977 2694 creatura
1004 2646 1117 2705 est,
1148 2653 1252 2693 non
1293 2648 1502 2709 poterat
1537 2642 1705 2694 mulsa
1746 2655 1838 2710 per
1875 2642 2124 2712 angelum

551 2744 641 2787 aut
666 2734 786 2785 vina
811 2733 1190 2798 transmittere,
1213 2739 1305 2786 aut
1326 2732 1567 2787 conditos
1589 2733 1757 2799 cibos,
1781 2744 1871 2787 aut
1894 2734 2127 2788 marinas

552 2825 794 2893 delicias,
832 2835 921 2879 aut
959 2827 1232 2882 volucrum
1264 2828 1587 2882 suavitates?
1620 2827 1729 2882 Sed
1768 2828 1970 2883 sciebat
1999 2843 2127 2900 pro-

555 2920 769 2987 phetam
792 2934 944 2973 suum
978 2935 1081 2973 non
1123 2920 1279 2973 aliter
1318 2932 1473 2989 posse
1519 2920 1891 2989 temptationes
1928 2920 2129 2976 diaboli

556 3016 789 3079 vincere,
817 3013 914 3069 nisi
934 3014 1150 3083 jejuniis
1171 3015 1490 3070 erudiretur.

633 3108 801 3175 lijccit
848 3124 964 3173 nos,
1013 3108 1204 3163 fratres
1232 3108 1527 3173 carissimi,
1560 3108 1625 3162 de
1672 3107 1917 3178 paradiso
1957 3106 2128 3175 cibus,

2220 1919 2480 1986 luptuosae
2518 1910 2855 1976 turpitudinis
2884 1909 3096 1965 fteditas
3118 1908 3184 1963 dc
3219 1908 3418 1971 nuptiis
3438 1916 3732 1974 percontetur,

2220 2010 2360 2065 Deus
2394 2022 2506 2074 eas,
2551 2007 2755 2073 inquit,
2799 2018 2902 2057 non
2938 2002 3081 2056 fecit.
3131 2002 3187 2057 St
3239 2013 3368 2069 ergo
3420 2000 3548 2053 Deus
3578 2011 3735 2065 nuptias

2222 2119 2327 2158 non
2362 2101 2513 2163 fecit,
2547 2096 2812 2167 quomodo
2858 2096 2911 2149 in
2958 2094 3037 2148 eis
3064 2092 3318 2147 Christus
3366 2105 3482 2143 cum
3524 2089 3736 2159 discipulis

2222 2198 2331 2252 suis
2360 2195 2613 2249 invitatus
2640 2190 2924 2247 adcubuit?
2957 2187 3062 2243 Sed
3089 2186 3195 2256 jam
3228 2185 3381 2253 opaci
3412 2182 3557 2251 hujus
3582 2192 3734 2251 myste-

2222 2290 2287 2346 rii
2335 2287 2571 2342 nubilum
2615 2284 2950 2339 ventilemus.
2998 2266 3115 2341 Dié,
3152 2276 3363 2344 inquit,
3406 2275 3550 2329 tertio
3593 2276 3737 2344 nuptis

2226 2381 2379 2436 facta:
2410 2388 2531 2434 sunt
2561 2379 2611 2430 in
2640 2376 2855 2431 Chanan
2898 2362 3121 2443 galilma.
3170 2368 3581 2437 Splendescente
3623 2369 3737 2436 igitur

2226 2489 2385 2544 super
2407 2474 2689 2527 obscurum
2709 2510 2723 2533 ,
2748 2466 2956 2523 delictis
2980 2461 3389 2523 offuscantibus,
3414 2458 3639 2514 mundum
3659 2459 3738 2514 Tri-

2228 2567 2405 2621 nitatis
2454 2566 2559 2631 die,
2592 2563 2833 2618 Christus
2879 2558 3023 2614 venit
3070 2557 3137 2610 ad
3189 2554 3426 2625 nuptias.
3454 2553 3584 2607 Tunc
3609 2563 3737 2607 autem

2228 2660 2404 2714 anima
2429 2672 2546 2727 quae
2573 2656 2639 2710 de
2676 2654 2783 2709 limi
2816 2654 2987 2708 fuerat
3011 2652 3118 2721 jam
3150 2649 3363 2703 affricta
3394 2647 3651 2710 consortio,
3675 2660 3739 2713 per

2227 2751 2638 2807 fornicationem
2669 2746 2980 2801 oblectantis
3012 2742 3154 2813 pomi
3195 2740 3495 2796 adulterum
3536 2740 3736 2792 demutat:

2232 2845 2513 2909 maritum,
2566 2841 2783 2910 pollutae
2811 2836 3079 2893 societatis
3125 2834 3341 2902 nuptias
3387 2831 3614 2886 celebrat.
3640 2827 3738 2881 Audi

2234 2936 2452 2993 Paulum
2485 2934 2641 3004 hujus
2673 2932 2825 2987 malae
2855 2926 3248 2998 conjugationis
3282 2926 3466 2979 iterum
3495 2921 3641 2975 vincla
3665 2918 3733 2972 for-

2234 3031 2523 3085 midantem
2552 3047 2566 3083 :
2596 3028 2776 3091 timeo,
2811 3024 3011 3093 inquit,
3041 3036 3109 3075 ne
3133 3021 3275 3075 sicut
3296 3031 3507 3086 serpens
3531 3015 3667 3069 Evam
3687 3011 3739 3066 fe-

2236 3122 2370 3177 fellit
2398 3120 2589 3175 asuttia
2618 3133 2711 3173 sua
2734 3158 2747 3182 ,
2782 3116 2854 3169 ita
2884 3118 3298 3179 corrumpantur
3339 3117 3528 3161 mentes
3554 3112 3699 3157 vestra:
3719 3116 3738 3155 a

559 3197 778 3252 reducat
806 3199 1033 3253 esuries.
1063 3198 1247 3253 Daniel
1292 3199 1382 3252 ille
1426 3198 1721 3253 futurorum
1767 3200 2033 3264 conscius,
2075 3208 2129 3253 et
2155 3184 2200 3246 ο
2235 3214 2573 3282 simplicitate
2600 3219 2652 3266 et
2692 3209 2937 3264 castitate
2967 3220 3083 3274 quae
3112 3212 3193 3259 est
3229 3202 3285 3256 in
3320 3199 3520 3255 Christo
3544 3196 3644 3251 Jesu
3671 3194 3740 3247 ut»

556 3289 819 3345 adventus
842 3291 1050 3345 Domini
1072 3299 1125 3345 et
1146 3291 1438 3346 eversionis
1453 3292 1784 3347 Hierusalem
1809 3292 2135 3347 manifestis-

561 3384 728 3437 simus
777 3384 1110 3452 praedicator,
1142 3385 1262 3439 ideo
1287 3386 1373 3438 vir
1401 3384 1784 3439 desideriorum
1833 3385 2133 3454 appellatus

561 3482 674 3538 est,
719 3475 838 3543 quia
884 3489 1074 3543 panem
1124 3476 1372 3530 desiderii
1422 3491 1525 3530 non
1571 3477 1832 3542 comedit,
1862 3488 1916 3531 et
1955 3486 2135 3544 potum

564 3567 1011 3632 concupiscentiae
1034 3584 1135 3623 non
1156 3569 1315 3630 bibit;
1343 3567 1507 3639 magis
1523 3570 1665 3624 enim
1689 3570 1957 3624 Christum
1978 3585 2135 3633 quam

564 3661 746 3730 epulas
787 3661 1144 3718 desiderabat.
1188 3662 1420 3717 Joannes
1468 3676 1765 3731 praecursor
1810 3663 2019 3715 Domini
2062 3663 2139 3716 lo-

566 3752 728 3807 custis
756 3753 807 3806 in
828 3767 1009 3807 eremo
1038 3754 1264 3807 nutritus
1291 3761 1401 3817 est,
1428 3767 1531 3807 non
1555 3753 1865 3807 animalium
1889 3754 2140 3809 carnibus

567 3851 622 3899 et
660 3845 930 3897 volucrum
977 3844 1349 3898 suavitatibus.
1380 3844 1594 3899 Poterat
1624 3846 1802 3914 utique
1828 3844 1975 3914 juxta
2015 3845 2141 3899 10r-

568 3936 720 3990 danis
748 3938 941 3991 fluenta
972 3937 1191 4005 piscium
1221 3937 1320 3992 sibi
1344 3937 1596 3993 exhibere
1625 3938 1874 4003 delicias;
1903 3939 1997 3992 sed
2032 3954 2144 4007 pte-

570 4029 843 4083 nitentiam
878 4028 1262 4091 praedicaturus
1313 4028 1612 4085 doctrinam
1656 4029 1847 4098 rigoris
1878 4038 1933 4084 et
1957 4029 2143 4098 jeiunii

572 4125 815 4189 exemplo
845 4136 942 4175 suo
982 4121 1150 4189 magis
1194 4119 1373 4175 debuit
1402 4121 1597 4175 docere
1635 4136 1792 4191 quam
1824 4137 1974 4176 voce.
2007 4124 2142 4176 Cum

577 4212 629 4266 in
655 4212 937 4281 Evangelia
960 4212 1174 4282 quidam
1199 4212 1464 4266 daemonio
1477 4212 1684 4281 plenus,
1713 4213 1935 4267 Domino
1962 4212 2149 4268 fuisset

575 4306 807 4370 oblatus,
846 4320 1001 4372 quem
1040 4319 1263 4373 purgare
1297 4304 1527 4373 apostoli
1564 4306 1949 4373 nequiverunt,
1984 4305 2150 4361 inter-

576 4406 827 4466 rogantes
855 4398 1110 4453 audiunt:
1144 4398 1445 4453 Istiusmodi
1474 4413 1641 4468 genus
1664 4412 1768 4453 non
1803 4397 2012 4467 ejicitur
2045 4399 2149 4452 nisi

576 4492 901 4547 orationibus
924 4502 1081 4560 atque
1104 4490 1340 4560 jejuniis.

2237 3308 2383 3362 mino
2427 3313 2628 3357 nostro.
2678 3302 2807 3354 Dum
2842 3298 3022 3366 itaque
3062 3295 3114 3348 in
3147 3295 3306 3348 unius
3343 3285 3739 3344 discnbitionisin-

2238 3407 2533 3455 strumcnto
2564 3394 2636 3464 (a)
2680 3392 2863 3462 jactati
2896 3387 3138 3443 diabolus
3167 3395 3220 3439 et
3271 3382 3442 3436 anima
3472 3377 3738 3448 lascivirent,

2240 3493 2462 3548 invitato
2494 3488 2709 3541 Jesu....
2743 3484 2869 3536 dum
2918 3483 3039 3532 vino
3085 3478 3311 3531 luxuriae
3356 3464 3741 3527 defecerunLGe-

2240 3583 2412 3639 netrix
2451 3588 2623 3634 autem
2665 3575 2862 3629 Christi
2906 3573 3020 3638 illa,
3052 3586 3169 3640 qute
3202 3564 3478 3623 facinerosi
3515 3562 3580 3632 (ὁ)
3603 3574 3741 3614 concu-

2240 3677 2382 3731 bitus
2412 3683 2620 3743 pactum
2649 3666 2948 3743 exhorruit,
2980 3677 3097 3752 quae
3126 3676 3232 3716 non
3262 3660 3428 3715 solum
3465 3668 3652 3722 corpore
3673 3665 3738 3706 ve-

2244 3783 2360 3823 rum
2388 3766 2546 3820 etiam
2574 3772 2750 3816 mente
2781 3761 2930 3825 virgo
2957 3745 3247 3825 permansit
3265 3795 3279 3816 ,
3308 3752 3543 3806 interemi
3563 3745 3739 3803 invitata,

2245 3862 2551 3916 conditione
2591 3854 2800 3925 generis
2831 3866 2935 3905 nnu
2978 3847 3385 3918 participatione
3424 3840 3643 3901 criminis,
3664 3833 3741 3887 uni-

2245 3950 2497 4006 versitate
2526 3943 2781 4001 nascendi
2825 3958 2931 3995 non
2973 3939 3227 3994 societate
3274 3930 3539 4004 peccandi,
3565 3941 3738 3998 quae“...

2246 4042 2482 4105 Christo,
2512 4052 2617 4093 non
2645 4050 2763 4105 quae
2786 4032 2983 4089 mundo
3007 4029 3336 4084 consentiret
3356 4021 3586 4095 jucundo.

2320 4131 2444 4187 llaec
2481 4130 2641 4200 igitur
2669 4135 2836 4181 mater
2867 4121 3060 4177 Christi
3091 4121 3307 4188 longum
3349 4112 3515 4171 mundi
3556 4110 3742 4163 miserata

2250 4226 2514 4289 laborem,
2548 4236 2665 4291 qua:
2695 4234 2753 4274 se
2784 4223 3003 4272 noverat
3041 4214 3107 4268 de
3140 4210 3357 4281 palmite
3404 4206 3514 4261 ﬁdei
3554 4211 3738 4270 magnum

2252 4318 2559 4372 duxisse....
2588 4313 2799 4367 botrum
2818 4349 2832 4372 ,
2863 4323 2891 4361 a
2921 4306 3133 4377 proprio
3158 4303 3395 4374 germine
3435 4297 3578 4365 erepit
3602 4302 3738 4358 expos-

2252 4426 2376 4466 cere
2404 4410 2604 4462 vinum.
2633 4402 2857 4472 Quando
2884 4410 3058 4454 autem
3082 4396 3270 4465 angelo
3299 4390 3535 4452 credidit,
3560 4395 3657 4439 tunc
3678 4391 3743 4448 pro

2253 4502 2454 4555 mundo
2475 4494 2739 4567 suggessit
2758 4509 2771 4547 :
2793 4504 2917 4545 tunc
2936 4489 3205 4544 inchoavit
3223 4499 3378 4556 agere
3395 4478 3557 4537 saeculi
3579 4486 3739 4567 causam

653 4584 861 4649 Videte,
902 4584 1109 4645 fratres,
1144 4592 1335 4652 quanta
1380 4583 1449 4636 sit
1493 4581 1663 4637 virtus
1702 4582 2023 4651 jejuniorum
2043 4622 2058 4648 ,
2090 4590 2149 4635 nt
2178 4561 2230 4622 1)
2255 4588 2466 4660 quando
2488 4561 2600 4641 nov“.
2620 4583 2905 4653 trepidavit
2930 4581 2995 4635 ad
3024 4579 3287 4634 nuntium.
3314 4576 3445 4630 Ecce
3466 4571 3586 4625 enim
3606 4562 3741 4617 ancilla

579 4677 630 4732 id
653 4677 861 4731 valeant
886 4676 1081 4745 jejunia
1114 4674 1315 4741 facere,
1342 4675 1479 4744 quod
1512 4675 1734 4744 apostoli
1766 4675 2147 4745 nequiverunt.

580 4768 923 4823 Dimittuntur
944 4777 1120 4821 vetera
1143 4783 1157 4831 ;
1179 4766 1543 4836 unusquisque
1565 4780 1622 4820 se
1645 4766 1817 4834 ipsum
1840 4764 2153 4819 consideret

579 4868 633 4914 et
672 4857 960 4927 perpendat
989 4866 1187 4926 quanta
1216 4857 1285 4910 sit
1323 4857 1510 4910 orandi
1543 4856 1839 4910 differentia
1885 4857 2025 4909 inter
2058 4869 2152 4907 va-

581 4970 737 5009 cuum
767 4962 1005 5009 ventrem
1036 4961 1091 5007 et
1129 4951 1419 5017 refectum,
1449 4951 1584 5005 inter
1629 4952 1909 5006 rubentem
1957 4948 2152 5003 faciem

582 5058 632 5101 et
657 5058 743 5100 ora
776 5042 1022 5113 pallentia
1042 5084 1056 5106 ,
1086 5042 1223 5096 inter
1249 5042 1472 5095 salivam
1503 5041 1759 5110 virginem
1787 5050 1841 5095 et
1871 5040 2011 5093 labia
2040 5054 2157 5094 cra-

584 5138 722 5207 pulis
765 5136 1051 5202 dissoluta,
1096 5135 1234 5189 inter
1275 5147 1588 5201 Oppressum
1632 5132 1806 5201 epulis
1851 5146 2065 5187 sensum
2106 5136 2164 5185 et

588 5229 779 5284 inedia:
820 5230 1075 5283 tenuitate
1130 5227 1459 5294 vigilantem.
1504 5224 1617 5280 Non
1661 5226 1779 5279 dico
1816 5224 2081 5292 duplicata
2111 5232 2166 5278 et

590 5321 941 5391 multiplicata
974 5320 1206 5389 jejunia,
1241 5334 1345 5371 non
1372 5318 1490 5371 dico
1521 5316 1902 5381 hebdomadas,
1935 5314 2028 5368 sed
2060 5316 2165 5367 sal-

592 5424 698 5467 tem
743 5412 977 5481 singulos
1008 5412 1122 5465 dies
1151 5410 1353 5478 absque
1382 5408 1620 5463 ciborum
1666 5405 1869 5458 luxuria
1903 5403 2167 5472 transiga-

592 5518 728 5559 tnus.
764 5501 985 5556 Cessent
1016 5500 1222 5554 lavacra
1244 5540 1257 5565 ,
1290 5499 1440 5563 viua,
1483 5497 1567 5551 vel
1607 5494 1848 5561 deliciae;
1891 5509 1996 5548 non
2029 5492 2169 5562 quod

600 5605 899 5652 creaturam
935 5591 1025 5647 Dei
1053 5591 1348 5662 judicemus
1378 5603 1497 5646 esse
1523 5586 1910 5652 damnandam;
1942 5585 2032 5642 sed
2076 5583 2168 5653 qui

666 5730 742 5799 (a)
789 5728 921 5784 Num
954 5740 1048 5799 pro
1072 5725 1387 5799 iuramento?

665 5791 738 5872 (ὁ)
779 5799 852 5855 Ita
884 5791 1027 5865 003.,
1060 5798 1253 5867 {acinus
1284 5795 1535 5862 farineris,
1570 5801 1622 5847 ttl
1658 5793 1839 5863 pignus
1870 5791 2109 5863 pigneris.

2259 4657 2497 4746 Domini,
2534 4683 2622 4735 fiat
2664 4679 2791 4733 mihi
2822 4675 3112 4731 secundum
3144 4671 3359 4727 verbum
3399 4676 3548 4721 ttttttn.
3578 4657 3669 4751 Dios
3697 4666 3741 4751 ei

2257 4741 2669 4831 semine'sancti
2715 4769 2948 4837 Spiritus
2998 4771 3281 4835 propagata
3314 4759 3363 4814 in
3404 4756 3525 4809 saltu
3566 4741 3743 4815 virginali

2258 4865 2519 4936 primitiva
2546 4862 2666 4916 vitis
2694 4858 2950 4922 effloruit,
2979 4870 3097 4925 quae
3125 4849 3439 4906 umbraculis
3459 4849 3637 4913 Opacata
3667 4847 3741 4888 cce-

2260 4955 2480 5011 lestibus
2510 4951 2911 5007 subfrondet....
2951 4949 3033 5001 nis
3060 4944 3323 5000 occultum
3356 4940 3542 4994 botrum
3567 4937 3743 4999 procrea-

2268 5050 2364 5102 vit.
2388 5044 2643 5115 Pependit
2669 5045 2813 5098 salus
2837 5043 2887 5096 in
2912 5039 3032 5095 fidei
3062 5038 3236 5107 apice,
3264 5044 3316 5091 et
3340 5030 3515 5099 turguit
3537 5026 3737 5115 lxitrus...

2272 5140 2409 5195 Ecce
2438 5112 2773 5209 postmodum
2802 5150 2863 5189 cx
2898 5132 3133 5187 matricis
3160 5140 3312 5184 utero
3354 5134 3570 5181 racemus
3606 5112 3738 5167 divitite

2272 5206 2814 5300 prolis—animatus..."
2850 5232 3003 5277 natus
3048 5230 3152 5277 est.
3182 5220 3415 5275 Christus
3441 5224 3575 5267 verus
3613 5206 3736 5299 bonus

2271 5322 2572 5379 continebat
2619 5318 2866 5390 equidem
2916 5316 3054 5370 intra
3098 5329 3156 5369 se
3184 5314 3308 5367 vitae
3352 5309 3588 5363 vinum....
3623 5302 3740 5390 enim

2272 5427 2570 5469 accesserat
2596 5414 2821 5481 prelum.
2857 5407 2991 5463 Dicit
3016 5415 3184 5461 mater
3208 5404 3320 5473 ejus
3344 5418 3357 5456 :
3387 5398 3554 5453 Vinum
3581 5401 3658 5444 non
3680 5382 3737 5478 htt-

2273 5505 2417 5561 bent.
2453 5503 2496 5559 0
2525 5480 2670 5572 virgo
2702 5498 3120 5570 sapientissima!
3165 5493 3321 5551 modo
3355 5480 3574 5547 meruisti
3603 5484 3739 5572 geniti:

2273 5604 2449 5650 natam
2479 5567 2716 5650 sobolem
2758 5567 2832 5661 (ὲ)
2881 5601 3184 5660 procreare,
3209 5595 3265 5643 et
3299 5585 3397 5656 jam
3433 5578 3638 5635 botrum"
3661 5597 3672 5615 -
3693 5567 3738 5609 ηε

2346 5725 2418 5799 (c)
2455 5724 2612 5789 Cod.,
2628 5723 2876 5779 tribulem.
