4012 6338
267 343 399 399 1145

1179 331 1406 389 SEBMO
1447 331 1534 386 DE
1573 326 1762 397 AQUA
1801 323 1868 381 IN
1909 321 2126 380 νιΝυΜ
2163 321 2542 382 CONVERSA.

3365 321 3504 378 Ηισ

264 455 590 526 exprimere?
621 453 875 520 Equidem
904 465 1006 506 non
1037 457 1208 520 potest
1229 450 1328 503 nisi
1356 462 1574 520 germen
1602 439 1824 516 germini
1850 439 1906 501 Α
1930 439 2102 495 alieno
2146 442 2259 495 viro
2310 443 2507 510 polluta
2547 442 2852 510 cubitabat,
2884 439 3178 510 repentinis
3217 453 3246 494 a
3286 437 3505 496 Christo

262 553 499 616 obviare,
527 557 581 606 et
611 547 832 620 (palmiti
862 547 980 611 suo)
1014 545 1279 600 resistere.
1311 544 1416 596 Sed
1449 542 1535 611 qui
1568 540 1634 593 de
1680 537 1824 605 ligno

262 643 459 710 carpsit
497 639 844 708 supplicium,
889 637 939 690 in
984 635 1123 703 ligno
1153 633 1309 688 debet
1338 641 1619 702 expectare
1660 641 1827 681 reme-

261 734 437 795 dium;
471 741 521 785 et
550 729 636 798 qui
668 729 717 782 in
750 727 937 782 arbore
966 726 1216 779 inlicitam
1257 722 1569 788 demessuit‘f
1593 720 1824 789 frugem,

262 834 541 895 expectare
573 822 649 892 (α)
677 821 831 875 debet
861 819 926 872 ad
973 831 1214 881 crucem,
1258 824 1314 868 ut
1363 814 1546 868 ubi....
1577 813 1830 866 hauserat

261 915 582 980 siccitatem,
617 912 685 966 ibi
716 910 897 965 salutis
924 908 1147 977 accipiat
1177 908 1463 976 potionem.
1490 904 1715 966 Vinum,
1747 902 1829 956 in-

262 1006 402 1075 quit,
427 1020 530 1058 non
562 1003 774 1057 habent.
805 1001 1018 1054 Attende
1042 999 1209 1067 virgo,
1245 997 1541 1066 paulisper,
1568 1003 1831 1065 praeparet

259 1099 463 1169 judteus
511 1098 745 1166 lignum,
776 1093 1060 1150 descendat
1090 1093 1267 1147 clavus
1307 1092 1359 1145 in
1402 1090 1613 1144 botrum
1634 1130 1648 1152 ,
1680 1098 1828 1144 et....

262 1193 454 1260 poterit
484 1189 689 1244 vinum.
720 1187 860 1254 Quid
902 1195 1025 1240 ante
1058 1194 1268 1254 tempus
1305 1183 1478 1237 curris
1505 1181 1571 1235 ad
1618 1180 1788 1234 lacum
1811 1218 1826 1242 ,

259 1294 378 1334 cum
407 1278 628 1334 necdum
657 1277 985 1346 impresserit
1009 1275 1172 1330 Judas
1199 1283 1507 1344 protervum
1535 1285 1698 1341 super
1729 1285 1830 1325 uva

261 1373 601 1428 calcaneum?
630 1372 745 1439 Ipse
776 1380 854 1424 est
899 1370 1038 1424 enim
1083 1369 1170 1424 ille
1206 1367 1370 1422 Judas
1413 1367 1706 1420 destructor
1745 1377 1830 1418 sa-

260 1478 420 1522 cram
448 1466 748 1529 vindemiae,
775 1463 862 1532 qui
895 1461 1086 1515 'XXX'
1112 1469 1296 1530 pactus
1325 1458 1588 1529 argenteis
1618 1458 1830 1512 botrum

259 1559 453 1614 divinae
494 1558 656 1627 prolis
699 1556 977 1625 judteis...,
1015 1554 1191 1623 impiis
1245 1551 1569 1608 venundavit
1615 1550 1709 1622 (ὁ).
1757 1549 1832 1605 De

259 1667 362 1719 quo
386 1653 436 1705 in
466 1651 680 1719 psalmis
703 1649 810 1718 jam
841 1648 1009 1702 fuerat
1033 1647 1366 1702 decantatum
1392 1661 1405 1697 :
1437 1643 1566 1698 Nam
1588 1651 1644 1698 et
1672 1643 1832 1697 homo

261 1746 404 1813 pacis
451 1758 609 1804 metu,
660 1741 710 1795 in
756 1756 912 1808 quem
969 1739 1212 1809 speravi,
1260 1739 1350 1808 qui
1397 1737 1589 1791 edebat
1639 1749 1830 1804 panem

1929 528 2200 586 haustibus
2223 543 2547 588 muneratur.
2571 532 2869 588 Transeunt
2891 533 2957 586 ad
2977 531 3248 587 Christum
3278 533 3502 600 nuptias.

1927 622 2026 689 Qui
2071 624 2212 679 enim
2260 626 2477 692 vitavit,
2529 628 2643 696 ipse
2689 627 2910 681 dotavit.
2973 626 3213 694 Arripuit
3259 625 3507 683 Christus

1929 715 2255 780 convivium,
2281 724 2335 770 et
2364 717 2599 772 Ecclesia
2626 718 2851 773 mutavit
2874 731 3148 784 Sponsum.
3180 716 3331 772 Pavit
3353 717 3507 773 Chri-

1929 818 2063 872 stus,
2095 815 2150 862 et
2177 809 2424 863 exclusus
2454 819 2535 864 est
2579 811 2848 866 inimicus.
2883 811 3088 866 Miscuit
3117 811 3200 866 sui
3231 812 3508 881 sanguinis

1930 899 2197 968 potionem
2214 940 2229 967 ,
2255 909 2308 954 ct
2328 900 2479 956 duxit
2501 916 2736 957 uxorem.
2767 904 2953 972 Aptavi
2983 904 3153 970 inquit
3178 918 3271 958 vos
3294 915 3507 973 aposto-

1929 990 2012 1046 lus
2040 993 2128 1046 uui
2155 992 2267 1046 viro
2291 992 2553 1061 virginem
2578 1004 2775 1048 castam
2820 995 3070 1050 exhibere
3097 995 3335 1050 Christo.
3371 998 3504 1050 hcce

1931 1083 2021 1138 illa
2049 1084 2312 1153 quondam
2354 1084 2576 1139 fecunda
2628 1102 2769 1140 nunc
2810 1086 3065 1153 formosa,
3098 1097 3220 1143 ante
3265 1088 3505 1144 adultera

1933 1190 2072 1231 nunc
2101 1186 2365 1243 matrona,
2392 1186 2495 1232 stat
2522 1192 2552 1232 a
2576 1177 2777 1233 dextris
2807 1178 2898 1233 Dei
2923 1180 2972 1232 in
3007 1181 3196 1236 vestitu
3225 1181 3499 1246 deaurato,

1929 1266 2326 1322 circumamicta
2363 1270 2644 1335 varietate,
2686 1283 2783 1338 per
2832 1284 3022 1340 aquam
3075 1272 3356 1336 mundata,
3411 1289 3506 1342 per

1930 1361 2240 1432 sanguinem
2290 1370 2612 1430 purpurata,
2662 1376 2757 1429 per
2805 1363 3248 1418 resurrectionem
3301 1365 3508 1419 Domini

1931 1455 2232 1521 candidate,
2266 1455 2510 1523 pretiosis
2545 1456 2768 1525 gemmis
2797 1456 2980 1526 gratiae
3008 1456 3261 1510 varietata
3297 1459 3313 1526 (
3331 1457 3385 1527 ί)
3413 1475 3424 1509 :
3457 1463 3510 1515 et

1931 1548 2072 1604 sicut
2101 1548 2235 1602 dixit
2260 1549 2565 1618 Scriptura,
2601 1547 2731 1602 fulvi
2761 1555 2885 1601 sunt
2912 1548 3051 1604 oculi
3079 1548 3193 1616 ejus
3221 1561 3249 1602 a
3280 1549 3429 1617 vino,
3455 1559 3513 1604 et

1932 1642 2119 1698 dentes
2147 1642 2264 1713 ejus
2292 1644 2627 1698 candidiores
2656 1631 2782 1698 sunt
2826 1643 2982 1697 lacte.
3017 1642 3266 1696 Potemus
3307 1657 3432 1711 ergo
3461 1649 3515 1697 et

1933 1749 2032 1788 nos
2057 1734 2238 1789 vinum
2267 1735 2382 1804 ejus
2404 1750 2525 1789 cum
2560 1736 2696 1790 lacte
2724 1736 2862 1803 ejus,
2895 1734 2940 1789 si
2969 1734 3212 1790 volumus
3241 1743 3292 1789 et
3327 1736 3380 1787 in
3411 1732 3515 1789 fide

261 1850 466 1898 meum,
492 1833 766 1902 ampliavit
789 1847 948 1901 super
971 1847 1056 1886 me
1076 1831 1402 1886 calcaneum.
1430 1828 1636 1894 Aderit,
1661 1829 1831 1897 virgo,
1865 1814 1912 1874 Β
1939 1807 2335 1899 pulchrescere,
2363 1840 2416 1885 et
2446 1831 2497 1884 in
2547 1833 2742 1885 virtute
2787 1829 3128 1894 candescere,
3158 1838 3210 1883 et
3242 1830 3292 1883 in
3325 1836 3514 1884 ornatu

257 1936 401 1980 certa
431 1925 544 1979 dies
573 1939 672 1993 qua
710 1930 978 1991 prematur
1007 1921 1206 1974 fructus
1237 1929 1380 1983 tuus,
1414 1927 1468 1972 et
1497 1929 1640 1971 tuam
1668 1916 1836 1984 ipsius

257 2019 484 2071 animam
535 2025 868 2085 pertranseat
914 2015 1153 2085 gladius,
1190 2022 1245 2068 ut
1296 2011 1591 2067 constiterit
1640 2010 1706 2066 de
1749 2011 1836 2066 bo-

257 2119 374 2164 truo
408 2111 477 2180 (c)
521 2110 778 2179 pendente
804 2124 958 2178 quem
993 2106 1300 2177 profuderas
1327 2120 1391 2160 ex
1422 2105 1617 2160 radice.

332 2201 550 2263 Vinum,
582 2200 770 2268 inquit,
801 2215 904 2252 non
938 2199 1148 2253 habent.
1177 2198 1244 2253 Et
1271 2197 1395 2251 Iesu
1418 2213 1437 2251 :
1462 2196 1597 2263 Quid
1624 2195 1753 2250 mihi
1780 2205 1835 2252 et

256 2293 348 2346 tibi
376 2300 484 2353 est,
519 2291 738 2344 mulier?
770 2291 1010 2344 Nondum
1059 2290 1204 2344 venit
1243 2290 1371 2344 hora
1404 2304 1615 2345 mea....
1641 2288 1834 2360 Utique

256 2400 359 2439 non
390 2385 474 2436 leti
498 2383 579 2452 (rt)
608 2383 698 2437 sed
727 2383 831 2436 voti
866 2383 993 2435 liora
1013 2425 1025 2446 ,
1059 2397 1163 2436 non
1197 2381 1530 2437 necessitatis
1560 2380 1828 2448 imposita:

256 2477 347 2532 sed
381 2476 662 2530 voluntatis
694 2475 1044 2543 impensae....
1077 2489 1181 2529 non
1212 2490 1317 2543 quo
1346 2483 1627 2544 cogeretur
1659 2473 1828 2537 mori,

257 2569 347 2624 sed
381 2585 484 2637 quo
527 2583 620 2636 pro
661 2568 858 2621 mundo
890 2567 1196 2636 dignaretur
1226 2569 1375 2621 mori.
1423 2566 1561 2631 Ouid
1605 2566 1736 2620 mihi
1778 2575 1832 2621 et

255 2663 376 2726 tibi,
409 2662 630 2715 mulier?
660 2665 738 2714 An
767 2661 960 2714 oblitus
986 2676 1043 2714 es
1075 2661 1426 2716 matrem
1455 2659 1534 2714 An
1567 2659 1830 2714 discernis

255 2754 540 2824 potentiam
574 2751 843 2806 tuam?....
870 2760 1040 2806 neret.
1075 2751 1222 2805 Nulla
1262 2761 1341 2806 est
1371 2751 1461 2804 tibi
1504 2766 1623 2805 cum
1661 2762 1830 2805 matre

253 2846 642 2901 communitas?
685 2847 898 2899 An....
944 2845 1084 2899 oculi
1137 2844 1209 2898 tui
1255 2843 1487 2900 debu....
1540 2843 1829 2914 majestas?

253 2929 556 2995 Creatorem
608 2949 657 2993 te
701 2938 983 3008 designas?
1029 2937 1108 2990 An
1157 2936 1377 2991 cred....
1407 2951 1547 2990 nunc
1591 2933 1824 2992 locui....

255 3040 452 3086 ctorem
497 3031 793 3098 propellere
831 3032 1113 3083 instinc....
1147 3029 1357 3096 periere
1389 3029 1827 3085 nefandissim....

253 3135 388 3192 Opus
418 3122 540 3175 dum
569 3137 780 3177 cum....
814 3123 911 3174 asti
948 3121 1291 3189 prtcstigium.
1327 3120 1526 3174 Extulit
1555 3121 1642 3175 hic
1667 3122 1824 3176 Chri-

254 3221 368 3266 stus
413 3227 572 3281 super
617 3220 837 3266 matrem
883 3212 1215 3266 divinitatem
1256 3227 1426 3266 suam.
1475 3212 1586 3266 Non
1621 3214 1828 3285 negavit

252 3312 476 3358 matrem
505 3319 651 3358 suam
673 3347 686 3369 ,
719 3320 890 3374 neque
918 3319 975 3358 se
1016 3313 1194 3358 natum
1227 3305 1440 3374 negavit
1468 3319 1498 3360 e
1525 3321 1704 3370 carne,
1732 3308 1825 3362 sed

253 3395 516 3465 majestati
567 3411 676 3449 sure
725 3411 872 3449 suam
915 3396 1150 3450 subdidit
1194 3396 1536 3464 genetricem.
1593 3398 1656 3451 Et
1705 3398 1824 3454 ideo

252 3487 367 3541 ait:
400 3487 532 3554 Quid
578 3489 704 3542 mihi
739 3497 791 3542 et
821 3488 941 3553 tibi,
975 3484 1200 3544 m'nlier?
1227 3487 1468 3542 Nondum
1511 3489 1654 3543 venit
1699 3491 1827 3546 hora

251 3595 391 3635 mea.
414 3581 464 3633 ln
491 3581 744 3633 miracqu
762 3581 901 3635 enim
925 3581 1096 3634 deitas
1121 3590 1290 3635 matre
1308 3581 1461 3634 altior
1483 3581 1824 3650 praedicatur;

252 3673 305 3727 in
353 3673 483 3727 hora
527 3683 698 3725 autem
720 3715 732 3737 ,
767 3675 950 3727 mortis
980 3674 1329 3727 communitas
1362 3672 1653 3727 intimatur.
1689 3674 1828 3728 [nte-

255 3767 361 3818 rim
392 3763 634 3818 Christus
664 3764 918 3831 insipidos
950 3764 1170 3817 haustus
1201 3763 1459 3818 merificat
1490 3763 1560 3836 (e)
1603 3782 1616 3817 :
1651 3765 1825 3821 fatuus

250 3855 391 3910 latex
419 3853 735 3908 fundebatur
757 3854 808 3907 in
832 3852 1068 3925 hydrias,
1088 3861 1143 3907 et
1171 3852 1548 3907 hauriebantur
1570 3853 1827 3910 inebriata

251 3946 490 4002 flumina.
523 3946 651 4011 Quae
690 3955 773 3999 est
811 3946 909 3999 ista
957 3953 1061 3998 tam
1107 3944 1382 4013 repentina
1414 3946 1737 4000 conversio?
1767 3946 1827 4002 In

251 4055 385 4109 aqua
416 4039 593 4093 vinum
627 4038 880 4102 nascitur,
913 4037 965 4089 in
1009 4035 1148 4089 unda
1194 4050 1353 4106 sapor
1399 4035 1624 4091 latenter
1651 4039 1828 4092 exori-

252 4147 377 4190 tur:
435 4135 696 4203 germinat
721 4135 954 4188 suavitas
983 4133 1036 4188 in
1072 4133 1229 4200 vinis,
1262 4141 1315 4187 et
1342 4146 1600 4201 nusquam
1634 4131 1825 4187 fructi-

253 4228 376 4279 ticat
401 4226 555 4290 vitis;
601 4224 738 4278 nulla
769 4224 1084 4292 exprimitur
1111 4237 1235 4287 uva,
1266 4231 1323 4277 et
1363 4222 1670 4277 fervescunt
1709 4222 1827 4278 sine

255 4317 468 4385 palmite
491 4319 607 4369 vina

321 4408 365 4461 Ο
394 4409 563 4475 magni
607 4406 942 4474 pulchritudo
989 4407 1262 4462 miraculi!
1305 4407 1618 4463 lnseruntur
1659 4407 1826 4462 divini

251 4500 500 4569 praecepti
532 4500 690 4564 vires,
713 4507 765 4553 et
799 4500 851 4552 in
882 4514 1017 4568 aqua
1049 4501 1282 4554 nascitur
1311 4500 1533 4556 fructus.
1563 4501 1675 4556 Hoc
1703 4502 1827 4556 fecit

249 4592 491 4646 Christus
520 4592 571 4645 in
604 4593 776 4657 latice,
810 4593 950 4660 quod
976 4605 1125 4647 certo
1172 4603 1410 4661 tempore
1438 4591 1568 4648 facit
1612 4595 1664 4649 in
1695 4595 1823 4650 vite.

248 4683 380 4751 Quis
408 4686 545 4738 enim
572 4684 706 4737 alius
733 4683 962 4738 radicem
988 4700 1050 4737 ex
1081 4684 1249 4738 imbre
1275 4687 1519 4740 maritat?
1545 4686 1671 4753 Quis
1693 4687 1826 4741 alius

251 4793 346 4846 per
382 4777 614 4830 occultas
661 4791 912 4830 venarum
961 4775 1122 4830 fibras
1165 4777 1406 4831 stellatos
1453 4779 1700 4846 palmites
1745 4780 1824 4832 la-

248 4870 442 4937 queat?
465 4868 592 4935 Quis
622 4876 896 4936 turgentes
930 4867 1114 4922 botros
1140 4883 1202 4921 ac
1224 4868 1368 4922 velut
1398 4869 1448 4922 in
1478 4870 1656 4936 apices
1679 4885 1828 4939 gem-

251 4969 424 5013 matos
474 4958 795 5028 impinguat,
828 4959 927 5012 nisi
967 4959 1012 5013 is
1056 4959 1146 5027 qui
1197 4959 1442 5013 universa
1494 4971 1742 5028 provocat
1772 4970 1827 5017 et

248 5050 595 5120 multiplicat?
625 5061 677 5102 ut
705 5050 844 5119 quod
873 5051 1218 5120 adstringitur
1243 5051 1294 5104 in
1328 5052 1533 5105 semine
1562 5052 1826 5106 diffunda-

249 5154 336 5198 tur
373 5145 423 5198 io
455 5143 716 5213 germine,
745 5151 799 5197 et
829 5141 967 5208 quod
1003 5143 1130 5196 latet
1170 5143 1222 5196 in
1267 5157 1432 5211 grano
1473 5143 1724 5198 silvescat
1773 5144 1826 5200 in

247 5236 392 5290 folio.
441 5237 642 5291 Interea
695 5234 952 5300 Ecclesia,
985 5248 1101 5302 qua:
1150 5234 1201 5287 in
1251 5247 1431 5288 mensa
1475 5234 1654 5288 saaculi
1703 5249 1825 5289 cum

321 5393 397 5466 (η)
441 5393 729 5466 Expectare
777 5398 1167 5466 pro__spe_ctare,
1192 5390 1250 5444 in
1298 5390 1416 5445 aliis
1461 5406 1670 5466 quoque
1719 5392 1824 5448 vidi

246 5459 832 5520 intertlum'codicibus.
863 5460 970 5514 Nisi
996 5459 1131 5515 forte
1159 5469 1373 5528 praestat
1392 5459 1626 5518 scribere
1648 5478 1826 5535 expec-

244 5545 357 5588 tare
386 5553 416 5587 a
447 5549 615 5588 cruce.

324 5607 400 5673 (ι)
445 5606 516 5659 Ita
549 5604 670 5659 cod.

317 5669 394 5745 (ε)
439 5677 510 5730 lta
539 5673 658 5745 cod.
691 5674 886 5727 botruo.
922 5670 987 5745 Et
1022 5669 1236 5745 quidem
1262 5672 1562 5745 aliquoties,
1595 5675 1688 5730 sed
1720 5689 1824 5731 non

247 5741 578 5810 constanter,
608 5744 812 5798 botruus
844 5750 897 5798 et
927 5741 1160 5798 botruum
1185 5744 1240 5799 in
1287 5741 1386 5800 lto'c
1427 5741 1694 5810 sermone,
1728 5761 1825 5803 nec

249 5834 358 5871 non
385 5815 512 5870 alibi
544 5814 680 5883 apud
711 5812 1088 5883 Augustinum.

1936 1932 2131 1977 sancta:
2161 1922 2420 1977 Ecclesia:
2447 1922 2673 1977 radiare.

2004 2017 2242 2088 Accipite
2285 2018 2485 2087 grande
2531 2015 2672 2072 aliud
2718 2032 2747 2070 a
2799 2031 2962 2086 parvo
3021 2017 3350 2087 mysterium.
3400 2015 3514 2071 Ali-

1936 2111 2152 2179 quando
2180 2117 2232 2164 et
2259 2110 2438 2164 Judrea
2468 2110 2648 2164 vinum
2679 2110 2730 2164 in
2761 2110 3005 2164 convivio
3032 2123 3130 2163 suo
3162 2123 3264 2163 non
3298 2108 3513 2175 habuit,

1932 2201 2055 2270 quia
2102 2215 2294 2255 munus
2337 2201 2530 2255 sacrati
2576 2201 2850 2270 sanguinis
2897 2215 3001 2254 non
3033 2200 3274 2268 accepit;
3306 2209 3362 2255 et
3389 2200 3515 2256 dum

1934 2288 2037 2358 legi
2071 2289 2328 2355 nuberet,
2363 2304 2466 2342 non
2499 2289 2708 2343 invenit
2730 2289 2948 2343 omnino
2975 2291 3116 2360 quod
3150 2291 3376 2346 biberet.
3411 2291 3516 2346 Ve-

1934 2380 2013 2435 nit
2041 2380 2308 2448 Christus,
2342 2382 2565 2435 mutavit
2596 2381 2768 2450 legem
2798 2381 2848 2434 in
2878 2383 3099 2452 gratiam
3121 2422 3135 2446 ,
3171 2382 3314 2437 illam
3369 2383 3516 2437 inﬂa-

1933 2475 2151 2540 tricem,
2184 2473 2339 2528 istam
2366 2472 2705 2544 adjutricem.
2741 2472 2897 2527 Fudit
2930 2475 2980 2527 in
3025 2474 3194 2543 legem
3239 2475 3515 2545 sanguinis

1943 2569 2225 2637 poculum,
2257 2576 2312 2622 et
2343 2566 2465 2622 fecit
2493 2565 2768 2621 moriendo
2795 2565 3122 2620 convivium.
3152 2565 3398 2620 Gustavit
3435 2581 3516 2622 ar-

1933 2657 2288 2719 chitriclinus,
2324 2656 2376 2711 id
2421 2665 2505 2711 est
2549 2655 2730 2710 mundi
2781 2655 3058 2720 Dominus,
3102 2669 3290 2724 aquam
3340 2657 3517 2712 vinum

1933 2750 2124 2805 factam
2148 2792 2162 2817 ,
2191 2760 2244 2805 et
2270 2748 2437 2804 dicit:
2465 2749 2650 2803 Omnis
2679 2747 2836 2802 homo
2859 2747 3085 2817 primum
3113 2747 3292 2801 vinum
3324 2747 3516 2802 bonum

1931 2849 2114 2918 ponit,
2145 2853 2343 2900 etcum
2371 2842 2616 2898 inebriati
2651 2840 2847 2897 fuerint
2874 2840 3139 2904 homines,
3169 2841 3219 2894 id
3249 2840 3392 2910 quod
3424 2840 3516 2895 tle-

1932 2937 2095 2994 terius
2142 2947 2259 3002 est;
2299 2946 2352 2990 tu
2392 2945 2570 2988 autem
2614 2931 2839 2988 servasti
2883 2931 3063 2986 vinum
3113 2931 3308 2985 bonum
3355 2945 3516 3000 usque

1932 3033 2124 3088 adhuc.
2153 3033 2216 3087 Et
2247 3032 2330 3087 lex
2358 3031 2499 3086 enim
2530 3039 2733 3097 sancta,
2765 3039 2822 3084 ut
2850 3029 3155 3083 mandatum
3185 3037 3434 3082 sanctum
3465 3036 3517 3081 et

1930 3126 2126 3196 justum
2174 3134 2226 3179 et
2275 3125 2502 3190 bonum;
2551 3123 2645 3179 sed
2695 3124 2777 3179 lex
2825 3108 3194 3192 et—prophetae
3243 3136 3409 3189 usque
3447 3119 3514 3174 ad

1930 3217 2185 3274 Joannem
2211 3217 2693 3286 prophetaverunt;
2720 3225 2775 3270 et
2798 3213 2917 3269 ideo
2939 3213 3252 3268 adveniente
3283 3213 3508 3265 Domino

1932 3311 2054 3365 vina
2103 3311 2353 3364 mosetica
2397 3309 2742 3373 defecerunt,
2786 3316 2841 3362 et
2883 3306 3009 3360 vina
3057 3304 3327 3374 sanguinis
3377 3318 3502 3371 pro-

1930 3401 2214 3457 ﬂuxerunt.
2274 3401 2365 3456 Illa
2418 3409 2737 3469 acceperunt
2788 3399 3105 3463 terminum,
3150 3397 3248 3448 ista
3302 3408 3515 3449 sumse-

1927 3503 2052 3548 runt
2080 3493 2310 3548 initium.
2352 3491 2587 3562 Denique
2630 3492 2731 3547 hoc
2758 3501 2839 3546 est
2864 3491 3068 3544 initium
3101 3489 3374 3558 signorum
3402 3502 3518 3557 qum

1928 3585 2055 3642 fecit
2085 3586 2259 3651 Jesus,
2291 3587 2500 3655 quando
2529 3586 2671 3653 pavit
2707 3592 2893 3654 gentes
2940 3582 3172 3648 Occisus,
3200 3589 3254 3636 et
3282 3580 3349 3634 de
3395 3581 3517 3636 vino

1930 3679 2012 3735 sui
2041 3678 2315 3746 sanguinis
2339 3677 2466 3730 fecit
2493 3675 2800 3730 convivium
2829 3674 3157 3728 vulneratus.

2000 3768 2152 3822 Hunc
2181 3769 2393 3823 botrum
2423 3766 2475 3819 in
2510 3775 2653 3820 terra
2684 3762 3056 3834 promissionis
3101 3776 3195 3816 seu
3227 3761 3278 3816 in
3316 3765 3517 3831 cespite

1929 3861 2247 3932 virginitatis
2270 3869 2511 3916 exortum
2529 3900 2546 3926 ,
2570 3859 2855 3930 aliquando
2876 3859 3090 3914 Judteus
3114 3858 3163 3912 in
3192 3857 3409 3928 palanga
3433 3857 3516 3929 (g)

1931 3962 2181 4022 tanquam
2228 3953 2281 4006 in
2330 3951 2592 4021 praesagio
2639 3951 2829 4004 futura:
2875 3949 3049 4004 crucis
3098 3950 3373 4014 infixerat,
3416 3934 3517 4002 sub

1929 4057 2035 4113 quo
2058 4049 2390 4107 curvaretur,
2415 4057 2518 4095 non
2544 4057 2607 4096 ex
2634 4055 2739 4110 quo
2766 4039 3096 4096 reficeretur.
3129 4037 3244 4092 Jam
3273 4038 3414 4092 enim
3443 4037 3511 4092 de

1928 4135 2007 4189 eis
2054 4133 2286 4203 psalmus
2334 4135 2504 4187 fuerat
2550 4134 2871 4203 praelocutus
2908 4149 2922 4184 ε
2959 4131 3326 4185 Obscurentur
3369 4130 3512 4185 oculi

1929 4238 2113 4279 eorum
2140 4239 2206 4278 ne
2228 4223 2470 4287 videant,
2496 4233 2551 4278 et
2572 4222 2794 4278 dorsum
2822 4236 3006 4277 eorum
3030 4234 3244 4289 semper
3268 4220 3508 4275 incurva.

1931 4317 2221 4373 Portabant
2252 4317 2410 4388 igitur
2438 4317 2648 4371 botrum
2675 4315 2800 4381 duo,
2835 4331 2971 4370 unus
3000 4314 3261 4381 anterior,
3293 4321 3348 4368 et
3375 4313 3513 4367 alter

1928 4415 2226 4479 posterior;
2259 4411 2310 4464 in
2343 4410 2522 4465 medio
2553 4409 2787 4479 palmitis
2815 4407 3071 4478 germinis
3106 4421 3340 4477 propago
3377 4421 3511 4475 p,en-

1930 4504 2108 4559 debat.
2139 4503 2347 4557 Primus
2378 4502 2646 4557 indicabat
2675 4501 2927 4571 populum
2954 4498 3259 4553 Iudaeorum
3282 4542 3296 4564 ,
3327 4511 3518 4551 secun-

1852 4556 1906 4618 υ
2076 4556 2390 4666 designabat
2441 4556 2691 4664 populum
2735 4556 2990 4663 gentium.
3038 4591 3253 4646 Judmus
3282 4556 3513 4659 'quidem

1942 4690 2208 4744 anteibat.
2241 4688 2334 4742 sed
2365 4697 2549 4742 contra
2583 4688 2793 4741 botrum
2823 4687 2980 4740 dorsa
3008 4685 3260 4754 ponebat.
3287 4684 3515 4739 Gentilis

1937 4780 2201 4849 posterior
2229 4779 2569 4844 ambulabat,
2606 4779 2698 4832 sed
2734 4778 2944 4832 botrum
2978 4777 3096 4831 fidei
3126 4776 3297 4830 oculis
3327 4775 3514 4830 adten-

1933 4873 2120 4937 debat,
2151 4872 2272 4941 quia
2304 4871 2356 4925 in
2387 4871 2650 4940 pendente
2680 4870 2950 4925 credebat.
2985 4870 3309 4930 Posuerunt,
3346 4867 3513 4937 inquit

1939 4966 2188 5020 Dominus
2217 4963 2283 5018 de
2308 4962 2528 5028 Judteis,
2563 4962 2630 5016 ad
2659 4977 2742 5017 me
2765 4964 2923 5017 dorsa
2953 4972 3008 5017 et
3040 4977 3142 5015 non
3177 4960 3336 5015 facies
3365 4974 3510 5013 suas.

1933 5055 2142 5109 Primus
2186 5053 2554 5118 aversabatur,
2589 5053 2852 5108 secundus
2898 5053 3245 5121 pascebatur;
3291 5049 3378 5104 ille
3419 5049 3513 5104 ha-

1937 5147 2148 5202 nelabat
2193 5145 2293 5200 sub
2322 5146 2502 5200 delicti
2553 5159 2738 5210 onere,
2773 5146 2872 5199 iste
2921 5143 3133 5198 bibebat
3177 5157 3241 5195 ex
3288 5141 3506 5196 a-there.

1927 5237 2111 5294 Iudaeo
2137 5253 2265 5309 ergo
2299 5237 2484 5293 botrus
2517 5235 2802 5306 posterior,
2843 5235 3025 5304 gentili
3061 5241 3174 5288 erat
3221 5234 3454 5288 anterior
3489 5250 3503 5298 ;

1957 5395 2080 5477 .(d)
2119 5395 2313 5451 Contra
2358 5396 2448 5451 fati
2501 5396 2798 5452 doctrinam
2839 5409 2980 5464 saepe
3029 5393 3245 5463 scripsit
3289 5393 3504 5464 Augus-

1932 5474 2098 5522 tinus.

2027 5539 2073 5604 ε)
2114 5536 2486 5606 Animadverte
2523 5537 2802 5606 pulchrum
2833 5537 3167 5593 vocabulum.

2028 5607 2053 5673 f
2067 5611 2082 5672 )
2119 5605 2253 5677 Nota
2277 5622 2460 5662 rursus
2491 5605 2834 5672 vectabulum,
2869 5609 2965 5662 nisi
2994 5616 3076 5664 est
3103 5622 3198 5677 pro
3225 5605 3505 5677 variegata.

2003 5679 2076 5746 (ει)
2115 5675 2430 5749 Νὲυπξπιηι
2463 5678 2550 5730 24·
2607 5677 2669 5749 Et
2711 5677 2923 5749 quidem
2967 5675 3219 5749 palanga,
3251 5675 3334 5730 vel
3368 5675 3502 5749 νίψ-

1931 5742 2114 5819 longa,
2147 5744 2403 5819 dicebant
2416 5747 2709 5819 praesertim
2727 5742 2853 5803 ’Δί’τὶ
2893 5742 2988 5819 pro
3015 5742 3178 5812 fuste,
3206 5742 3344 5803 teste
3395 5742 3472 5797 Pli

1933 5813 2038 5872 nio'
2053 5813 2188 5886 apud
2217 5813 2447 5870 Forcell.
