4012 6338
591 342 728 401 ΗΠ
828 356 835 363 ’

1222 345 1554 407 SUPPLEM.
1598 346 1688 403 AD
1727 346 1878 401 ore.
1921 343 1978 399 s.
2024 326 2717 400 AUGL‘STlNl.—SEltMU
2761 344 2845 399 ne
2883 346 3106 404 MISSA.

3716 345 3840 402 “id

584 457 688 514 illis
734 457 786 512 in
832 457 957 524 fine,
990 457 1144 512 nobis
1185 457 1237 513 in
1271 458 1556 530 principio;
1589 459 1708 515 illos
1736 458 2058 529 sequebatur
2086 439 2154 510 ad
2179 459 2229 515 Α
2258 456 2441 510 tutiois
2472 456 2555 510 vix
2589 471 2690 511 una
2741 458 2867 512 hora
2896 470 3005 524 est,
3036 460 3081 515 si
3113 458 3161 511 in
3193 457 3381 513 diebus
3422 458 3572 513 festis
3606 457 3694 512 vix
3727 456 3833 515 dus

584 549 935 620 supplicium,
968 565 1068 605 nos
1097 550 1357 629 invitabat
1398 552 1465 605 ad
1503 551 1698 606 cibum.
1735 552 1917 618 Itaque
1958 550 2031 603 illi
2064 550 2157 604 de-

585 640 769 694 siccati
799 649 921 695 sunt
957 649 1011 703 et
1038 650 1324 706 aruerunt.
1359 656 1456 697 nos
1482 657 1609 699 vero
1638 644 1969 698 comedimus
1994 651 2047 697 et
2079 632 2159 697 bi-

579 727 754 787 bimus
788 739 841 784 et
869 730 1049 785 refecti
1096 746 1296 795 sumus,
1329 747 1425 800 per
1454 748 1624 801 ipsum
1671 734 1851 789 Jesum
1882 733 2155 788 Christum

578 823 665 894 qui
696 822 825 881 vivit
850 839 969 880 cum
1011 825 1169 881 Patre
1191 835 1390 882 etcum
1422 828 1621 898 Spiritu
1661 840 1845 885 sancto
1872 829 1928 884 in
1961 828 2155 885 saacula

580 916 918 973 saeculorum.
945 918 1139 975 Amen.

1194 1010 1421 1068 SERMO
1460 1012 1544 1071 IV.

1074 1103 1147 1158 De
1177 1106 1331 1160 missa
1357 1107 1638 1163 cotidiana.

645 1211 1000 1285 Cougregatio
1028 1216 1369 1273 beatitudinis
1393 1228 1601 1286 vestrae,
1631 1219 1826 1275 fratres
1851 1220 2145 1288 carissimi,

575 1303 699 1360 facit
724 1321 824 1362 nos
863 1309 1025 1363 nimio
1056 1310 1246 1378 gaudio
1271 1325 1388 1365 esse
1420 1314 1668 1378 repletos.
1701 1313 1806 1369 Sed
1833 1317 1955 1384 quia
1988 1324 2149 1387 pavet

572 1405 757 1465 pectus
802 1400 1004 1455 catenis
1047 1403 1284 1469 corporis
1320 1403 1635 1471 obligatum,
1665 1421 1767 1461 non
1817 1421 2031 1475 possum
2062 1410 2144 1464 di-

572 1505 695 1545 cere
742 1502 993 1561 quantum
1023 1495 1272 1563 splendor
1301 1497 1460 1550 animi
1494 1499 1651 1552 vestri
1683 1500 1909 1555 delectat
1935 1503 2138 1559 audire.

573 1580 773 1639 Tamen
803 1585 1104 1653 adgredior,
1137 1595 1192 1641 ut
1228 1588 1383 1640 arrha
1433 1604 1460 1641 a
1508 1589 1617 1643 Deo
1660 1591 1782 1645 data
1811 1592 2059 1657 clariore,
2088 1604 2141 1649 et

571 1674 786 1743 pignore
835 1677 1249 1746 splendidissimi
1298 1678 1508 1734 luminis
1556 1681 1870 1751 refulgente,
1924 1682 2139 1754 palpitat

567 1780 755 1833 sensus
778 1770 877 1821 mei
898 1768 1119 1822 dicentis
1147 1770 1242 1838 (α).
1267 1770 1396 1825 Peto
1418 1781 1475 1826 ut
1495 1775 1686 1829 vestris
1702 1777 1915 1830 auribus
1935 1764 2136 1833 insera—

568 1860 654 1925 tis,
691 1859 878 1915 fratres
907 1862 1037 1925 mei,
1066 1862 1236 1918 officia
1259 1865 1569 1933 sacerdotis,
1594 1866 1786 1936 quibus
1814 1882 1906 1937 per
1930 1871 2136 1927 viscera

567 1953 953 2011 misericordia)
981 1956 1370 2013 incommodum
1397 1958 1470 2029 (b)
1494 1976 1599 2016 non
1619 1962 1827 2017 desinet
1847 1966 2137 2033 parturire,

564 2046 775 2101 dicente
821 2049 1060 2115 apostolo
1104 2047 1268 2103 Paulo
1303 2068 1314 2102 :
1352 2050 1524 2105 Filioli
1582 2053 1720 2119 mei,
1771 2069 1903 2121 quos
1944 2056 2137 2111 iterum

566 2140 821 2207 parturio,
855 2138 1024 2195 donec
1052 2139 1294 2195 Christus
1322 2142 1576 2197 formetur
1606 2144 1658 2197 in
1690 2143 1862 2199 vobis.
1892 2146 1995 2201 Sed
2031 2147 2139 2202 illis

565 2230 639 2285 ait
664 2232 957 2299 apostolus,
989 2231 1079 2300 qui
1116 2232 1337 2287 novella:
1368 2232 1521 2300 fidei,
1553 2244 1605 2288 et
1634 2235 1780 2290 rudis
1808 2236 1980 2291 adhuc
2010 2251 2132 2293 cre-

563 2322 803 2379 dulitatis
848 2323 1093 2391 primitiae
1147 2324 1520 2380 detinebantur
1551 2328 1603 2381 in
1648 2328 1810 2383 corde
1859 2330 2132 2393 plantaria.

566 2415 761 2471 Verum
780 2456 794 2480 ,
831 2417 1057 2484 propitio
1088 2416 1215 2481 Deo,
1241 2418 1363 2487 quia
1394 2420 1462 2472 ita
1487 2428 1613 2485 aput
1636 2419 1705 2491 (c)
1730 2436 1823 2476 vos
1849 2422 1969 2475 fidei
1999 2437 2136 2491 pra:-

565 2509 803 2578 rogativa
848 2510 1161 2577 veterescit,
1191 2519 1246 2563 ut
1274 2518 1327 2564 et
1370 2525 1503 2565 nova
1544 2513 1641 2576 sit,
1686 2511 1805 2566 ideo
1850 2513 2135 2568 novitatem

560 2608 735 2663 tenet,
768 2609 823 2655 ut
867 2609 1017 2657 vetus
1059 2602 1169 2657 sit:
1202 2602 1322 2671 quia
1370 2601 1450 2657 sic
1495 2604 1747 2672 scriptum
1778 2612 1861 2659 est
1892 2621 1906 2657 :
1941 2604 2132 2660 Vinum

562 2706 758 2748 nonum
790 2694 1102 2759 veterescit,
1135 2703 1188 2748 et
1216 2708 1338 2748 cum
1378 2694 1639 2749 suavitate
1668 2695 1896 2750 bibetur.
1932 2696 2133 2753 Tamen

559 2783 736 2839 celare
763 2798 868 2840 non
916 2785 1061 2853 potui
1092 2792 1147 2839 et
1170 2785 1396 2842 diustius
1433 2799 1814 2856 suppurgatum
1848 2786 1947 2859 (ά).
1980 2788 2133 2844 Nolui

564 2878 746 2934 videre
790 2878 931 2949 quod
980 2879 1227 2948 lugeam,
1280 2880 1421 2934 nolui
1481 2881 1661 2935 videre
1710 2881 1849 2949 quod
1897 2882 2129 2938 doleam.

558 2966 740 3031 Clamo
768 2968 890 3038 quia
922 2979 1101 3038 pastor
1143 2984 1258 3025 sum
1306 2985 1411 3026 non
1456 2975 1835 3043 mercenarius,
1885 2974 1974 3043 qui
2022 2975 2134 3029 viso

557 3060 681 3131 lupo
709 3060 874 3131 fugit,
898 3074 950 3117 et
972 3076 1098 3117 oves
1121 3072 1177 3117 ut
1203 3075 1420 3131 pereant
1443 3064 1781 3134 derelinquit.
1806 3064 1993 3120 Clamo
2013 3068 2133 3135 quia

557 3154 740 3223 timeo,
772 3154 942 3210 clamo
970 3156 1090 3223 quia
1120 3155 1274 3210 doleo
1303 3158 1623 3221 :,clamando
1662 3160 1803 3214 enim
1835 3170 1887 3214 et
1915 3176 2002 3217 me
2040 3176 2135 3217 ex-

556 3262 705 3313 cuso,
738 3254 792 3302 et
821 3262 916 3302 vos
948 3263 1051 3301 non
1085 3248 1267 3315 perdo.
1302 3248 1432 3303 Nam
1459 3251 1501 3304 si
1547 3259 1780 3318 tacuero,
1813 3261 1867 3306 et
1910 3267 1995 3308 me
2025 3269 2133 3308 non

557 3355 776 3407 excuso,
800 3349 853 3396 et
881 3355 975 3395 vos
999 3341 1182 3409 perdo.
1204 3341 1293 3395 Ait
1318 3342 1460 3397 enim
1489 3343 1628 3397 Deus
1651 3358 1745 3413 per
1774 3344 1981 3399 Esaiam
2015 3360 2137 3413 pro-

560 3435 773 3504 phetam
803 3452 815 3489 :
852 3435 1122 3499 Exclama,
1158 3437 1348 3505 inquit,
1383 3435 1436 3490 in
1470 3437 1774 3492 fortitudine
1806 3446 1914 3503 tua,
1946 3446 1999 3492 et
2029 3438 2135 3493 noli

562 3541 819 3592 parcere:
850 3527 988 3582 sicut
1037 3528 1159 3582 tuba
1204 3528 1376 3583 exalta
1423 3541 1604 3582 vocem
1656 3538 1826 3594 tuam,
1878 3529 2134 3583 annuntia

559 3617 698 3686 plebi
730 3633 862 3672 meae
911 3628 1123 3687 peccata
1152 3633 1370 3684 eorum,
1402 3627 1457 3672 et
1487 3620 1664 3673 domui
1705 3618 1870 3674 Jacob
1901 3619 2135 3676 facinora

557 3723 763 3765 eorum.
788 3709 862 3764 Ita
893 3710 1034 3764 enim
1056 3710 1274 3765 devotio
1301 3719 1472 3764 vestra
1501 3709 1762 3778 refriguit,
1790 3711 1973 3765 fratres
2002 3712 2130 3775 mei,

559 3816 619 3862 It
647 3815 700 3862 et
728 3807 847 3862 illut
893 3808 1117 3862 sentiam
1139 3847 1155 3873 ,
1183 3815 1236 3861 et
1269 3818 1521 3861 metuam.
1554 3808 1705 3874 Quod
1740 3807 1991 3862 Dominus
2021 3818 2131 3864 ait:

557 3886 623 3955 eo
652 3900 789 3969 quod
840 3900 1045 3955 facinus
1075 3899 1341 3966 abundet,
1373 3896 1672 3969 refrigescit
1702 3900 1896 3955 caritas
1943 3900 2134 3955 multo-

557 4004 674 4044 rum
697 4029 711 4055 ,
747 4000 872 4059 puto
904 3990 955 4043 in
986 4001 1157 4044 vestra
1187 3990 1472 4045 devotione
1498 3990 1785 4059 compleri.
1826 3990 1959 4045 Dum
1990 3992 2133 4046 enim

554 4097 649 4139 vos
694 4086 745 4138 in
776 4084 1026 4139 domibus
1063 4085 1254 4139 vestris
1294 4084 1482 4139 sedere
1525 4084 1803 4139 sectamini
1863 4085 2131 4140 desertam

551 4172 721 4229 facitis
750 4174 964 4229 domum
992 4175 1103 4230 Dei.
1518 4195 1521 4199 ·

629 4264 693 4318 Et
718 4264 840 4318 audi
869 4266 994 4334 quid
1028 4280 1121 4333 per
1157 4264 1470 4333 prophetam
1499 4262 1677 4317 divina
1728 4262 2025 4318 istiusmodi
2055 4264 2133 4319 in-

553 4354 791 4426 dignatio
812 4359 1049 4411 omnium
1082 4367 1288 4412 mentes
1313 4357 1578 4427 ohjurgat.
1618 4357 1753 4411 Audi
1776 4397 1791 4419 .
1821 4356 2132 4424 christiano,

552 4446 692 4515 quod
738 4448 955 4514 timeas;
990 4448 1144 4513 audi,
1180 4450 1446 4513 timorate,
1477 4448 1617 4517 quod
1666 4462 1895 4503 caveas:
1929 4450 2028 4504 l’ro
2072 4464 2137 4504 eo

553 4541 695 4642 quod
724 4541 914 4642 domus
962 4558 1058 4598 sua
1103 4542 1313 4597 deserta
1344 4544 1447 4609 sit,
1478 4543 1702 4642 ideoque
1730 4545 1921 4600 coelum
1969 4546 2133 4601 absti-
2159 4584 2211 4642 Β

551 4632 700 4689 nebit
730 4633 952 4701 pluvias,
980 4644 1035 4689 et
1064 4643 1201 4689 terra
1244 4648 1347 4689 non
1393 4634 1542 4689 dabit
1585 4634 1814 4689 fructum
1861 4652 2046 4700 suum.
2077 4646 2133 4693 et

552 4725 797 4781 inducam
826 4725 1056 4796 gladium
1106 4741 1269 4795 super
1311 4740 1472 4795 opera
1518 4741 1770 4782 manuum
1820 4728 2124 4795 hominum,

550 4820 671 4890 quia
702 4820 841 4875 Deus
871 4822 921 4874 in
953 4819 1195 4875 ecclesiis
1225 4835 1329 4874 non
1358 4821 1588 4875 auditur.
1613 4821 1742 4888 Quis
1771 4822 1835 4875 ad
1871 4822 1994 4887 hoc,
2024 4824 2127 4877 fra-

550 4922 660 4968 tres
688 4912 822 4977 mei,
852 4914 1085 4966 intentus
1108 4928 1211 4966 non
1239 4914 1531 4967 visceribus
1552 4917 1974 4971 contremescat?
2000 4917 2128 4983 Quis

551 5021 660 5061 non
680 5007 840 5060 tantis
856 5005 1356 5060 Comminationibus
1374 5021 1656 5075 percussus
1672 5017 1898 5073 arescat,
1915 5009 2129 5077 quando

553 5097 632 5151 sic
685 5097 869 5152 audiat
904 5094 1184 5150 Dominum
1212 5090 1609 5165 indignantem,
1631 5114 1696 5152 eo
1742 5099 1880 5169 quod
1912 5099 2131 5153 domum

550 5201 700 5242 suam
744 5188 1010 5244 desertam
1052 5189 1275 5254 faciatis,
1305 5188 1377 5256 (et
1404 5190 1589 5245 domus
1616 5192 1896 5253 orlationis
1925 5207 1953 5245 a
1995 5206 2129 5247 con-

549 5288 708 5334 ventu
736 5282 986 5350 religioso
1012 5282 1080 5335 sit
1101 5282 1300 5335 vacua?
1321 5281 1479 5335 Plena
1508 5291 1589 5336 est
1618 5282 1822 5351 populis
1853 5283 2049 5351 platea,
2075 5295 2130 5339 et

550 5369 671 5424 silet
712 5374 961 5426 ecclesia.
996 5371 1206 5441 Utique,
1243 5370 1474 5439 prudens
1505 5374 1687 5436 homo,
1722 5386 1826 5425 non
1862 5371 1953 5426 tibi
2000 5372 2133 5427 dici-

551 5471 635 5516 tur
657 5471 714 5517 ut
738 5462 803 5516 ad
830 5464 1045 5519 domum
1070 5464 1162 5518 Dei
1190 5462 1334 5518 omni
1368 5462 1498 5516 hora
1519 5463 1826 5518 convenias.
1853 5462 1908 5519 Si
1941 5462 1992 5516 iu
2017 5478 2129 5517 ma-

620 5620 702 5691 (a)
739 5620 829 5676 Sic
852 5620 1127 5676 videbatur
1160 5622 1211 5674 in
1243 5619 1448 5683 codice.
1481 5617 1632 5687 cujus
1679 5620 1809 5675 mihi
1860 5634 2001 5675 nunc
2041 5636 2099 5675 re

551 5690 759 5747 visendi
787 5692 937 5758 copia
966 5704 1070 5743 non
1096 5702 1196 5743 est.

620 5760 698 5831 (b)
737 5760 791 5817 id
818 5770 900 5816 est
924 5760 1217 5815 molestiam
1251 5774 1343 5830 per
1367 5774 1519 5814 suum
1550 5760 1719 5815 zelum
1748 5774 1955 5816 creare.

2263 544 2406 601 horae
2445 555 2604 613 sunt,
2637 563 2763 603 ecce
2794 564 2976 617 parum
3008 558 3090 604 est
3129 549 3270 619 quod
3311 566 3338 601 a
3369 557 3421 604 te
3452 548 3621 619 exigit
3659 559 3837 605 auctor

2261 645 2399 692 tuus.
2431 640 2495 693 Et
2524 655 2628 694 non
2663 641 2744 693 vis
2771 654 2891 695 esse
2921 638 3146 695 beatus?
3177 640 3269 695 Vis
3300 641 3393 695 tibi
3419 640 3623 697 calum
3655 652 3712 695 et
3744 649 3836 695 ter-

2257 745 2369 785 ram
2390 772 2402 793 ,
2444 745 2608 794 mare,
2639 740 2691 785 et
2721 731 2895 784 omnia
2927 728 3186 785 elementa
3220 730 3467 785 omnibus
3502 731 3834 799 temporibus

2257 818 2547 887 deservire,
2573 830 2627 875 et
2653 836 2758 874 non
2788 820 2867 875 vis
2900 836 2999 874 una
3046 818 3175 875 hora
3204 822 3290 875 vel
3321 820 3527 875 duabus
3564 820 3715 874 horis
3744 819 3833 875 do-

2256 910 2464 967 minicae
2513 911 2780 967 devotioni
2831 912 3056 969 vacare?
3099 906 3400 983 Castigetur
3447 927 3581 983 ergo
3629 914 3833 983 pigritia

2252 1013 2448 1068 vestra,
2479 1013 2537 1060 ut
2567 1007 2962 1075 procreationes
2992 1020 3115 1059 suas
3157 1021 3261 1059 non
3317 1004 3505 1075 perdat
3552 1014 3719 1060 lcrra.
3757 1004 3833 1059 ln-

2252 1094 2466 1173 ducetur
2492 1095 2697 1167 gladius
2743 1111 2903 1162 super
2939 1110 3104 1165 opera
3146 1096 3398 1150 manuum
3437 1094 3691 1160 illarum,
3720 1095 3831 1163 quia

2254 1182 2391 1243 Deus
2414 1190 2463 1242 in
2491 1188 2731 1244 ecclesiis
2760 1204 2861 1242 non
2885 1188 3115 1244 auditur.

2321 1298 2634 1355 Condemnat
2664 1316 2760 1356 nos
2791 1301 3001 1371 pigritia
3036 1304 3242 1368 nostra,
3271 1302 3461 1358 fratres
3495 1303 3625 1357 mei.
3656 1299 3831 1356 Currit

2251 1395 2538 1449 matutinus
2562 1394 2628 1449 ad
2650 1409 2971 1465 synagogam
2988 1394 3226 1463 Iudaeus,
3244 1394 3465 1451 festinat
3487 1404 3542 1450 et
3564 1396 3753 1465 vigilat
3774 1396 3828 1449 ad

2248 1484 2501 1553 templum
2533 1500 2787 1555 paganus,
2819 1495 2873 1540 et
2902 1501 3006 1539 non
3038 1488 3219 1555 vigilat
3262 1497 3351 1542 aut
3390 1484 3613 1542 festinat
3640 1486 3712 1541 ad
3752 1502 3827 1540 ec-

2241 1576 2459 1631 clesiam
2491 1577 2834 1632 cbristianus.
2871 1579 3055 1646 Magna
3095 1578 3337 1634 confusio
3373 1588 3457 1634 est
3498 1579 3826 1645 cbristianis,

2241 1672 2332 1741 qui
2383 1681 2738 1739 provocantur
2776 1672 2957 1726 venire
2998 1672 3064 1726 ad
3108 1674 3323 1727 domum
3359 1674 3451 1727 Dei
3493 1674 3745 1743 exemplo
3780 1683 3828 1728 et

2240 1766 2687 1833 contemplatione
2722 1766 2925 1836 pejori;
2958 1776 3014 1820 ut
3048 1766 3163 1836 plus
3193 1767 3236 1820 si
3265 1766 3482 1823 ludens
3510 1767 3569 1820 in
3597 1781 3685 1821 sua
3725 1766 3822 1821 ob-

2243 1857 2542 1910 servatione
2584 1856 2898 1925 sacrilegus,
2930 1872 3089 1928 quam
3121 1857 3445 1914 Christianus
3476 1859 3531 1911 in
3584 1873 3674 1912 sua
3702 1859 3823 1913 reli-

2240 1948 2399 2016 gione
2434 1947 2677 2003 devotus.
2709 1947 2901 2019 Vigilat
2933 1950 3145 2019 gentilis
3175 1948 3241 2004 ad
3284 1949 3424 2004 idola
3468 1949 3748 2018 profanus,
3779 1958 3826 2005 et

2242 2052 2351 2092 non
2379 2038 2561 2108 vigilat
2589 2048 2681 2093 aut
2712 2039 2925 2095 festinat
2948 2042 3270 2096 christianos
3314 2041 3381 2095 ad
3411 2042 3706 2097 ecclesiam
3738 2057 3821 2109 pro

2240 2144 2346 2200 quo
2386 2124 2671 2185 crucifixus
2701 2140 2782 2185 est
2811 2130 3081 2185 Christus.
3117 2132 3402 2201 Propterea
3428 2133 3662 2201 castigat
3696 2131 3821 2187 Deus

2239 2236 2467 2292 terram,
2502 2237 2558 2281 ut
2589 2228 2747 2281 homo
2772 2228 2998 2296 accipiat
3024 2228 3359 2297 disciplinam
3387 2245 3399 2282 :
3428 2236 3487 2282 ut
3513 2228 3685 2281 homo
3715 2243 3822 2281 cor-

2238 2317 2481 2383 ripiatur,
2509 2327 2648 2372 terra
2672 2317 2861 2372 dan...
2881 2318 3083 2373 dicere.
3104 2317 3210 2371 Vos
3227 2318 3398 2372 facitis
3414 2317 3639 2372 domum
3658 2333 3820 2372 meam

2238 2408 2539 2471 desertam,
2566 2417 2617 2462 ct
2648 2424 2744 2477 ego
2772 2409 3039 2464 desertam
3089 2408 3279 2463 faciam
3324 2417 3520 2463 terram
3569 2418 3819 2463 vestram.

2243 2482 2349 2553 Vos
2377 2500 2429 2552 in
2460 2500 2722 2555 veniendo
2751 2500 2815 2553 ad
2852 2516 2934 2554 me
2966 2514 3071 2554 non
3102 2499 3239 2553 datis
3271 2497 3402 2552 mihi
3450 2498 3748 2561 honorem,
3777 2505 3823 2551 et

2237 2593 2596 2657 ego‘yestrum
2618 2590 2932 2645 iutercidam
2960 2590 3193 2645 laborem
3216 2608 3228 2645 :
3250 2594 3369 2660 quia
3391 2590 3482 2662 qui
3506 2590 3823 2643 bonorificat

2236 2697 2344 2750 me,
2371 2682 2566 2752 inquit,
2591 2692 2644 2738 et
2671 2698 2770 2754 ego
2799 2683 3164 2738 bonorificabo
3191 2697 3335 2737 eum.

2312 2793 2418 2848 Sed
2450 2793 2690 2848 dicturus
2715 2808 2776 2848 es
2813 2794 2941 2849 mihi
2984 2793 3201 2849 forsitan
3232 2811 3244 2847 :
3277 2793 3425 2847 dives
3472 2805 3630 2859 sum,
3658 2801 3721 2847 et
3752 2791 3825 2846 fa-

2240 2885 2526 2941 cultatibus
2550 2887 2759 2941 cunctis
2785 2884 3019 2950 abundo,
3050 2886 3179 2940 nihil
3218 2887 3449 2954 indigeo,
3480 2885 3611 2954 quid
3643 2894 3824 2954 petere

2239 2982 2490 3048 possum?
2520 2976 2659 3045 Ergo
2689 2993 2755 3032 ex
2784 2986 2837 3031 te
2866 2977 3015 3033 dives
3045 2977 3138 3033 es?
3166 2986 3401 3032 autcum
3433 2976 3639 3031 divitiis
3671 2986 3823 3029 natus

2238 3074 2333 3127 es?
2363 3072 2453 3141 qui
2496 3072 2664 3142 magis
2712 3081 2967 3140 quantum
2999 3071 3151 3125 dives
3194 3086 3277 3135 es,
3322 3079 3522 3123 tantum
3571 3069 3640 3123 ad
3669 3084 3819 3129 eum.

2239 3163 2391 3232 cujus
2417 3171 2540 3218 sunt
2567 3162 2783 3227 divitiae,
2815 3163 3080 3217 manicare
3109 3162 3311 3219 debes:
3341 3162 3464 3232 quia
3495 3176 3676 3216 meum
3712 3172 3817 3225 est,

2241 3257 2445 3325 inquit,
2473 3271 2659 3311 aurum
2688 3265 2742 3311 et
2769 3264 3047 3325 argentum
3068 3297 3082 3319 ,
3114 3264 3169 3310 et
3196 3256 3277 3309 cui
3319 3257 3543 3310 voluero
3572 3254 3722 3309 dabo
3765 3253 3823 3307 il-

2241 3349 2350 3404 lud.
2398 3348 2573 3403 Habes
2612 3347 2752 3417 quod
2796 3362 2899 3402 non
2951 3347 3238 3417 accepisti?
3268 3346 3323 3402 Si
3367 3362 3498 3415 ergo
3534 3344 3818 3414 accepisti,

2238 3440 2361 3509 quid
2390 3439 2638 3508 gloriaris
2659 3439 2807 3508 quasi
2830 3454 2935 3493 non
2958 3439 3261 3509 acceperis?
3282 3436 3441 3493 Certe
3461 3440 3505 3491 si
3534 3438 3819 3503 accepisti,

2238 3531 2370 3584 nihil
2425 3530 2686 3598 habuisti,
2729 3532 2849 3598 quia
2899 3530 3073 3583 nudus
3120 3544 3184 3583 ex
3232 3538 3383 3583 utero
3412 3528 3605 3582 matris
3636 3527 3820 3581 tumin

2240 3623 2341 3677 hoc
2388 3623 2641 3676 sarculum
2694 3621 2997 3688 devenisti,
3052 3621 3240 3688 pannis
3288 3621 3526 3687 obsitus,
3581 3630 3817 3676 extrema

2239 3722 2475 3785 egestate
2520 3713 2813 3773 confectus.
2861 3723 2915 3768 et
2957 3713 3067 3782 jam
3115 3713 3251 3768 sicut
3299 3720 3459 3765 natus
3503 3713 3815 3768 moriturus.

2239 3805 2414 3861 Habes
2442 3813 2631 3859 testem
2665 3806 2873 3860 beatum
2905 3805 3005 3860 Job
3036 3806 3298 3861 dicentem
3331 3823 3344 3858 :
3380 3805 3556 3859 nudus
3586 3806 3730 3859 exivi
3755 3804 3818 3859 de

2238 3906 2428 3952 ventre
2457 3899 2641 3951 matris
2670 3912 2822 3961 mea),
2850 3897 3047 3952 nudum
3073 3913 3158 3951 me
3177 3905 3386 3965 Oportet
3410 3897 3492 3951 ire
3518 3897 3576 3949 in
3603 3906 3812 3951 terram.

2238 3988 2421 4044 Curris
2446 3989 2513 4043 ad
2540 3988 2755 4043 domum
2777 3988 3134 4053 faeneratoris,
3160 3988 3454 4043 adulatoria
3488 3988 3658 4042 verba
3680 4002 3817 4042 com-

2240 4079 2413 4147 ponis,
2444 4088 2499 4132 et
2529 4095 2631 4132 non
2664 4079 2835 4132 curris
2863 4079 2928 4133 ad
2956 4078 3167 4134 domum
3203 4078 3293 4134 Dei
3321 4077 3558 4148 gratuito
3595 4077 3808 4147 largito-

2238 4172 2351 4226 ris?
2379 4172 2507 4237 Quae
2537 4182 2619 4227 est
2647 4173 2699 4226 in
2731 4172 2883 4226 vobis
2926 4180 3069 4228 tanta
3102 4174 3327 4242 pigritia,
3360 4169 3561 4226 fratres
3600 4174 3736 4237 mei,
3765 4178 3817 4223 ut

2238 4263 2303 4317 ad
2331 4263 2542 4317 domum
2573 4262 2667 4317 Dei
2698 4263 2913 4318 minime
2944 4264 3205 4333 vigiletis?
3237 4263 3352 4318 Tibi
3394 4262 3539 4327 dico,
3575 4262 3815 4333 quisquis

2238 4369 2317 4420 es,
2352 4356 2548 4411 rustice
2576 4356 2723 4425 piger
2748 4374 2760 4408 :
2793 4356 3052 4425 pigritaris
3074 4356 3141 4411 ad
3171 4354 3387 4409 domum
3413 4354 3508 4408 Dei
3533 4354 3741 4419 venire,
3769 4363 3819 4407 et

2241 4464 2344 4505 non
2377 4450 2641 4520 pigritaris
2665 4460 2861 4505 terram
2892 4460 3035 4502 tuam
3063 4448 3348 4504 excolere?
3375 4448 3440 4502 Et
3462 4449 3567 4502 nisi
3597 4448 3817 4514 desuper

2242 4541 2333 4595 tibi
2364 4541 2569 4597 dederit
2599 4540 2860 4609 pluviam,
2897 4553 3003 4593 non
3053 4539 3253 4606 poteris
3296 4553 3553 4607 rumpere
3602 4547 3815 4593 terram.

2240 4632 2380 4687 Nihil
2410 4632 2504 4687 tibi
2532 4632 2601 4687 de
2627 4645 2725 4686 suo
2752 4639 3006 4700 praestare
3031 4629 3247 4698 poterit,
3279 4628 3379 4683 nisi
3411 4628 3651 4699 desuper
3676 4641 3816 4683 acce-

2241 4728 2401 4794 perit.
2431 4725 2697 4794 Scriptum
2726 4732 2809 4777 est
2833 4724 2975 4776 enim
3005 4722 3329 4777 :Dcsursum
3361 4721 3651 4776 descendit
3678 4737 3704 4774 a
3732 4736 3817 4788 [κιο

2240 4826 2322 4872 tre
2353 4817 2642 4882 luminum,
2692 4824 2821 4885 aput
2863 4829 3021 4882 quem
3069 4828 3171 4866 non
3203 4821 3287 4867 est
3314 4816 3695 4867 transmutatio
3724 4824 3816 4863 nec

2239 4908 2615 4963 vicissitudinis
2643 4905 2999 4960 obumbratio.
3027 4904 3178 4960 Sicut
3204 4914 3259 4959 et
3289 4905 3340 4959 in
3369 4904 3664 4973 Evangelio
3693 4899 3815 4956 scri-

2242 5009 2387 5068 ptum
2416 5009 2537 5053 est:
2571 4997 2767 5053 Verum
2797 4998 3021 5067 quaerite
3051 5011 3271 5067 regnum
3306 4996 3397 5050 Dei
3429 4998 3610 5062 primo
3637 5006 3687 5051 et
3707 4996 3815 5065 jus-

2240 5093 2405 5145 titiam
2423 5131 2439 5156 ,
2464 5101 2516 5146 et
2541 5090 2654 5144 haec
2673 5091 2850 5144 omnia
2877 5088 3208 5159 adponentur
3234 5089 3404 5142 vobis.
3433 5087 3601 5157 Ergo,
3633 5076 3817 5139 fratres

2239 5181 2369 5243 mei,
2394 5179 2460 5234 ad
2490 5180 2770 5236 ecclesiam
2802 5179 2894 5234 Dei
2928 5180 3143 5247 vigilare
3168 5176 3396 5232 debetis.
3426 5176 3542 5230 Hoc
3573 5180 3816 5243 expectat

2238 5273 2399 5337 Deus,
2427 5281 2482 5325 ut
2510 5270 2585 5326 illi
2616 5271 2985 5325 tantummodo
3016 5269 3255 5333 fatearis,
3278 5279 3333 5323 et
3362 5283 3466 5321 non
3502 5279 3626 5321 sunt
3656 5276 3819 5318 mora

2190 5362 2199 5370 “
2237 5372 2295 5417 ut
2317 5363 2537 5426 saneris,
2569 5361 2667 5414 nisi
2690 5358 3087 5416 confessionem
3121 5368 3266 5413 tuam
3300 5348 3643 5412 solummodo
3666 5371 3816 5426 qua.

2236 5452 2454 5508 siturus.
2486 5451 2733 5520 Explicit.

2308 5604 2387 5746 ἑΞέ

2425 5603 3137 5675 Prisca‘orthographiarest,
3169 5612 3225 5659 ut
3251 5601 3387 5659 infra
3416 5602 3555 5670 illul,
3586 5600 3729 5655 aliut.

2430 5672 2517 5731 Sic
2545 5672 2820 5730 videbatur
2849 5672 2900 5729 iu
2932 5674 3137 5730 codice.
