4012 6338
370 435 3603 470 b

370 462 3609 490 W

1419 562 2553 750 SOLILOQUIORUM

360 848 1035 982 SANCTO
1133 848 2115 980 AUGUSTINO
2231 852 3593 983 ADSCRIPTORUM

1136 1082 1431 1189 CAP
1457 1083 1667 1190 UT
1762 1083 2518 1192 POSTREM
2538 1082 2823 1206 ΠΜ,

1199 1315 1255 1376 Α
1282 1316 1336 1375 J.
1368 1309 1827 1375 TROMBELLI
1864 1312 1911 1371 E
1937 1311 2324 1375 TENEBRIS
2358 1313 2683 1376 ERUTUM

1135 1630 1431 1688 JOANNES
1469 1631 2021 1690 CHRYSOSTOMUS
2059 1630 2453 1691 TROMBELLI
2491 1630 2809 1687 LECTORI.

408 1782 666 1841 Novimus
688 1786 901 1858 quidem
929 1785 1119 1845 librum
1144 1805 1263 1846 eum
1284 1830 1298 1854 ,
1326 1790 1415 1861 qui
1442 1789 1711 1861 Augustini
1735 1788 1911 1846 δοιὶιο-
1934 1799 1991 1867 Α
2013 1791 2217 1863 adjecta
2250 1790 2574 1857 invenimus,
2622 1790 2949 1859 evulgemus.
3001 1789 3248 1844 Plurimis
3294 1789 3507 1861 quidem
3537 1790 3590 1848 in

338 1875 458 1945 quia
483 1877 810 1944 inscribitur,
842 1879 909 1935 ab
936 1881 1229 1951 Augustino
1258 1882 1581 1953 Hipponensi
1624 1882 1902 1952 EpiSCOpn,

336 1980 401 2020 ac
428 1968 841 2033 praeclarissimo
872 1969 1123 2027 Ecclesiae
1152 1973 1376 2027 Doctore
1406 1988 1510 2026 non
1539 1987 1659 2027 esse
1686 1985 1907 2041 compo-

334 2055 496 2111 situm
532 2075 545 2110 :
574 2066 629 2113 at
658 2062 899 2116 novimus
928 2064 1085 2119 etiam
1108 2106 1121 2129 ,
1153 2077 1183 2119 a
1214 2064 1459 2119 laudabili
1486 2064 1758 2133 Scriptore
1786 2079 1905 2118 eum

336 2149 614 2239 prodiisse.
649 2151 868 2209 Gratum
899 2154 1103 2227 itaque,
1131 2166 1188 2212 ut
1218 2168 1343 2226 puto
1364 2200 1379 2225 ,
1426 2158 1636 2213 Lectori
1684 2158 1823 2223 erit,
1863 2160 1905 2211 si

332 2257 454 2310 quae
492 2243 545 2299 in
576 2246 762 2301 codice
782 2288 795 2313 ,
825 2264 981 2318 quem
1009 2266 1038 2305 e
1081 2252 1277 2307 selecta
1306 2267 1398 2306 sua
1432 2252 1750 2307 bibliotheca
1782 2250 1910 2305 mihi

330 2331 473 2391 dono
508 2339 651 2395 misit
691 2340 1085 2408 nobilissimus,
1154 2353 1312 2415 atque
1369 2345 1783 2400 humanissimus
1831 2343 1912 2397 vir

330 2422 616 2487 Faustinus
640 2431 937 2505 Avogadro,
966 2436 1155 2493 Comes
1188 2437 1496 2500 Brixianus,
1529 2436 1701 2491 eidem
1735 2434 1911 2490 libello

2016 1885 2151 1942 locis
2170 1924 2184 1948 ,
2218 1883 2325 1941 imo
2351 1882 2641 1941 identidem
2668 1883 2835 1941 codex
2862 1882 2949 1939 ille
2977 1898 3005 1937 a
3029 1882 3439 1953 Soliloquiorum
3475 1883 3589 1937 edi-

2018 1979 2244 2033 tionibus
2283 1978 2521 2033 diversus
2567 1963 2648 2032 est
2679 1995 2692 2030 :
2724 1986 2779 2032 at
2820 1989 2916 2031 nos
2965 1983 3309 2046 postrenttnu
3336 1974 3591 2030 duntaxat

2014 2071 2128 2139 ejus
2155 2071 2273 2125 libri
2302 2079 2461 2140 caput
2479 2112 2495 2136 ,
2514 2071 2667 2140 ,quod
2694 2070 2927 2125 nondum
2952 2079 3030 2124 est
3052 2069 3248 2123 editum
3273 2109 3285 2130 ,
3317 2068 3589 2135 proferen-

2013 2164 2137 2217 dum
2167 2165 2490 2217 censuimus.
2535 2163 2608 2217 De
2646 2165 2813 2233 pretio
2845 2174 3053 2226 tamen,
3086 2171 3241 2230 atque
3276 2162 3590 2217 anetoritate

2015 2251 2235 2321 hujusce
2276 2253 2622 2308 additamenti
2661 2253 2870 2308 Lectori
2905 2250 3301 2322 dijudieandutn
3334 2252 3588 2321 relinqui-

2016 2360 2153 2398 mus.
2202 2344 2278 2397 En
2329 2361 2389 2399 ea
2430 2346 2605 2417 itaque
2639 2362 2756 2418 quae
2780 2356 2900 2418 post
2928 2361 3086 2402 voces
3115 2345 3232 2401 illas
3261 2360 3416 2399 canos
3446 2359 3582 2399 meos

2018 2434 2316 2488 invenimus
2341 2435 2428 2506 (a).

1649 2591 2298 2701 INCIPIT

947 2830 1783 2927 SOLILOQUIORUM
1862 2831 2192 2911 CAPUT
2267 2829 2925 2909 POSTREMUM.

397 3006 523 3064 Pius
552 3015 609 3064 ut
637 3007 775 3065 Deus
805 3016 851 3064 te
896 3010 1054 3066 ducat
1096 3012 1160 3065 ad
1201 3010 1442 3065 snb’imia
1484 3024 1610 3080 sua,
1653 3010 1895 3066 introduc
1923 3013 1976 3076 B
2000 3010 2067 3064 ab
2094 3009 2345 3080 operibus
2378 3009 2560 3074 malis,
2592 3010 2685 3064 sed
2711 3009 2873 3064 etiam
2896 3023 2926 3063 a
2950 3006 3358 3077 cogitationibus
3385 3022 3573 3079 super-

324 3118 445 3160 eum
476 3102 539 3158 ad
571 3104 754 3159 intima
801 3114 886 3158 tua
916 3122 929 3171 ;
980 3112 1183 3160 certum
1211 3105 1350 3159 enim
1382 3102 1478 3158 tibi
1505 3103 1607 3167 sit,
1640 3103 1779 3174 quod
1805 3103 1895 3157 de-

320 3197 500 3253 lictum
536 3205 680 3251 tuum
713 3198 867 3251 nimis
899 3196 1077 3268 diligis
1098 3237 1113 3265 ,
1143 3197 1186 3251 si
1216 3196 1456 3267 quamvis
1488 3196 1713 3250 fortasse
1740 3209 1895 3250 sunt-

318 3305 437 3358 me,
471 3289 703 3344 nondum
734 3306 854 3344 eum
888 3296 1062 3344 tamen
1108 3288 1448 3360 singulariter
1488 3285 1711 3356 diligis:
1754 3287 1893 3357 quod

320 3391 439 3446 est,
470 3380 515 3435 si
542 3381 768 3435 alienam
808 3382 1038 3450 aliquam
1078 3379 1494 3435 consolationem
1537 3378 1766 3448 quzeris,
1811 3378 1892 3431 vel

315 3473 528 3542 recipis.
559 3474 745 3545 Cogita
778 3490 928 3542 ergo,
958 3470 1082 3543 quid
1113 3474 1213 3539 sit,
1248 3471 1388 3541 quod
1435 3468 1489 3525 in
1530 3472 1635 3525 vita
1678 3476 1765 3524 tua
1808 3485 1892 3523 ar-

314 3567 520 3623 dentius
545 3568 806 3629 dilexisti,
839 3569 1027 3621 anxius
1067 3564 1393 3632 concupisti,
1428 3562 1568 3633 quod
1613 3573 1664 3617 te
1704 3559 1893 3630 jucun-

311 3655 430 3713 dius
460 3655 751 3720 afﬁciebat,
776 3641 1074 3723 ceterisque
1103 3653 1350 3709 omnibus
1380 3652 1692 3722 profundius
1714 3653 1893 3707 delec-

312 3748 478 3813 tabat,
502 3747 585 3802 vel
611 3747 777 3817 potuit
796 3744 1079 3801 delet-tare.
1104 3745 1397 3799 Considera
1428 3758 1576 3814 ergo,
1601 3741 1645 3797 si
1668 3743 1891 3798 eandem

309 3839 609 3896 aﬁectionis
659 3838 965 3895 violentiam
1006 3879 1023 3905 ,
1084 3836 1456 3893 delectationis
1513 3834 1889 3890 abundantiam

314 3934 508 3997 sentis,
541 3931 751 4003 quando
773 3932 825 3986 in
857 3928 1051 3985 summi
1081 3928 1354 3983 dilectoris
1383 3926 1708 3981 desiderium
1740 3927 1888 3980 inar-

309 4026 503 4093 descis,
536 4026 748 4095 quando
774 4024 829 4078 in
856 4022 973 4092 ejus
998 4021 1286 4077 dilectione
1315 4018 1606 4089 requiescis
1632 4037 1642 4070 :
1669 4019 1890 4073 dubium

308 4119 447 4173 enim
493 4130 598 4173 non
645 4125 757 4182 est,
803 4115 944 4187 quod
1000 4111 1151 4168 illum
1207 4111 1500 4168 aﬂ‘ectionis
1556 4120 1661 4166 tua)
1712 4112 1888 4164 sinum

307 4206 541 4265 nondum
573 4217 734 4273 tenet,
764 4206 807 4261 si
834 4206 1033 4261 intima
1061 4204 1364 4261 dilectionis
1394 4213 1495 4258 tua;
1522 4202 1741 4257 aculeus
1767 4201 1889 4256 ani-

308 4314 447 4355 mam
480 4310 623 4355 tuam
664 4300 719 4355 in
758 4298 953 4354 divinis
981 4295 1260 4352 aﬂectibus
1288 4296 1464 4350 minus
1497 4304 1773 4363 penetrat,
1808 4303 1885 4348 te-

2003 3105 2203 3159 vacuis.
2231 3106 2377 3171 Opus
2401 3104 2562 3158 etiam
2608 3111 2691 3158 est
2730 3102 3138 3170 compunctione
3164 3145 3179 3170 ,
3228 3099 3578 3171 suspiriisque

2001 3196 2202 3264 magis,
2233 3210 2392 3263 quam
2423 3195 2750 3264 argumentis
2777 3211 2789 3247 :
2821 3193 3024 3248 crebris
3052 3192 3342 3262 gemitibus
3371 3192 3540 3261 magis
3560 3234 3576 3260 ,

1999 3304 2159 3357 quam
2190 3288 2423 3355 copiosis
2450 3284 3041 3356 argumentationibus;
3085 3283 3371 3355 iacrymis,
3418 3297 3577 3352 quam

1998 3380 2308 3443 sententiis;
2342 3378 2616 3443 oratione,
2643 3392 2800 3447 quam
2831 3376 3101 3439 lectione;
3129 3375 3295 3445 gratia
3323 3375 3579 3443 lacrytna-

1998 3487 2150 3535 rum,
2195 3485 2352 3539 quam
2401 3470 2620 3525 scientia
2670 3469 3006 3530 litterarum;
3055 3464 3357 3521 etnlestium
3406 3466 3581 3533 potius

1997 3562 2445 3630 contemplatione
2473 3603 2488 3628 ,
2531 3575 2692 3631 quam
2740 3557 3076 3613 terrestrium
3115 3556 3484 3624 occupatione.
3531 3555 3575 3609 Ο

1997 3654 2088 3708 lux
2120 3655 2377 3709 mentium
2408 3653 2579 3719 Deus,
2613 3651 2822 3719 expelle
2861 3666 2891 3704 a
2937 3664 3023 3705 me
3060 3648 3296 3703 stultitiae
3334 3656 3573 3709 noctem,

1995 3755 2050 3799 et
2077 3746 2217 3800 dona
2240 3745 2369 3800 mihi
2396 3744 2671 3814 sapientia:
2696 3744 2836 3797 diem
2863 3758 2877 3795 :
2910 3756 3037 3797 erue
3068 3740 3321 3794 veritates
3340 3779 3356 3804 ,
3385 3748 3439 3793 et
3463 3737 3577 3807 jus-

1996 3839 2125 3893 titia’.
2172 3838 2341 3892 solem
2382 3836 2449 3891 de
2490 3835 2919 3905 profundissimis
2958 3842 3164 3887 naturas
3208 3842 3311 3886 tua)
3362 3828 3567 3884 sinibus

1995 3944 2207 3985 omnem
2255 3930 2583 3985 intellectum
2626 3927 3002 3997 superantibus
3049 3927 3100 3979 in
3147 3924 3349 3979 aethere
3400 3923 3566 3977 animi

1994 4024 2142 4078 mei:
2185 4038 2346 4090 super
2376 4021 2782 4096 terramcordis
2822 4021 2926 4075 mei
2967 4019 3221 4089 extingue
3264 4016 3574 4083 pltantasias

1992 4132 2315 4186 corporum,
2365 4127 2419 4172 et
2462 4116 2832 4186 phantasmata
2879 4113 3145 4167 variarum
3191 4110 3572 4181 cogitationum

1995 4224 2255 4264 mearum.
2302 4210 2437 4264 Crea
2483 4209 2686 4278 prolem
2734 4207 3205 4277 intelligentiarum
3257 4215 3469 4260 tuarum
3515 4201 3572 4257 in

1993 4308 2144 4354 utero
2191 4300 2385 4355 mentis
2432 4314 2588 4355 meae.
2634 4297 2861 4353 Eﬂ‘unde
2906 4296 3151 4368 spiritum
3205 4306 3352 4352 tuum
3408 4308 3565 4362 super

307 4393 478 4463 pidius
506 4392 769 4463 exagitat,
806 4404 962 4461 quam
989 4390 1042 4444 in
1069 4389 1259 4445 alienis
1287 4386 1564 4443 aﬂectibus
1592 4386 1882 4456 aliquando
1913 4398 1962 4462 α
1990 4407 2156 4463 aquas
2180 4392 2504 4448 inﬁrmitatis
2531 4406 2665 4448 meae
2683 4430 2702 4458 ,
2736 4400 2792 4446 ut
2817 4405 3110 4446 conversus
3138 4391 3203 4443 ad
3236 4398 3317 4454 te,
3349 4388 3563 4443 confor-

307 4492 622 4553 penetrare,
652 4482 739 4537 vel
778 4481 1048 4551 exagitare
1087 4480 1320 4549 solebat,
1366 4479 1449 4534 vel
1482 4486 1661 4547 posset
1705 4478 1883 4547 aliquo

305 4576 463 4632 modo
491 4585 689 4631 tractus
714 4574 788 4647 (b)
814 4574 1038 4643 alicujus
1062 4573 1202 4629 al‘tiei
1227 4591 1239 4625 :
1276 4583 1330 4628 tu
1355 4587 1567 4643 quoque
1594 4571 1662 4626 ab
1687 4585 1753 4626 eo
1783 4572 1885 4625 tni-

305 4684 405 4724 nus
443 4670 710 4740 diligeris,
745 4668 790 4723 si
822 4668 889 4722 ad
916 4667 1193 4722 theorieos
1219 4667 1338 4721 illos
1365 4681 1617 4721 excessus
1647 4666 1881 4721 nondum

306 4764 542 4826 vocaris,
572 4762 658 4816 vel
686 4768 967 4815 vocantem
994 4760 1145 4827 sequi
1173 4759 1407 4819 nondum
1440 4760 1719 4814 merueris.
1763 4758 1883 4813 lam

304 4872 409 4909 non
457 4857 651 4922 dicam,
694 4854 908 4925 inquit,
953 4866 1039 4906 vos
1076 4867 1283 4917 servos,
1340 4852 1429 4905 sed
1473 4853 1661 4905 amicos
1708 4867 1845 4905 meos
1866 4893 1882 4918 ,

304 4948 423 5019 quia
452 4948 622 5001 omnia
641 4987 655 5010 ,
685 4958 993 5014 quwcunque
1019 4944 1193 4997 audivi
1219 4960 1251 4996 α
1281 4941 1442 4996 Patre
1468 4957 1602 5007 meo,
1635 4950 1755 4994 nota
1786 4941 1882 5011 feci

304 5040 443 5094 vobis
488 5038 584 5111 (c).
631 5038 945 5093 Sublimitas
985 5050 1114 5105 ergo
1154 5036 1450 5090 divinarum
1499 5034 1878 5090 revelationum

303 5140 385 5186 est
414 5129 753 5186 manifeswm
794 5128 1047 5186 indicium
1074 5166 1089 5195 ,
1118 5128 1259 5198 quod
1292 5130 1521 5198 perlecte
1547 5127 1722 5197 diligis
1748 5169 1762 5194 ,
1795 5129 1879 5182 vel

303 5202 541 5292 diligeris
564 5263 578 5289 ,
608 5225 651 5277 si
683 5223 737 5276 in
763 5236 1092 5275 summorum
1122 5219 1390 5275 desiderio
1418 5220 1483 5273 ad
1531 5233 1758 5287 superna
1796 5233 1881 5272 ra-

304 5313 479 5381 peris,
513 5321 569 5368 et
595 5315 649 5368 in
678 5312 999 5382 anagegicos
1038 5312 1160 5366 illos
1195 5320 1417 5366 conatus
1449 5315 1644 5366 mentis
1673 5310 1876 5364 aliena-

306 5404 450 5460 tione
471 5404 685 5460 transis.
714 5404 775 5458 Et
801 5403 891 5474 qui
917 5404 1039 5458 huic
1064 5402 1533 5472 contemplationis
1561 5402 1741 5456 virtuti
1770 5400 1885 5457 vult

304 5511 495 5554 vacare
514 5538 529 5565 ,
558 5512 780 5555 necesse
804 5505 884 5552 est
904 5538 920 5564 ,
942 5505 1001 5550 ut
1021 5496 1191 5551 discat
1217 5497 1551 5564 requiescere
1578 5510 1684 5551 non
1708 5494 1877 5549 solum

377 5637 459 5707 (α)
493 5630 1059 5707 Conte_r__ope_rutt_)__81
1070 5628 1371 5707 Augustini
1409 5626 1697 5683 editlooem
1737 5640 1864 5683 nos-

302 5698 449 5764 m‘m'
483 5715 611 5762 tom.
654 5703 720 5760 V'l
755 5698 861 5759 col.
902 5698 1153 5758 863-898.
1184 5698 1351 5755 Ευιτ.

1992 4488 2094 4542 mis
2124 4486 2243 4541 Filii
2273 4487 2380 4553 tui,
2414 4487 2620 4543 videam
2653 4495 2705 4541 te
2733 4486 2787 4541 in
2819 4495 2901 4551 te,
2929 4496 2984 4541 et
3008 4485 3187 4541 omnia
3217 4485 3316 4539 sub
3342 4494 3414 4539 te.
3445 4485 3489 4538 υ
3516 4491 3574 4537 ιιι

1991 4578 2273 4650 purissima
2314 4581 2545 4644 veritas,
2579 4586 2632 4632 tu
2661 4578 2783 4633 vide
2814 4578 2945 4633 tein
2989 4591 3107 4641 me,
3150 4584 3205 4629 tu
3246 4574 3480 4642 intellige
3521 4583 3573 4628 te

1993 4673 2048 4726 in
2080 4686 2185 4726 me.
2222 4671 2324 4726 Per
2358 4686 2443 4725 me
2471 4672 2615 4725 enim
2648 4685 2752 4725 non
2784 4670 2943 4725 video
2970 4670 3071 4724 nisi
3102 4683 3234 4723 vana
3257 4709 3272 4735 ,
3303 4668 3447 4723 ﬂuxa
3471 4707 3487 4733 ,
3518 4678 3572 4723 et

1993 4762 2227 4828 caduca,
2260 4777 2357 4817 nec
2389 4761 2544 4817 video
2572 4762 2677 4815 nisi
2707 4760 2870 4827 falsa,
2900 4770 2955 4815 et
2982 4774 3238 4826 corporea
3273 4759 3565 4826 plasmata:

1992 4868 2090 4924 per
2120 4868 2204 4907 me
2234 4853 2365 4907 nihil
2392 4867 2541 4917 sum,
2573 4852 2675 4905 nisi
2711 4865 2854 4907 mors
2876 4892 2891 4919 ,
2922 4858 2977 4905 et
3003 4850 3229 4922 abyssus
3258 4850 3565 4916 tenebrosa,

1990 4954 2045 4999 et
2076 4943 2405 5013 imperfecta.
2439 4942 2497 4997 In
2522 4954 2571 4997 te
2598 4957 2716 4997 sum
2746 4942 2886 5013 quod
2915 4958 3033 4997 sum
3062 4960 3076 5008 ;
3112 4943 3161 4996 itt
3195 4952 3248 4997 te
3277 4944 3396 4995 vivo
3426 4942 3566 5010 quod

1988 5035 2110 5089 vivo
2135 5050 2151 5087 :
2177 5036 2229 5088 in
2261 5044 2310 5089 te
2336 5034 2573 5103 intelligo
2590 5034 2731 5104 quod
2762 5034 3018 5104 intelligo,
3043 5035 3163 5104 quia
3194 5043 3245 5087 tu
3271 5048 3334 5089 es
3357 5048 3566 5088 summa

1988 5127 2368 5196 intelligentia,
2403 5132 2639 5182 essentia
2667 5142 2906 5193 summa,
2953 5131 3056 5182 vita
3099 5142 3303 5184 summa
3332 5170 3346 5193 ,
3378 5128 3558 5194 Pater,

1985 5230 2037 5275 et
2069 5218 2265 5284 Filius,
2314 5228 2370 5274 et
2410 5217 2644 5286 Spiritus
2687 5218 2946 5278 Sanctus.
2979 5219 3151 5273 unitas
3190 5220 3411 5287 triplex,
3443 5218 3566 5273 inﬁ-

1985 5314 2133 5379 nita,
2175 5324 2227 5367 et
2268 5316 2385 5369 sine
2427 5312 2533 5367 line
2576 5312 2716 5368 Deus
2755 5326 2893 5366 unus
2930 5315 2985 5366 iu
3019 5310 3197 5367 secula
3239 5312 3561 5373 seculorum.

1986 5409 2178 5462 Amen;

2069 5622 2122 5690 ὁ)
2160 5620 2412 5676 Fortasse
2448 5618 2467 5674 ι
2536 5620 2740 5677 endum
2777 5630 2860 5677 est
2898 5632 3084 5676 tractu.

2043 5624 2123 5766 is)
2162 5690 2321 5748 Joan.
2362 5634 2582 5757 xv,ef5.

2071 5688 2123 5764 ο)
2162 5690 2321 5748 Joan.
2362 5706 2454 5757 xv,
2494 5688 2582 5747 i5.
