4012 6338
254 331 392 396 H53

1030 326 1391 395 SERMONES
1430 332 1760 406 QUATUOR
1798 334 1858 393 S.
1902 332 2199 393 AUGUST.
2240 324 2629 392 ATTRIBUTI.

3371 329 3510 390 ΗΜ

249 467 385 507 nova
427 450 744 524 consparsia,
773 447 901 504 sicut
941 450 1062 505 estis
1090 452 1262 505 azimi.
1306 452 1705 507 Excludendum
1740 458 1823 507 est
1846 452 1903 511 Α
1926 463 2045 504 cum
2087 449 2185 505 iste
2210 449 2506 506 debellator
2535 456 2716 507 nostra
2763 449 2996 506 claustra
3025 448 3288 505 vexabat?
3316 448 3418 504 Iste
3456 450 3512 505 si

248 562 383 612 ergo
431 561 591 602 omne
634 545 954 600 fermentum
1000 548 1201 613 peccati
1233 545 1301 601 de
1330 544 1583 600 cordibus
1627 543 1826 599 nostris

246 651 309 694 ut
342 656 470 708 pura
500 648 680 694 mente
708 646 763 695 et
786 646 931 694 recta
982 637 1309 692 conscientia
1359 648 1628 705 tamquam
1661 650 1825 705 panes

247 734 411 788 animi
441 732 763 798 efficiamus,
799 743 853 786 ut
883 741 1027 787 recte
1069 732 1269 787 Pascha
1307 731 1520 785 Domini
1551 729 1827 785 celebrare

245 838 542 889 possunus.
601 824 795 878 Verum
846 824 891 878 si
936 821 1255 877 fermentum
1298 823 1498 891 peccati
1527 832 1579 877 et
1608 821 1825 877 malitia:

243 916 301 969 in
339 918 499 970 corde
549 924 848 980 teneamur,
895 930 1000 969 non
1048 929 1320 969 meremur
1364 914 1564 968 Pascha
1617 911 1825 967 Domini

243 1010 565 1071 celebrare;
598 1016 652 1063 et
698 1008 821 1076 ideo
869 1007 1153 1077 Apostolus
1200 1007 1311 1060 ait:
1342 1003 1646 1075 Expurgate
1683 1012 1827 1060 vetus

247 1104 579 1169 fermentum,
602 1110 657 1153 ut
681 1100 790 1153 sitis
821 1115 950 1152 nova
976 1098 1290 1165 consparsio,
1319 1098 1450 1151 sicut
1482 1097 1599 1151 estis
1649 1096 1822 1150 azimi.

238 1188 422 1243 Azimi
455 1203 664 1255 sumus,
696 1190 740 1243 si
770 1186 929 1244 alieni
959 1202 1144 1243 sumus
1168 1187 1236 1241 ab
1264 1187 1408 1242 omni
1429 1186 1824 1257 conscriptione

238 1280 473 1348 peccati.
525 1280 787 1336 Modicum
843 1280 989 1334 enim
1039 1282 1360 1350 fermentum,
1392 1289 1452 1333 ut
1487 1278 1680 1334 Paulus
1726 1279 1823 1347 ait,

240 1382 405 1427 totam
431 1389 649 1427 massam
680 1374 978 1444 corrumpit.
1026 1373 1094 1427 Et
1137 1373 1258 1428 ideo
1301 1387 1596 1443 expurgare
1625 1380 1680 1428 et
1707 1372 1824 1428 abi-

237 1480 367 1523 cere
409 1468 668 1523 debemus
696 1482 728 1522 a
754 1467 908 1523 nobis
951 1481 1112 1522 omne
1157 1467 1479 1522 fermentum
1509 1466 1735 1535 peccati,
1766 1475 1827 1520 ut

234 1556 347 1612 frui
393 1566 552 1613 tantas
595 1556 813 1614 Paschae
862 1556 1260 1626 sollempnitate
1308 1570 1634 1611 mereamur.
1686 1555 1822 1623 Quia

236 1662 372 1719 ergo
424 1649 713 1719 participes
763 1663 861 1703 nos
905 1649 1085 1703 facere
1126 1656 1284 1701 tanta;
1315 1646 1533 1702 Pascha:
1564 1646 1825 1701 Dominus

197 1791 201 1795 .
234 1741 424 1808 voluit,
454 1755 668 1797 oremus
693 1748 750 1795 ut
776 1748 1107 1796 sacramenta
1138 1740 1254 1807 ejus
1281 1738 1440 1809 digne
1458 1752 1748 1803 sumamus,
1766 1744 1827 1791 ut

1932 555 2056 595 reus
2084 551 2248 606 esset,
2276 543 2450 596 audax
2478 555 2581 597 non
2620 550 2783 597 esset.
2809 542 2867 597 Si
2916 557 3039 597 eum
3090 542 3263 612 aliqua
3312 541 3506 598 delicta

1930 633 2221 700 fuscarent,
2253 650 2522 705 nunquam
2559 635 2759 706 fulgure
2778 649 2876 691 suo
2900 642 3112 691 nostras
3134 634 3380 690 tenebras
3400 632 3509 689 dis-

1930 726 2151 794 siparet.
2173 725 2279 783 Sed
2309 727 2354 782 si
2405 728 2541 783 Deus
2595 736 2697 796 est,
2723 728 2813 798 qui
2846 728 2900 783 in
2930 726 3216 797 sepulchro
3263 726 3424 782 facit?
3451 726 3508 783 Si

1930 815 2093 873 homo
2125 826 2233 884 est,
2274 832 2436 889 quare
2461 820 2697 887 captivos
2724 818 2918 874 solvit?
2954 818 3349 889 Numquidnam
3405 818 3508 875 isto

1930 924 2055 966 cum
2086 920 2304 966 auctore
2326 920 2509 966 nostro
2531 921 2679 979 pacta
2710 912 3044 983 composuit?
3074 911 3155 966 An
3189 910 3323 966 forte
3353 918 3411 965 et
3430 910 3509 979 ἰρς

1932 1018 2049 1057 sum
2077 1004 2362 1073 adgressus
2393 1003 2544 1069 vicit,
2562 1012 2615 1057 et
2641 1004 2719 1058 sic
2738 1004 2802 1057 ad
2840 1017 3003 1073 regna
3028 1011 3208 1058 nostra
3240 1000 3509 1055 transivit?

1930 1095 2089 1154 Certe
2129 1110 2372 1154 mortuus
2420 1107 2567 1164 erat,
2599 1107 2744 1154 certe
2792 1099 2961 1153 victus
3011 1107 3146 1154 erat.
3178 1095 3371 1150 lllusus
3424 1102 3510 1149 est

1932 1189 2206 1259 praeliator
2256 1199 2438 1245 noster
2484 1190 2536 1243 in
2590 1191 2817 1256 mundo;
2851 1191 3019 1245 nescit
3073 1203 3233 1259 quam
3274 1194 3507 1256 stragem

1929 1286 2294 1351 procuraverit
2326 1283 2378 1335 in
2408 1280 2639 1337 inferno.
2667 1281 2712 1337 Ο
2761 1296 2889 1336 crux
2941 1282 3051 1348 illa,
3076 1278 3267 1337 fallens
3314 1278 3506 1349 gaudia

1930 1383 2132 1438 vestra,
2156 1382 2211 1429 et
2242 1374 2543 1443 parturiens
2586 1374 2778 1428 damna
2818 1383 3022 1429 nostra.
3045 1373 3146 1427 Per
3171 1374 3374 1439 lignum
3422 1372 3507 1426 di-

1932 1465 2025 1519 tati
2055 1480 2255 1530 sumus,
2280 1479 2376 1535 per
2401 1466 2603 1536 lignum
2630 1466 2937 1521 evertimur.
2964 1464 3105 1521 Perit
3133 1475 3368 1533 potestas
3396 1462 3508 1528 illa,

1931 1557 2137 1613 cunctis
2166 1573 2377 1628 semper
2422 1560 2629 1628 populis
2675 1559 2977 1615 formidata.
3004 1558 3189 1613 Nullus
3235 1558 3333 1612 sub
3378 1556 3510 1613 cede
3580 1552 3583 1555 ’

1936 1660 2117 1704 nostra
2148 1651 2389 1721 captivus
2435 1668 2575 1709 nunc
2605 1655 2847 1724 palpitat.
2875 1655 2953 1709 En
2981 1653 3129 1723 quod
3183 1652 3508 1723 gemendum

1931 1753 2016 1797 est
2041 1751 2095 1797 et
2120 1742 2366 1798 insultat.
2396 1744 2665 1814 Nusquam
2696 1746 2897 1816 antiqui
2928 1746 3098 1812 fletus,
3134 1745 3263 1800 nulli
3291 1744 3401 1814 jam
3424 1758 3508 1801 res

234 1834 356 1906 iure
398 1834 828 1890 benedictionem
879 1849 1289 1905 consequamur.
1332 1833 1457 1888 Haec
1485 1842 1589 1899 est,
1617 1830 1815 1887 fratres
1846 1839 1896 1899 Β
1923 1842 2116 1888 sonant
2142 1835 2391 1903 ejulatus.
2423 1837 2715 1893 Turbidum
2746 1852 2935 1908 specus
2960 1837 3246 1892 obmutuit.
3276 1836 3509 1893 Putasne

233 1924 530 1992 karissimi,
565 1928 680 1983 dies
712 1928 1001 1984 Dominicm
1049 1928 1486 1987 resurrectionis.
1534 1934 1587 1981 et
1619 1936 1819 1981 nostra:

233 2019 473 2074 initium‘
497 2022 907 2091 redemptionis,
938 2022 1044 2075 [nec
1083 2033 1191 2087 est,
1241 2034 1477 2089 inquam,
1524 2019 1634 2072 dies
1664 2033 1819 2087 quam

235 2112 359 2180 fecit
408 2111 699 2176 Dominus;
745 2112 1025 2168 exaltemus
1074 2121 1122 2167 et
1167 2114 1375 2166 letemur
1420 2111 1473 2163 in
1519 2126 1596 2164 ea.
1665 2108 1814 2162 Hanc

235 2218 423 2261 omnes
472 2219 603 2261 voce
650 2219 909 2275 consona,
965 2207 1071 2263 leto
1122 2205 1335 2275 spiritu,
1366 2202 1531 2257 corde
1575 2201 1813 2256 contrito

236 2297 593 2364 celebremus,
626 2308 680 2353 et
708 2314 926 2368 agamus
953 2298 1246 2369 spiritalem
1270 2298 1323 2352 in
1348 2296 1565 2366 psalmis
1589 2304 1641 2350 et
1664 2295 1817 2365 hym-

239 2389 323 2445 nis
371 2390 619 2459 letitiam,
653 2392 705 2447 in
734 2394 1050 2448 memoriam
1100 2391 1362 2461 passionis
1386 2400 1439 2445 et
1469 2388 1818 2443 resurrectio-

238 2479 321 2534 nis
357 2481 557 2537 Christi
589 2482 642 2537 in
670 2497 764 2553 spe
792 2483 983 2538 futura:
1027 2482 1151 2536 vitae
1196 2482 1416 2537 letitiam
1443 2480 1474 2516 “
1504 2498 1518 2535 :
1551 2479 1687 2536 Ecce
1714 2478 1815 2534 ista

240 2572 330 2628 die
388 2575 600 2643 quando
628 2576 931 2631 audivimus
963 2573 1211 2639 Alleluia,
1235 2572 1463 2643 quodam
1493 2571 1652 2627 modo
1682 2571 1818 2626 leta-

237 2674 324 2718 tur
349 2664 567 2735 spiritus
597 2675 798 2727 noster,
852 2674 908 2721 et
949 2664 1285 2735 jocuuditate
1348 2671 1492 2719 totus
1539 2658 1817 2734 perfundi-

236 2763 361 2821 tur;
400 2758 615 2813 alleluia
659 2773 887 2827 namque
920 2758 1033 2812 laus
1071 2756 1123 2811 in
1154 2757 1386 2811 excelsis
1418 2755 1642 2809 Domino
1681 2752 1818 2808 dici-

239 2856 342 2913 tur,
370 2849 510 2918 quod
540 2849 695 2905 nobis
721 2850 966 2905 convenit
997 2857 1053 2903 ut
1078 2848 1271 2905 devota
1304 2855 1479 2903 mente
1506 2847 1650 2901 omni
1678 2856 1818 2902 tem-

235 2955 385 3010 pore,
436 2941 523 2997 die
564 2952 739 2998 tamen
796 2944 897 2997 isto
944 2942 1199 3011 precipue
1243 2940 1451 2996 laudem
1495 2938 1550 2993 in
1580 2938 1817 2994 excelsis

237 3032 463 3088 Domino
518 3033 897 3099 decantemns;
952 3033 1004 3087 id
1055 3043 1134 3087 est
1180 3047 1284 3086 non
1331 3031 1504 3085 solum
1547 3046 1675 3097 ore,
1716 3029 1813 3085 sed

235 3123 391 3179 etiam
422 3138 586 3195 opere
621 3124 860 3195 perfecto
900 3124 1182 3179 Dominum
1214 3123 1379 3179 Deum
1412 3132 1653 3179 nostrum
1680 3135 1814 3177 voce

232 3308 415 3363 celesti
452 3309 553 3363 vita
599 3324 695 3378 per
740 3309 889 3363 illum
938 3309 1184 3364 exaltare
1216 3323 1534 3374 mereamur,
1565 3307 1654 3378 qui
1685 3321 1807 3363 cum

231 3400 458 3456 Domino
482 3402 638 3458 Patre
666 3414 719 3458 et
747 3402 952 3473 Spiritu
984 3414 1170 3457 sancto
1199 3402 1330 3456 vivit
1364 3412 1417 3456 et
1458 3409 1644 3470 regnat
1671 3414 1809 3457 unus

230 3496 373 3553 Deus
397 3511 493 3567 per
550 3494 851 3557 inmortalia
878 3493 1058 3550 secula
1086 3493 1409 3549 seculorum.
1445 3494 1634 3548 Amen.

964 3653 1071 3714 ΠΙ.

299 3784 512 3862 Εκυιιιί,
541 3794 754 3863 calum,
787 3802 840 3850 et
871 3794 921 3848 in
953 3793 1137 3848 laetitia
1184 3803 1320 3859 esto,
1360 3803 1521 3849 terra.
1564 3794 1667 3848 lste
1695 3794 1810 3851 dies

225 3890 379 3945 vobis
397 3889 624 3958 amplius
653 3904 715 3945 ex
748 3886 1034 3957 sepulchro
1058 3887 1457 3958 radiavitquam
1487 3887 1553 3943 de
1580 3888 1695 3943 sole
1723 3903 1808 3943 re-

224 3982 395 4036 fulsit.
428 3982 563 4036 Ovet
590 3991 644 4035 et
672 3980 934 4047 infernus,
967 3979 1089 4050 quia
1118 3977 1224 4032 vita
1254 3977 1319 4032 ad
1360 3992 1418 4033 se
1448 3978 1809 4034 descendente

225 4089 253 4129 τι
280 4088 375 4126 sua
407 4073 679 4142 impietate
712 4072 977 4127 resolutus
1008 4078 1108 4125 est.
1144 4067 1405 4134 Gaudeat,
1433 4070 1553 4139 quia
1584 4070 1635 4123 in
1662 4069 1809 4125 sedi-

222 4165 325 4220 bus
378 4165 489 4220 suis
527 4164 885 4219 descendente
939 4163 1159 4218 Domino
1190 4163 1432 4216 visitatus
1462 4169 1562 4216 est.
1590 4162 1809 4218 Exultet

224 4259 386 4311 homo
416 4257 601 4321 Adam,
626 4257 747 4327 quia
777 4256 1010 4325 ignotam
1053 4256 1225 4309 lucem
1260 4262 1376 4323 post
1404 4266 1596 4308 saecula
1646 4256 1807 4325 longa

222 4352 376 4420 vidit,
406 4361 457 4407 et
488 4350 627 4405 inter
657 4347 933 4419 profunda:
956 4349 1126 4403 noctis
1146 4346 1397 4417 caligines
1419 4346 1706 4403 suffocatus
1729 4357 1808 4401 te-

220 4442 403 4496 nebris
454 4441 756 4512 respiravit.
790 4441 832 4495 0
880 4440 1101 4510 pulchra
1146 4440 1269 4493 lux!
1302 4454 1419 4507 quae
1457 4438 1523 4492 de
1576 4438 1841 4493 candido‘

220 4535 357 4611 caeli
371 4533 582 4604 fastigio
606 4532 935 4611 promicasti,
965 4543 1017 4587 et
1049 4541 1166 4601 post
1197 4531 1391 4585 fluenta
1424 4545 1690 4599 purpurea
1717 4544 1807 4585 se-

219 4609 411 4683 dentes
460 4630 512 4681 in
543 4626 777 4682 tenebris
808 4609 861 4681 et
893 4624 1075 4679 umbra
1121 4624 1308 4677 mortis
1361 4620 1534 4695 subita
1561 4622 1807 4678 claritate

220 4716 753 4777 veStiSti.Confestim
780 4718 937 4787 igitur
963 4725 1158 4769 aeterna
1187 4731 1292 4769 nox
1320 4713 1631 4779 inferorum,
1649 4713 1805 4768 Chri-

219 4822 311 4867 sto
341 4810 721 4875 descendente,
754 4807 1111 4878 resplenduit.
1138 4805 1297 4861 Siluit
1324 4804 1523 4859 stridor
1576 4803 1666 4858 ille
1723 4804 1804 4858 lu-

218 4904 488 4975 gentium;
522 4903 761 4958 cecidere
815 4900 1023 4955 vincula
1078 4899 1511 4982 dampnatorum.
1547 4896 1802 4952 Attonitae

222 5010 435 5053 mentes
459 4998 780 5065 Obstupuere
808 5002 1067 5050 tortorum
1088 5011 1101 5059 ;
1125 4993 1297 5048 omnis
1327 4992 1484 5047 simul
1538 4991 1697 5062 impia
1719 4989 1802 5048 of-

219 5089 380 5145 ficina
427 5090 790 5151 contremuit,
831 5102 949 5142 cum
1005 5084 1275 5140 Christum
1327 5094 1548 5154 repente
1589 5082 1641 5138 in
1692 5086 1806 5140 suis

218 5178 439 5234 sedibus
468 5178 623 5231 vidit.
653 5177 906 5245 Quisnam
932 5173 1098 5238 enim,
1125 5173 1388 5241 inquiunt,
1422 5174 1519 5226 iste
1550 5172 1805 5228 terribilis

219 5280 279 5327 et
308 5271 461 5326 niveo
491 5270 775 5341 splendore
804 5266 1108 5323 coruscus?
1134 5266 1410 5334 Nunquam
1446 5266 1602 5319 talem
1624 5273 1805 5320 noster

220 5365 742 5435 excepit'l'artarus;
776 5376 1041 5430 nunquam
1074 5362 1124 5414 in
1155 5366 1389 5414 nostram
1418 5371 1698 5413 cavernam
1724 5368 1803 5413 ta-

220 5456 329 5511 lem
350 5457 768 5511 vomitmundus.
785 5453 1022 5509 Judicem
1046 5450 1311 5515 videmus,
1340 5465 1445 5504 non
1470 5449 1798 5518 supplicem;

218 5561 459 5616 pugnare
514 5546 681 5609 venit,
707 5560 812 5598 non
862 5541 1229 5607 succumbere,
1254 5539 1485 5608 eripere,
1521 5555 1624 5594 non
1680 5556 1801 5594 ma-

220 5652 371 5693 nere.
398 5638 647 5708 Ubinam,
677 5637 892 5707 putatis,
912 5634 1173 5705 ianitores
1229 5634 1397 5689 nostri
1448 5633 1795 5693 dormierant.

1796 5756 1815 5802 ἓ

343 5814 659 5872 Rcdundare
696 5816 902 5873 videtur
932 5830 1035 5870 vox
1066 5813 1296 5870 letitiam.
1330 5813 1481 5869 Emr.

1836 5932 1849 5939 ,η
1871 5926 1887 5941 οῗ

1921 1926 2025 1982 iste
2080 1926 2196 1983 sine
2256 1940 2440 1986 nostro
2485 1931 2697 1987 excidio
2738 1932 2915 1986 redit?
2947 1930 3114 1987 Nemo
3158 1945 3392 2000 unquam
3440 1928 3509 1985 ad

1922 2032 2021 2074 nos
2078 2020 2231 2075 vivus
2263 2023 2499 2077 intravit.
2523 2023 2691 2080 Nemo
2732 2024 2812 2080 sic
2857 2025 3030 2079 audax
3057 2024 3177 2080 fuit.
3208 2023 3379 2079 Nemo
3426 2024 3506 2080 sic

1922 2114 2206 2169 carnifices
2222 2116 2431 2170 terruit.
2455 2117 2733 2187 Nunquam
2749 2119 2800 2173 in
2828 2120 2930 2175 hoc
2958 2118 3101 2173 hiatu
3117 2119 3265 2188 nigra
3284 2110 3510 2188 caligine

1922 2204 2370 2272 cascojocundum
2388 2206 2564 2262 lumen
2579 2209 2850 2278 apparuit.
2868 2209 2947 2262 An
2965 2208 3105 2264 forte
3126 2210 3203 2263 sol
3221 2208 3289 2263 de
3311 2207 3510 2263 mundo

1925 2294 2207 2364 migravit?
2235 2295 2339 2351 Sed
2370 2312 2468 2353 nec
2500 2300 2694 2355 coelum
2723 2300 2876 2355 nobis
2902 2309 3156 2371 astraque
3211 2308 3423 2370 parent,
3455 2308 3510 2356 et

1921 2392 2101 2440 tamen
2135 2385 2374 2442 infernus
2422 2389 2580 2445 lueet.
2611 2391 2747 2458 Quid
2800 2392 3042 2462 agimus"
3066 2394 3181 2460 Quo
3210 2392 3511 2447 vertimur?

1922 2476 2221 2561 Defendere
2246 2493 2428 2535 contra
2458 2483 2615 2538 istum
2645 2497 2895 2540 cruentas
2950 2485 3145 2541 domus
3182 2495 3236 2540 et
3266 2486 3509 2541 obtinere

1929 2584 2175 2626 caverna:
2198 2582 2395 2628 nostra;
2418 2576 2688 2632 custodias
2706 2592 2812 2643 non
2837 2592 3140 2648 possumus.
3158 2577 3295 2633 Male
3323 2578 3505 2634 intrati

1922 2674 2155 2716 sumus.
2190 2663 2412 2719 Tantam
2464 2667 2639 2724 lucem
2668 2670 2941 2725 .obtinere
2980 2670 3294 2739 nequimus;
3328 2671 3508 2741 oppri-

1922 2771 2072 2813 mere
2120 2769 2261 2815 tanta
2314 2760 2509 2816 virtute
2550 2760 2829 2831 praeditum
2889 2775 2993 2816 non
3023 2761 3284 2815 valemus.
3315 2760 3503 2816 Nostra

1922 2864 2136 2921 quoque
2161 2853 2297 2907 colla
2324 2853 2500 2922 urgeri
2522 2851 3048 2921 conspicimus,ctde
3071 2862 3256 2907 nostro
3284 2852 3505 2919 insuper

1927 2954 2071 2995 nunc
2117 2942 2332 2998 interitu
2393 2941 2765 2997 formidamus.
2817 2942 3000 2997 Noctis
3041 2952 3239 2997 nostrae
3271 2942 3505 2998 tenebris

1922 3034 2164 3089 contenti
2187 3037 2379 3090 simus.
2411 3035 2595 3089 Antris
2615 3035 2815 3090 nostris
2852 3034 3177 3090 occulimnr.
3210 3036 3391 3102 Quare
3420 3049 3507 3089 ra-

1921 3122 2029 3179 diis
2061 3126 2370 3195 prodimur?
2395 3126 2569 3195 Quare
2592 3126 2845 3182 violentia
2898 3126 3300 3183 disturbamur?
3328 3126 3508 3194 Quare

138 3222 145 3223 '
234 3222 289 3269 ct
311 3216 473 3270 corde
495 3216 549 3269 in
580 3216 827 3273 laudibus
869 3216 1109 3272 exaltare
1156 3214 1489 3283 studeamns,
1530 3222 1590 3269 ut
1629 3228 1728 3269 nos
1757 3213 1813 3269 in
1841 3211 1888 3275 C
1922 3218 1978 3274 in
2014 3220 2214 3275 nostris
2241 3220 2459 3275 sedibus
2484 3220 2857 3289 captivamur?

1995 3319 2115 3375 Mox
2166 3320 2323 3391 igitur
2365 3320 2608 3375 Christus
2660 3320 2711 3375 in
2742 3321 2887 3389 ipsos
2932 3319 3177 3376 crudeles
3226 3334 3501 3390 pmnarum

1920 3409 2199 3466 ministros
2247 3412 2411 3466 aciem
2463 3410 2666 3482 dirigit,
2694 3419 2855 3480 atque
2908 3408 3268 3480 implacabiles
3299 3419 3502 3466 turmas

1920 3500 2126 3557 framea
2166 3500 2341 3558 divina
2392 3503 2646 3558 concidit.
2682 3502 3004 3558 Premuntur
3032 3502 3135 3557 diri
3164 3503 3264 3557 sub
3292 3512 3496 3559 tortore

1922 3593 2231 3657 carniﬁces,
2258 3602 2310 3648 et
2337 3593 2634 3650 rabidiores
2658 3593 2861 3650 adactis
2891 3593 3207 3650 stridoribus
3224 3595 3503 3651 contabes-

1922 3694 2068 3738 cunt.
2105 3684 2222 3752 Ipsa
2250 3700 2460 3756 quoque
2510 3697 2661 3741 antra
2704 3686 2862 3742 ferrei
2914 3686 3106 3743 cubitis
3136 3687 3423 3755 intrantur,
3447 3697 3502 3744 et

1922 3776 2090 3831 fortes
2115 3793 2146 3831 a
2176 3777 2397 3833 fortiore
2429 3774 2643 3834 aeternis
2681 3778 2909 3835 vinculis
2939 3780 3272 3850 colligantur.
3302 3780 3414 3836 Hoc
3443 3788 3499 3837 et

1924 3867 2178 3923 Dominus
2206 3871 2316 3938 ipse
2340 3872 2672 3939 promiserat,
2704 3870 2886 3926 dicens
2920 3890 2935 3925 :
2967 3870 3132 3925 Nemo
3150 3873 3306 3926 intrat
3332 3872 3384 3926 in
3406 3876 3499 3926 do-

1922 3974 2063 4011 mum
2091 3960 2237 4028 [ortis
2267 3970 2313 4014 et
2343 3976 2461 4015 uasa
2483 3965 2592 4031 ejus
2632 3962 2859 4031 diripiet,
2889 3964 2987 4015 nisi
3029 3964 3172 4032 prius
3220 3964 3503 4034 alligaverit

1924 4055 2125 4121 fortem,
2155 4065 2200 4107 et
2223 4064 2342 4108 tunc
2362 4071 2483 4109 uasa
2513 4056 2621 4125 ejus
2647 4055 2873 4123 diripiet.
2907 4055 3111 4111 Tristes
3158 4057 3320 4127 igitur
3371 4072 3499 4112 mox

1924 4147 2273 4219 lugentesque
2296 4150 2491 4205 diurno
2522 4150 2772 4221 squalore
2799 4151 2969 4205 turba:
3005 4152 3293 4221 populique
3321 4153 3499 4207 vexati

1922 4252 2270 4307 concurrunt,
2294 4251 2348 4296 et
2404 4242 2759 4312 redemptoris
2805 4244 2972 4298 nostri
3016 4243 3250 4315 vestigiis
3291 4244 3500 4313 provol-

1920 4348 2137 4393 vuntur.
2175 4337 2314 4393 Ecce
2345 4339 2633 4408 apostolica
2668 4340 2804 4394 dicta
2835 4340 3163 4409 probantur:
3193 4338 3261 4395 Ut
3309 4340 3363 4394 iu
3411 4355 3503 4394 uo-

1920 4431 2057 4484 mine
2081 4429 2293 4485 Domini
2326 4448 2471 4485 omne
2492 4449 2624 4503 genu
2648 4434 2884 4503 ﬂectatur
2910 4432 3185 4488 caelestium
3221 4443 3268 4486 et
3316 4441 3500 4487 terres-

1922 4524 2076 4576 trium
2122 4534 2169 4578 et
2213 4525 2551 4595 infernarum.
2586 4524 2707 4578 Mox
2756 4539 2885 4594 ergo
2930 4524 3153 4593 captiva:
3182 4525 3402 4587 animae,
3434 4523 3501 4577 de

1838 4600 1901 4661 1)
1924 4615 2180 4669 custodiis
2215 4617 2467 4670 relaxatae
2516 4616 2779 4682 tartareis,
2815 4624 3091 4684 proruunt,
3127 4615 3236 4683 regi
3277 4615 3501 4670 szeculo-

1924 4721 2045 4759 rum
2078 4715 2266 4761 maesta
2295 4706 2676 4775 supplicatione
2704 4706 3021 4775 deplorant:
3059 4724 3079 4758 ι
3133 4704 3329 4759 Venisti
3388 4715 3501 4760 tan-

1922 4796 2067 4863 dem,
2099 4813 2132 4852 ο
2176 4796 2590 4851 clementissime
2620 4795 2785 4851 Jbesu
2810 4812 2825 4862 ;
2851 4811 3106 4851 succurre
3126 4794 3237 4864 jam
3260 4807 3313 4850 et
3342 4808 3499 4869 parce

1921 4885 2169 4942 defessis.
2202 4887 2373 4953 Nunc,
2403 4886 2643 4955 Christe,
2677 4900 2846 4942 saevas
2873 4886 3127 4955 extingue
3173 4885 3364 4950 minas,
3385 4884 3497 4955 jam

1919 4978 2252 5035 miserandos
2298 4979 2505 5035 resolve
2536 4979 2786 5050 gemitus.
2819 4979 3111 5035 Redemisti
3138 4981 3285 5034 vivos
3337 4994 3500 5036 cruce

1924 5081 2043 5139 tua;
2075 5071 2223 5141 eripe
2253 5082 2306 5127 et
2332 5083 2571 5129 mortuos
2595 5083 2767 5131 morte
2790 5082 2899 5129 tua.
2928 5074 3049 5129 Pari
3075 5071 3349 5129 nobiscum
3381 5071 3500 5127 labe

1920 5165 2150 5218 mundus
2183 5165 2477 5220 interierat.
2511 5166 2587 5221 Ad
2611 5168 2898 5221 adventum
2932 5174 3080 5221 tuum
3127 5165 3301 5221 omnis
3348 5178 3498 5220 crea-

1919 5264 2035 5311 tura
2060 5259 2379 5328 suspirabat.
2403 5256 2519 5314 Tibi
2544 5270 2725 5315 nostra
2747 5270 3013 5316 tormenta
3043 5259 3397 5330 suspirabant.
3418 5258 3497 5315 Te

1918 5366 2133 5421 semper
2162 5352 2401 5408 infernus
2429 5354 2529 5408 iste
2571 5354 2820 5423 pallebat.
2865 5353 2997 5408 Dum
3053 5352 3136 5407 hic
3176 5368 3254 5419 es,
3281 5352 3497 5408 absolve

1919 5458 2078 5510 reos;
2110 5445 2234 5500 dum
2263 5445 2591 5514 ascenderis,
2623 5447 2849 5502 defende
2874 5456 3015 5501 tuos.
3045 5447 3124 5501 Tu
3151 5447 3294 5501 solus
3336 5451 3497 5513 caput

1919 5534 2169 5591 draconis
2230 5539 2597 5594 comminuere
2643 5539 2983 5606 potuisti.'l'u
3031 5546 3209 5608 portas
3252 5550 3419 5592 areas
3438 5543 3495 5590 et

1920 5634 2099 5683 vectes
2120 5626 2325 5686 ferreos
2350 5628 2564 5687 voluisti
2588 5638 2889 5687 conterere.
2919 5629 3121 5697 Pateat,
3141 5641 3342 5698 quaso,
3378 5639 3493 5695 pre-
