2006 3169
110 122 1733 148 ..ζέε-’,πἒέΞῇ

323 211 756 291 LECTION
764 210 879 285 ES
947 206 1511 285 VARIANTES

168 353 511 435 SERIIbNUII
561 350 978 471 IIIIIIUINIIIIUII
1030 348 1260 428 SANG’I‘I
1314 349 1667 429 AUGUSTINI

458 497 501 549 A
540 496 989 550 BENEDICTINIS
1024 493 1380 546 EDITORUM.

104 597 294 627 COLLECTE
312 597 358 625 EX
372 596 469 626 CODD.
486 594 749 625 CASSINENSIBUS
763 575 808 622 ΕΤ
828 592 1055 622 FLORENTINIS
1076 593 1120 620 ΑΒ
1139 594 1172 620 Α.
1189 592 1219 620 Β.
1241 590 1388 619 CAILLAU
1408 590 1453 617 ET
1473 590 1503 618 Β.
1524 590 1736 619 SAINT-VVES.

532 677 1316 700 ————-.'_-

431 749 524 777 ERMO
543 749 574 776 II.

431 751 524 777 ERMO
543 751 574 776 II.

106 793 110 795 ξ
137 801 270 830 Habemus
284 798 403 828 codicem
410 751 480 825 Isiibl.
495 796 668 828 Florentium,
681 802 778 829 nempe
790 794 894 823 Sancta:

102 848 203 881 Crucis,
220 846 285 881 plut.
307 852 372 871 mu
385 844 456 871 dett.
471 842 532 871 cod.
550 850 591 876 iv,
607 841 653 869 fol.
670 841 730 869 I26.

248 893 335 920 EDITI.

137 930 169 958 Ν.
187 930 211 957 I.
232 927 375 964 Notissima
401 927 482 964 pietas

102 966 181 1003 patris
194 965 274 992 nostri
290 962 409 990 Abralue.

137 1037 204 1064 Ibid.
226 1035 258 1062 Et
272 1039 308 1063 est
322 1033 424 1070 quidem
447 1035 483 1062 ita

101 1073 233 1101 mirabilis.

138 1108 203 1136 Ibid.
230 1106 296 1140 Quia
326 1107 358 1133 de
383 1114 482 1134 summa

102 1144 288 1177 desperatione.

136 1179 201 1220 Ibid.
224 1177 299 1208 Niltil
321 1181 373 1205 tant
386 1185 462 1206 senex
469 1197 477 1211 ,

102 1221 226 1250 pessime.

136 1249 202 1278 Ibid.
224 1248 302 1287 Cujus
317 1256 360 1276 cor
374 1249 481 1277 electum

116 1392 121 1399 _
138 1357 202 1385 Ibid.
218 1355 352 1385 Devotioni
366 1355 482 1385 obedien-

103 1397 202 1460 mIbid.
224 1426 286 1463 Ipsa
305 1426 368 1454 milii
382 1434 451 1463 ergo.

139 1498 205 1526 Ibid.
225 1498 313 1534 Exigit
351 1503 378 1528 ut
416 1498 480 1524 occi-

103 1534 172 1561 dam.

137 1570 205 1598 Ibid.
224 1570 285 1597 Jam
297 1569 324 1597 in
336 1574 462 1604 suscepto.

138 1631 204 1668 Ibid.
238 1641 306 1676 Quid
340 1639 407 1668 Deus
435 1640 481 1676 ju-

104 1676 183 1704 bendo
191 1676 205 1704 7

139 1782 171 1810 N.
191 1784 218 1810 2.
239 1783 301 1819 Legi
314 1781 402 1815 veteri,
417 1780 484 1809 Scri-

103 1822 185 1853 pturte
200 1823 302 1853 sancire.

140 1853 207 1880 Ibid.
236 1852 387 1887 Phillippa,
418 1851 485 1879 unde

103 1897 214 1916 ememus
229 1896 305 1922 partes
329 1893 356 1914 ut
380 1888 486 1915 mandu-

104 1931 159 1951 cent
175 1924 219 1951 lii?
233 1929 255 1951 et
275 1923 395 1958 sequitur.

142 1959 174 1987 N.
196 1959 222 1986 5.
244 1958 367 1994 Expectat
395 1958 485 1987 audire

104 1995 149 2030 qui
162 1995 266 2029 patitur.

142 2028 173 2057 N.
195 2030 221 2058 4.
244 2030 312 2064 Quid
333 2037 393 2065 ergo
419 2028 483 2056 dici-

104 2066 181 2092 mus?

141 2100 174 2132 Ν.
194 2102 220 2129 6.
241 2101 293 2131 Sed
312 2100 445 2136 faciamus.

142 2136 173 2164 IV.
195 2136 219 2164 7.
253 2136 357 2165 Diversa
385 2143 481 2171 opera,

103 2172 151 2200 sed
164 2181 205 2208 ars
224 2180 286 2201 una.

143 2242 210 2271 Ibid.
232 2242 305 2269 Tales
323 2249 381 2277 ergo
404 2241 481 2268 viros.

104 2317 114 2340 ³
144 2277 210 2306 Ibid.
231 2278 346 2306 Christus
369 2277 482 2305 invenia-

115 2321 159 2341 ur.

145 2384 209 2411 Ibid.
239 2384 369 2420 Quidquid
384 2382 485 2420 ‘Scrip—

105 2425 167 2448 tura
184 2421 246 2447 dicit
260 2421 291 2448 de
311 2418 449 2447 Abraham.

145 2455 212 2484 Ibid.
233 2456 267 2484 Et
288 2455 430 2492 prophetia.

145 2527 177 2554 N.
191 2528 218 2555 8.
235 2527 307 2555 Sicut
321 2531 344 2554 et
355 2525 486 2554 immolare

130 2564 194 2590 lium
214 2564 302 2599 jussus
332 2562 486 2596 obtemperat

137 2607 165 2625 co
172 2618 180 2631 ,
195 2600 273 2628 nullo.

146 2634 211 2661 Ibid.
233 2634 329 2663 Deinde
351 2641 408 2661 cum
428 2634 486 2668 jam

107 2677 173 2705 pene
188 2670 315 2705 feriretur.

146 2705 211 2732 Ibid.
234 2705 266 2732 Et
279 2713 328 2732 non
340 2708 422 2731 tamen
433 2704 487 2730 sine

105 2741 247 2774 sacriﬁcio.

146 2775 179 2802 N.
197 2775 223 2804 9.
245 2777 307 2805 Sine
321 2775 438 2811 operibus
450 2773 486 2801 le-

106 2811 160 2847 gis.
177 2811 255 2840 Latro
272 2812 331 2849 qui,
345 2816 399 2840 etC.

659 888 760 916 Concx.

553 924 620 952 Cod.
652 923 789 950 Potissima
817 924 898 959 patris

519 961 598 987 nostri
614 960 721 986 Abrahae
735 959 808 994 ﬁdes.
835 959 899 987 Vide

519 997 632 1024 variant.
651 996 763 1022 Maurin.

556 1031 592 1058 Id.
614 1030 647 1057 Et
674 1035 710 1057 est
735 1030 836 1066 quidem
862 1030 898 1057 ita

518 1066 642 1097 mirabile.
659 1066 725 1093 Vide
744 1066 807 1093 Ibid.

553 1100 591 1130 Id.
612 1102 677 1134 Quia
689 1103 719 1128 de
730 1109 830 1129 summa
841 1109 899 1128 eum

519 1138 703 1172 desperatione.

554 1174 591 1201 Id.
613 1172 688 1200 Nihil
703 1173 762 1208 jam
775 1180 860 1199 senex.

553 1245 589 1272 Id.
607 1244 702 1272 melius
718 1251 777 1271 cum
800 1243 894 1276 editis,

518 1281 592 1316 cujus
603 1287 645 1306 cor
656 1285 766 1316 erectum
774 1284 819 1307 est.
832 1278 897 1307 Vide

518 1316 631 1348 variant.
650 1315 761 1344 Maurin.

554 1351 592 1378 Id.
609 1350 742 1377 Devotioni
770 1351 896 1387 obtempe-

517 1387 608 1414 rantis.

613 1421 726 1455 melius,
758 1422 812 1458 ipse
835 1429 894 1457 ergo

546 1467 589 1483 III.

516 1466 589 1486 mlIII.

553 1493 589 1521 Id.
606 1492 695 1530 Exigit
709 1498 737 1521 ut
752 1492 892 1521 occidatur.

552 1564 589 1592 Id.
611 1565 714 1597 melius,
721 1566 778 1601 jam
789 1563 857 1591 enim
869 1562 894 1590 in

517 1605 642 1635 suscepto.

553 1633 595 1663 Id.
602 1636 682 1668 Quam
692 1633 896 1668 Deusjubendo?

555 1645 592 1663 Ιυ.
602 1645 682 1668 Quam
692 1645 759 1663 ueus
779 1645 894 1664 uvenuot

520 1671 587 1698 Male
600 1692 607 1703 ,
622 1669 668 1699 scd
683 1676 708 1698 et
725 1645 793 1698 maIe
811 1671 873 1698 editi
887 1679 894 1704 ;

520 1707 628 1734 evndens
637 1707 822 1742 estlegendum
835 1713 896 1734 esse

536 1751 589 1769 uta.

519 1751 589 1778 quia.

555 1778 593 1805 Id.
610 1777 684 1812 Legis
696 1777 794 1809 veteris,
808 1776 897 1811 Scrip-

521 1818 584 1842 tura:
597 1819 701 1840 εαηειω.

556 1848 593 1875 Id.
628 1846 751 1882 Philippo
793 1847 897 1874 habente

523 1892 617 1919 panes,
640 1884 698 1910 date
720 1883 772 1910 illis
790 1885 899 1915 mandu-

523 1928 596 1952 care;
612 1924 634 1946 et
652 1919 772 1953 sequitur.

559 1955 595 1982 Id.
607 1953 898 1990 Expectataudircquod

522 1992 626 2025 patitur.

557 2027 594 2054 Id.
618 2026 686 2062 Quid
697 2034 756 2063 ergo
767 2025 899 2053 dicemus?

555 2097 593 2123 Id.
615 2097 645 2124 Si
662 2097 794 2124 faciamus.
838 2113 839 2116 η

904 749 933 779 Α
944 747 1003 774 Ioco
1019 746 1149 773 habentur
1161 746 1234 773 lucc:

950 748 1005 788 loco
1019 746 1149 788 habentur
1161 746 1217 773 lucc
1228 755 1234 772 :
1245 746 1269 809 ρ

950 783 1016 824 didit
1028 783 1139 824 aliqutsi
1155 789 1243 824 percelli
1256 786 1264 808 t

1272 745 1398 783 nomodo?
1409 747 1541 782 intendite,
1554 748 1656 783 fratres.
1679 749 1738 778 Cre-

1275 782 1334 816 [itlei
1348 788 1507 813 sacramenta
1519 778 1543 810 in
1554 778 1624 810 'leeto
1634 789 1656 810 et
1672 793 1739 812 uiar-

951 823 1009 845 tuus
1024 823 1069 845 est.
1088 817 1173 851 Defuit
1196 817 1236 844 illi
1257 817 1378 851 operandi
1394 822 1503 853 tempus.
1521 819 1588 852 Quid
1604 819 1739 848 dicemus?

948 854 1010 888 quia
1024 862 1074 883 non
1085 853 1264 889 justiﬁcatus?
1279 853 1378 882 Deinde
1394 860 1540 892 sequuntur
1559 855 1608 882 alia
1633 856 1739 892 aliunde

949 893 1084 927 assnmpto
1095 909 1109 927 ._
1126 896 1221 925 nempe
1236 897 1269 917 ex
1283 896 1405 917 sermOne
1421 889 1446 921 ιὰ
1461 889 1492 917 de
1514 890 1606 918 Decem
1621 890 1738 927 chordis;

950 924 983 952 de
997 932 1049 960 quo
1068 924 1146 952 infra.

1252 981 1367 1010 SERMO
1387 982 1432 1010 IX.

986 1040 1032 1069 llic
1056 1040 1152 1070 adsunt
1171 1040 1222 1069 duo
1246 1040 1368 1073 codices,
1390 1048 1485 1075 nempe
1511 1040 1680 1071 Cassinensia
1697 1045 1738 1085 ll,’

948 1086 995 1114 I'oI.
1011 1086 1063 1113 116
1074 1107 1081 1119 ,
1098 1092 1126 1114 et
1147 1086 1320 1114 Florentinus
1337 1087 1405 1114 Bibl.
1420 1086 1525 1114 Sanctae
1540 1085 1644 1121 Crucis,
1671 1087 1739 1121 plut.

948 1140 1011 1160 mu
1030 1133 1116 1165 dext.,
1132 1132 1191 1160 cod.
1206 1140 1243 1169 Iv,
1265 1132 1311 1159 fol.
1329 1131 1379 1159 I26
1395 1140 1489 1160 versus
1506 1132 1622 1160 medium
1638 1140 1740 1161 sermo-

949 1179 1001 1214 nis,
1020 1184 1046 1206 ut
1059 1184 1120 1217 pote
1133 1179 1176 1214 qui
1189 1186 1250 1207 cum
1266 1178 1426 1214 praecedenti
1441 1180 1628 1215 conjungatur.

985 1238 1056 1265 Edit.
1073 1237 1103 1264 N.
1116 1237 1141 1264 5.
1159 1237 1226 1270 Quid
1241 1237 1274 1268 ad
1286 1245 1326 1264 me

948 1274 1069 1309 pertinet?
1083 1274 1174 1307 fortem
1188 1280 1227 1299 me
1235 1271 1325 1307 faciat.

984 1345 1015 1372 Ν.
1032 1345 1058 1371 II.
1074 1344 1145 1372 Illud
1158 1352 1215 1371 vero
1231 1344 1326 1371 malum

948 1380 999 1418 tate
1018 1388 1120 1417 serpens
1139 1380 1196 1415 plus
1217 1387 1326 1418 occupa-

947 1421 990 1443 vtt.

908 1439 934 1470 Β
983 1451 1047 1493 Ibid.
1073 1452 1161 1493 Virum
1176 1452 1217 1493 ad
1240 1451 1323 1486 forum

944 1496 1004 1523 quia
1017 1492 1132 1523 Inventus
1145 1492 1189 1523 est.

980 1523 1011 1549 Ν.
1030 1523 1055 1550 6.
1078 1522 1110 1550 Ei
1124 1522 1223 1549 nullam
1235 1522 1322 1550 simili-

946 1559 1067 1585 tudinem.
1207 1556 1209 1559 ⁷

982 1629 1047 1658 Ibid.
1085 1628 1235 1665 Creaturam
1272 1629 1322 1657 ali-

946 1673 1039 1707 quam,
1057 1672 1101 1707 per
1115 1673 1198 1707 quem.

983 1701 1049 1731 Ibid.
1080 1701 1147 1734 Quia
1176 1701 1230 1736 ipse
1259 1708 1324 1728 unus

947 1736 1027 1764 Deus.

983 1772 1049 1800 Ibid.
1078 1772 1172 1807 Miles,
1198 1772 1276 1802 simus
1297 1771 1325 1800 in

948 1807 1013 1835 Deo.

985 1845 1049 1870 Ibid.
1087 1844 1160 1876 Quod
1194 1843 1321 1875 diximus,

948 1880 1015 1914 quod
1035 1879 1181 1905 carnaliter.

985 1915 1049 1941 Ibid.
1073 1914 1141 1940 Nam
1161 1915 1221 1949 quia
1242 1913 1325 1949 Spiri-

950 1955 988 1976 tus
1013 1956 1113 1976 structus
1138 1951 1231 1977 dicitur
1250 1949 1325 1984 [qui-

950 1986 1008 2012 dam
1033 1986 1155 2016 codices,
1171 1985 1325 2020 septiformis

950 2020 1052 2055 ἀερίων]
1067 2042 1073 2051 ,
1099 2026 1230 2055 propterea
1251 2021 1326 2055 septi-

950 2065 1019 2083 mum
1056 2057 1121 2082 diem
1158 2056 1326 2089 sitrictiﬁcarit

951 2092 1029 2123 Deus,
1050 2093 1151 2124 quando
1168 2092 1224 2126 fecit
1240 2092 1324 2126 omnia

555 2131 595 2159 Id.
613 2138 640 2159 ut
661 2125 686 2159 in
699 2133 810 2162 variant,
824 2131 895 2161 Mau-
908 2128 931 2161 C
947 2136 1024 2162 oper/1
1039 2136 1097 2159 sua,
1115 2125 1177 2153 sicut
1193 2128 1217 2152 in
1233 2125 1324 2153 Genesi

519 2169 589 2201 rin.,
614 2168 711 2195 diuerso
734 2175 825 2206 opere,
851 2166 895 2194 sed

519 2209 572 2230 arte
585 2212 646 2231 una.

555 2239 592 2266 Id.
615 2238 683 2265 Talis
697 2246 756 2273 ergo
770 2237 844 2264 viros.

554 2274 593 2302 Id.
622 2273 738 2313 Cluristus
767 2273 895 2313 intelliga-

521 2315 562 2337 tur
584 2318 593 2336 :
616 2310 667 2337 alia
696 2310 800 2339 desunt.
830 2308 896 2336 Vide

521 2352 575 2372 var.
597 2344 708 2371 Mattrin.

555 2379 581 2406 Id
587 2399 593 2405 .
620 2379 749 2413 Quidquid
773 2379 896 2415 scriptum

520 2420 557 2442 est
575 2415 607 2442 dc
620 2415 760 2441 Abraham.

557 2451 594 2479 Id.
618 2450 773 2486 Propltett'a;
792 2448 896 2476 deside-

521 2492 594 2514 ratur
614 2491 647 2512 et.

557 2522 595 2549 Id.
617 2521 668 2549 Sed
682 2521 746 2547 sicut
765 2518 897 2545 immolare

521 2559 603 2593 ﬁlium
615 2558 701 2593 justus
718 2560 752 2583 est
764 2576 771 2588 ,
795 2555 831 2593 ita
850 2554 897 2580 ob-

522 2590 643 2628 temperat
664 2591 733 2624 Deo,
749 2590 858 2628 optime.

558 2625 595 2656 III.
623 2628 730 2655 Demum
756 2634 812 2656 cum
842 2625 897 2660 jam

522 2673 584 2699 pene
604 2665 730 2698 feriretur.

559 2700 595 2726 Id.
630 2699 724 2725 melius
738 2718 744 2728 ,
771 2701 794 2723 et
814 2701 898 2722 tamen

523 2744 574 2763 non
587 2736 641 2762 sine
653 2732 791 2766 sacri/icio.

559 2771 596 2800 Id.
618 2770 680 2798 Sine
694 2767 814 2804 operibus;
824 2766 896 2801 legis.

526 2805 682 2840 Quomodo?
710 2802 764 2840 'etc.
796 2802 898 2840 μεθίετε

524 2837 584 2877 dua:
599 2843 720 2876 teguntur
731 2839 756 2865 in
772 2837 835 2865 edit.
853 2844 899 2871 pe-

526 2878 597 2907 nitus
623 2877 728 2908 desunt,
761 2878 788 2901 et
805 2880 898 2901 eorum

949 2164 1068 2199 scriptum
1085 2162 1202 2197 legimus.
1220 2162 1279 2188 Nan

949 2196 1023 2225 habes
1039 2196 1193 2224 nominatam
1211 2196 1323 2231 sancti/i-

1399 1237 1464 1264 Cod.
1481 1245 1517 1264 Iv.
1542 1237 1595 1264 Sed
1620 1238 1681 1272 quid
1706 1239 1740 1266 ad

1363 1281 1402 1299 me
1428 1273 1557 1307 pertinet?
1582 1273 1674 1307 fortem
1701 1281 1740 1301 mc

1363 1308 1450 1343 faciet.

1398 1343 1437 1372 Id.
1452 1343 1510 1370 Hoc
1526 1344 1612 1373 uitium
1627 1344 1676 1371 latc
1689 1351 1740 1378 ser:

1363 1388 1424 1414 pJIIS
1439 1381 1523 1415 plures
1539 1380 1679 1416 occupavit.

1397 1451 1434 1477 Id.
1451 1449 1542 1478 Virum
1553 1452 1586 1478 ad
1598 1453 1684 1486 forum
1695 1453 1738 1488 qui

1360 1489 1475 1515 inventus
1493 1492 1538 1513 est.
1593 1494 1597 1497 ε

1394 1521 1431 1549 Id.
1448 1528 1474 1549 ut
1486 1522 1640 1551 fereomnes
1648 1523 1738 1557 codd.,

1358 1563 1381 1586 et
1392 1558 1499 1586 nullam.
1519 1557 1584 1586 Vide
1599 1567 1655 1588 var.
1666 1557 1739 1588 Mau-

1360 1602 1411 1622 I‘Iﬂ.

1395 1629 1421 1656 Id
1427 1649 1433 1656 .
1451 1629 1597 1657 Creaturam
1613 1630 1738 1665 aliquam,

1360 1673 1418 1692 cum
1432 1673 1477 1701 per
1490 1665 1583 1699 ipsum.
1687 1678 1689 1680 ·

1395 1700 1437 1728 Id.
1457 1700 1523 1734 Quia
1537 1709 1595 1729 vero
1609 1702 1663 1737 ipse
1673 1709 1739 1731 unus

1361 1736 1440 1764 Deus.

1396 1772 1434 1800 Id.
1457 1772 1549 1806 Miles,
1569 1777 1595 1799 ut
1619 1773 1697 1801 simus
1711 1774 1738 1801 in

1361 1807 1427 1834 Deo.
1522 1807 1525 1810 ⁴

1388 1816 1427 1835 £0.

1398 1843 1435 1871 Id.
1454 1843 1528 1876 Quod
1538 1843 1660 1877 diximus,
1675 1844 1737 1879 quia

1360 1878 1506 1906 carnaliter.

1398 1915 1435 1941 Id.
1458 1913 1528 1940 Nam
1542 1919 1674 1950 propterea
1686 1922 1737 1949 sep.

1361 1951 1450 1977 timunt
1479 1950 1545 1976 diem
1570 1950 1738 1983 sancti/ienuit

1364 1985 1430 2012 Deus
1439 2006 1445 2018 ,
1461 1985 1561 2020 quando
1574 1985 1639 2013 inter
1653 1985 1737 2019 omnia

1362 2029 1440 2055 opera
1455 2029 1501 2048 sua
1523 2021 1607 2054 ipsum
1629 2025 1739 2047 tantum-

1363 2056 1437 2083 modo
1453 2056 1628 2092 sancti/icavit,
1649 2057 1674 2083 in
1688 2063 1738 2092 quo

1360 2092 1492 2126 requievit.
1505 2091 1564 2118 Non
1575 2092 1651 2123 enim,
1665 2096 1716 2118 ctc.
1728 2099 1736 2123 ;

1361 2131 1388 2154 et
1398 2127 1493 2155 deinde
1503 2127 1633 2161 requievit,
1642 2133 1691 2154 nec
1702 2127 1739 2154 le-

1360 2163 1430 2199 gitur
1448 2163 1480 2189 ab
1495 2162 1611 2198 operibus
1625 2163 1690 2190 suis.

948 2236 1080 2266 mtionem,
1099 2234 1148 2260 nisi
1176 2233 1220 2259 illo
1243 2233 1283 2258 die
1302 2233 1343 2260 ubi
1362 2233 1474 2267 dicitur,
1511 2232 1640 2268 Requievit
1669 2231 1738 2260 Deus

928 2294 931 2296 ν
948 2272 977 2296 ab
985 2270 1099 2305 operibus
1107 2270 1169 2295 suis.
1181 2269 1239 2295 Non
1247 2269 1323 2305 enim,
1344 2273 1396 2296 etc.

985 2303 1048 2332 llud.
1067 2305 1097 2331 Et
1112 2305 1146 2331 sic
1160 2305 1261 2336 dicitur,
1277 2303 1323 2329 Ησ-

949 2340 1050 2375 quierit.

986 2376 1048 2401 IIIItI.
1072 2374 1198 2409 Septimus
1212 2376 1257 2401 iste
1271 2374 1324 2399 dies

949 2419 997 2437 non
1024 2411 1094 2435 habet
1111 2417 1254 2443 vesperam,
1283 2409 1325 2435 ubi

951 2445 1019 2472 Deus
1026 2444 1192 2478 sanctiﬁcavit
1201 2444 1323 2480 requiem.

949 2481 1049 2508 Dicitur
1063 2480 1109 2512 ibi,
1131 2484 1183 2507 etc.

1398 2303 1434 2330 Id.
1449 2303 1481 2330 Et
1494 2304 1559 2332 sicut
1569 2303 1673 2336 dicitur,
1688 2302 1738 2329 Re-

1361 2338 1462 2374 quievit.

1399 2374 1436 2401 Id.
1455 2372 1536 2400 habet
1548 2373 1714 2401 solummodo
1730 2381 1738 2401 :

1361 2409 1392 2436 de
1402 2410 1507 2443 septimo
1515 2409 1610 2436 dictum
1620 2408 1738 2443 est,Fac~

1362 2450 1413 2471 tum
1436 2449 1473 2471 est
1497 2452 1581 2471 mane.
1605 2443 1671 2471 Cod.
1688 2451 1736 2471 au-

1363 2484 1414 2507 tem
1432 2487 1474 2515 in,
1490 2481 1611 2515 septimus
1625 2479 1739 2515 isteidies

1362 2523 1412 2542 non
1426 2514 1499 2542 habet
1513 2514 1651 2548 uesperam.
1668 2514 1737 2542 Nam

950 2557 973 2580 et
996 2552 1022 2578 in
1050 2550 1133 2585 prima
1158 2550 1198 2577 die
1218 2550 1325 2583 dicitur,
1343 2550 1452 2577 Factum
1477 2555 1513 2577 est
1527 2557 1646 2585 vespere;
1671 2555 1694 2577 et
1711 2550 1738 2577 in

949 2587 1071 2617 secundo,
1085 2590 1109 2612 et
1124 2586 1151 2612 in
1166 2586 1239 2613 tertio
1251 2607 1258 2620 ,
1273 2591 1295 2613 et
1311 2587 1337 2617 in
1356 2590 1457 2621 quarto,
1478 2590 1502 2613 et
1515 2587 1540 2612 in
1557 2586 1658 2620 quinto,
1674 2590 1697 2612 et
1711 2585 1739 2612 in

950 2628 1020 2650 sexto
1035 2622 1076 2648 die
1091 2621 1184 2648 dicitur
1196 2643 1202 2655 ,
1219 2620 1326 2649 Factum
1336 2620 1372 2648 est
1382 2628 1492 2656 vespere.
1507 2621 1611 2648 Vertitur
1621 2621 1654 2647 ad
1667 2621 1739 2656 septi~

950 2667 1029 2691 mum,
1045 2657 1087 2684 ubi
1112 2657 1177 2683 Deus
1192 2657 1357 2691 sanctiﬁcavit
1376 2657 1495 2691 requiem.
1511 2656 1610 2684 Dicitur
1623 2657 1667 2688 ὶΙιὲ,
1682 2663 1737 2684 etc.

966 2731 971 2735 .
985 2693 1051 2735 Ibid.
1067 2692 1196 2728 Quidquid
1208 2694 1322 2727 facimus,

950 2739 971 2757 δι
985 2737 1101 2757 tacmtus.

997 2731 1101 2756 acimus.

1031 2765 1057 2791 7.
1074 2763 1170 2797 Quibus
1177 2771 1266 2800 parere
1279 2771 1324 2798 ρο-

951 2805 1020 2828 terit.

986 2835 1059 2878 Ibid.
1086 2835 1125 2862 Ad
1168 2835 1327 2864 dilectionem

951 2879 1068 2908 promunt.

1418 2692 1462 2719 od.
1475 2699 1521 2726 tv,
1535 2692 1657 2726 quidquid
1681 2692 1739 2719 boni

1363 2729 1479 2763 facimus,
1492 2729 1512 2755 si
1523 2732 1607 2755 tamen
1619 2727 1736 2762 facimus.

1398 2763 1448 2796 Id.,
1457 2768 1485 2791 ut
1491 2771 1584 2791 omnes
1593 2763 1635 2790 alii
1644 2762 1736 2797 codd.,

1362 2799 1454 2836 quibus
1464 2808 1572 2836 parcere
1585 2799 1685 2836 poterit.

1399 2834 1436 2862 Id.
1460 2833 1593 2862 Pertineni
1606 2834 1639 2861 ad
1658 2833 1737 2870 diiec-

1363 2871 1455 2898 tionem
1469 2870 1588 2908 proximi.
