  <div class='ocr_page' id='page_1' title='image "/cluster/home/n/w/nwhite01/storage/ocr_20150623/47/hvd.32044015471527/585.png"; bbox 0 0 4012 6338; ppageno 0'>
   <div class='ocr_carea' id='block_1_1' title="bbox 512 344 653 407">
    <p class='ocr_par' dir='ltr' id='par_1_1' title="bbox 512 344 653 407">
     <span class='ocr_line' id='line_1_1' title="bbox 512 344 653 407; baseline 0.007 -1"><span class='ocrx_word' id='word_1_1' title='bbox 512 344 653 407; x_wconf 74' lang='lat'><strong><em>“59</em></strong></span> 
     </span>
    </p>
   </div>
   <div class='ocr_carea' id='block_1_2' title="bbox 580 466 1256 536">
    <p class='ocr_par' dir='ltr' id='par_1_2' title="bbox 580 466 1256 536">
     <span class='ocr_line' id='line_1_2' title="bbox 580 466 1256 536; baseline 0.003 -14"><span class='ocrx_word' id='word_1_2' title='bbox 580 467 711 525; x_wconf 91' lang='lat' dir='ltr'><strong><em>Ibid.</em></strong></span> <span class='ocrx_word' id='word_1_3' title='bbox 743 466 805 524; x_wconf 86' lang='lat' dir='ltr'><strong><em>Si</em></strong></span> <span class='ocrx_word' id='word_1_4' title='bbox 826 468 880 522; x_wconf 87' lang='lat' dir='ltr'><strong><em>in</em></strong></span> <span class='ocrx_word' id='word_1_5' title='bbox 904 467 1147 536; x_wconf 80' lang='lat' dir='ltr'><strong><em>psalterio</em></strong></span> <span class='ocrx_word' id='word_1_6' title='bbox 1171 468 1256 525; x_wconf 86' lang='lat' dir='ltr'><strong><em>de-</em></strong></span> 
     </span>
    </p>
   </div>
   <div class='ocr_carea' id='block_1_3' title="bbox 1330 614 2095 672">
    <p class='ocr_par' dir='ltr' id='par_1_3' title="bbox 1330 614 2095 672">
     <span class='ocr_line' id='line_1_3' title="bbox 1330 614 2095 672; baseline 0.007 -6"><span class='ocrx_word' id='word_1_7' title='bbox 1330 614 1563 669; x_wconf 87' lang='lat' dir='ltr'><strong><em>volumus</em></strong></span> <span class='ocrx_word' id='word_1_8' title='bbox 1590 628 1797 672; x_wconf 90' lang='lat' dir='ltr'><strong><em>cantare</em></strong></span> <span class='ocrx_word' id='word_1_9' title='bbox 1840 618 2095 672; x_wconf 77' lang='lat' dir='ltr'><strong><em>canticum</em></strong></span> 
     </span>
    </p>
   </div>
   <div class='ocr_carea' id='block_1_4' title="bbox 1331 701 1538 741">
    <p class='ocr_par' dir='ltr' id='par_1_4' title="bbox 1331 701 1538 741">
     <span class='ocr_line' id='line_1_4' title="bbox 1331 701 1538 741; baseline 0.01 -3"><span class='ocrx_word' id='word_1_10' title='bbox 1331 701 1538 741; x_wconf 90' lang='lat' dir='ltr'><strong><em>novum.</em></strong></span> 
     </span>
    </p>
   </div>
   <div class='ocr_carea' id='block_1_5' title="bbox 511 613 1225 667">
    <p class='ocr_par' dir='ltr' id='par_1_5' title="bbox 511 613 1225 667">
     <span class='ocr_line' id='line_1_5' title="bbox 511 613 1225 667; baseline 0.006 -4"><span class='ocrx_word' id='word_1_11' title='bbox 511 619 718 665; x_wconf 88' lang='lat' dir='ltr'><strong><em>cantare</em></strong></span> <span class='ocrx_word' id='word_1_12' title='bbox 745 613 995 665; x_wconf 75' lang='lat' dir='ltr'><strong><em>canticum</em></strong></span> <span class='ocrx_word' id='word_1_13' title='bbox 1024 627 1225 667; x_wconf 83' lang='lat' dir='ltr'><strong><em>novum.</em></strong></span> 
     </span>
    </p>
   </div>
   <div class='ocr_carea' id='block_1_6' title="bbox 585 750 1270 825">
    <p class='ocr_par' dir='ltr' id='par_1_6' title="bbox 585 750 1270 825">
     <span class='ocr_line' id='line_1_6' title="bbox 585 750 1270 825; baseline 0.01 -21"><span class='ocrx_word' id='word_1_14' title='bbox 585 750 647 804; x_wconf 85' lang='lat' dir='ltr'><strong><em>N.</em></strong></span> <span class='ocrx_word' id='word_1_15' title='bbox 681 750 835 825; x_wconf 16' lang='lat' dir='ltr'><strong><em>8.AEt</em></strong></span> <span class='ocrx_word' id='word_1_16' title='bbox 862 754 1163 825; x_wconf 71' lang='lat' dir='ltr'><strong><em>quicumque</em></strong></span> <span class='ocrx_word' id='word_1_17' title='bbox 1187 756 1270 811; x_wconf 77' lang='lat' dir='ltr'><strong><em>ob-</em></strong></span> 
     </span>
    </p>
   </div>
   <div class='ocr_carea' id='block_1_7' title="bbox 515 823 1266 889">
    <p class='ocr_par' dir='ltr' id='par_1_7' title="bbox 515 823 1266 889">
     <span class='ocr_line' id='line_1_7' title="bbox 515 823 1266 889; baseline 0.012 -15"><span class='ocrx_word' id='word_1_18' title='bbox 515 823 888 889; x_wconf 72' lang='lat' dir='ltr'><strong><em>temperabant,</em></strong></span> <span class='ocrx_word' id='word_1_19' title='bbox 941 823 1124 881; x_wconf 83' lang='lat' dir='ltr'><strong><em>timore</em></strong></span> <span class='ocrx_word' id='word_1_20' title='bbox 1176 828 1266 882; x_wconf 85' lang='lat' dir='ltr'><strong><em>ob-</em></strong></span> 
     </span>
    </p>
   </div>
   <div class='ocr_carea' id='block_1_8' title="bbox 515 898 1064 965">
    <p class='ocr_par' dir='ltr' id='par_1_8' title="bbox 515 898 1064 965">
     <span class='ocr_line' id='line_1_8' title="bbox 515 898 1064 965; baseline 0.011 -19"><span class='ocrx_word' id='word_1_21' title='bbox 515 898 855 965; x_wconf 76' lang='lat' dir='ltr'><strong><em>temperabant</em></strong></span> <span class='ocrx_word' id='word_1_22' title='bbox 885 911 1064 965; x_wconf 69' lang='lat' dir='ltr'><strong><em>panic.</em></strong></span> 
     </span>
    </p>
   </div>
   <div class='ocr_carea' id='block_1_9' title="bbox 587 962 1271 1023">
    <p class='ocr_par' dir='ltr' id='par_1_9' title="bbox 587 962 1271 1023">
     <span class='ocr_line' id='line_1_9' title="bbox 587 962 1271 1023; baseline 0.01 -7"><span class='ocrx_word' id='word_1_23' title='bbox 587 963 715 1017; x_wconf 77' lang='grc' dir='ltr'><strong>ιυιά.</strong></span> <span class='ocrx_word' id='word_1_24' title='bbox 763 962 1001 1020; x_wconf 80' lang='lat' dir='ltr'><strong><em>Canianti</em></strong></span> <span class='ocrx_word' id='word_1_25' title='bbox 1026 969 1159 1021; x_wconf 88' lang='lat' dir='ltr'><strong><em>enim</em></strong></span> <span class='ocrx_word' id='word_1_26' title='bbox 1184 984 1271 1023; x_wconf 89' lang='lat' dir='ltr'><strong><em>vo-</em></strong></span> 
     </span>
    </p>
   </div>
   <div class='ocr_carea' id='block_1_10' title="bbox 515 1033 1271 1103">
    <p class='ocr_par' dir='ltr' id='par_1_10' title="bbox 515 1033 1271 1103">
     <span class='ocr_line' id='line_1_10' title="bbox 515 1033 1271 1103; baseline 0.009 -15"><span class='ocrx_word' id='word_1_27' title='bbox 515 1033 686 1100; x_wconf 87' lang='lat' dir='ltr'><strong><em>luptas</em></strong></span> <span class='ocrx_word' id='word_1_28' title='bbox 736 1044 846 1103; x_wconf 88' lang='lat' dir='ltr'><strong><em>est,</em></strong></span> <span class='ocrx_word' id='word_1_29' title='bbox 906 1038 1103 1093; x_wconf 90' lang='lat' dir='ltr'><strong><em>timenti</em></strong></span> <span class='ocrx_word' id='word_1_30' title='bbox 1144 1056 1271 1095; x_wconf 85' lang='lat' dir='ltr'><strong><em>onus</em></strong></span> 
     </span>
    </p>
   </div>
   <div class='ocr_carea' id='block_1_11' title="bbox 519 1114 614 1161">
    <p class='ocr_par' dir='ltr' id='par_1_11' title="bbox 519 1114 614 1161">
     <span class='ocr_line' id='line_1_11' title="bbox 519 1114 614 1161; baseline -0.011 -2"><span class='ocrx_word' id='word_1_31' title='bbox 519 1114 614 1161; x_wconf 90' lang='lat' dir='ltr'><strong><em>est.</em></strong></span> 
     </span>
    </p>
   </div>
   <div class='ocr_carea' id='block_1_12' title="bbox 588 1174 1273 1240">
    <p class='ocr_par' dir='ltr' id='par_1_12' title="bbox 588 1174 1273 1240">
     <span class='ocr_line' id='line_1_12' title="bbox 588 1174 1273 1240; baseline 0.016 -11"><span class='ocrx_word' id='word_1_32' title='bbox 588 1174 720 1231; x_wconf 90' lang='lat' dir='ltr'><strong><em>Ibid.</em></strong></span> <span class='ocrx_word' id='word_1_33' title='bbox 764 1176 1016 1234; x_wconf 83' lang='lat' dir='ltr'><strong><em>Nondum</em></strong></span> <span class='ocrx_word' id='word_1_34' title='bbox 1053 1182 1273 1240; x_wconf 75' lang='lat' dir='ltr'><strong><em>delectat</em></strong></span> 
     </span>
    </p>
   </div>
   <div class='ocr_carea' id='block_1_13' title="bbox 515 1248 740 1303">
    <p class='ocr_par' dir='ltr' id='par_1_13' title="bbox 515 1248 740 1303">
     <span class='ocr_line' id='line_1_13' title="bbox 515 1248 740 1303; baseline -0.009 0"><span class='ocrx_word' id='word_1_35' title='bbox 515 1248 740 1303; x_wconf 84' lang='lat' dir='ltr'><strong><em>castitas.</em></strong></span> 
     </span>
    </p>
   </div>
   <div class='ocr_carea' id='block_1_14' title="bbox 590 1318 1269 1394">
    <p class='ocr_par' dir='ltr' id='par_1_14' title="bbox 590 1318 1269 1394">
     <span class='ocr_line' id='line_1_14' title="bbox 590 1318 1269 1394; baseline 0.01 -20"><span class='ocrx_word' id='word_1_36' title='bbox 590 1320 721 1377; x_wconf 85' lang='lat' dir='ltr'><strong><em>Ibid.</em></strong></span> <span class='ocrx_word' id='word_1_37' title='bbox 753 1318 798 1373; x_wconf 85' lang='lat' dir='ltr'><strong><em>A</em></strong></span> <span class='ocrx_word' id='word_1_38' title='bbox 825 1322 972 1392; x_wconf 77' lang='lat' dir='ltr'><strong><em>factis</em></strong></span> <span class='ocrx_word' id='word_1_39' title='bbox 1002 1331 1269 1394; x_wconf 78' lang='lat' dir='ltr'><strong><em>temperat.</em></strong></span> 
     </span>
    </p>
   </div>
   <div class='ocr_carea' id='block_1_15' title="bbox 1404 757 2096 831">
    <p class='ocr_par' dir='ltr' id='par_1_15' title="bbox 1404 757 2096 831">
     <span class='ocr_line' id='line_1_15' title="bbox 1404 757 2096 831; baseline 0.004 -22"><span class='ocrx_word' id='word_1_40' title='bbox 1404 757 1479 831; x_wconf 76' lang='lat' dir='ltr'><strong><em>Id.</em></strong></span> <span class='ocrx_word' id='word_1_41' title='bbox 1528 757 1589 812; x_wconf 88' lang='lat' dir='ltr'><strong><em>Et</em></strong></span> <span class='ocrx_word' id='word_1_42' title='bbox 1631 760 1862 831; x_wconf 76' lang='lat' dir='ltr'><strong><em>quisquis</em></strong></span> <span class='ocrx_word' id='word_1_43' title='bbox 1905 759 2096 831; x_wconf 56' lang='lat' dir='ltr'><strong><em>obtem-g</em></strong></span> 
     </span>
    </p>
   </div>
   <div class='ocr_carea' id='block_1_16' title="bbox 1334 829 2097 902">
    <p class='ocr_par' dir='ltr' id='par_1_16' title="bbox 1334 829 2097 902">
     <span class='ocr_line' id='line_1_16' title="bbox 1334 829 2097 902; baseline 0.007 -23"><span class='ocrx_word' id='word_1_44' title='bbox 1334 829 1573 902; x_wconf 75' lang='lat' dir='ltr'><strong><em>perabat,</em></strong></span> <span class='ocrx_word' id='word_1_45' title='bbox 1622 829 1803 886; x_wconf 81' lang='lat' dir='ltr'><strong><em>timore</em></strong></span> <span class='ocrx_word' id='word_1_46' title='bbox 1833 846 1993 902; x_wconf 73' lang='lat' dir='ltr'><strong><em>paena:</em></strong></span> <span class='ocrx_word' id='word_1_47' title='bbox 2041 830 2097 884; x_wconf 89' lang='lat' dir='ltr'><strong><em>id</em></strong></span> 
     </span>
    </p>
   </div>
   <div class='ocr_carea' id='block_1_17' title="bbox 1334 900 1539 969">
    <p class='ocr_par' dir='ltr' id='par_1_17' title="bbox 1334 900 1539 969">
     <span class='ocr_line' id='line_1_17' title="bbox 1334 900 1539 969; baseline 0.015 -19"><span class='ocrx_word' id='word_1_48' title='bbox 1334 900 1539 969; x_wconf 85' lang='lat' dir='ltr'><strong><em>agebat.</em></strong></span> 
     </span>
    </p>
   </div>
   <div class='ocr_carea' id='block_1_18' title="bbox 1410 969 2097 1043">
    <p class='ocr_par' dir='ltr' id='par_1_18' title="bbox 1410 969 2097 1043">
     <span class='ocr_line' id='line_1_18' title="bbox 1410 969 2097 1043; baseline 0.007 -20"><span class='ocrx_word' id='word_1_49' title='bbox 1410 969 1486 1025; x_wconf 92' lang='lat' dir='ltr'><strong><em>Id.</em></strong></span> <span class='ocrx_word' id='word_1_50' title='bbox 1518 974 1724 1027; x_wconf 81' lang='lat' dir='ltr'><strong><em>Amanti</em></strong></span> <span class='ocrx_word' id='word_1_51' title='bbox 1754 975 1885 1028; x_wconf 91' lang='lat' dir='ltr'><strong><em>enim</em></strong></span> <span class='ocrx_word' id='word_1_52' title='bbox 1914 972 2097 1043; x_wconf 82' lang='lat' dir='ltr'><strong><em>volup-</em></strong></span> 
     </span>
    </p>
   </div>
   <div class='ocr_carea' id='block_1_19' title="bbox 1334 1043 1852 1108">
    <p class='ocr_par' dir='ltr' id='par_1_19' title="bbox 1334 1043 1852 1108">
     <span class='ocr_line' id='line_1_19' title="bbox 1334 1043 1852 1108; baseline 0.006 -13"><span class='ocrx_word' id='word_1_53' title='bbox 1334 1049 1437 1108; x_wconf 87' lang='lat' dir='ltr'><strong><em>tas,</em></strong></span> <span class='ocrx_word' id='word_1_54' title='bbox 1481 1043 1677 1101; x_wconf 83' lang='lat' dir='ltr'><strong><em>timenti</em></strong></span> <span class='ocrx_word' id='word_1_55' title='bbox 1706 1060 1852 1101; x_wconf 91' lang='lat' dir='ltr'><strong><em>onus.</em></strong></span> 
     </span>
    </p>
   </div>
   <div class='ocr_carea' id='block_1_20' title="bbox 1406 1182 2096 1244">
    <p class='ocr_par' dir='ltr' id='par_1_20' title="bbox 1406 1182 2096 1244">
     <span class='ocr_line' id='line_1_20' title="bbox 1406 1182 2096 1244; baseline 0.007 -7"><span class='ocrx_word' id='word_1_56' title='bbox 1406 1182 1483 1240; x_wconf 93' lang='lat' dir='ltr'><strong><em>Id.</em></strong></span> <span class='ocrx_word' id='word_1_57' title='bbox 1525 1184 1775 1240; x_wconf 84' lang='lat' dir='ltr'><strong><em>Nondum</em></strong></span> <span class='ocrx_word' id='word_1_58' title='bbox 1816 1188 1968 1244; x_wconf 87' lang='lat' dir='ltr'><strong><em>illum</em></strong></span> <span class='ocrx_word' id='word_1_59' title='bbox 2006 1189 2096 1242; x_wconf 88' lang='lat' dir='ltr'><strong><em>de-</em></strong></span> 
     </span>
    </p>
   </div>
   <div class='ocr_carea' id='block_1_21' title="bbox 1337 1258 1734 1310">
    <p class='ocr_par' dir='ltr' id='par_1_21' title="bbox 1337 1258 1734 1310">
     <span class='ocr_line' id='line_1_21' title="bbox 1337 1258 1734 1310; baseline 0.003 -1"><span class='ocrx_word' id='word_1_60' title='bbox 1337 1258 1489 1310; x_wconf 87' lang='lat' dir='ltr'><strong><em>lectat</em></strong></span> <span class='ocrx_word' id='word_1_61' title='bbox 1508 1260 1734 1310; x_wconf 77' lang='lat' dir='ltr'><strong><em>castitas.</em></strong></span> 
     </span>
    </p>
   </div>
   <div class='ocr_carea' id='block_1_22' title="bbox 1388 1324 2097 1401">
    <p class='ocr_par' dir='ltr' id='par_1_22' title="bbox 1388 1324 2097 1401">
     <span class='ocr_line' id='line_1_22' title="bbox 1388 1324 2097 1401; baseline 0.008 -21"><span class='ocrx_word' id='word_1_62' title='bbox 1388 1324 1487 1383; x_wconf 69' lang='lat' dir='ltr'><strong><em>&#39;Id.</em></strong></span> <span class='ocrx_word' id='word_1_63' title='bbox 1528 1328 1573 1381; x_wconf 85' lang='lat' dir='ltr'><strong><em>A</em></strong></span> <span class='ocrx_word' id='word_1_64' title='bbox 1601 1327 1751 1384; x_wconf 90' lang='lat' dir='ltr'><strong><em>malis</em></strong></span> <span class='ocrx_word' id='word_1_65' title='bbox 1790 1331 1937 1401; x_wconf 76' lang='lat' dir='ltr'><strong><em>factis</em></strong></span> <span class='ocrx_word' id='word_1_66' title='bbox 1968 1339 2097 1386; x_wconf 84' lang='lat' dir='ltr'><strong><em>tem-</em></strong></span> 
     </span>
    </p>
   </div>
   <div class='ocr_carea' id='block_1_23' title="bbox 1337 1407 1500 1467">
    <p class='ocr_par' dir='ltr' id='par_1_23' title="bbox 1337 1407 1500 1467">
     <span class='ocr_line' id='line_1_23' title="bbox 1337 1407 1500 1467; baseline 0.018 -18"><span class='ocrx_word' id='word_1_67' title='bbox 1337 1407 1500 1467; x_wconf 80' lang='lat' dir='ltr'><strong><em>perat.</em></strong></span> 
     </span>
    </p>
   </div>
   <div class='ocr_carea' id='block_1_24' title="bbox 590 1461 1486 1536">
    <p class='ocr_par' dir='ltr' id='par_1_24' title="bbox 590 1461 1486 1536">
     <span class='ocr_line' id='line_1_24' title="bbox 590 1461 1486 1536; baseline 0.009 -21"><span class='ocrx_word' id='word_1_68' title='bbox 590 1461 752 1536; x_wconf 23' lang='lat' dir='ltr'><strong><em>Ibide</em></strong></span> <span class='ocrx_word' id='word_1_69' title='bbox 807 1462 1275 1536; x_wconf 88' lang='lat' dir='ltr'><strong><em>Concupiscentiam</em></strong></span> <span class='ocrx_word' id='word_1_70' title='bbox 1337 1461 1347 1467; x_wconf 80' lang='grc'><em>’</em></span> <span class='ocrx_word' id='word_1_71' title='bbox 1411 1469 1486 1523; x_wconf 94' lang='lat' dir='ltr'><strong><em>Id.</em></strong></span> 
     </span>
    </p>
   </div>
   <div class='ocr_carea' id='block_1_25' title="bbox 518 1532 987 1603">
    <p class='ocr_par' dir='ltr' id='par_1_25' title="bbox 518 1532 987 1603">
     <span class='ocr_line' id='line_1_25' title="bbox 518 1532 987 1603; baseline 0.006 -16"><span class='ocrx_word' id='word_1_72' title='bbox 518 1532 683 1603; x_wconf 81' lang='lat' dir='ltr'><strong><em>ipsum</em></strong></span> <span class='ocrx_word' id='word_1_73' title='bbox 720 1532 987 1590; x_wconf 75' lang='lat' dir='ltr'><strong><em>damnans.</em></strong></span> 
     </span>
    </p>
   </div>
   <div class='ocr_carea' id='block_1_26' title="bbox 592 1602 1277 1677">
    <p class='ocr_par' dir='ltr' id='par_1_26' title="bbox 592 1602 1277 1677">
     <span class='ocr_line' id='line_1_26' title="bbox 592 1602 1277 1677; baseline 0.016 -22"><span class='ocrx_word' id='word_1_74' title='bbox 592 1602 657 1677; x_wconf 68' lang='grc' dir='ltr'><strong><em>Ν.</em></strong></span> <span class='ocrx_word' id='word_1_75' title='bbox 689 1604 739 1658; x_wconf 88' lang='lat'><strong><em>9.</em></strong></span> <span class='ocrx_word' id='word_1_76' title='bbox 797 1603 911 1677; x_wconf 82' lang='lat' dir='ltr'><strong><em>Tali</em></strong></span> <span class='ocrx_word' id='word_1_77' title='bbox 968 1608 1277 1677; x_wconf 90' lang='lat' dir='ltr'><strong><em>cogitatione</em></strong></span> 
     </span>
    </p>
   </div>
   <div class='ocr_carea' id='block_1_27' title="bbox 519 1674 916 1729">
    <p class='ocr_par' dir='ltr' id='par_1_27' title="bbox 519 1674 916 1729">
     <span class='ocr_line' id='line_1_27' title="bbox 519 1674 916 1729; baseline -0.003 -1"><span class='ocrx_word' id='word_1_78' title='bbox 519 1682 579 1728; x_wconf 89' lang='lat' dir='ltr'><strong><em>ut</em></strong></span> <span class='ocrx_word' id='word_1_79' title='bbox 604 1674 776 1728; x_wconf 86' lang='lat' dir='ltr'><strong><em>dicant</em></strong></span> <span class='ocrx_word' id='word_1_80' title='bbox 804 1676 916 1729; x_wconf 81' lang='lat' dir='ltr'><strong><em>sibi.</em></strong></span> 
     </span>
    </p>
   </div>
   <div class='ocr_carea' id='block_1_28' title="bbox 588 1744 1276 1815">
    <p class='ocr_par' dir='ltr' id='par_1_28' title="bbox 588 1744 1276 1815">
     <span class='ocr_line' id='line_1_28' title="bbox 588 1744 1276 1815; baseline 0.01 -16"><span class='ocrx_word' id='word_1_81' title='bbox 588 1744 722 1799; x_wconf 90' lang='lat' dir='ltr'><strong><em>Ibid.</em></strong></span> <span class='ocrx_word' id='word_1_82' title='bbox 756 1744 817 1800; x_wconf 87' lang='lat' dir='ltr'><strong><em>Si</em></strong></span> <span class='ocrx_word' id='word_1_83' title='bbox 855 1747 968 1815; x_wconf 77' lang='lat' dir='ltr'><strong><em>ﬁeri</em></strong></span> <span class='ocrx_word' id='word_1_84' title='bbox 1007 1760 1192 1815; x_wconf 80' lang='lat' dir='ltr'><strong><em>posset,</em></strong></span> <span class='ocrx_word' id='word_1_85' title='bbox 1220 1763 1276 1808; x_wconf 89' lang='lat' dir='ltr'><strong><em>et</em></strong></span> 
     </span>
    </p>
   </div>
   <div class='ocr_carea' id='block_1_29' title="bbox 519 1815 1276 1887">
    <p class='ocr_par' dir='ltr' id='par_1_29' title="bbox 519 1815 1276 1887">
     <span class='ocr_line' id='line_1_29' title="bbox 519 1815 1276 1887; baseline 0.015 -20"><span class='ocrx_word' id='word_1_86' title='bbox 519 1815 721 1887; x_wconf 67' lang='lat' dir='ltr'><strong><em>reliqua</em></strong></span> <span class='ocrx_word' id='word_1_87' title='bbox 770 1830 935 1887; x_wconf 87' lang='lat' dir='ltr'><strong><em>usque</em></strong></span> <span class='ocrx_word' id='word_1_88' title='bbox 963 1819 1029 1873; x_wconf 85' lang='lat' dir='ltr'><strong><em>ad</em></strong></span> <span class='ocrx_word' id='word_1_89' title='bbox 1060 1821 1276 1877; x_wconf 85' lang='lat' dir='ltr'><strong><em>mitteret</em></strong></span> 
     </span>
    </p>
   </div>
   <div class='ocr_carea' id='block_1_30' title="bbox 518 1884 875 1955">
    <p class='ocr_par' dir='ltr' id='par_1_30' title="bbox 518 1884 875 1955">
     <span class='ocr_line' id='line_1_30' title="bbox 518 1884 875 1955; baseline 0 -16"><span class='ocrx_word' id='word_1_90' title='bbox 518 1884 572 1940; x_wconf 91' lang='lat' dir='ltr'><strong><em>in</em></strong></span> <span class='ocrx_word' id='word_1_91' title='bbox 600 1884 875 1955; x_wconf 75' lang='lat' dir='ltr'><strong><em>gehennas.</em></strong></span> 
     </span>
    </p>
   </div>
   <div class='ocr_carea' id='block_1_31' title="bbox 588 1955 1271 2041">
    <p class='ocr_par' dir='ltr' id='par_1_31' title="bbox 588 1955 1271 2041">
     <span class='ocr_line' id='line_1_31' title="bbox 588 1955 1271 2041; baseline 0.013 -31"><span class='ocrx_word' id='word_1_92' title='bbox 588 1956 720 2013; x_wconf 93' lang='lat' dir='ltr'><strong><em>Ibid.</em></strong></span> <span class='ocrx_word' id='word_1_93' title='bbox 738 1955 805 2011; x_wconf 88' lang='lat' dir='ltr'><strong><em>Id</em></strong></span> <span class='ocrx_word' id='word_1_94' title='bbox 831 1963 1141 2041; x_wconf 71' lang='lat' dir='ltr'><strong><em>est,verbum</em></strong></span> <span class='ocrx_word' id='word_1_95' title='bbox 1155 1962 1271 2019; x_wconf 68' lang='lat' dir='ltr'><strong><em>Dii.</em></strong></span> 
     </span>
    </p>
   </div>
   <div class='ocr_carea' id='block_1_32' title="bbox 1621 1469 2097 1545">
    <p class='ocr_par' dir='ltr' id='par_1_32' title="bbox 1621 1469 2097 1545">
     <span class='ocr_line' id='line_1_32' title="bbox 1621 1469 2097 1545; baseline 0.006 -20"><span class='ocrx_word' id='word_1_96' title='bbox 1621 1469 2097 1545; x_wconf 84' lang='lat' dir='ltr'><strong><em>Cencupiscentiam</em></strong></span> 
     </span>
    </p>
   </div>
   <div class='ocr_carea' id='block_1_33' title="bbox 1338 1540 1742 1597">
    <p class='ocr_par' dir='ltr' id='par_1_33' title="bbox 1338 1540 1742 1597">
     <span class='ocr_line' id='line_1_33' title="bbox 1338 1540 1742 1597; baseline 0.012 -5"><span class='ocrx_word' id='word_1_97' title='bbox 1338 1554 1486 1593; x_wconf 89' lang='lat' dir='ltr'><strong><em>suam</em></strong></span> <span class='ocrx_word' id='word_1_98' title='bbox 1510 1540 1742 1597; x_wconf 88' lang='lat' dir='ltr'><strong><em>damnat.</em></strong></span> 
     </span>
    </p>
   </div>
   <div class='ocr_carea' id='block_1_34' title="bbox 1410 1609 1915 1669">
    <p class='ocr_par' dir='ltr' id='par_1_34' title="bbox 1410 1609 1915 1669">
     <span class='ocr_line' id='line_1_34' title="bbox 1410 1609 1915 1669; baseline 0.008 -4"><span class='ocrx_word' id='word_1_99' title='bbox 1410 1610 1486 1666; x_wconf 91' lang='lat' dir='ltr'><strong><em>Id.</em></strong></span> <span class='ocrx_word' id='word_1_100' title='bbox 1531 1609 1761 1668; x_wconf 85' lang='lat' dir='ltr'><strong><em>Dicenda</em></strong></span> <span class='ocrx_word' id='word_1_101' title='bbox 1800 1614 1915 1669; x_wconf 83' lang='lat' dir='ltr'><strong><em>sibi.</em></strong></span> 
     </span>
    </p>
   </div>
   <div class='ocr_carea' id='block_1_35' title="bbox 1410 1751 2095 1814">
    <p class='ocr_par' dir='ltr' id='par_1_35' title="bbox 1410 1751 2095 1814">
     <span class='ocr_line' id='line_1_35' title="bbox 1410 1751 2095 1814; baseline 0.01 -8"><span class='ocrx_word' id='word_1_102' title='bbox 1410 1751 1489 1807; x_wconf 89' lang='lat' dir='ltr'><strong><em>Id.</em></strong></span> <span class='ocrx_word' id='word_1_103' title='bbox 1533 1754 1869 1811; x_wconf 88' lang='lat' dir='ltr'><strong><em>solummodo</em></strong></span> <span class='ocrx_word' id='word_1_104' title='bbox 1900 1756 2057 1811; x_wconf 83' lang='lat' dir='ltr'><strong><em>habet</em></strong></span> <span class='ocrx_word' id='word_1_105' title='bbox 2078 1770 2095 1814; x_wconf 87' lang='lat'><strong>:</strong></span> 
     </span>
    </p>
   </div>
   <div class='ocr_carea' id='block_1_36' title="bbox 1342 1822 2099 1897">
    <p class='ocr_par' dir='ltr' id='par_1_36' title="bbox 1342 1822 2099 1897">
     <span class='ocr_line' id='line_1_36' title="bbox 1342 1822 2099 1897; baseline 0.005 -21"><span class='ocrx_word' id='word_1_106' title='bbox 1342 1822 1387 1876; x_wconf 91' lang='lat'><em>0</em></span> <span class='ocrx_word' id='word_1_107' title='bbox 1416 1825 1461 1877; x_wconf 94' lang='lat' dir='ltr'><strong><em>si</em></strong></span> <span class='ocrx_word' id='word_1_108' title='bbox 1497 1826 1782 1897; x_wconf 80' lang='lat' dir='ltr'><strong><em>indulgeret</em></strong></span> <span class='ocrx_word' id='word_1_109' title='bbox 1830 1827 1966 1882; x_wconf 85' lang='lat' dir='ltr'><strong><em>Deus</em></strong></span> <span class='ocrx_word' id='word_1_110' title='bbox 1988 1870 2000 1891; x_wconf 90' lang='lat'><strong><em>,</em></strong></span> <span class='ocrx_word' id='word_1_111' title='bbox 2052 1836 2099 1882; x_wconf 93' lang='lat' dir='ltr'><strong><em>et</em></strong></span> 
     </span>
    </p>
   </div>
   <div class='ocr_carea' id='block_1_37' title="bbox 1340 1896 2097 1966">
    <p class='ocr_par' dir='ltr' id='par_1_37' title="bbox 1340 1896 2097 1966">
     <span class='ocr_line' id='line_1_37' title="bbox 1340 1896 2097 1966; baseline 0.009 -18"><span class='ocrx_word' id='word_1_112' title='bbox 1340 1909 1441 1949; x_wconf 86' lang='lat' dir='ltr'><strong><em>non</em></strong></span> <span class='ocrx_word' id='word_1_113' title='bbox 1472 1896 1688 1966; x_wconf 84' lang='lat' dir='ltr'><strong><em>mitteret</em></strong></span> <span class='ocrx_word' id='word_1_114' title='bbox 1710 1898 1763 1950; x_wconf 91' lang='lat' dir='ltr'><strong><em>in</em></strong></span> <span class='ocrx_word' id='word_1_115' title='bbox 1792 1898 2097 1966; x_wconf 82' lang='lat' dir='ltr'><strong><em>gehennam.</em></strong></span> 
     </span>
    </p>
   </div>
   <div class='ocr_carea' id='block_1_38' title="bbox 1340 1965 2103 2089">
    <p class='ocr_par' dir='ltr' id='par_1_38' title="bbox 1340 1965 2103 2089">
     <span class='ocr_line' id='line_1_38' title="bbox 1340 1965 2103 2089; baseline 0.008 -71"><span class='ocrx_word' id='word_1_116' title='bbox 1340 2034 1389 2089; x_wconf 69' lang='grc' dir='ltr'><strong><em>υ</em></strong></span> <span class='ocrx_word' id='word_1_117' title='bbox 1414 1966 1487 2047; x_wconf 79' lang='lat' dir='ltr'><strong><em>Id.</em></strong></span> <span class='ocrx_word' id='word_1_118' title='bbox 1530 1965 1599 2021; x_wconf 85' lang='lat' dir='ltr'><strong><em>1d</em></strong></span> <span class='ocrx_word' id='word_1_119' title='bbox 1623 1978 1697 2023; x_wconf 91' lang='lat' dir='ltr'><strong><em>est</em></strong></span> <span class='ocrx_word' id='word_1_120' title='bbox 1730 1965 1866 2024; x_wconf 82' lang='lat' dir='ltr'><strong><em>Deus</em></strong></span> <span class='ocrx_word' id='word_1_121' title='bbox 1895 1970 2103 2025; x_wconf 87' lang='lat' dir='ltr'><strong><em>verbum</em></strong></span> 
     </span>
     <span class='ocr_line' id='line_1_39' title="bbox 1393 2053 1456 2089; baseline 0 0"><span class='ocrx_word' id='word_1_122' title='bbox 1393 2053 1456 2089; x_wconf 82' lang='lat' dir='ltr'><strong><em>ei.</em></strong></span> 
     </span>
    </p>
   </div>
   <div class='ocr_carea' id='block_1_39' title="bbox 1393 2053 1456 2092">
    <p class='ocr_par' dir='ltr' id='par_1_39' title="bbox 1393 2053 1456 2092">
     <span class='ocr_line' id='line_1_40' title="bbox 1393 2053 1456 2092; baseline 0.048 -3"><span class='ocrx_word' id='word_1_123' title='bbox 1393 2053 1456 2092; x_wconf 72' lang='grc' dir='ltr'><strong>ει.</strong></span> 
     </span>
    </p>
   </div>
   <div class='ocr_carea' id='block_1_40' title="bbox 1411 2106 2104 2179">
    <p class='ocr_par' dir='ltr' id='par_1_40' title="bbox 1411 2106 2104 2179">
     <span class='ocr_line' id='line_1_41' title="bbox 1411 2106 2104 2179; baseline 0.012 -18"><span class='ocrx_word' id='word_1_124' title='bbox 1411 2108 1488 2163; x_wconf 93' lang='lat' dir='ltr'><strong><em>Id.</em></strong></span> <span class='ocrx_word' id='word_1_125' title='bbox 1533 2106 1637 2164; x_wconf 88' lang='lat' dir='ltr'><strong><em>Sed</em></strong></span> <span class='ocrx_word' id='word_1_126' title='bbox 1681 2111 1831 2166; x_wconf 79' lang='lat' dir='ltr'><strong><em>aliter</em></strong></span> <span class='ocrx_word' id='word_1_127' title='bbox 1858 2112 2104 2179; x_wconf 90' lang='lat' dir='ltr'><strong><em>impressa</em></strong></span> 
     </span>
    </p>
   </div>
   <div class='ocr_carea' id='block_1_41' title="bbox 1341 2179 2104 2248">
    <p class='ocr_par' dir='ltr' id='par_1_41' title="bbox 1341 2179 2104 2248">
     <span class='ocr_line' id='line_1_42' title="bbox 1341 2179 2104 2248; baseline 0.005 -15"><span class='ocrx_word' id='word_1_128' title='bbox 1341 2187 1414 2233; x_wconf 92' lang='lat' dir='ltr'><strong><em>est</em></strong></span> <span class='ocrx_word' id='word_1_129' title='bbox 1458 2179 1511 2231; x_wconf 92' lang='lat' dir='ltr'><strong><em>in</em></strong></span> <span class='ocrx_word' id='word_1_130' title='bbox 1537 2197 1744 2236; x_wconf 89' lang='lat' dir='ltr'><strong><em>nummo</em></strong></span> <span class='ocrx_word' id='word_1_131' title='bbox 1763 2224 1778 2248; x_wconf 97' lang='lat'><strong><em>,</em></strong></span> <span class='ocrx_word' id='word_1_132' title='bbox 1833 2183 1985 2237; x_wconf 85' lang='lat' dir='ltr'><strong><em>aliter</em></strong></span> <span class='ocrx_word' id='word_1_133' title='bbox 2011 2184 2104 2237; x_wconf 87' lang='lat' dir='ltr'><strong><em>ha-</em></strong></span> 
     </span>
    </p>
   </div>
   <div class='ocr_carea' id='block_1_42' title="bbox 1344 2251 2103 2320">
    <p class='ocr_par' dir='ltr' id='par_1_42' title="bbox 1344 2251 2103 2320">
     <span class='ocr_line' id='line_1_43' title="bbox 1344 2251 2103 2320; baseline 0.017 -19"><span class='ocrx_word' id='word_1_134' title='bbox 1344 2251 1487 2302; x_wconf 88' lang='lat' dir='ltr'><strong><em>betur</em></strong></span> <span class='ocrx_word' id='word_1_135' title='bbox 1517 2251 1570 2303; x_wconf 90' lang='lat' dir='ltr'><strong><em>in</em></strong></span> <span class='ocrx_word' id='word_1_136' title='bbox 1600 2252 1708 2320; x_wconf 80' lang='lat' dir='ltr'><strong><em>[ilio</em></strong></span> <span class='ocrx_word' id='word_1_137' title='bbox 1726 2269 1746 2319; x_wconf 88' lang='lat'><strong><em>;</em></strong></span> <span class='ocrx_word' id='word_1_138' title='bbox 1786 2264 1977 2309; x_wconf 62' lang='lat' dir='ltr'><strong><em>cetera</em></strong></span> <span class='ocrx_word' id='word_1_139' title='bbox 2008 2255 2103 2313; x_wconf 86' lang='lat' dir='ltr'><strong><em>de-</em></strong></span> 
     </span>
    </p>
   </div>
   <div class='ocr_carea' id='block_1_43' title="bbox 1345 2322 1997 2392">
    <p class='ocr_par' dir='ltr' id='par_1_43' title="bbox 1345 2322 1997 2392">
     <span class='ocr_line' id='line_1_44' title="bbox 1345 2322 1997 2392; baseline 0.005 -16"><span class='ocrx_word' id='word_1_140' title='bbox 1345 2330 1489 2387; x_wconf 87' lang='lat' dir='ltr'><strong><em>sunt,</em></strong></span> <span class='ocrx_word' id='word_1_141' title='bbox 1517 2322 1809 2392; x_wconf 65' lang='lat' dir='ltr'><strong><em>etquidem</em></strong></span> <span class='ocrx_word' id='word_1_142' title='bbox 1838 2325 1997 2379; x_wconf 88' lang='lat' dir='ltr'><strong><em>bene.</em></strong></span> 
     </span>
    </p>
   </div>
   <div class='ocr_carea' id='block_1_44' title="bbox 1418 2390 2108 2452">
    <p class='ocr_par' dir='ltr' id='par_1_44' title="bbox 1418 2390 2108 2452">
     <span class='ocr_line' id='line_1_45' title="bbox 1418 2390 2108 2452; baseline 0.007 -8"><span class='ocrx_word' id='word_1_143' title='bbox 1418 2392 1492 2445; x_wconf 92' lang='lat' dir='ltr'><strong><em>Id.</em></strong></span> <span class='ocrx_word' id='word_1_144' title='bbox 1541 2390 1625 2447; x_wconf 48' lang='lat' dir='ltr'><strong><em>Te&#39;</em></strong></span> <span class='ocrx_word' id='word_1_145' title='bbox 1646 2402 1703 2448; x_wconf 90' lang='lat' dir='ltr'><strong><em>ut</em></strong></span> <span class='ocrx_word' id='word_1_146' title='bbox 1731 2396 1942 2451; x_wconf 86' lang='lat' dir='ltr'><strong><em>imiteris</em></strong></span> <span class='ocrx_word' id='word_1_147' title='bbox 1984 2396 2108 2452; x_wconf 90' lang='lat' dir='ltr'><strong><em>hor-</em></strong></span> 
     </span>
    </p>
   </div>
   <div class='ocr_carea' id='block_1_45' title="bbox 1346 2471 1503 2517">
    <p class='ocr_par' dir='ltr' id='par_1_45' title="bbox 1346 2471 1503 2517">
     <span class='ocr_line' id='line_1_46' title="bbox 1346 2471 1503 2517; baseline 0.013 -2"><span class='ocrx_word' id='word_1_148' title='bbox 1346 2471 1503 2517; x_wconf 89' lang='lat' dir='ltr'><strong><em>tatur.</em></strong></span> 
     </span>
    </p>
   </div>
   <div class='ocr_carea' id='block_1_46' title="bbox 1416 2534 2108 2608">
    <p class='ocr_par' dir='ltr' id='par_1_46' title="bbox 1416 2534 2108 2608">
     <span class='ocr_line' id='line_1_47' title="bbox 1416 2534 2108 2608; baseline 0.01 -19"><span class='ocrx_word' id='word_1_149' title='bbox 1416 2534 1493 2589; x_wconf 89' lang='lat' dir='ltr'><strong><em>Id.</em></strong></span> <span class='ocrx_word' id='word_1_150' title='bbox 1530 2534 1713 2591; x_wconf 84' lang='lat' dir='ltr'><strong><em>Odisse</em></strong></span> <span class='ocrx_word' id='word_1_151' title='bbox 1733 2548 1782 2593; x_wconf 88' lang='lat' dir='ltr'><strong><em>te</em></strong></span> <span class='ocrx_word' id='word_1_152' title='bbox 1803 2537 1955 2594; x_wconf 88' lang='lat' dir='ltr'><strong><em>talem</em></strong></span> <span class='ocrx_word' id='word_1_153' title='bbox 1979 2555 2108 2608; x_wconf 85' lang='lat' dir='ltr'><strong><em>qua-</em></strong></span> 
     </span>
    </p>
   </div>
   <div class='ocr_carea' id='block_1_47' title="bbox 1346 2605 1513 2659">
    <p class='ocr_par' dir='ltr' id='par_1_47' title="bbox 1346 2605 1513 2659">
     <span class='ocr_line' id='line_1_48' title="bbox 1346 2605 1513 2659; baseline -0.012 0"><span class='ocrx_word' id='word_1_154' title='bbox 1346 2605 1411 2659; x_wconf 90' lang='lat' dir='ltr'><strong><em>lis</em></strong></span> <span class='ocrx_word' id='word_1_155' title='bbox 1442 2621 1513 2659; x_wconf 90' lang='lat' dir='ltr'><strong><em>es.</em></strong></span> 
     </span>
    </p>
   </div>
   <div class='ocr_carea' id='block_1_48' title="bbox 1422 2676 2108 2745">
    <p class='ocr_par' dir='ltr' id='par_1_48' title="bbox 1422 2676 2108 2745">
     <span class='ocr_line' id='line_1_49' title="bbox 1422 2676 2108 2745; baseline 0.012 -15"><span class='ocrx_word' id='word_1_156' title='bbox 1422 2676 1499 2730; x_wconf 91' lang='lat' dir='ltr'><strong><em>Id.</em></strong></span> <span class='ocrx_word' id='word_1_157' title='bbox 1529 2676 1620 2731; x_wconf 92' lang='lat' dir='ltr'><strong><em>Sic</em></strong></span> <span class='ocrx_word' id='word_1_158' title='bbox 1648 2678 1855 2745; x_wconf 87' lang='lat' dir='ltr'><strong><em>odium,</em></strong></span> <span class='ocrx_word' id='word_1_159' title='bbox 1880 2682 1954 2735; x_wconf 91' lang='lat' dir='ltr'><strong><em>sic</em></strong></span> <span class='ocrx_word' id='word_1_160' title='bbox 1982 2698 2108 2738; x_wconf 91' lang='lat' dir='ltr'><strong><em>con-</em></strong></span> 
     </span>
    </p>
   </div>
   <div class='ocr_carea' id='block_1_49' title="bbox 1350 2748 2045 2810">
    <p class='ocr_par' dir='ltr' id='par_1_49' title="bbox 1350 2748 2045 2810">
     <span class='ocr_line' id='line_1_50' title="bbox 1350 2748 2045 2810; baseline 0.009 -8"><span class='ocrx_word' id='word_1_161' title='bbox 1350 2748 1683 2810; x_wconf 86' lang='lat' dir='ltr'><strong><em>cupiscentia,</em></strong></span> <span class='ocrx_word' id='word_1_162' title='bbox 1718 2752 1794 2804; x_wconf 88' lang='lat' dir='ltr'><strong><em>sic</em></strong></span> <span class='ocrx_word' id='word_1_163' title='bbox 1817 2753 2045 2809; x_wconf 74' lang='lat' dir='ltr'><strong><em>luxuria.</em></strong></span> 
     </span>
    </p>
   </div>
   <div class='ocr_carea' id='block_1_50' title="bbox 1442 2816 2102 2893">
    <p class='ocr_par' dir='ltr' id='par_1_50' title="bbox 1442 2816 2102 2893">
     <span class='ocr_line' id='line_1_51' title="bbox 1442 2816 2102 2893; baseline 0.012 -20"><span class='ocrx_word' id='word_1_164' title='bbox 1442 2818 1497 2873; x_wconf 92' lang='lat' dir='ltr'><strong><em>d.</em></strong></span> <span class='ocrx_word' id='word_1_165' title='bbox 1538 2816 1778 2891; x_wconf 87' lang='lat' dir='ltr'><strong><em>Pejorem</em></strong></span> <span class='ocrx_word' id='word_1_166' title='bbox 1836 2826 1952 2880; x_wconf 85' lang='lat' dir='ltr'><strong><em>sine</em></strong></span> <span class='ocrx_word' id='word_1_167' title='bbox 2015 2833 2102 2893; x_wconf 87' lang='lat' dir='ltr'><strong><em>et,</em></strong></span> 
     </span>
    </p>
   </div>
   <div class='ocr_carea' id='block_1_51' title="bbox 1344 2891 1503 2947">
    <p class='ocr_par' dir='ltr' id='par_1_51' title="bbox 1344 2891 1503 2947">
     <span class='ocr_line' id='line_1_52' title="bbox 1344 2891 1503 2947; baseline -0.025 0"><span class='ocrx_word' id='word_1_168' title='bbox 1344 2891 1503 2947; x_wconf 86' lang='lat' dir='ltr'><strong><em>bene.</em></strong></span> 
     </span>
    </p>
   </div>
   <div class='ocr_carea' id='block_1_52' title="bbox 1418 2961 2009 3023">
    <p class='ocr_par' dir='ltr' id='par_1_52' title="bbox 1418 2961 2009 3023">
     <span class='ocr_line' id='line_1_53' title="bbox 1418 2961 2009 3023; baseline 0.012 -8"><span class='ocrx_word' id='word_1_169' title='bbox 1418 2962 1495 3016; x_wconf 92' lang='lat' dir='ltr'><strong><em>Id.</em></strong></span> <span class='ocrx_word' id='word_1_170' title='bbox 1540 2961 1650 3016; x_wconf 85' lang='lat' dir='ltr'><strong><em>Nec</em></strong></span> <span class='ocrx_word' id='word_1_171' title='bbox 1677 2980 1855 3018; x_wconf 90' lang='lat' dir='ltr'><strong><em>amara</em></strong></span> <span class='ocrx_word' id='word_1_172' title='bbox 1883 2966 2009 3023; x_wconf 90' lang='lat' dir='ltr'><strong><em>sint.</em></strong></span> 
     </span>
    </p>
   </div>
   <div class='ocr_carea' id='block_1_53' title="bbox 562 2101 1277 2177">
    <p class='ocr_par' dir='ltr' id='par_1_53' title="bbox 562 2101 1277 2177">
     <span class='ocr_line' id='line_1_54' title="bbox 562 2101 1277 2177; baseline 0.006 -22"><span class='ocrx_word' id='word_1_173' title='bbox 562 2101 725 2177; x_wconf 34' lang='lat' dir='ltr'><strong><em>“Ibid.</em></strong></span> <span class='ocrx_word' id='word_1_174' title='bbox 785 2104 889 2177; x_wconf 87' lang='lat' dir='ltr'><strong><em>Sed</em></strong></span> <span class='ocrx_word' id='word_1_175' title='bbox 959 2107 1105 2161; x_wconf 86' lang='lat' dir='ltr'><strong><em>aliter</em></strong></span> <span class='ocrx_word' id='word_1_176' title='bbox 1167 2108 1277 2159; x_wconf 86' lang='lat' dir='ltr'><strong><em>im-</em></strong></span> 
     </span>
    </p>
   </div>
   <div class='ocr_carea' id='block_1_54' title="bbox 522 2176 1274 2243">
    <p class='ocr_par' dir='ltr' id='par_1_54' title="bbox 522 2176 1274 2243">
     <span class='ocr_line' id='line_1_55' title="bbox 522 2176 1274 2243; baseline 0.009 -19"><span class='ocrx_word' id='word_1_177' title='bbox 522 2189 695 2240; x_wconf 86' lang='lat' dir='ltr'><strong><em>pressa</em></strong></span> <span class='ocrx_word' id='word_1_178' title='bbox 724 2183 795 2228; x_wconf 84' lang='lat' dir='ltr'><strong><em>est</em></strong></span> <span class='ocrx_word' id='word_1_179' title='bbox 826 2176 879 2227; x_wconf 89' lang='lat' dir='ltr'><strong><em>in</em></strong></span> <span class='ocrx_word' id='word_1_180' title='bbox 909 2192 1135 2243; x_wconf 90' lang='lat' dir='ltr'><strong><em>nummo,</em></strong></span> <span class='ocrx_word' id='word_1_181' title='bbox 1176 2179 1274 2231; x_wconf 90' lang='lat' dir='ltr'><strong><em>ali-</em></strong></span> 
     </span>
    </p>
   </div>
   <div class='ocr_carea' id='block_1_55' title="bbox 522 2244 1279 2310">
    <p class='ocr_par' dir='ltr' id='par_1_55' title="bbox 522 2244 1279 2310">
     <span class='ocr_line' id='line_1_56' title="bbox 522 2244 1279 2310; baseline 0.009 -15"><span class='ocrx_word' id='word_1_182' title='bbox 522 2250 597 2305; x_wconf 82' lang='lat' dir='ltr'><strong><em>ter</em></strong></span> <span class='ocrx_word' id='word_1_183' title='bbox 618 2245 670 2297; x_wconf 88' lang='lat' dir='ltr'><strong><em>in</em></strong></span> <span class='ocrx_word' id='word_1_184' title='bbox 696 2244 825 2310; x_wconf 82' lang='lat' dir='ltr'><strong><em>ﬁlio,</em></strong></span> <span class='ocrx_word' id='word_1_185' title='bbox 858 2247 1006 2300; x_wconf 83' lang='lat' dir='ltr'><strong><em>aliter</em></strong></span> <span class='ocrx_word' id='word_1_186' title='bbox 1028 2249 1082 2301; x_wconf 86' lang='lat' dir='ltr'><strong><em>in</em></strong></span> <span class='ocrx_word' id='word_1_187' title='bbox 1112 2247 1279 2302; x_wconf 84' lang='lat' dir='ltr'><strong><em>solido</em></strong></span> 
     </span>
    </p>
   </div>
   <div class='ocr_carea' id='block_1_56' title="bbox 524 2316 1243 2387">
    <p class='ocr_par' dir='ltr' id='par_1_56' title="bbox 524 2316 1243 2387">
     <span class='ocr_line' id='line_1_57' title="bbox 524 2316 1243 2387; baseline 0.01 -21"><span class='ocrx_word' id='word_1_188' title='bbox 524 2330 680 2387; x_wconf 82' lang='lat' dir='ltr'><strong><em>aureo</em></strong></span> <span class='ocrx_word' id='word_1_189' title='bbox 696 2316 877 2387; x_wconf 60' lang='lat' dir='ltr'><strong><em>imago</em></strong></span> <span class='ocrx_word' id='word_1_190' title='bbox 904 2319 1243 2387; x_wconf 85' lang='lat' dir='ltr'><strong><em>imperatoris.</em></strong></span> 
     </span>
    </p>
   </div>
   <div class='ocr_carea' id='block_1_57' title="bbox 527 2385 1285 2509">
    <p class='ocr_par' dir='ltr' id='par_1_57' title="bbox 527 2385 1285 2509">
     <span class='ocr_line' id='line_1_58' title="bbox 527 2385 1285 2509; baseline 0.011 -73"><span class='ocrx_word' id='word_1_191' title='bbox 527 2463 545 2509; x_wconf 56' lang='grc' dir='ltr'><em>ι</em></span> <span class='ocrx_word' id='word_1_192' title='bbox 599 2385 729 2439; x_wconf 87' lang='lat' dir='ltr'><strong><em>Ibid.</em></strong></span> <span class='ocrx_word' id='word_1_193' title='bbox 764 2385 832 2441; x_wconf 90' lang='lat' dir='ltr'><strong><em>Te</em></strong></span> <span class='ocrx_word' id='word_1_194' title='bbox 859 2399 914 2442; x_wconf 89' lang='lat' dir='ltr'><strong><em>ut</em></strong></span> <span class='ocrx_word' id='word_1_195' title='bbox 940 2385 1146 2444; x_wconf 88' lang='lat' dir='ltr'><strong><em>muteris</em></strong></span> <span class='ocrx_word' id='word_1_196' title='bbox 1169 2390 1285 2444; x_wconf 88' lang='lat' dir='ltr'><strong><em>hor-</em></strong></span> 
     </span>
     <span class='ocr_line' id='line_1_59' title="bbox 548 2464 685 2509; baseline 0 0"><span class='ocrx_word' id='word_1_197' title='bbox 548 2464 685 2509; x_wconf 86' lang='lat' dir='ltr'><strong><em>atur.</em></strong></span> 
     </span>
    </p>
   </div>
   <div class='ocr_carea' id='block_1_58' title="bbox 548 2464 685 2509">
    <p class='ocr_par' dir='ltr' id='par_1_58' title="bbox 548 2464 685 2509">
     <span class='ocr_line' id='line_1_60' title="bbox 548 2464 685 2509; baseline 0 0"><span class='ocrx_word' id='word_1_198' title='bbox 548 2464 685 2509; x_wconf 86' lang='lat' dir='ltr'><strong><em>atur.</em></strong></span> 
     </span>
    </p>
   </div>
   <div class='ocr_carea' id='block_1_59' title="bbox 594 2524 1281 2603">
    <p class='ocr_par' dir='ltr' id='par_1_59' title="bbox 594 2524 1281 2603">
     <span class='ocr_line' id='line_1_61' title="bbox 594 2524 1281 2603; baseline 0.007 -22"><span class='ocrx_word' id='word_1_199' title='bbox 594 2524 727 2582; x_wconf 89' lang='lat' dir='ltr'><strong><em>Ibid.</em></strong></span> <span class='ocrx_word' id='word_1_200' title='bbox 759 2526 838 2583; x_wconf 90' lang='lat' dir='ltr'><strong><em>Tu</em></strong></span> <span class='ocrx_word' id='word_1_201' title='bbox 859 2531 1026 2586; x_wconf 89' lang='lat' dir='ltr'><strong><em>odisse</em></strong></span> <span class='ocrx_word' id='word_1_202' title='bbox 1045 2540 1093 2587; x_wconf 91' lang='lat' dir='ltr'><strong><em>te</em></strong></span> <span class='ocrx_word' id='word_1_203' title='bbox 1110 2529 1281 2603; x_wconf 84' lang='lat' dir='ltr'><strong><em>qualis</em></strong></span> 
     </span>
    </p>
   </div>
   <div class='ocr_carea' id='block_1_60' title="bbox 527 2612 578 2650">
    <p class='ocr_par' dir='ltr' id='par_1_60' title="bbox 527 2612 578 2650">
     <span class='ocr_line' id='line_1_62' title="bbox 527 2612 578 2650; baseline 0 0"><span class='ocrx_word' id='word_1_204' title='bbox 527 2612 578 2650; x_wconf 67' lang='grc' dir='ltr'><strong><em>σε</em></strong></span> 
     </span>
    </p>
   </div>
   <div class='ocr_carea' id='block_1_61' title="bbox 586 2634 1281 2741">
    <p class='ocr_par' dir='ltr' id='par_1_61' title="bbox 586 2634 1281 2741">
     <span class='ocr_line' id='line_1_63' title="bbox 586 2634 1281 2741; baseline 0.012 -20"><span class='ocrx_word' id='word_1_205' title='bbox 586 2634 656 2721; x_wconf 58' lang='lat' dir='ltr'><strong><em>is.</em></strong></span> <span class='ocrx_word' id='word_1_206' title='bbox 684 2670 771 2724; x_wconf 65' lang='grc' dir='ltr'><strong>ιιι.</strong></span> <span class='ocrx_word' id='word_1_207' title='bbox 804 2670 892 2727; x_wconf 90' lang='lat' dir='ltr'><strong><em>Sic</em></strong></span> <span class='ocrx_word' id='word_1_208' title='bbox 921 2673 1128 2741; x_wconf 89' lang='lat' dir='ltr'><strong><em>odium,</em></strong></span> <span class='ocrx_word' id='word_1_209' title='bbox 1161 2690 1281 2729; x_wconf 93' lang='lat' dir='ltr'><strong><em>con-</em></strong></span> 
     </span>
    </p>
   </div>
   <div class='ocr_carea' id='block_1_62' title="bbox 532 2740 1122 2822">
    <p class='ocr_par' dir='ltr' id='par_1_62' title="bbox 532 2740 1122 2822">
     <span class='ocr_line' id='line_1_64' title="bbox 532 2740 1122 2822; baseline 0.017 -31"><span class='ocrx_word' id='word_1_210' title='bbox 532 2740 869 2822; x_wconf 67' lang='lat' dir='ltr'><strong><em>cupiscentia,</em></strong></span> <span class='ocrx_word' id='word_1_211' title='bbox 895 2740 1122 2801; x_wconf 74' lang='lat' dir='ltr'><strong><em>luxuria.</em></strong></span> 
     </span>
    </p>
   </div>
   <div class='ocr_carea' id='block_1_63' title="bbox 596 2811 1278 2886">
    <p class='ocr_par' dir='ltr' id='par_1_63' title="bbox 596 2811 1278 2886">
     <span class='ocr_line' id='line_1_65' title="bbox 596 2811 1278 2886; baseline 0.009 -21"><span class='ocrx_word' id='word_1_212' title='bbox 596 2811 729 2866; x_wconf 86' lang='lat' dir='ltr'><strong><em>Ibid.</em></strong></span> <span class='ocrx_word' id='word_1_213' title='bbox 764 2811 829 2866; x_wconf 88' lang='lat' dir='ltr'><strong><em>Et</em></strong></span> <span class='ocrx_word' id='word_1_214' title='bbox 850 2817 1097 2886; x_wconf 77' lang='lat' dir='ltr'><strong><em>peiorem,</em></strong></span> <span class='ocrx_word' id='word_1_215' title='bbox 1123 2816 1278 2873; x_wconf 82' lang='lat' dir='ltr'><strong><em>male.</em></strong></span> 
     </span>
    </p>
   </div>
   <div class='ocr_carea' id='block_1_64' title="bbox 568 2952 1278 3014">
    <p class='ocr_par' dir='ltr' id='par_1_64' title="bbox 568 2952 1278 3014">
     <span class='ocr_line' id='line_1_66' title="bbox 568 2952 1278 3014; baseline 0.011 -9"><span class='ocrx_word' id='word_1_216' title='bbox 568 2994 570 2996; x_wconf 51' lang='grc' dir='ltr'><strong><em>τ</em></strong></span> <span class='ocrx_word' id='word_1_217' title='bbox 596 2952 659 3006; x_wconf 87' lang='grc' dir='ltr'><strong><em>Ν.</em></strong></span> <span class='ocrx_word' id='word_1_218' title='bbox 688 2954 775 3009; x_wconf 73' lang='grc'><strong><em>12.</em></strong></span> <span class='ocrx_word' id='word_1_219' title='bbox 811 2954 920 3011; x_wconf 88' lang='lat' dir='ltr'><strong><em>Nec</em></strong></span> <span class='ocrx_word' id='word_1_220' title='bbox 940 2975 1119 3012; x_wconf 89' lang='lat' dir='ltr'><strong><em>amara</em></strong></span> <span class='ocrx_word' id='word_1_221' title='bbox 1139 2968 1278 3014; x_wconf 84' lang='lat' dir='ltr'><strong><em>sunt.</em></strong></span> 
     </span>
    </p>
   </div>
   <div class='ocr_carea' id='block_1_65' title="bbox 1403 345 2781 416">
    <p class='ocr_par' dir='ltr' id='par_1_65' title="bbox 1403 345 2781 416">
     <span class='ocr_line' id='line_1_67' title="bbox 1403 345 2781 416; baseline 0.005 -7"><span class='ocrx_word' id='word_1_222' title='bbox 1403 345 1777 410; x_wconf 70' lang='lat' dir='ltr'><strong><em>SERDIONUII</em></strong></span> <span class='ocrx_word' id='word_1_223' title='bbox 1816 350 2271 412; x_wconf 76' lang='lat' dir='ltr'><strong><em>GENUINOIIUM</em></strong></span> <span class='ocrx_word' id='word_1_224' title='bbox 2308 355 2366 414; x_wconf 87' lang='lat' dir='ltr'><strong><em>S.</em></strong></span> <span class='ocrx_word' id='word_1_225' title='bbox 2408 354 2781 416; x_wconf 81' lang='lat' dir='ltr'><strong><em>AUGUSTINI</em></strong></span> 
     </span>
    </p>
   </div>
   <div class='ocr_carea' id='block_1_66' title="bbox 1402 470 2958 549">
    <p class='ocr_par' dir='ltr' id='par_1_66' title="bbox 1402 470 2958 549">
     <span class='ocr_line' id='line_1_68' title="bbox 1402 470 2958 549; baseline 0.003 -23"><span class='ocrx_word' id='word_1_226' title='bbox 1402 470 1489 549; x_wconf 64' lang='grc' dir='ltr'><strong><em>Ιά.Δ</em></strong></span> <span class='ocrx_word' id='word_1_227' title='bbox 1522 471 1796 549; x_wconf 86' lang='lat' dir='ltr'><strong><em>Cantemus</em></strong></span> <span class='ocrx_word' id='word_1_228' title='bbox 1822 476 1879 549; x_wconf 83' lang='lat' dir='ltr'><strong><em>in</em></strong></span> <span class='ocrx_word' id='word_1_229' title='bbox 1903 474 2093 549; x_wconf 51' lang='lat' dir='ltr'><strong><em>psalteg</em></strong></span> <span class='ocrx_word' id='word_1_230' title='bbox 2120 476 2174 536; x_wconf 78' lang='grc' dir='ltr'><strong>Α</strong></span> <span class='ocrx_word' id='word_1_231' title='bbox 2383 473 2472 549; x_wconf 79' lang='lat' dir='ltr'><strong><em>I7.</em></strong></span> <span class='ocrx_word' id='word_1_232' title='bbox 2526 474 2652 530; x_wconf 91' lang='lat' dir='ltr'><strong><em>Non</em></strong></span> <span class='ocrx_word' id='word_1_233' title='bbox 2701 485 2958 549; x_wconf 81' lang='lat' dir='ltr'><strong><em>possunt,</em></strong></span> 
     </span>
    </p>
   </div>
   <div class='ocr_carea' id='block_1_67' title="bbox 510 538 2623 611">
    <p class='ocr_par' dir='ltr' id='par_1_67' title="bbox 510 538 2623 611">
     <span class='ocr_line' id='line_1_69' title="bbox 510 538 2623 611; baseline 0.004 -17"><span class='ocrx_word' id='word_1_234' title='bbox 510 555 618 594; x_wconf 86' lang='lat' dir='ltr'><strong><em>cem</em></strong></span> <span class='ocrx_word' id='word_1_235' title='bbox 670 538 997 593; x_wconf 77' lang='lat' dir='ltr'><strong><em>chordarum</em></strong></span> <span class='ocrx_word' id='word_1_236' title='bbox 1035 541 1264 595; x_wconf 80' lang='lat' dir='ltr'><strong><em>volumus</em></strong></span> <span class='ocrx_word' id='word_1_237' title='bbox 1328 543 1408 596; x_wconf 89' lang='lat' dir='ltr'><strong><em>rio</em></strong></span> <span class='ocrx_word' id='word_1_238' title='bbox 1454 542 1625 597; x_wconf 83' lang='lat' dir='ltr'><strong><em>decem</em></strong></span> <span class='ocrx_word' id='word_1_239' title='bbox 1669 538 2003 611; x_wconf 68' lang='lat' dir='ltr'><strong><em>chordarum,</em></strong></span> <span class='ocrx_word' id='word_1_240' title='bbox 2048 546 2093 600; x_wconf 87' lang='lat' dir='ltr'><strong><em>si</em></strong></span> <span class='ocrx_word' id='word_1_241' title='bbox 2200 544 2301 598; x_wconf 85' lang='lat' dir='ltr'><strong><em>nisi</em></strong></span> <span class='ocrx_word' id='word_1_242' title='bbox 2329 546 2623 611; x_wconf 83' lang='lat' dir='ltr'><strong><em>subrepere.</em></strong></span> 
     </span>
    </p>
   </div>
   <div class='ocr_carea' id='block_1_68' title="bbox 2198 1327 2956 1398">
    <p class='ocr_par' dir='ltr' id='par_1_68' title="bbox 2198 1327 2956 1398">
     <span class='ocr_line' id='line_1_70' title="bbox 2198 1327 2956 1398; baseline 0.011 -20"><span class='ocrx_word' id='word_1_243' title='bbox 2198 1334 2296 1398; x_wconf 83' lang='lat' dir='ltr'><strong><em>stes</em></strong></span> <span class='ocrx_word' id='word_1_244' title='bbox 2315 1327 2615 1398; x_wconf 83' lang='lat' dir='ltr'><strong><em>sacrilegas,</em></strong></span> <span class='ocrx_word' id='word_1_245' title='bbox 2637 1330 2750 1398; x_wconf 86' lang='lat' dir='ltr'><strong><em>jam</em></strong></span> <span class='ocrx_word' id='word_1_246' title='bbox 2766 1331 2956 1386; x_wconf 78' lang='lat' dir='ltr'><strong><em>desine.</em></strong></span> 
     </span>
    </p>
   </div>
   <div class='ocr_carea' id='block_1_69' title="bbox 2130 1866 2313 1947">
    <p class='ocr_par' dir='ltr' id='par_1_69' title="bbox 2130 1866 2313 1947">
     <span class='ocr_line' id='line_1_71' title="bbox 2130 1866 2313 1947; baseline 0 -1"><span class='ocrx_word' id='word_1_247' title='bbox 2130 1866 2180 1928; x_wconf 72' lang='grc' dir='ltr'><strong>Β</strong></span> <span class='ocrx_word' id='word_1_248' title='bbox 2207 1866 2313 1947; x_wconf 66' lang='lat' dir='ltr'><strong><em>eth</em></strong></span> 
     </span>
    </p>
   </div>
   <div class='ocr_carea' id='block_1_70' title="bbox 3664 377 3802 430">
    <p class='ocr_par' dir='ltr' id='par_1_70' title="bbox 3664 377 3802 430">
     <span class='ocr_line' id='line_1_72' title="bbox 3664 377 3802 430; baseline 0 -3"><span class='ocrx_word' id='word_1_249' title='bbox 3664 377 3802 430; x_wconf 72' lang='lat' dir='ltr'><strong><em>ito)</em></strong></span> 
     </span>
    </p>
   </div>
   <div class='ocr_carea' id='block_1_71' title="bbox 3098 477 3799 557">
    <p class='ocr_par' dir='ltr' id='par_1_71' title="bbox 3098 477 3799 557">
     <span class='ocr_line' id='line_1_73' title="bbox 3098 477 3799 557; baseline 0.013 -24"><span class='ocrx_word' id='word_1_250' title='bbox 3098 477 3248 557; x_wconf 88' lang='lat' dir='ltr'><strong><em>Cod._</em></strong></span> <span class='ocrx_word' id='word_1_251' title='bbox 3284 498 3355 536; x_wconf 88' lang='lat' dir='ltr'><strong><em>IV.</em></strong></span> <span class='ocrx_word' id='word_1_252' title='bbox 3398 482 3527 539; x_wconf 88' lang='lat' dir='ltr'><strong><em>Non</em></strong></span> <span class='ocrx_word' id='word_1_253' title='bbox 3578 499 3799 557; x_wconf 85' lang='lat' dir='ltr'><strong><em>possunt</em></strong></span> 
     </span>
    </p>
   </div>
   <div class='ocr_carea' id='block_1_72' title="bbox 3023 555 3459 622">
    <p class='ocr_par' dir='ltr' id='par_1_72' title="bbox 3023 555 3459 622">
     <span class='ocr_line' id='line_1_74' title="bbox 3023 555 3459 622; baseline 0.007 -15"><span class='ocrx_word' id='word_1_254' title='bbox 3023 566 3126 607; x_wconf 91' lang='lat' dir='ltr'><strong><em>non</em></strong></span> <span class='ocrx_word' id='word_1_255' title='bbox 3167 555 3459 622; x_wconf 78' lang='lat' dir='ltr'><strong><em>subrepere.</em></strong></span> 
     </span>
    </p>
   </div>
   <div class='ocr_carea' id='block_1_73' title="bbox 3098 622 3799 683">
    <p class='ocr_par' dir='ltr' id='par_1_73' title="bbox 3098 622 3799 683">
     <span class='ocr_line' id='line_1_75' title="bbox 3098 622 3799 683; baseline 0.011 -7"><span class='ocrx_word' id='word_1_256' title='bbox 3098 623 3177 676; x_wconf 91' lang='lat' dir='ltr'><strong><em>Id.</em></strong></span> <span class='ocrx_word' id='word_1_257' title='bbox 3212 622 3399 679; x_wconf 63' lang='lat' dir='ltr'><strong><em>Bestia</em></strong></span> <span class='ocrx_word' id='word_1_258' title='bbox 3420 628 3600 681; x_wconf 64' lang='lat' dir='ltr'><strong><em>multa</em></strong></span> <span class='ocrx_word' id='word_1_259' title='bbox 3629 630 3799 683; x_wconf 78' lang='lat' dir='ltr'><strong><em>minu-</em></strong></span> 
     </span>
    </p>
   </div>
   <div class='ocr_carea' id='block_1_74' title="bbox 3029 695 3691 752">
    <p class='ocr_par' dir='ltr' id='par_1_74' title="bbox 3029 695 3691 752">
     <span class='ocr_line' id='line_1_76' title="bbox 3029 695 3691 752; baseline 0.006 -5"><span class='ocrx_word' id='word_1_260' title='bbox 3029 704 3095 747; x_wconf 73' lang='lat' dir='ltr'><strong><em>ta:</em></strong></span> <span class='ocrx_word' id='word_1_261' title='bbox 3136 695 3390 750; x_wconf 84' lang='lat' dir='ltr'><strong><em>hominem</em></strong></span> <span class='ocrx_word' id='word_1_262' title='bbox 3427 700 3691 752; x_wconf 77' lang='lat' dir='ltr'><strong><em>occidant.</em></strong></span> 
     </span>
    </p>
   </div>
   <div class='ocr_carea' id='block_1_75' title="bbox 3101 764 3801 839">
    <p class='ocr_par' dir='ltr' id='par_1_75' title="bbox 3101 764 3801 839">
     <span class='ocr_line' id='line_1_77' title="bbox 3101 764 3801 839; baseline 0.013 -24"><span class='ocrx_word' id='word_1_263' title='bbox 3101 764 3176 839; x_wconf 85' lang='lat' dir='ltr'><strong><em>Id.</em></strong></span> <span class='ocrx_word' id='word_1_264' title='bbox 3237 765 3359 820; x_wconf 70' lang='lat' dir='ltr'><strong><em>Non</em></strong></span> <span class='ocrx_word' id='word_1_265' title='bbox 3408 777 3532 821; x_wconf 80' lang='lat' dir='ltr'><strong><em>sunt</em></strong></span> <span class='ocrx_word' id='word_1_266' title='bbox 3592 773 3801 839; x_wconf 79' lang='lat' dir='ltr'><strong><em>quidem</em></strong></span> 
     </span>
    </p>
   </div>
   <div class='ocr_carea' id='block_1_76' title="bbox 2272 615 2959 675">
    <p class='ocr_par' dir='ltr' id='par_1_76' title="bbox 2272 615 2959 675">
     <span class='ocr_line' id='line_1_78' title="bbox 2272 615 2959 675; baseline 0.009 -6"><span class='ocrx_word' id='word_1_267' title='bbox 2272 615 2405 671; x_wconf 86' lang='lat' dir='ltr'><strong><em>Ibid.</em></strong></span> <span class='ocrx_word' id='word_1_268' title='bbox 2445 615 2633 673; x_wconf 80' lang='lat' dir='ltr'><strong><em>Bestia:</em></strong></span> <span class='ocrx_word' id='word_1_269' title='bbox 2659 620 2832 675; x_wconf 76' lang='lat' dir='ltr'><strong><em>multa:</em></strong></span> <span class='ocrx_word' id='word_1_270' title='bbox 2860 620 2929 675; x_wconf 90' lang='lat' dir='ltr'><strong><em>mi</em></strong></span> <span class='ocrx_word' id='word_1_271' title='bbox 2940 651 2959 663; x_wconf 87' lang='lat'><strong>-</strong></span> 
     </span>
    </p>
   </div>
   <div class='ocr_carea' id='block_1_77' title="bbox 2200 697 2579 742">
    <p class='ocr_par' dir='ltr' id='par_1_77' title="bbox 2200 697 2579 742">
     <span class='ocr_line' id='line_1_79' title="bbox 2200 697 2579 742; baseline 0.005 -2"><span class='ocrx_word' id='word_1_272' title='bbox 2200 697 2338 740; x_wconf 79' lang='lat' dir='ltr'><strong><em>ttqu</em></strong></span> <span class='ocrx_word' id='word_1_273' title='bbox 2376 698 2579 742; x_wconf 79' lang='lat' dir='ltr'><strong><em>necant.</em></strong></span> 
     </span>
    </p>
   </div>
   <div class='ocr_carea' id='block_1_78' title="bbox 2273 757 2960 831">
    <p class='ocr_par' dir='ltr' id='par_1_78' title="bbox 2273 757 2960 831">
     <span class='ocr_line' id='line_1_80' title="bbox 2273 757 2960 831; baseline 0.009 -20"><span class='ocrx_word' id='word_1_274' title='bbox 2273 757 2403 812; x_wconf 90' lang='lat' dir='ltr'><strong><em>Ibid.</em></strong></span> <span class='ocrx_word' id='word_1_275' title='bbox 2448 757 2570 813; x_wconf 86' lang='lat' dir='ltr'><strong><em>Non</em></strong></span> <span class='ocrx_word' id='word_1_276' title='bbox 2595 769 2714 814; x_wconf 91' lang='lat' dir='ltr'><strong><em>sunt</em></strong></span> <span class='ocrx_word' id='word_1_277' title='bbox 2758 763 2960 831; x_wconf 83' lang='lat' dir='ltr'><strong><em>quidem</em></strong></span> 
     </span>
    </p>
   </div>
   <div class='ocr_carea' id='block_1_79' title="bbox 2199 836 3799 980">
    <p class='ocr_par' dir='ltr' id='par_1_79' title="bbox 2199 836 3799 980">
     <span class='ocr_line' id='line_1_81' title="bbox 2199 836 3799 923; baseline 0.01 -42"><span class='ocrx_word' id='word_1_278' title='bbox 2199 836 2447 909; x_wconf 75' lang='lat' dir='ltr'><strong><em>majores.</em></strong></span> <span class='ocrx_word' id='word_1_279' title='bbox 2762 905 2772 915; x_wconf 46' lang='lat'><em>.</em></span> <span class='ocrx_word' id='word_1_280' title='bbox 3027 836 3198 890; x_wconf 69' lang='lat' dir='ltr'><strong><em>bestiae</em></strong></span> <span class='ocrx_word' id='word_1_281' title='bbox 3228 841 3472 907; x_wconf 86' lang='lat' dir='ltr'><strong><em>majores.</em></strong></span> <span class='ocrx_word' id='word_1_282' title='bbox 3606 836 3616 839; x_wconf 58' lang='grc'><em>’</em></span> <span class='ocrx_word' id='word_1_283' title='bbox 3791 916 3799 923; x_wconf 35' lang='grc'>.</span> 
     </span>
     <span class='ocr_line' id='line_1_82' title="bbox 2225 899 3798 980; baseline 0.007 -26"><span class='ocrx_word' id='word_1_284' title='bbox 2225 900 2404 980; x_wconf 41' lang='lat' dir='ltr'><strong><em>.Ibtd.</em></strong></span> <span class='ocrx_word' id='word_1_285' title='bbox 2443 899 2523 955; x_wconf 73' lang='lat' dir='ltr'><strong><em>Ex</em></strong></span> <span class='ocrx_word' id='word_1_286' title='bbox 2544 918 2645 972; x_wconf 92' lang='lat' dir='ltr'><strong><em>quo</em></strong></span> <span class='ocrx_word' id='word_1_287' title='bbox 2681 903 2959 959; x_wconf 83' lang='lat' dir='ltr'><strong><em>libtabun-</em></strong></span> <span class='ocrx_word' id='word_1_288' title='bbox 3071 908 3177 980; x_wconf 86' lang='lat' dir='ltr'><strong><em>_ld.</em></strong></span> <span class='ocrx_word' id='word_1_289' title='bbox 3244 907 3327 963; x_wconf 77' lang='lat' dir='ltr'><strong><em>Es:</em></strong></span> <span class='ocrx_word' id='word_1_290' title='bbox 3385 926 3445 964; x_wconf 91' lang='lat' dir='ltr'><strong><em>eo</em></strong></span> <span class='ocrx_word' id='word_1_291' title='bbox 3498 913 3643 980; x_wconf 89' lang='lat' dir='ltr'><strong><em>quod</em></strong></span> <span class='ocrx_word' id='word_1_292' title='bbox 3710 914 3798 966; x_wconf 78' lang='lat' dir='ltr'><strong><em>tibi</em></strong></span> 
     </span>
    </p>
   </div>
   <div class='ocr_carea' id='block_1_80' title="bbox 2201 971 3783 1065">
    <p class='ocr_par' dir='ltr' id='par_1_80' title="bbox 2201 971 3783 1065">
     <span class='ocr_line' id='line_1_83' title="bbox 2201 971 3522 1034; baseline 0.009 -11"><span class='ocrx_word' id='word_1_293' title='bbox 2201 971 2311 1026; x_wconf 91' lang='lat' dir='ltr'><strong><em>dat.</em></strong></span> <span class='ocrx_word' id='word_1_294' title='bbox 3026 976 3277 1034; x_wconf 87' lang='lat' dir='ltr'><strong><em>abundat.</em></strong></span> <span class='ocrx_word' id='word_1_295' title='bbox 3489 971 3522 995; x_wconf 81' lang='grc'>”</span> 
     </span>
     <span class='ocr_line' id='line_1_84' title="bbox 2274 1040 3783 1065; baseline 0 0"><span class='ocrx_word' id='word_1_296' title='bbox 2274 1040 2315 1065; x_wconf 64' lang='grc' dir='ltr'>Μ</span> <span class='ocrx_word' id='word_1_297' title='bbox 2363 1041 2428 1065; x_wconf 67' lang='grc' dir='ltr'><strong><em>,ο</em></strong></span> <span class='ocrx_word' id='word_1_298' title='bbox 2499 1043 2642 1065; x_wconf 65' lang='grc' dir='ltr'><strong>Διὶ-..]</strong></span> <span class='ocrx_word' id='word_1_299' title='bbox 2680 1055 2741 1065; x_wconf 39' lang='grc' dir='ltr'><strong>-.Α</strong></span> <span class='ocrx_word' id='word_1_300' title='bbox 2773 1047 2854 1065; x_wconf 35' lang='grc' dir='ltr'><strong>-.ις</strong></span> <span class='ocrx_word' id='word_1_301' title='bbox 2888 1059 2899 1065; x_wconf 87' lang='lat'><strong><em>-</em></strong></span> <span class='ocrx_word' id='word_1_302' title='bbox 3102 1049 3153 1065; x_wconf 84' lang='lat' dir='ltr'><strong>ll</strong></span> <span class='ocrx_word' id='word_1_303' title='bbox 3239 1051 3303 1065; x_wconf 66' lang='grc' dir='ltr'><strong><em>ιι·</em></strong></span> <span class='ocrx_word' id='word_1_304' title='bbox 3367 1051 3378 1065; x_wconf 77' lang='grc' dir='ltr'>ι</span> <span class='ocrx_word' id='word_1_305' title='bbox 3442 1053 3488 1065; x_wconf 75' lang='grc' dir='ltr'><strong>ι·</strong></span> <span class='ocrx_word' id='word_1_306' title='bbox 3585 1055 3595 1065; x_wconf 76' lang='grc' dir='ltr'><strong><em>ι</em></strong></span> <span class='ocrx_word' id='word_1_307' title='bbox 3771 1056 3783 1065; x_wconf 72' lang='grc' dir='ltr'>ι</span> 
     </span>
    </p>
   </div>
   <div class='ocr_carea' id='block_1_81' title="bbox 2272 1040 3803 1108">
    <p class='ocr_par' dir='ltr' id='par_1_81' title="bbox 2272 1040 3803 1108">
     <span class='ocr_line' id='line_1_85' title="bbox 2272 1040 3803 1108; baseline 0.008 -12"><span class='ocrx_word' id='word_1_308' title='bbox 2272 1040 2335 1096; x_wconf 88' lang='grc' dir='ltr'><strong>Ν.</strong></span> <span class='ocrx_word' id='word_1_309' title='bbox 2362 1041 2449 1098; x_wconf 81' lang='grc'><strong><em>18.</em></strong></span> <span class='ocrx_word' id='word_1_310' title='bbox 2483 1043 2642 1097; x_wconf 86' lang='lat' dir='ltr'><strong><em>Aliud</em></strong></span> <span class='ocrx_word' id='word_1_311' title='bbox 2668 1055 2741 1100; x_wconf 87' lang='lat' dir='ltr'><strong><em>est</em></strong></span> <span class='ocrx_word' id='word_1_312' title='bbox 2768 1047 2854 1101; x_wconf 90' lang='lat' dir='ltr'><strong><em>ubi</em></strong></span> <span class='ocrx_word' id='word_1_313' title='bbox 2884 1059 2961 1100; x_wconf 85' lang='lat' dir='ltr'><strong><em>tn-</em></strong></span> <span class='ocrx_word' id='word_1_314' title='bbox 3099 1049 3178 1104; x_wconf 93' lang='lat' dir='ltr'><strong><em>Id.</em></strong></span> <span class='ocrx_word' id='word_1_315' title='bbox 3219 1051 3378 1105; x_wconf 81' lang='lat' dir='ltr'><strong><em>Aliud</em></strong></span> <span class='ocrx_word' id='word_1_316' title='bbox 3402 1053 3488 1106; x_wconf 87' lang='lat' dir='ltr'><strong><em>ubi</em></strong></span> <span class='ocrx_word' id='word_1_317' title='bbox 3511 1055 3714 1108; x_wconf 75' lang='lat' dir='ltr'><strong><em>Colores</em></strong></span> <span class='ocrx_word' id='word_1_318' title='bbox 3734 1056 3803 1108; x_wconf 69' lang='lat' dir='ltr'><strong><em>ei-</em></strong></span> 
     </span>
    </p>
   </div>
   <div class='ocr_carea' id='block_1_82' title="bbox 2199 1113 2535 1168">
    <p class='ocr_par' dir='ltr' id='par_1_82' title="bbox 2199 1113 2535 1168">
     <span class='ocr_line' id='line_1_86' title="bbox 2199 1113 2535 1168; baseline 0.003 -1"><span class='ocrx_word' id='word_1_319' title='bbox 2199 1113 2328 1167; x_wconf 92' lang='lat' dir='ltr'><strong><em>leres</em></strong></span> <span class='ocrx_word' id='word_1_320' title='bbox 2359 1115 2535 1168; x_wconf 88' lang='lat' dir='ltr'><strong><em>vitam.</em></strong></span> 
     </span>
    </p>
   </div>
   <div class='ocr_carea' id='block_1_83' title="bbox 2273 1184 2962 1243">
    <p class='ocr_par' dir='ltr' id='par_1_83' title="bbox 2273 1184 2962 1243">
     <span class='ocr_line' id='line_1_87' title="bbox 2273 1184 2962 1243; baseline 0.009 -7"><span class='ocrx_word' id='word_1_321' title='bbox 2273 1184 2405 1239; x_wconf 88' lang='lat' dir='ltr'><strong><em>Ibid.</em></strong></span> <span class='ocrx_word' id='word_1_322' title='bbox 2451 1184 2511 1240; x_wconf 91' lang='lat' dir='ltr'><strong><em>Si</em></strong></span> <span class='ocrx_word' id='word_1_323' title='bbox 2538 1186 2645 1239; x_wconf 88' lang='lat' dir='ltr'><strong><em>ibas</em></strong></span> <span class='ocrx_word' id='word_1_324' title='bbox 2670 1187 2739 1239; x_wconf 88' lang='lat' dir='ltr'><strong><em>ad</em></strong></span> <span class='ocrx_word' id='word_1_325' title='bbox 2764 1188 2962 1243; x_wconf 83' lang='lat' dir='ltr'><strong><em>mathe-</em></strong></span> 
     </span>
    </p>
   </div>
   <div class='ocr_carea' id='block_1_84' title="bbox 2198 1256 2957 1327">
    <p class='ocr_par' dir='ltr' id='par_1_84' title="bbox 2198 1256 2957 1327">
     <span class='ocr_line' id='line_1_88' title="bbox 2198 1256 2957 1327; baseline 0.011 -20"><span class='ocrx_word' id='word_1_326' title='bbox 2198 1256 2444 1308; x_wconf 87' lang='lat' dir='ltr'><strong><em>maticum</em></strong></span> <span class='ocrx_word' id='word_1_327' title='bbox 2464 1264 2509 1309; x_wconf 90' lang='lat' dir='ltr'><strong><em>et</em></strong></span> <span class='ocrx_word' id='word_1_328' title='bbox 2541 1256 2609 1308; x_wconf 88' lang='lat' dir='ltr'><strong><em>ad</em></strong></span> <span class='ocrx_word' id='word_1_329' title='bbox 2637 1266 2847 1313; x_wconf 77' lang='lat' dir='ltr'><strong><em>cteteras</em></strong></span> <span class='ocrx_word' id='word_1_330' title='bbox 2871 1276 2957 1327; x_wconf 87' lang='lat' dir='ltr'><strong><em>pe-</em></strong></span> 
     </span>
    </p>
   </div>
   <div class='ocr_carea' id='block_1_85' title="bbox 3028 1130 3245 1177">
    <p class='ocr_par' dir='ltr' id='par_1_85' title="bbox 3028 1130 3245 1177">
     <span class='ocr_line' id='line_1_89' title="bbox 3028 1130 3245 1177; baseline 0.023 -5"><span class='ocrx_word' id='word_1_331' title='bbox 3028 1130 3158 1172; x_wconf 89' lang='lat' dir='ltr'><strong><em>tam.</em></strong></span> <span class='ocrx_word' id='word_1_332' title='bbox 3242 1174 3245 1177; x_wconf 71' lang='grc'><strong>,</strong></span> 
     </span>
    </p>
   </div>
   <div class='ocr_carea' id='block_1_86' title="bbox 3098 1191 3805 1249">
    <p class='ocr_par' dir='ltr' id='par_1_86' title="bbox 3098 1191 3805 1249">
     <span class='ocr_line' id='line_1_90' title="bbox 3098 1191 3805 1249; baseline 0.007 -5"><span class='ocrx_word' id='word_1_333' title='bbox 3098 1191 3232 1246; x_wconf 82' lang='lat' dir='ltr'><strong><em>Cod.</em></strong></span> <span class='ocrx_word' id='word_1_334' title='bbox 3260 1208 3321 1247; x_wconf 87' lang='grc' dir='ltr'><strong><em>ιι.</em></strong></span> <span class='ocrx_word' id='word_1_335' title='bbox 3364 1193 3428 1249; x_wconf 90' lang='lat' dir='ltr'><strong><em>Si</em></strong></span> <span class='ocrx_word' id='word_1_336' title='bbox 3457 1195 3571 1249; x_wconf 84' lang='lat' dir='ltr'><strong><em>ibas</em></strong></span> <span class='ocrx_word' id='word_1_337' title='bbox 3608 1198 3681 1248; x_wconf 82' lang='lat' dir='ltr'><strong><em>ad</em></strong></span> <span class='ocrx_word' id='word_1_338' title='bbox 3710 1213 3805 1249; x_wconf 70' lang='lat' dir='ltr'><strong><em>au-</em></strong></span> 
     </span>
    </p>
   </div>
   <div class='ocr_carea' id='block_1_87' title="bbox 3027 1265 3804 1335">
    <p class='ocr_par' dir='ltr' id='par_1_87' title="bbox 3027 1265 3804 1335">
     <span class='ocr_line' id='line_1_91' title="bbox 3027 1265 3804 1335; baseline 0.006 -20"><span class='ocrx_word' id='word_1_339' title='bbox 3027 1278 3197 1333; x_wconf 80' lang='lat' dir='ltr'><strong><em>gures,</em></strong></span> <span class='ocrx_word' id='word_1_340' title='bbox 3218 1265 3326 1317; x_wconf 90' lang='lat' dir='ltr'><strong><em>noli</em></strong></span> <span class='ocrx_word' id='word_1_341' title='bbox 3340 1269 3804 1335; x_wconf 70' lang='lat' dir='ltr'><strong><em>pergere,maxinse</em></strong></span> 
     </span>
    </p>
   </div>
   <div class='ocr_carea' id='block_1_88' title="bbox 3026 1335 3801 1407">
    <p class='ocr_par' dir='ltr' id='par_1_88' title="bbox 3026 1335 3801 1407">
     <span class='ocr_line' id='line_1_92' title="bbox 3026 1335 3801 1407; baseline 0.005 -22"><span class='ocrx_word' id='word_1_342' title='bbox 3026 1350 3144 1386; x_wconf 87' lang='lat' dir='ltr'><strong><em>cum</em></strong></span> <span class='ocrx_word' id='word_1_343' title='bbox 3174 1335 3267 1407; x_wconf 84' lang='lat' dir='ltr'><strong><em>hoc</em></strong></span> <span class='ocrx_word' id='word_1_344' title='bbox 3294 1346 3565 1405; x_wconf 86' lang='lat' dir='ltr'><strong><em>peccatum</em></strong></span> <span class='ocrx_word' id='word_1_345' title='bbox 3589 1338 3801 1407; x_wconf 82' lang='lat' dir='ltr'><strong><em>gravius</em></strong></span> 
     </span>
    </p>
   </div>
   <div class='ocr_carea' id='block_1_89' title="bbox 3025 1406 3807 1477">
    <p class='ocr_par' dir='ltr' id='par_1_89' title="bbox 3025 1406 3807 1477">
     <span class='ocr_line' id='line_1_93' title="bbox 3025 1406 3807 1477; baseline 0.004 -20"><span class='ocrx_word' id='word_1_346' title='bbox 3025 1406 3113 1465; x_wconf 81' lang='lat' dir='ltr'><strong><em>sit,</em></strong></span> <span class='ocrx_word' id='word_1_347' title='bbox 3145 1417 3191 1457; x_wconf 89' lang='lat' dir='ltr'><strong><em>et</em></strong></span> <span class='ocrx_word' id='word_1_348' title='bbox 3212 1406 3275 1459; x_wconf 89' lang='lat' dir='ltr'><strong><em>sit</em></strong></span> <span class='ocrx_word' id='word_1_349' title='bbox 3303 1407 3460 1461; x_wconf 77' lang='lat' dir='ltr'><strong><em>bestia</em></strong></span> <span class='ocrx_word' id='word_1_350' title='bbox 3487 1425 3603 1477; x_wconf 82' lang='lat' dir='ltr'><strong><em>qua:</em></strong></span> <span class='ocrx_word' id='word_1_351' title='bbox 3632 1418 3807 1477; x_wconf 79' lang='lat' dir='ltr'><strong><em>guttur</em></strong></span> 
     </span>
    </p>
   </div>
   <div class='ocr_carea' id='block_1_90' title="bbox 3028 1479 3801 1547">
    <p class='ocr_par' dir='ltr' id='par_1_90' title="bbox 3028 1479 3801 1547">
     <span class='ocr_line' id='line_1_94' title="bbox 3028 1479 3801 1547; baseline 0.01 -22"><span class='ocrx_word' id='word_1_352' title='bbox 3028 1482 3257 1547; x_wconf 75' lang='lat' dir='ltr'><strong><em>frangat.</em></strong></span> <span class='ocrx_word' id='word_1_353' title='bbox 3325 1479 3407 1532; x_wconf 85' lang='lat' dir='ltr'><strong><em>An</em></strong></span> <span class='ocrx_word' id='word_1_354' title='bbox 3471 1480 3754 1533; x_wconf 86' lang='lat' dir='ltr'><strong><em>arbitraris</em></strong></span> <span class='ocrx_word' id='word_1_355' title='bbox 3784 1522 3801 1546; x_wconf 89' lang='lat'><strong><em>,</em></strong></span> 
     </span>
    </p>
   </div>
   <div class='ocr_carea' id='block_1_91' title="bbox 3028 1556 3133 1599">
    <p class='ocr_par' dir='ltr' id='par_1_91' title="bbox 3028 1556 3133 1599">
     <span class='ocr_line' id='line_1_95' title="bbox 3028 1556 3133 1599; baseline -0.019 0"><span class='ocrx_word' id='word_1_356' title='bbox 3028 1556 3133 1599; x_wconf 71' lang='lat' dir='ltr'><strong><em>CIC.</em></strong></span> 
     </span>
    </p>
   </div>
   <div class='ocr_carea' id='block_1_92' title="bbox 3102 1616 3804 1685">
    <p class='ocr_par' dir='ltr' id='par_1_92' title="bbox 3102 1616 3804 1685">
     <span class='ocr_line' id='line_1_96' title="bbox 3102 1616 3804 1685; baseline 0.007 -15"><span class='ocrx_word' id='word_1_357' title='bbox 3102 1616 3181 1672; x_wconf 90' lang='lat' dir='ltr'><strong><em>Id.</em></strong></span> <span class='ocrx_word' id='word_1_358' title='bbox 3223 1618 3403 1685; x_wconf 84' lang='lat' dir='ltr'><strong><em>addit,</em></strong></span> <span class='ocrx_word' id='word_1_359' title='bbox 3462 1637 3559 1673; x_wconf 89' lang='lat' dir='ltr'><strong><em>nec</em></strong></span> <span class='ocrx_word' id='word_1_360' title='bbox 3604 1624 3683 1674; x_wconf 86' lang='lat' dir='ltr'><strong><em>sic</em></strong></span> <span class='ocrx_word' id='word_1_361' title='bbox 3718 1623 3804 1675; x_wconf 89' lang='lat' dir='ltr'><strong><em>de-</em></strong></span> 
     </span>
    </p>
   </div>
   <div class='ocr_carea' id='block_1_93' title="bbox 3029 1690 3800 1761">
    <p class='ocr_par' dir='ltr' id='par_1_93' title="bbox 3029 1690 3800 1761">
     <span class='ocr_line' id='line_1_97' title="bbox 3029 1690 3800 1761; baseline 0.009 -22"><span class='ocrx_word' id='word_1_362' title='bbox 3029 1690 3243 1761; x_wconf 82' lang='lat' dir='ltr'><strong><em>scendas</em></strong></span> <span class='ocrx_word' id='word_1_363' title='bbox 3307 1691 3369 1744; x_wconf 84' lang='lat' dir='ltr'><strong><em>de</em></strong></span> <span class='ocrx_word' id='word_1_364' title='bbox 3436 1692 3632 1761; x_wconf 84' lang='lat' dir='ltr'><strong><em>templo</em></strong></span> <span class='ocrx_word' id='word_1_365' title='bbox 3699 1709 3800 1746; x_wconf 80' lang='lat' dir='ltr'><strong><em>non</em></strong></span> 
     </span>
    </p>
   </div>
   <div class='ocr_carea' id='block_1_94' title="bbox 3023 1760 3360 1831">
    <p class='ocr_par' dir='ltr' id='par_1_94' title="bbox 3023 1760 3360 1831">
     <span class='ocr_line' id='line_1_98' title="bbox 3023 1760 3360 1831; baseline 0.015 -21"><span class='ocrx_word' id='word_1_366' title='bbox 3023 1760 3360 1831; x_wconf 74' lang='lat' dir='ltr'><strong><em>justi/italus.</em></strong></span> 
     </span>
    </p>
   </div>
   <div class='ocr_carea' id='block_1_95' title="bbox 3108 1829 3795 1887">
    <p class='ocr_par' dir='ltr' id='par_1_95' title="bbox 3108 1829 3795 1887">
     <span class='ocr_line' id='line_1_99' title="bbox 3108 1829 3795 1887; baseline 0.007 -5"><span class='ocrx_word' id='word_1_367' title='bbox 3108 1829 3181 1884; x_wconf 90' lang='lat' dir='ltr'><strong><em>Id.</em></strong></span> <span class='ocrx_word' id='word_1_368' title='bbox 3227 1830 3294 1885; x_wconf 83' lang='lat' dir='ltr'><strong><em>Et</em></strong></span> <span class='ocrx_word' id='word_1_369' title='bbox 3325 1833 3563 1887; x_wconf 86' lang='lat' dir='ltr'><strong><em>nondum</em></strong></span> <span class='ocrx_word' id='word_1_370' title='bbox 3591 1845 3693 1887; x_wconf 87' lang='lat' dir='ltr'><strong><em>erat</em></strong></span> <span class='ocrx_word' id='word_1_371' title='bbox 3715 1851 3795 1887; x_wconf 86' lang='lat' dir='ltr'><strong><em>re-</em></strong></span> 
     </span>
    </p>
   </div>
   <div class='ocr_carea' id='block_1_96' title="bbox 3032 1903 3789 1975">
    <p class='ocr_par' dir='ltr' id='par_1_96' title="bbox 3032 1903 3789 1975">
     <span class='ocr_line' id='line_1_100' title="bbox 3032 1903 3789 1975; baseline 0.009 -22"><span class='ocrx_word' id='word_1_372' title='bbox 3032 1903 3284 1967; x_wconf 84' lang='lat' dir='ltr'><strong><em>demptus.</em></strong></span> <span class='ocrx_word' id='word_1_373' title='bbox 3340 1903 3405 1957; x_wconf 86' lang='lat' dir='ltr'><strong><em>Et</em></strong></span> <span class='ocrx_word' id='word_1_374' title='bbox 3466 1907 3595 1975; x_wconf 84' lang='lat' dir='ltr'><strong><em>quid</em></strong></span> <span class='ocrx_word' id='word_1_375' title='bbox 3634 1908 3744 1959; x_wconf 85' lang='lat' dir='ltr'><strong><em>dico</em></strong></span> <span class='ocrx_word' id='word_1_376' title='bbox 3772 1946 3789 1968; x_wconf 89' lang='lat'><strong><em>,</em></strong></span> 
     </span>
    </p>
   </div>
   <div class='ocr_carea' id='block_1_97' title="bbox 3033 1975 3797 2043">
    <p class='ocr_par' dir='ltr' id='par_1_97' title="bbox 3033 1975 3797 2043">
     <span class='ocr_line' id='line_1_101' title="bbox 3033 1975 3797 2043; baseline 0.007 -18"><span class='ocrx_word' id='word_1_377' title='bbox 3033 1975 3258 2025; x_wconf 89' lang='lat' dir='ltr'><strong><em>nondum</em></strong></span> <span class='ocrx_word' id='word_1_378' title='bbox 3300 1986 3409 2028; x_wconf 80' lang='lat' dir='ltr'><strong><em>erat</em></strong></span> <span class='ocrx_word' id='word_1_379' title='bbox 3458 1978 3797 2043; x_wconf 75' lang='lat' dir='ltr'><strong><em>redemptus?</em></strong></span> 
     </span>
    </p>
   </div>
   <div class='ocr_carea' id='block_1_98' title="bbox 3037 2043 3421 2098">
    <p class='ocr_par' dir='ltr' id='par_1_98' title="bbox 3037 2043 3421 2098">
     <span class='ocr_line' id='line_1_102' title="bbox 3037 2043 3421 2098; baseline 0.003 -2"><span class='ocrx_word' id='word_1_380' title='bbox 3037 2043 3282 2097; x_wconf 80' lang='lat' dir='ltr'><strong><em>Nondum</em></strong></span> <span class='ocrx_word' id='word_1_381' title='bbox 3310 2057 3421 2098; x_wconf 89' lang='lat' dir='ltr'><strong><em>erat</em></strong></span> 
     </span>
    </p>
   </div>
   <div class='ocr_carea' id='block_1_99' title="bbox 2199 1395 2637 1463">
    <p class='ocr_par' dir='ltr' id='par_1_99' title="bbox 2199 1395 2637 1463">
     <span class='ocr_line' id='line_1_103' title="bbox 2199 1395 2637 1463; baseline 0.005 -12"><span class='ocrx_word' id='word_1_382' title='bbox 2199 1395 2518 1463; x_wconf 53' lang='lat' dir='ltr'><strong><em>Arbitraris,</em></strong></span> <span class='ocrx_word' id='word_1_383' title='bbox 2532 1406 2637 1453; x_wconf 89' lang='lat' dir='ltr'><strong><em>etc.</em></strong></span> 
     </span>
    </p>
   </div>
   <div class='ocr_carea' id='block_1_100' title="bbox 2272 1606 2957 1667">
    <p class='ocr_par' dir='ltr' id='par_1_100' title="bbox 2272 1606 2957 1667">
     <span class='ocr_line' id='line_1_104' title="bbox 2272 1606 2957 1667; baseline 0.009 -6"><span class='ocrx_word' id='word_1_384' title='bbox 2272 1606 2335 1662; x_wconf 90' lang='grc' dir='ltr'><strong><em>Ν.</em></strong></span> <span class='ocrx_word' id='word_1_385' title='bbox 2389 1608 2475 1662; x_wconf 76' lang='lat' dir='ltr'><strong><em>I9.</em></strong></span> <span class='ocrx_word' id='word_1_386' title='bbox 2536 1608 2647 1663; x_wconf 81' lang='lat' dir='ltr'><strong><em>Nec</em></strong></span> <span class='ocrx_word' id='word_1_387' title='bbox 2716 1613 2791 1666; x_wconf 87' lang='lat' dir='ltr'><strong><em>sic</em></strong></span> <span class='ocrx_word' id='word_1_388' title='bbox 2848 1629 2957 1667; x_wconf 89' lang='lat' dir='ltr'><strong><em>ores</em></strong></span> 
     </span>
    </p>
   </div>
   <div class='ocr_carea' id='block_1_101' title="bbox 2200 1680 2962 1749">
    <p class='ocr_par' dir='ltr' id='par_1_101' title="bbox 2200 1680 2962 1749">
     <span class='ocr_line' id='line_1_105' title="bbox 2200 1680 2962 1749; baseline 0.012 -19"><span class='ocrx_word' id='word_1_389' title='bbox 2200 1680 2624 1749; x_wconf 82' lang='lat' dir='ltr'><strong><em>quemadmodum</em></strong></span> <span class='ocrx_word' id='word_1_390' title='bbox 2654 1682 2748 1736; x_wconf 89' lang='lat' dir='ltr'><strong><em>iste</em></strong></span> <span class='ocrx_word' id='word_1_391' title='bbox 2773 1682 2962 1738; x_wconf 88' lang='lat' dir='ltr'><strong><em>Phari-</em></strong></span> 
     </span>
    </p>
   </div>
   <div class='ocr_carea' id='block_1_102' title="bbox 2205 1766 2961 1897">
    <p class='ocr_par' dir='ltr' id='par_1_102' title="bbox 2205 1766 2961 1897">
     <span class='ocr_line' id='line_1_106' title="bbox 2205 1766 2359 1804; baseline -0.013 0"><span class='ocrx_word' id='word_1_392' title='bbox 2205 1766 2359 1804; x_wconf 78' lang='lat' dir='ltr'><strong><em>stetis.</em></strong></span> 
     </span>
     <span class='ocr_line' id='line_1_107' title="bbox 2277 1820 2961 1897; baseline 0.01 -22"><span class='ocrx_word' id='word_1_393' title='bbox 2277 1820 2410 1877; x_wconf 91' lang='lat' dir='ltr'><strong><em>Ibid.</em></strong></span> <span class='ocrx_word' id='word_1_394' title='bbox 2441 1820 2508 1875; x_wconf 83' lang='lat' dir='ltr'><strong><em>Et</em></strong></span> <span class='ocrx_word' id='word_1_395' title='bbox 2538 1826 2768 1879; x_wconf 87' lang='lat' dir='ltr'><strong><em>nondum</em></strong></span> <span class='ocrx_word' id='word_1_396' title='bbox 2795 1826 2961 1897; x_wconf 80' lang='lat' dir='ltr'><strong><em>fusus,</em></strong></span> 
     </span>
    </p>
   </div>
   <div class='ocr_carea' id='block_1_103' title="bbox 3452 2047 3764 2117">
    <p class='ocr_par' dir='ltr' id='par_1_103' title="bbox 3452 2047 3764 2117">
     <span class='ocr_line' id='line_1_108' title="bbox 3452 2047 3764 2117; baseline 0.013 -19"><span class='ocrx_word' id='word_1_397' title='bbox 3452 2047 3629 2117; x_wconf 79' lang='lat' dir='ltr'><strong><em>fusus,</em></strong></span> <span class='ocrx_word' id='word_1_398' title='bbox 3659 2061 3764 2103; x_wconf 63' lang='lat' dir='ltr'><strong><em>etc.</em></strong></span> 
     </span>
    </p>
   </div>
   <div class='ocr_carea' id='block_1_104' title="bbox 3105 2113 3797 2185">
    <p class='ocr_par' dir='ltr' id='par_1_104' title="bbox 3105 2113 3797 2185">
     <span class='ocr_line' id='line_1_109' title="bbox 3105 2113 3797 2185; baseline 0.004 -18"><span class='ocrx_word' id='word_1_399' title='bbox 3105 2114 3179 2168; x_wconf 86' lang='lat' dir='ltr'><strong><em>Id.</em></strong></span> <span class='ocrx_word' id='word_1_400' title='bbox 3224 2113 3291 2168; x_wconf 85' lang='lat' dir='ltr'><strong><em>Et</em></strong></span> <span class='ocrx_word' id='word_1_401' title='bbox 3321 2126 3371 2169; x_wconf 92' lang='lat' dir='ltr'><strong><em>tu</em></strong></span> <span class='ocrx_word' id='word_1_402' title='bbox 3403 2113 3606 2185; x_wconf 45' lang='lat' dir='ltr'><strong><em>aliquid</em></strong></span> <span class='ocrx_word' id='word_1_403' title='bbox 3650 2120 3797 2184; x_wconf 71' lang='lat' dir='ltr'><strong><em>facis,</em></strong></span> 
     </span>
    </p>
   </div>
   <div class='ocr_carea' id='block_1_105' title="bbox 3032 2185 3801 2257">
    <p class='ocr_par' dir='ltr' id='par_1_105' title="bbox 3032 2185 3801 2257">
     <span class='ocr_line' id='line_1_110' title="bbox 3032 2185 3801 2257; baseline 0.001 -18"><span class='ocrx_word' id='word_1_404' title='bbox 3032 2185 3121 2239; x_wconf 81' lang='lat' dir='ltr'><strong><em>sed</em></strong></span> <span class='ocrx_word' id='word_1_405' title='bbox 3143 2186 3264 2254; x_wconf 86' lang='lat' dir='ltr'><strong><em>quia</em></strong></span> <span class='ocrx_word' id='word_1_406' title='bbox 3285 2186 3376 2240; x_wconf 63' lang='lat' dir='ltr'><strong><em>illo</em></strong></span> <span class='ocrx_word' id='word_1_407' title='bbox 3405 2188 3491 2240; x_wconf 84' lang='lat' dir='ltr'><strong><em>mh</em></strong></span> <span class='ocrx_word' id='word_1_408' title='bbox 3519 2190 3539 2242; x_wconf 91' lang='lat' dir='ltr'><strong><em>l</em></strong></span> <span class='ocrx_word' id='word_1_409' title='bbox 3562 2194 3801 2257; x_wconf 56' lang='lat' dir='ltr'><strong><em>fatente,</em></strong></span> 
     </span>
    </p>
   </div>
   <div class='ocr_carea' id='block_1_106' title="bbox 3034 2260 3805 2329">
    <p class='ocr_par' dir='ltr' id='par_1_106' title="bbox 3034 2260 3805 2329">
     <span class='ocr_line' id='line_1_111' title="bbox 3034 2260 3805 2329; baseline 0.003 -20"><span class='ocrx_word' id='word_1_410' title='bbox 3034 2272 3273 2325; x_wconf 89' lang='lat' dir='ltr'><strong><em>magnum</em></strong></span> <span class='ocrx_word' id='word_1_411' title='bbox 3301 2260 3500 2329; x_wconf 83' lang='lat' dir='ltr'><strong><em>aliquid</em></strong></span> <span class='ocrx_word' id='word_1_412' title='bbox 3533 2272 3582 2313; x_wconf 88' lang='lat' dir='ltr'><strong><em>te</em></strong></span> <span class='ocrx_word' id='word_1_413' title='bbox 3622 2262 3805 2327; x_wconf 65' lang='lat' dir='ltr'><strong><em>fecisse</em></strong></span> 
     </span>
    </p>
   </div>
   <div class='ocr_carea' id='block_1_107' title="bbox 3035 2329 3805 2397">
    <p class='ocr_par' dir='ltr' id='par_1_107' title="bbox 3035 2329 3805 2397">
     <span class='ocr_line' id='line_1_112' title="bbox 3035 2329 3805 2397; baseline 0.005 -18"><span class='ocrx_word' id='word_1_414' title='bbox 3035 2329 3337 2395; x_wconf 84' lang='lat' dir='ltr'><strong><em>arbitraris;</em></strong></span> <span class='ocrx_word' id='word_1_415' title='bbox 3362 2340 3408 2382; x_wconf 82' lang='lat' dir='ltr'><strong><em>et</em></strong></span> <span class='ocrx_word' id='word_1_416' title='bbox 3435 2332 3560 2397; x_wconf 86' lang='lat' dir='ltr'><strong><em>quia</em></strong></span> <span class='ocrx_word' id='word_1_417' title='bbox 3586 2335 3666 2382; x_wconf 83' lang='lat' dir='ltr'><strong><em>sic</em></strong></span> <span class='ocrx_word' id='word_1_418' title='bbox 3688 2347 3805 2393; x_wconf 79' lang='lat' dir='ltr'><strong><em>gau~</em></strong></span> 
     </span>
    </p>
   </div>
   <div class='ocr_carea' id='block_1_108' title="bbox 3038 2400 3804 2466">
    <p class='ocr_par' dir='ltr' id='par_1_108' title="bbox 3038 2400 3804 2466">
     <span class='ocr_line' id='line_1_113' title="bbox 3038 2400 3804 2466; baseline 0.003 -15"><span class='ocrx_word' id='word_1_419' title='bbox 3038 2400 3206 2465; x_wconf 80' lang='lat' dir='ltr'><strong><em>detur,</em></strong></span> <span class='ocrx_word' id='word_1_420' title='bbox 3239 2410 3342 2453; x_wconf 88' lang='lat' dir='ltr'><strong><em>etc.</em></strong></span> <span class='ocrx_word' id='word_1_421' title='bbox 3376 2400 3511 2456; x_wconf 85' lang='lat' dir='ltr'><strong><em>Cod.</em></strong></span> <span class='ocrx_word' id='word_1_422' title='bbox 3554 2416 3626 2455; x_wconf 73' lang='lat' dir='ltr'><strong><em>IV.</em></strong></span> <span class='ocrx_word' id='word_1_423' title='bbox 3667 2402 3804 2466; x_wconf 74' lang='lat' dir='ltr'><strong><em>Quid</em></strong></span> 
     </span>
    </p>
   </div>
   <div class='ocr_carea' id='block_1_109' title="bbox 3036 2470 3802 2540">
    <p class='ocr_par' dir='ltr' id='par_1_109' title="bbox 3036 2470 3802 2540">
     <span class='ocr_line' id='line_1_114' title="bbox 3036 2470 3802 2540; baseline 0.004 -18"><span class='ocrx_word' id='word_1_424' title='bbox 3036 2470 3286 2540; x_wconf 88' lang='lat' dir='ltr'><strong><em>gaudetur</em></strong></span> <span class='ocrx_word' id='word_1_425' title='bbox 3316 2472 3375 2525; x_wconf 92' lang='lat' dir='ltr'><strong><em>ob</em></strong></span> <span class='ocrx_word' id='word_1_426' title='bbox 3406 2473 3670 2539; x_wconf 75' lang='lat' dir='ltr'><strong><em>qaa’dam,</em></strong></span> <span class='ocrx_word' id='word_1_427' title='bbox 3697 2484 3802 2526; x_wconf 87' lang='lat' dir='ltr'><strong><em>etc.</em></strong></span> 
     </span>
    </p>
   </div>
   <div class='ocr_carea' id='block_1_110' title="bbox 2278 2104 2961 2179">
    <p class='ocr_par' dir='ltr' id='par_1_110' title="bbox 2278 2104 2961 2179">
     <span class='ocr_line' id='line_1_115' title="bbox 2278 2104 2961 2179; baseline 0.003 -20"><span class='ocrx_word' id='word_1_428' title='bbox 2278 2105 2411 2160; x_wconf 89' lang='lat' dir='ltr'><strong><em>Ibid.</em></strong></span> <span class='ocrx_word' id='word_1_429' title='bbox 2453 2104 2582 2162; x_wconf 86' lang='lat' dir='ltr'><strong><em>Ideo</em></strong></span> <span class='ocrx_word' id='word_1_430' title='bbox 2624 2120 2677 2162; x_wconf 88' lang='lat' dir='ltr'><strong><em>tu</em></strong></span> <span class='ocrx_word' id='word_1_431' title='bbox 2720 2126 2961 2179; x_wconf 79' lang='lat' dir='ltr'><strong><em>magnum</em></strong></span> 
     </span>
    </p>
   </div>
   <div class='ocr_carea' id='block_1_111' title="bbox 2206 2174 2964 2250">
    <p class='ocr_par' dir='ltr' id='par_1_111' title="bbox 2206 2174 2964 2250">
     <span class='ocr_line' id='line_1_116' title="bbox 2206 2174 2964 2250; baseline 0.007 -21"><span class='ocrx_word' id='word_1_432' title='bbox 2206 2174 2404 2250; x_wconf 88' lang='lat' dir='ltr'><strong><em>aliquid</em></strong></span> <span class='ocrx_word' id='word_1_433' title='bbox 2463 2181 2636 2249; x_wconf 76' lang='lat' dir='ltr'><strong><em>facis;</em></strong></span> <span class='ocrx_word' id='word_1_434' title='bbox 2693 2174 2964 2250; x_wconf 56' lang='lat' dir='ltr'><strong><em>sed&#39;quia</em></strong></span> 
     </span>
    </p>
   </div>
   <div class='ocr_carea' id='block_1_112' title="bbox 2205 2249 2959 2321">
    <p class='ocr_par' dir='ltr' id='par_1_112' title="bbox 2205 2249 2959 2321">
     <span class='ocr_line' id='line_1_117' title="bbox 2205 2249 2959 2321; baseline 0.009 -20"><span class='ocrx_word' id='word_1_435' title='bbox 2205 2249 2456 2320; x_wconf 86' lang='lat' dir='ltr'><strong><em>gaudetur</em></strong></span> <span class='ocrx_word' id='word_1_436' title='bbox 2485 2252 2552 2304; x_wconf 90' lang='lat' dir='ltr'><strong><em>ad</em></strong></span> <span class='ocrx_word' id='word_1_437' title='bbox 2576 2250 2828 2321; x_wconf 74' lang='lat' dir='ltr'><strong><em>quietiam,</em></strong></span> <span class='ocrx_word' id='word_1_438' title='bbox 2854 2249 2959 2308; x_wconf 86' lang='lat' dir='ltr'><strong><em>etc.</em></strong></span> 
     </span>
    </p>
   </div>
   <div class='ocr_carea' id='block_1_113' title="bbox 2278 2531 3803 2609">
    <p class='ocr_par' dir='ltr' id='par_1_113' title="bbox 2278 2531 3803 2609">
     <span class='ocr_line' id='line_1_118' title="bbox 2278 2531 3803 2609; baseline 0.005 -22"><span class='ocrx_word' id='word_1_439' title='bbox 2278 2531 2343 2587; x_wconf 84' lang='lat' dir='ltr'><strong><em>N.</em></strong></span> <span class='ocrx_word' id='word_1_440' title='bbox 2371 2532 2461 2588; x_wconf 75' lang='grc'><strong><em>20.</em></strong></span> <span class='ocrx_word' id='word_1_441' title='bbox 2504 2534 2683 2591; x_wconf 87' lang='lat' dir='ltr'><strong><em>Servat</em></strong></span> <span class='ocrx_word' id='word_1_442' title='bbox 2705 2539 2792 2593; x_wconf 86' lang='lat' dir='ltr'><strong><em>tibi</em></strong></span> <span class='ocrx_word' id='word_1_443' title='bbox 2819 2545 2964 2609; x_wconf 89' lang='lat' dir='ltr'><strong><em>pater</em></strong></span> <span class='ocrx_word' id='word_1_444' title='bbox 3036 2531 3058 2540; x_wconf 81' lang='grc'><em>’</em></span> <span class='ocrx_word' id='word_1_445' title='bbox 3108 2540 3239 2594; x_wconf 61' lang='lat' dir='ltr'><strong><em>Cod.</em></strong></span> <span class='ocrx_word' id='word_1_446' title='bbox 3297 2558 3366 2597; x_wconf 81' lang='lat' dir='ltr'><strong><em>tv.</em></strong></span> <span class='ocrx_word' id='word_1_447' title='bbox 3411 2531 3667 2599; x_wconf 32' lang='lat' dir='ltr'><strong><em>Servavit-</em></strong></span> <span class='ocrx_word' id='word_1_448' title='bbox 3715 2544 3803 2597; x_wconf 79' lang='lat' dir='ltr'><strong><em>tibi</em></strong></span> 
     </span>
    </p>
   </div>
   <div class='ocr_carea' id='block_1_114' title="bbox 2208 2610 3340 2677">
    <p class='ocr_par' dir='ltr' id='par_1_114' title="bbox 2208 2610 3340 2677">
     <span class='ocr_line' id='line_1_119' title="bbox 2208 2610 3340 2677; baseline 0.01 -20"><span class='ocrx_word' id='word_1_449' title='bbox 2208 2610 2349 2677; x_wconf 76' lang='lat' dir='ltr'><strong><em>tuus.</em></strong></span> <span class='ocrx_word' id='word_1_450' title='bbox 2376 2674 2387 2677; x_wconf 91' lang='lat'>_</span> <span class='ocrx_word' id='word_1_451' title='bbox 2471 2674 2503 2677; x_wconf 75' lang='lat'><strong><em>_</em></strong></span> <span class='ocrx_word' id='word_1_452' title='bbox 3035 2620 3180 2677; x_wconf 88' lang='lat' dir='ltr'><strong><em>pater</em></strong></span> <span class='ocrx_word' id='word_1_453' title='bbox 3206 2620 3340 2668; x_wconf 89' lang='lat' dir='ltr'><strong><em>tuus.</em></strong></span> 
     </span>
    </p>
   </div>
   <div class='ocr_carea' id='block_1_115' title="bbox 2278 2673 3803 2755">
    <p class='ocr_par' dir='ltr' id='par_1_115' title="bbox 2278 2673 3803 2755">
     <span class='ocr_line' id='line_1_120' title="bbox 2278 2673 3803 2755; baseline 0.009 -28"><span class='ocrx_word' id='word_1_454' title='bbox 2278 2673 2413 2755; x_wconf 74' lang='lat' dir='ltr'><strong><em>Ibid.</em></strong></span> <span class='ocrx_word' id='word_1_455' title='bbox 2455 2674 2622 2733; x_wconf 82' lang='lat' dir='ltr'><strong><em>Filios</em></strong></span> <span class='ocrx_word' id='word_1_456' title='bbox 2658 2688 2771 2734; x_wconf 89' lang='lat' dir='ltr'><strong><em>tuos</em></strong></span> <span class='ocrx_word' id='word_1_457' title='bbox 2796 2681 2962 2751; x_wconf 88' lang='lat' dir='ltr'><strong><em>patri-</em></strong></span> <span class='ocrx_word' id='word_1_458' title='bbox 3035 2673 3045 2677; x_wconf 57' lang='grc'><strong>⁷</strong></span> <span class='ocrx_word' id='word_1_459' title='bbox 3078 2683 3184 2755; x_wconf 82' lang='lat' dir='ltr'><strong><em>_Id.</em></strong></span> <span class='ocrx_word' id='word_1_460' title='bbox 3227 2681 3382 2737; x_wconf 83' lang='lat' dir='ltr'><strong><em>Filiis</em></strong></span> <span class='ocrx_word' id='word_1_461' title='bbox 3415 2688 3520 2740; x_wconf 83' lang='lat' dir='ltr'><strong><em>tuis</em></strong></span> <span class='ocrx_word' id='word_1_462' title='bbox 3552 2687 3803 2755; x_wconf 83' lang='lat' dir='ltr'><strong><em>patrimo-</em></strong></span> 
     </span>
    </p>
   </div>
   <div class='ocr_carea' id='block_1_116' title="bbox 2209 2746 3800 2813">
    <p class='ocr_par' dir='ltr' id='par_1_116' title="bbox 2209 2746 3800 2813">
     <span class='ocr_line' id='line_1_121' title="bbox 2209 2746 3800 2813; baseline 0.007 -13"><span class='ocrx_word' id='word_1_463' title='bbox 2209 2746 2517 2804; x_wconf 89' lang='lat' dir='ltr'><strong><em>moniotuo.</em></strong></span> <span class='ocrx_word' id='word_1_464' title='bbox 2797 2746 2806 2751; x_wconf 81' lang='grc'><em>’</em></span> <span class='ocrx_word' id='word_1_465' title='bbox 3034 2753 3176 2805; x_wconf 90' lang='lat' dir='ltr'><strong><em>nium</em></strong></span> <span class='ocrx_word' id='word_1_466' title='bbox 3236 2768 3400 2810; x_wconf 85' lang='lat' dir='ltr'><strong><em>tuum.</em></strong></span> <span class='ocrx_word' id='word_1_467' title='bbox 3472 2746 3604 2813; x_wconf 75' lang='lat' dir='ltr'><strong><em>Vide</em></strong></span> <span class='ocrx_word' id='word_1_468' title='bbox 3679 2773 3800 2811; x_wconf 74' lang='lat' dir='ltr'><strong><em>var.</em></strong></span> 
     </span>
    </p>
   </div>
   <div class='ocr_carea' id='block_1_117' title="bbox 3032 2823 3258 2879">
    <p class='ocr_par' dir='ltr' id='par_1_117' title="bbox 3032 2823 3258 2879">
     <span class='ocr_line' id='line_1_122' title="bbox 3032 2823 3258 2879; baseline 0.004 -1"><span class='ocrx_word' id='word_1_469' title='bbox 3032 2823 3258 2879; x_wconf 72' lang='lat' dir='ltr'><strong><em>Mallrin.</em></strong></span> 
     </span>
    </p>
   </div>
   <div class='ocr_carea' id='block_1_118' title="bbox 2206 2886 3805 2968">
    <p class='ocr_par' dir='ltr' id='par_1_118' title="bbox 2206 2886 3805 2968">
     <span class='ocr_line' id='line_1_123' title="bbox 2206 2886 3805 2968; baseline 0.008 -28"><span class='ocrx_word' id='word_1_470' title='bbox 2206 2891 2213 2906; x_wconf 92' lang='lat'><em>&#39;</em></span> <span class='ocrx_word' id='word_1_471' title='bbox 2278 2886 2414 2944; x_wconf 87' lang='lat' dir='ltr'><strong><em>Ibid.</em></strong></span> <span class='ocrx_word' id='word_1_472' title='bbox 2476 2889 2578 2968; x_wconf 72' lang='lat' dir='ltr'><strong><em>Illi</em></strong></span> <span class='ocrx_word' id='word_1_473' title='bbox 2623 2893 2831 2968; x_wconf 70' lang='lat' dir='ltr'><strong><em>debetur</em></strong></span> <span class='ocrx_word' id='word_1_474' title='bbox 2889 2891 2958 2968; x_wconf 84' lang='lat' dir='ltr'><strong><em>ad</em></strong></span> <span class='ocrx_word' id='word_1_475' title='bbox 3105 2895 3297 2950; x_wconf 86' lang='lat' dir='ltr'><strong><em>Id.Illi</em></strong></span> <span class='ocrx_word' id='word_1_476' title='bbox 3316 2897 3544 2967; x_wconf 84' lang='lat' dir='ltr'><strong><em>debetur,</em></strong></span> <span class='ocrx_word' id='word_1_477' title='bbox 3565 2901 3632 2953; x_wconf 87' lang='lat' dir='ltr'><strong><em>ad</em></strong></span> <span class='ocrx_word' id='word_1_478' title='bbox 3650 2914 3805 2968; x_wconf 73' lang='lat' dir='ltr'><strong><em>quem</em></strong></span> 
     </span>
    </p>
   </div>
   <div class='ocr_carea' id='block_1_119' title="bbox 2209 2962 2961 3032">
    <p class='ocr_par' dir='ltr' id='par_1_119' title="bbox 2209 2962 2961 3032">
     <span class='ocr_line' id='line_1_124' title="bbox 2209 2962 2961 3032; baseline 0.005 -20"><span class='ocrx_word' id='word_1_479' title='bbox 2209 2974 2353 3032; x_wconf 81' lang='lat' dir='ltr'><strong><em>quem</em></strong></span> <span class='ocrx_word' id='word_1_480' title='bbox 2380 2962 2621 3032; x_wconf 72' lang='lat' dir='ltr'><strong><em>perrexit;</em></strong></span> <span class='ocrx_word' id='word_1_481' title='bbox 2645 2963 2846 3018; x_wconf 72' lang='lat' dir='ltr'><strong><em>Christo</em></strong></span> <span class='ocrx_word' id='word_1_482' title='bbox 2876 2967 2961 3017; x_wconf 86' lang='lat' dir='ltr'><strong><em>de-</em></strong></span> 
     </span>
    </p>
   </div>
   <div class='ocr_carea' id='block_1_120' title="bbox 3034 2968 3802 3038">
    <p class='ocr_par' dir='ltr' id='par_1_120' title="bbox 3034 2968 3802 3038">
     <span class='ocr_line' id='line_1_125' title="bbox 3034 2968 3802 3038; baseline 0.008 -21"><span class='ocrx_word' id='word_1_483' title='bbox 3034 2977 3285 3035; x_wconf 71' lang='lat' dir='ltr'><strong><em>perrext;</em></strong></span> <span class='ocrx_word' id='word_1_484' title='bbox 3326 2968 3528 3023; x_wconf 83' lang='lat' dir='ltr'><strong><em>Christo</em></strong></span> <span class='ocrx_word' id='word_1_485' title='bbox 3560 2973 3802 3038; x_wconf 77' lang='lat' dir='ltr'><strong><em>debetur,</em></strong></span> 
     </span>
    </p>
   </div>
   <div class='ocr_carea' id='block_1_121' title="bbox 594 3024 1279 3099">
    <p class='ocr_par' dir='ltr' id='par_1_121' title="bbox 594 3024 1279 3099">
     <span class='ocr_line' id='line_1_126' title="bbox 594 3024 1279 3099; baseline 0.01 -21"><span class='ocrx_word' id='word_1_486' title='bbox 594 3024 728 3079; x_wconf 83' lang='lat' dir='ltr'><strong><em>Ibid.</em></strong></span> <span class='ocrx_word' id='word_1_487' title='bbox 757 3024 864 3081; x_wconf 87' lang='lat' dir='ltr'><strong><em>Illa</em></strong></span> <span class='ocrx_word' id='word_1_488' title='bbox 881 3030 1128 3084; x_wconf 88' lang='lat' dir='ltr'><strong><em>erubescit</em></strong></span> <span class='ocrx_word' id='word_1_489' title='bbox 1151 3030 1279 3099; x_wconf 88' lang='lat' dir='ltr'><strong><em>viro,</em></strong></span> 
     </span>
    </p>
   </div>
   <div class='ocr_carea' id='block_1_122' title="bbox 526 3098 1242 3156">
    <p class='ocr_par' dir='ltr' id='par_1_122' title="bbox 526 3098 1242 3156">
     <span class='ocr_line' id='line_1_127' title="bbox 526 3098 1242 3156; baseline 0.008 -8"><span class='ocrx_word' id='word_1_490' title='bbox 526 3105 578 3149; x_wconf 92' lang='lat' dir='ltr'><strong><em>tu</em></strong></span> <span class='ocrx_word' id='word_1_491' title='bbox 607 3112 706 3149; x_wconf 59' lang='lat' dir='ltr'><strong><em>non</em></strong></span> <span class='ocrx_word' id='word_1_492' title='bbox 735 3099 987 3154; x_wconf 83' lang='lat' dir='ltr'><strong><em>erubescis</em></strong></span> <span class='ocrx_word' id='word_1_493' title='bbox 1019 3098 1242 3156; x_wconf 87' lang='lat' dir='ltr'><strong><em>Christo.</em></strong></span> 
     </span>
    </p>
   </div>
   <div class='ocr_carea' id='block_1_123' title="bbox 592 3165 1276 3241">
    <p class='ocr_par' dir='ltr' id='par_1_123' title="bbox 592 3165 1276 3241">
     <span class='ocr_line' id='line_1_128' title="bbox 592 3165 1276 3241; baseline 0.007 -20"><span class='ocrx_word' id='word_1_494' title='bbox 592 3165 724 3222; x_wconf 90' lang='lat' dir='ltr'><strong><em>Ibid.</em></strong></span> <span class='ocrx_word' id='word_1_495' title='bbox 769 3169 829 3224; x_wconf 89' lang='lat' dir='ltr'><strong><em>Si</em></strong></span> <span class='ocrx_word' id='word_1_496' title='bbox 857 3172 970 3241; x_wconf 90' lang='lat' dir='ltr'><strong><em>quis</em></strong></span> <span class='ocrx_word' id='word_1_497' title='bbox 998 3172 1276 3227; x_wconf 90' lang='lat' dir='ltr'><strong><em>volutatur.</em></strong></span> 
     </span>
    </p>
   </div>
   <div class='ocr_carea' id='block_1_124' title="bbox 2213 3028 2960 3103">
    <p class='ocr_par' dir='ltr' id='par_1_124' title="bbox 2213 3028 2960 3103">
     <span class='ocr_line' id='line_1_129' title="bbox 2213 3028 2960 3103; baseline 0.011 -22"><span class='ocrx_word' id='word_1_498' title='bbox 2213 3028 2390 3103; x_wconf 39' lang='lat' dir='ltr'><strong><em>betur,’</em></strong></span> <span class='ocrx_word' id='word_1_499' title='bbox 2404 3032 2471 3084; x_wconf 88' lang='lat' dir='ltr'><strong><em>ad</em></strong></span> <span class='ocrx_word' id='word_1_500' title='bbox 2492 3033 2657 3102; x_wconf 88' lang='lat' dir='ltr'><strong><em>ipsum</em></strong></span> <span class='ocrx_word' id='word_1_501' title='bbox 2674 3037 2811 3089; x_wconf 88' lang='lat' dir='ltr'><strong><em>enim</em></strong></span> <span class='ocrx_word' id='word_1_502' title='bbox 2842 3052 2960 3103; x_wconf 88' lang='lat' dir='ltr'><strong><em>per-</em></strong></span> 
     </span>
    </p>
   </div>
   <div class='ocr_carea' id='block_1_125' title="bbox 2209 3101 2888 3170">
    <p class='ocr_par' dir='ltr' id='par_1_125' title="bbox 2209 3101 2888 3170">
     <span class='ocr_line' id='line_1_130' title="bbox 2209 3101 2888 3170; baseline 0.009 -17"><span class='ocrx_word' id='word_1_503' title='bbox 2209 3101 2360 3166; x_wconf 71' lang='lat' dir='ltr'><strong><em>rexit,</em></strong></span> <span class='ocrx_word' id='word_1_504' title='bbox 2390 3110 2435 3155; x_wconf 89' lang='lat' dir='ltr'><strong><em>et</em></strong></span> <span class='ocrx_word' id='word_1_505' title='bbox 2470 3101 2578 3170; x_wconf 78' lang='lat' dir='ltr'><strong><em>ipse</em></strong></span> <span class='ocrx_word' id='word_1_506' title='bbox 2598 3105 2750 3169; x_wconf 72' lang='lat' dir='ltr'><strong><em>dixit,</em></strong></span> <span class='ocrx_word' id='word_1_507' title='bbox 2785 3101 2888 3161; x_wconf 76' lang='lat' dir='ltr'><strong><em>etc.</em></strong></span> 
     </span>
    </p>
   </div>
   <div class='ocr_carea' id='block_1_126' title="bbox 2284 3172 3805 3252">
    <p class='ocr_par' dir='ltr' id='par_1_126' title="bbox 2284 3172 3805 3252">
     <span class='ocr_line' id='line_1_131' title="bbox 2284 3172 3805 3252; baseline 0.007 -28"><span class='ocrx_word' id='word_1_508' title='bbox 2284 3172 2512 3252; x_wconf 79' lang='lat' dir='ltr'><strong><em>Ibid.An</em></strong></span> <span class='ocrx_word' id='word_1_509' title='bbox 2534 3191 2632 3252; x_wconf 67' lang='lat' dir='ltr'><strong><em>non</em></strong></span> <span class='ocrx_word' id='word_1_510' title='bbox 2650 3187 2811 3243; x_wconf 84' lang='lat' dir='ltr'><strong><em>potest</em></strong></span> <span class='ocrx_word' id='word_1_511' title='bbox 2836 3180 2968 3233; x_wconf 90' lang='lat' dir='ltr'><strong><em>mitti</em></strong></span> <span class='ocrx_word' id='word_1_512' title='bbox 3032 3188 3056 3252; x_wconf 58' lang='grc' dir='ltr'><em>χ</em></span> <span class='ocrx_word' id='word_1_513' title='bbox 3113 3178 3189 3234; x_wconf 89' lang='lat' dir='ltr'><strong><em>Id.</em></strong></span> <span class='ocrx_word' id='word_1_514' title='bbox 3224 3183 3300 3234; x_wconf 83' lang='lat' dir='ltr'><strong><em>Au</em></strong></span> <span class='ocrx_word' id='word_1_515' title='bbox 3329 3199 3428 3236; x_wconf 88' lang='lat' dir='ltr'><strong><em>non</em></strong></span> <span class='ocrx_word' id='word_1_516' title='bbox 3473 3193 3637 3252; x_wconf 82' lang='lat' dir='ltr'><strong><em>potest</em></strong></span> <span class='ocrx_word' id='word_1_517' title='bbox 3667 3185 3805 3237; x_wconf 71' lang='lat' dir='ltr'><strong><em>mitti</em></strong></span> 
     </span>
    </p>
   </div>
   <div class='ocr_carea' id='block_1_127' title="bbox 2133 3242 3803 3324">
    <p class='ocr_par' dir='ltr' id='par_1_127' title="bbox 2133 3242 3803 3324">
     <span class='ocr_line' id='line_1_132' title="bbox 2133 3242 3803 3324; baseline 0.009 -30"><span class='ocrx_word' id='word_1_518' title='bbox 2133 3252 2180 3315; x_wconf 70' lang='grc' dir='ltr'><strong>ρ</strong></span> <span class='ocrx_word' id='word_1_519' title='bbox 2211 3242 2267 3324; x_wconf 77' lang='lat' dir='ltr'><strong><em>in</em></strong></span> <span class='ocrx_word' id='word_1_520' title='bbox 2289 3243 2506 3324; x_wconf 66' lang='lat' dir='ltr'><strong><em>cretum?</em></strong></span> <span class='ocrx_word' id='word_1_521' title='bbox 2530 3242 2964 3324; x_wconf 51' lang='lat' dir='ltr'><strong><em>Pinesbprorsus.</em></strong></span> <span class='ocrx_word' id='word_1_522' title='bbox 3040 3250 3092 3324; x_wconf 80' lang='lat' dir='ltr'><strong><em>in</em></strong></span> <span class='ocrx_word' id='word_1_523' title='bbox 3115 3253 3292 3305; x_wconf 72' lang='lat' dir='ltr'><strong><em>cretum</em></strong></span> <span class='ocrx_word' id='word_1_524' title='bbox 3311 3255 3336 3306; x_wconf 74' lang='grc' dir='ltr'><em>Σ)</em></span> <span class='ocrx_word' id='word_1_525' title='bbox 3363 3242 3536 3309; x_wconf 79' lang='lat' dir='ltr'><strong><em>Potest</em></strong></span> <span class='ocrx_word' id='word_1_526' title='bbox 3563 3271 3803 3324; x_wconf 77' lang='lat' dir='ltr'><strong><em>prorsus,</em></strong></span> 
     </span>
    </p>
   </div>
   <div class='ocr_carea' id='block_1_128' title="bbox 2215 3313 3805 3385">
    <p class='ocr_par' dir='ltr' id='par_1_128' title="bbox 2215 3313 3805 3385">
     <span class='ocr_line' id='line_1_133' title="bbox 2215 3313 3805 3385; baseline 0.008 -19"><span class='ocrx_word' id='word_1_527' title='bbox 2215 3313 2356 3366; x_wconf 83' lang='lat' dir='ltr'><strong><em>Audi</em></strong></span> <span class='ocrx_word' id='word_1_528' title='bbox 2383 3314 2551 3385; x_wconf 86' lang='lat' dir='ltr'><strong><em>ipsum</em></strong></span> <span class='ocrx_word' id='word_1_529' title='bbox 2579 3313 2859 3373; x_wconf 88' lang='lat' dir='ltr'><strong><em>Dominum</em></strong></span> <span class='ocrx_word' id='word_1_530' title='bbox 2888 3321 2970 3373; x_wconf 86' lang='lat' dir='ltr'><strong><em>di-</em></strong></span> <span class='ocrx_word' id='word_1_531' title='bbox 3040 3323 3170 3375; x_wconf 89' lang='lat' dir='ltr'><strong><em>sicut</em></strong></span> <span class='ocrx_word' id='word_1_532' title='bbox 3201 3325 3329 3377; x_wconf 69' lang='lat' dir='ltr'><strong><em>dixit</em></strong></span> <span class='ocrx_word' id='word_1_533' title='bbox 3361 3313 3637 3380; x_wconf 75' lang='lat' dir='ltr'><strong><em>Dominus.</em></strong></span> <span class='ocrx_word' id='word_1_534' title='bbox 3665 3313 3805 3381; x_wconf 58' lang='lat' dir='ltr'><strong><em>Cod;</em></strong></span> 
     </span>
    </p>
   </div>
   <div class='ocr_carea' id='block_1_129' title="bbox 1417 3031 2100 3107">
    <p class='ocr_par' dir='ltr' id='par_1_129' title="bbox 1417 3031 2100 3107">
     <span class='ocr_line' id='line_1_134' title="bbox 1417 3031 2100 3107; baseline 0.01 -20"><span class='ocrx_word' id='word_1_535' title='bbox 1417 3033 1495 3087; x_wconf 93' lang='lat' dir='ltr'><strong><em>Id.</em></strong></span> <span class='ocrx_word' id='word_1_536' title='bbox 1538 3031 1659 3107; x_wconf 80' lang='lat' dir='ltr'><strong><em>Illa</em></strong></span> <span class='ocrx_word' id='word_1_537' title='bbox 1674 3035 1916 3089; x_wconf 89' lang='lat' dir='ltr'><strong><em>erubescit</em></strong></span> <span class='ocrx_word' id='word_1_538' title='bbox 1946 3039 2100 3107; x_wconf 88' lang='lat' dir='ltr'><strong><em>viros,</em></strong></span> 
     </span>
    </p>
   </div>
   <div class='ocr_carea' id='block_1_130' title="bbox 1348 3104 2102 3166">
    <p class='ocr_par' dir='ltr' id='par_1_130' title="bbox 1348 3104 2102 3166">
     <span class='ocr_line' id='line_1_135' title="bbox 1348 3104 2102 3166; baseline 0.009 -7"><span class='ocrx_word' id='word_1_539' title='bbox 1348 3114 1404 3159; x_wconf 89' lang='lat' dir='ltr'><strong><em>tu</em></strong></span> <span class='ocrx_word' id='word_1_540' title='bbox 1423 3121 1524 3157; x_wconf 90' lang='lat' dir='ltr'><strong><em>non</em></strong></span> <span class='ocrx_word' id='word_1_541' title='bbox 1547 3104 1798 3161; x_wconf 88' lang='lat' dir='ltr'><strong><em>erubescis</em></strong></span> <span class='ocrx_word' id='word_1_542' title='bbox 1822 3104 2102 3166; x_wconf 75' lang='lat' dir='ltr'><strong><em>Christum.</em></strong></span> 
     </span>
    </p>
   </div>
   <div class='ocr_carea' id='block_1_131' title="bbox 1418 3173 2106 3250">
    <p class='ocr_par' dir='ltr' id='par_1_131' title="bbox 1418 3173 2106 3250">
     <span class='ocr_line' id='line_1_136' title="bbox 1418 3173 2106 3250; baseline 0.009 -20"><span class='ocrx_word' id='word_1_543' title='bbox 1418 3175 1495 3250; x_wconf 88' lang='lat' dir='ltr'><strong><em>Id.</em></strong></span> <span class='ocrx_word' id='word_1_544' title='bbox 1538 3173 1601 3230; x_wconf 86' lang='lat' dir='ltr'><strong><em>Si</em></strong></span> <span class='ocrx_word' id='word_1_545' title='bbox 1653 3178 1765 3246; x_wconf 86' lang='lat' dir='ltr'><strong><em>quis</em></strong></span> <span class='ocrx_word' id='word_1_546' title='bbox 1812 3179 2106 3250; x_wconf 86' lang='lat' dir='ltr'><strong><em>voluptatus</em></strong></span> 
     </span>
    </p>
   </div>
   <div class='ocr_carea' id='block_1_132' title="bbox 1347 3249 1523 3322">
    <p class='ocr_par' dir='ltr' id='par_1_132' title="bbox 1347 3249 1523 3322">
     <span class='ocr_line' id='line_1_137' title="bbox 1347 3249 1523 3322; baseline 0.006 -23"><span class='ocrx_word' id='word_1_547' title='bbox 1347 3249 1523 3322; x_wconf 75' lang='lat' dir='ltr'><strong><em>fuerit.</em></strong></span> 
     </span>
    </p>
   </div>
   <div class='ocr_carea' id='block_1_133' title="bbox 1408 3314 2104 3392">
    <p class='ocr_par' dir='ltr' id='par_1_133' title="bbox 1408 3314 2104 3392">
     <span class='ocr_line' id='line_1_138' title="bbox 1408 3314 2104 3392; baseline 0.01 -20"><span class='ocrx_word' id='word_1_548' title='bbox 1408 3316 1488 3392; x_wconf 88' lang='lat' dir='ltr'><strong><em>I_d_.</em></strong></span> <span class='ocrx_word' id='word_1_549' title='bbox 1528 3314 1611 3392; x_wconf 73' lang='lat' dir='ltr'><strong><em>Et</em></strong></span> <span class='ocrx_word' id='word_1_550' title='bbox 1640 3333 1790 3392; x_wconf 87' lang='lat' dir='ltr'><strong><em>carus</em></strong></span> <span class='ocrx_word' id='word_1_551' title='bbox 1828 3323 2104 3392; x_wconf 90' lang='lat' dir='ltr'><strong><em>accipitur.</em></strong></span> 
     </span>
    </p>
   </div>
   <div class='ocr_carea' id='block_1_134' title="bbox 3035 3040 3610 3109">
    <p class='ocr_par' dir='ltr' id='par_1_134' title="bbox 3035 3040 3610 3109">
     <span class='ocr_line' id='line_1_139' title="bbox 3035 3040 3610 3109; baseline 0.012 -21"><span class='ocrx_word' id='word_1_552' title='bbox 3035 3040 3157 3106; x_wconf 86' lang='lat' dir='ltr'><strong><em>quia</em></strong></span> <span class='ocrx_word' id='word_1_553' title='bbox 3187 3040 3295 3109; x_wconf 77' lang='lat' dir='ltr'><strong><em>ipse</em></strong></span> <span class='ocrx_word' id='word_1_554' title='bbox 3323 3040 3472 3109; x_wconf 69' lang='lat' dir='ltr'><strong><em>dixit,</em></strong></span> <span class='ocrx_word' id='word_1_555' title='bbox 3500 3054 3610 3097; x_wconf 86' lang='lat' dir='ltr'><strong><em>etc.</em></strong></span> 
     </span>
    </p>
   </div>
   <div class='ocr_carea' id='block_1_135' title="bbox 592 3306 1276 3384">
    <p class='ocr_par' dir='ltr' id='par_1_135' title="bbox 592 3306 1276 3384">
     <span class='ocr_line' id='line_1_140' title="bbox 592 3306 1276 3384; baseline 0.018 -25"><span class='ocrx_word' id='word_1_556' title='bbox 766 3308 965 3384; x_wconf 64' lang='lat' dir='ltr'><strong><em>Blande</em></strong></span> <span class='ocrx_word' id='word_1_557' title='bbox 1007 3314 1276 3384; x_wconf 86' lang='lat' dir='ltr'><strong><em>accipitur.</em></strong></span> 
     </span>
    </p>
   </div>
   <div class='ocr_carea' id='block_1_136' title="bbox 595 3378 1256 3441">
    <p class='ocr_par' dir='ltr' id='par_1_136' title="bbox 595 3378 1256 3441">
     <span class='ocr_line' id='line_1_141' title="bbox 595 3378 1256 3441; baseline 0.012 -9"><span class='ocrx_word' id='word_1_558' title='bbox 595 3378 726 3434; x_wconf 91' lang='lat' dir='ltr'><strong><em>Ibid.</em></strong></span> <span class='ocrx_word' id='word_1_559' title='bbox 775 3380 951 3437; x_wconf 88' lang='lat' dir='ltr'><strong><em>Victus</em></strong></span> <span class='ocrx_word' id='word_1_560' title='bbox 977 3401 1009 3438; x_wconf 93' lang='lat' dir='ltr'><strong><em>a</em></strong></span> <span class='ocrx_word' id='word_1_561' title='bbox 1048 3378 1256 3441; x_wconf 79' lang='lat' dir='ltr'><strong><em>libidine</em></strong></span> 
     </span>
    </p>
   </div>
   <div class='ocr_carea' id='block_1_137' title="bbox 1420 3388 2002 3451">
    <p class='ocr_par' dir='ltr' id='par_1_137' title="bbox 1420 3388 2002 3451">
     <span class='ocr_line' id='line_1_142' title="bbox 1420 3388 2002 3451; baseline 0.012 -8"><span class='ocrx_word' id='word_1_562' title='bbox 1420 3388 1498 3443; x_wconf 92' lang='lat' dir='ltr'><strong><em>Id.</em></strong></span> <span class='ocrx_word' id='word_1_563' title='bbox 1547 3388 1726 3445; x_wconf 87' lang='lat' dir='ltr'><strong><em>Victus</em></strong></span> <span class='ocrx_word' id='word_1_564' title='bbox 1769 3388 2002 3451; x_wconf 80' lang='lat' dir='ltr'><strong><em>libidine.</em></strong></span> 
     </span>
    </p>
   </div>
   <div class='ocr_carea' id='block_1_138' title="bbox 597 3448 1136 3523">
    <p class='ocr_par' dir='ltr' id='par_1_138' title="bbox 597 3448 1136 3523">
     <span class='ocr_line' id='line_1_143' title="bbox 597 3448 1136 3523; baseline 0.009 -19"><span class='ocrx_word' id='word_1_565' title='bbox 597 3448 729 3505; x_wconf 88' lang='lat' dir='ltr'><strong><em>Ibid.</em></strong></span> <span class='ocrx_word' id='word_1_566' title='bbox 772 3451 835 3507; x_wconf 87' lang='lat' dir='ltr'><strong><em>Si</em></strong></span> <span class='ocrx_word' id='word_1_567' title='bbox 865 3464 1136 3523; x_wconf 87' lang='lat' dir='ltr'><strong><em>spectares.</em></strong></span> 
     </span>
    </p>
   </div>
   <div class='ocr_carea' id='block_1_139' title="bbox 1417 3457 2110 3533">
    <p class='ocr_par' dir='ltr' id='par_1_139' title="bbox 1417 3457 2110 3533">
     <span class='ocr_line' id='line_1_144' title="bbox 1417 3457 2110 3533; baseline 0.014 -20"><span class='ocrx_word' id='word_1_568' title='bbox 1417 3457 1676 3533; x_wconf 68' lang='lat' dir='ltr'><strong><em>Id.__eddil</em></strong></span> <span class='ocrx_word' id='word_1_569' title='bbox 1716 3463 1770 3516; x_wconf 90' lang='lat' dir='ltr'><strong><em>in</em></strong></span> <span class='ocrx_word' id='word_1_570' title='bbox 1790 3465 2110 3533; x_wconf 84' lang='lat' dir='ltr'><strong><em>amphithea-</em></strong></span> 
     </span>
    </p>
   </div>
   <div class='ocr_carea' id='block_1_140' title="bbox 1351 3529 1998 3591">
    <p class='ocr_par' dir='ltr' id='par_1_140' title="bbox 1351 3529 1998 3591">
     <span class='ocr_line' id='line_1_145' title="bbox 1351 3529 1998 3591; baseline 0.012 -9"><span class='ocrx_word' id='word_1_571' title='bbox 1351 3537 1450 3584; x_wconf 89' lang='lat' dir='ltr'><strong><em>tro.</em></strong></span> <span class='ocrx_word' id='word_1_572' title='bbox 1480 3529 1613 3585; x_wconf 81' lang='lat' dir='ltr'><strong><em>Vide</em></strong></span> <span class='ocrx_word' id='word_1_573' title='bbox 1634 3545 1747 3588; x_wconf 80' lang='lat' dir='ltr'><strong><em>var.</em></strong></span> <span class='ocrx_word' id='word_1_574' title='bbox 1775 3529 1998 3591; x_wconf 67' lang='lat' dir='ltr'><strong><em>Macrin.</em></strong></span> 
     </span>
    </p>
   </div>
   <div class='ocr_carea' id='block_1_141' title="bbox 1422 3599 2110 3678">
    <p class='ocr_par' dir='ltr' id='par_1_141' title="bbox 1422 3599 2110 3678">
     <span class='ocr_line' id='line_1_146' title="bbox 1422 3599 2110 3678; baseline 0.013 -23"><span class='ocrx_word' id='word_1_575' title='bbox 1422 3599 1497 3678; x_wconf 63' lang='lat' dir='ltr'><strong><em>Id.</em></strong></span> <span class='ocrx_word' id='word_1_576' title='bbox 1540 3599 1654 3657; x_wconf 85' lang='lat' dir='ltr'><strong><em>Has</em></strong></span> <span class='ocrx_word' id='word_1_577' title='bbox 1691 3619 1890 3676; x_wconf 88' lang='lat' dir='ltr'><strong><em>pugnas</em></strong></span> <span class='ocrx_word' id='word_1_578' title='bbox 1922 3610 2004 3678; x_wconf 79' lang='lat' dir='ltr'><strong><em>[ac</em></strong></span> <span class='ocrx_word' id='word_1_579' title='bbox 2054 3609 2110 3665; x_wconf 85' lang='lat' dir='ltr'><strong><em>in</em></strong></span> 
     </span>
    </p>
   </div>
   <div class='ocr_carea' id='block_1_142' title="bbox 1350 3673 1935 3740">
    <p class='ocr_par' dir='ltr' id='par_1_142' title="bbox 1350 3673 1935 3740">
     <span class='ocr_line' id='line_1_147' title="bbox 1350 3673 1935 3740; baseline 0.014 -15"><span class='ocrx_word' id='word_1_580' title='bbox 1350 3673 1568 3740; x_wconf 87' lang='lat' dir='ltr'><strong><em>occulto,</em></strong></span> <span class='ocrx_word' id='word_1_581' title='bbox 1602 3682 1656 3726; x_wconf 91' lang='lat' dir='ltr'><strong><em>ut</em></strong></span> <span class='ocrx_word' id='word_1_582' title='bbox 1683 3673 1806 3739; x_wconf 81' lang='lat' dir='ltr'><strong><em>non,</em></strong></span> <span class='ocrx_word' id='word_1_583' title='bbox 1832 3673 1935 3733; x_wconf 71' lang='lat' dir='ltr'><strong><em>etc.</em></strong></span> 
     </span>
    </p>
   </div>
   <div class='ocr_carea' id='block_1_143' title="bbox 1423 3741 2108 3815">
    <p class='ocr_par' dir='ltr' id='par_1_143' title="bbox 1423 3741 2108 3815">
     <span class='ocr_line' id='line_1_148' title="bbox 1423 3741 2108 3815; baseline 0.015 -18"><span class='ocrx_word' id='word_1_584' title='bbox 1423 3741 1505 3799; x_wconf 95' lang='lat' dir='ltr'><strong><em>Id.</em></strong></span> <span class='ocrx_word' id='word_1_585' title='bbox 1532 3742 1727 3815; x_wconf 89' lang='lat' dir='ltr'><strong><em>Tangis</em></strong></span> <span class='ocrx_word' id='word_1_586' title='bbox 1773 3748 1981 3802; x_wconf 87' lang='lat' dir='ltr'><strong><em>easdem</em></strong></span> <span class='ocrx_word' id='word_1_587' title='bbox 2016 3752 2108 3807; x_wconf 85' lang='lat' dir='ltr'><strong><em>de-</em></strong></span> 
     </span>
    </p>
   </div>
   <div class='ocr_carea' id='block_1_144' title="bbox 1352 3814 2109 3887">
    <p class='ocr_par' dir='ltr' id='par_1_144' title="bbox 1352 3814 2109 3887">
     <span class='ocr_line' id='line_1_149' title="bbox 1352 3814 2109 3887; baseline 0.013 -20"><span class='ocrx_word' id='word_1_588' title='bbox 1352 3829 1459 3887; x_wconf 86' lang='lat' dir='ltr'><strong><em>cem</em></strong></span> <span class='ocrx_word' id='word_1_589' title='bbox 1484 3814 1727 3883; x_wconf 89' lang='lat' dir='ltr'><strong><em>chordas,</em></strong></span> <span class='ocrx_word' id='word_1_590' title='bbox 1757 3827 1805 3871; x_wconf 89' lang='lat' dir='ltr'><strong><em>et</em></strong></span> <span class='ocrx_word' id='word_1_591' title='bbox 1836 3818 1974 3887; x_wconf 81' lang='lat' dir='ltr'><strong><em>feras</em></strong></span> <span class='ocrx_word' id='word_1_592' title='bbox 2017 3837 2109 3876; x_wconf 90' lang='lat' dir='ltr'><strong><em>oc-</em></strong></span> 
     </span>
    </p>
   </div>
   <div class='ocr_carea' id='block_1_145' title="bbox 1354 3885 1505 3944">
    <p class='ocr_par' dir='ltr' id='par_1_145' title="bbox 1354 3885 1505 3944">
     <span class='ocr_line' id='line_1_150' title="bbox 1354 3885 1505 3944; baseline 0.053 -8"><span class='ocrx_word' id='word_1_593' title='bbox 1354 3885 1505 3944; x_wconf 78' lang='lat' dir='ltr'><strong><em>cidit.</em></strong></span> 
     </span>
    </p>
   </div>
   <div class='ocr_carea' id='block_1_146' title="bbox 1425 3955 2109 4028">
    <p class='ocr_par' dir='ltr' id='par_1_146' title="bbox 1425 3955 2109 4028">
     <span class='ocr_line' id='line_1_151' title="bbox 1425 3955 2109 4028; baseline 0.015 -18"><span class='ocrx_word' id='word_1_594' title='bbox 1425 3955 1503 4012; x_wconf 92' lang='lat' dir='ltr'><strong><em>Id.</em></strong></span> <span class='ocrx_word' id='word_1_595' title='bbox 1562 3958 1867 4028; x_wconf 67' lang='lat' dir='ltr'><strong><em>Heresum;</em></strong></span> <span class='ocrx_word' id='word_1_596' title='bbox 1913 3970 2109 4020; x_wconf 56' lang='lat' dir='ltr'><strong><em>caetera</em></strong></span> 
     </span>
    </p>
   </div>
   <div class='ocr_carea' id='block_1_147' title="bbox 1350 4025 2113 4105">
    <p class='ocr_par' dir='ltr' id='par_1_147' title="bbox 1350 4025 2113 4105">
     <span class='ocr_line' id='line_1_152' title="bbox 1350 4025 2113 4105; baseline 0.01 -22"><span class='ocrx_word' id='word_1_597' title='bbox 1350 4025 1489 4105; x_wconf 75' lang='lat' dir='ltr'><strong><em>bene</em></strong></span> <span class='ocrx_word' id='word_1_598' title='bbox 1526 4030 1778 4105; x_wconf 32' lang='lat' dir='ltr'><strong><em>desunt,</em></strong></span> <span class='ocrx_word' id='word_1_599' title='bbox 2098 4060 2113 4105; x_wconf 57' lang='grc' dir='ltr'><em>ρ</em></span> 
     </span>
    </p>
   </div>
   <div class='ocr_carea' id='block_1_148' title="bbox 1421 4098 2070 4173">
    <p class='ocr_par' dir='ltr' id='par_1_148' title="bbox 1421 4098 2070 4173">
     <span class='ocr_line' id='line_1_153' title="bbox 1421 4098 2070 4173; baseline 0.014 -21"><span class='ocrx_word' id='word_1_600' title='bbox 1421 4098 1713 4173; x_wconf 73' lang='lat' dir='ltr'><strong><em>Id._Bestia</em></strong></span> <span class='ocrx_word' id='word_1_601' title='bbox 1752 4102 2070 4173; x_wconf 84' lang='lat' dir='ltr'><strong><em>fallacitatis.</em></strong></span> 
     </span>
    </p>
   </div>
   <div class='ocr_carea' id='block_1_149' title="bbox 1420 4171 2112 4229">
    <p class='ocr_par' dir='ltr' id='par_1_149' title="bbox 1420 4171 2112 4229">
     <span class='ocr_line' id='line_1_154' title="bbox 1420 4171 2112 4229; baseline 0.007 -4"><span class='ocrx_word' id='word_1_602' title='bbox 1420 4171 1554 4228; x_wconf 84' lang='lat' dir='ltr'><strong><em>Cod.</em></strong></span> <span class='ocrx_word' id='word_1_603' title='bbox 1588 4189 1643 4227; x_wconf 87' lang='grc' dir='ltr'><strong><em>ιι.</em></strong></span> <span class='ocrx_word' id='word_1_604' title='bbox 1688 4171 1950 4229; x_wconf 76' lang='lat' dir='ltr'><strong><em>SOcietate</em></strong></span> <span class='ocrx_word' id='word_1_605' title='bbox 2000 4191 2112 4229; x_wconf 85' lang='lat' dir='ltr'><strong><em>ver-</em></strong></span> 
     </span>
    </p>
   </div>
   <div class='ocr_carea' id='block_1_150' title="bbox 1351 4242 2110 4302">
    <p class='ocr_par' dir='ltr' id='par_1_150' title="bbox 1351 4242 2110 4302">
     <span class='ocr_line' id='line_1_155' title="bbox 1351 4242 2110 4302; baseline 0.011 -8"><span class='ocrx_word' id='word_1_606' title='bbox 1351 4242 1502 4297; x_wconf 90' lang='lat' dir='ltr'><strong><em>saris.</em></strong></span> <span class='ocrx_word' id='word_1_607' title='bbox 1534 4242 1699 4299; x_wconf 91' lang='lat' dir='ltr'><strong><em>Nulla</em></strong></span> <span class='ocrx_word' id='word_1_608' title='bbox 1749 4245 1907 4299; x_wconf 89' lang='lat' dir='ltr'><strong><em>bestia</em></strong></span> <span class='ocrx_word' id='word_1_609' title='bbox 1936 4246 2110 4302; x_wconf 88' lang='lat' dir='ltr'><strong><em>subre-</em></strong></span> 
     </span>
    </p>
   </div>
   <div class='ocr_carea' id='block_1_151' title="bbox 1353 4314 2110 4383">
    <p class='ocr_par' dir='ltr' id='par_1_151' title="bbox 1353 4314 2110 4383">
     <span class='ocr_line' id='line_1_156' title="bbox 1353 4314 2110 4383; baseline 0.008 -18"><span class='ocrx_word' id='word_1_610' title='bbox 1353 4314 1426 4380; x_wconf 82' lang='lat' dir='ltr'><strong><em>pit</em></strong></span> <span class='ocrx_word' id='word_1_611' title='bbox 1466 4314 1517 4367; x_wconf 88' lang='lat' dir='ltr'><strong><em>in</em></strong></span> <span class='ocrx_word' id='word_1_612' title='bbox 1570 4314 1974 4383; x_wconf 88' lang='lat' dir='ltr'><strong><em>humanitatem;</em></strong></span> <span class='ocrx_word' id='word_1_613' title='bbox 2011 4320 2110 4372; x_wconf 86' lang='lat' dir='ltr'><strong><em>Itu-</em></strong></span> 
     </span>
    </p>
   </div>
   <div class='ocr_carea' id='block_1_152' title="bbox 527 4374 2110 4458">
    <p class='ocr_par' dir='ltr' id='par_1_152' title="bbox 527 4374 2110 4458">
     <span class='ocr_line' id='line_1_157' title="bbox 527 4374 2110 4458; baseline 0.013 -35"><span class='ocrx_word' id='word_1_614' title='bbox 527 4385 681 4426; x_wconf 89' lang='lat' dir='ltr'><strong><em>mana</em></strong></span> <span class='ocrx_word' id='word_1_615' title='bbox 704 4374 837 4428; x_wconf 89' lang='lat' dir='ltr'><strong><em>enim</em></strong></span> <span class='ocrx_word' id='word_1_616' title='bbox 876 4378 1101 4458; x_wconf 61' lang='lat' dir='ltr'><strong><em>societas</em></strong></span> <span class='ocrx_word' id='word_1_617' title='bbox 1130 4397 1191 4435; x_wconf 72' lang='lat' dir='ltr'><strong><em>ex</em></strong></span> <span class='ocrx_word' id='word_1_618' title='bbox 1235 4397 1295 4435; x_wconf 89' lang='lat' dir='ltr'><strong><em>eo</em></strong></span> <span class='ocrx_word' id='word_1_619' title='bbox 1333 4374 1632 4458; x_wconf 73' lang='lat' dir='ltr'><strong><em>conﬁcitur,</em></strong></span> <span class='ocrx_word' id='word_1_620' title='bbox 1684 4396 1738 4440; x_wconf 90' lang='lat' dir='ltr'><strong><em>ut</em></strong></span> <span class='ocrx_word' id='word_1_621' title='bbox 1768 4374 2110 4458; x_wconf 76' lang='lat' dir='ltr'><strong><em>unusquisque</em></strong></span> 
     </span>
    </p>
   </div>
   <div class='ocr_carea' id='block_1_153' title="bbox 525 4450 2102 4581">
    <p class='ocr_par' dir='ltr' id='par_1_153' title="bbox 525 4450 2102 4581">
     <span class='ocr_line' id='line_1_158' title="bbox 526 4450 2102 4572; baseline 0.013 -79"><span class='ocrx_word' id='word_1_622' title='bbox 526 4455 588 4493; x_wconf 92' lang='lat' dir='ltr'><strong><em>ea</em></strong></span> <span class='ocrx_word' id='word_1_623' title='bbox 608 4459 719 4511; x_wconf 74' lang='lat' dir='ltr'><strong><em>qua:</em></strong></span> <span class='ocrx_word' id='word_1_624' title='bbox 760 4461 877 4513; x_wconf 89' lang='lat' dir='ltr'><strong><em>sua,</em></strong></span> <span class='ocrx_word' id='word_1_625' title='bbox 913 4464 1026 4572; x_wconf 54' lang='lat' dir='ltr'><strong><em>«ﬁta:</em></strong></span> <span class='ocrx_word' id='word_1_626' title='bbox 1069 4450 1217 4521; x_wconf 85' lang='lat' dir='ltr'><strong><em>justa</em></strong></span> <span class='ocrx_word' id='word_1_627' title='bbox 1243 4450 1500 4523; x_wconf 83' lang='lat' dir='ltr'><strong><em>possidet,</em></strong></span> <span class='ocrx_word' id='word_1_628' title='bbox 1548 4450 1754 4512; x_wconf 84' lang='lat' dir='ltr'><strong><em>securus</em></strong></span> <span class='ocrx_word' id='word_1_629' title='bbox 1824 4450 2102 4527; x_wconf 75' lang='lat' dir='ltr'><strong><em>possideat.</em></strong></span> 
     </span>
     <span class='ocr_line' id='line_1_159' title="bbox 525 4508 1653 4581; baseline 0.016 -18"><span class='ocrx_word' id='word_1_630' title='bbox 525 4508 905 4581; x_wconf 69' lang='lat' dir='ltr'><strong><em>Tangrns,etr&#39;.</em></strong></span> <span class='ocrx_word' id='word_1_631' title='bbox 972 4534 1036 4574; x_wconf 91' lang='lat' dir='ltr'><strong><em>oc</em></strong></span> <span class='ocrx_word' id='word_1_632' title='bbox 1052 4522 1277 4581; x_wconf 73' lang='lat' dir='ltr'><strong><em>glossam</em></strong></span> <span class='ocrx_word' id='word_1_633' title='bbox 1316 4525 1653 4581; x_wconf 85' lang='lat' dir='ltr'><strong><em>crediderim.</em></strong></span> 
     </span>
    </p>
   </div>
   <div class='ocr_carea' id='block_1_154' title="bbox 567 4537 2109 4665">
    <p class='ocr_par' dir='ltr' id='par_1_154' title="bbox 567 4537 2109 4665">
     <span class='ocr_line' id='line_1_160' title="bbox 573 4537 1653 4588; baseline 0.018 -26"><span class='ocrx_word' id='word_1_634' title='bbox 573 4537 781 4583; x_wconf 65' lang='grc' dir='ltr'><strong><em>υιιςμνηδ,</em></strong></span> <span class='ocrx_word' id='word_1_635' title='bbox 800 4537 905 4571; x_wconf 70' lang='grc' dir='ltr'><strong>ειν.</strong></span> <span class='ocrx_word' id='word_1_636' title='bbox 926 4537 1036 4574; x_wconf 87' lang='lat' dir='ltr'><strong><em>noc</em></strong></span> <span class='ocrx_word' id='word_1_637' title='bbox 1052 4537 1277 4588; x_wconf 78' lang='lat' dir='ltr'><strong><em>glossam</em></strong></span> <span class='ocrx_word' id='word_1_638' title='bbox 1316 4537 1653 4581; x_wconf 78' lang='lat' dir='ltr'><strong><em>crediderim.</em></strong></span> 
     </span>
     <span class='ocr_line' id='line_1_161' title="bbox 567 4582 2109 4665; baseline 0.014 -29"><span class='ocrx_word' id='word_1_639' title='bbox 567 4651 579 4663; x_wconf 44' lang='lat'><strong><em>.</em></strong></span> <span class='ocrx_word' id='word_1_640' title='bbox 599 4582 910 4665; x_wconf 54' lang='lat' dir='ltr'><strong><em>Ibid;_Quot</em></strong></span> <span class='ocrx_word' id='word_1_641' title='bbox 940 4591 1120 4665; x_wconf 80' lang='lat' dir='ltr'><strong><em>bestias</em></strong></span> <span class='ocrx_word' id='word_1_642' title='bbox 1147 4594 1279 4647; x_wconf 89' lang='lat' dir='ltr'><strong><em>occi-</em></strong></span> <span class='ocrx_word' id='word_1_643' title='bbox 1423 4594 1498 4651; x_wconf 91' lang='lat' dir='ltr'><strong><em>Id.</em></strong></span> <span class='ocrx_word' id='word_1_644' title='bbox 1542 4597 1675 4665; x_wconf 85' lang='lat' dir='ltr'><strong><em>Quot</em></strong></span> <span class='ocrx_word' id='word_1_645' title='bbox 1716 4600 1896 4656; x_wconf 89' lang='lat' dir='ltr'><strong><em>bestias</em></strong></span> <span class='ocrx_word' id='word_1_646' title='bbox 1943 4602 2109 4657; x_wconf 90' lang='lat' dir='ltr'><strong><em>occidi</em></strong></span> 
     </span>
    </p>
   </div>
   <div class='ocr_carea' id='block_1_155' title="bbox 525 4649 2104 4734">
    <p class='ocr_par' dir='ltr' id='par_1_155' title="bbox 525 4649 2104 4734">
     <span class='ocr_line' id='line_1_162' title="bbox 525 4649 2104 4734; baseline 0.015 -30"><span class='ocrx_word' id='word_1_647' title='bbox 525 4649 645 4706; x_wconf 87' lang='lat' dir='ltr'><strong><em>dis?</em></strong></span> <span class='ocrx_word' id='word_1_648' title='bbox 705 4649 847 4734; x_wconf 67' lang='lat' dir='ltr'><strong><em>Nam</em></strong></span> <span class='ocrx_word' id='word_1_649' title='bbox 896 4662 1074 4734; x_wconf 8' lang='lat' dir='ltr'><strong><em>multa,</em></strong></span> <span class='ocrx_word' id='word_1_650' title='bbox 1110 4666 1279 4733; x_wconf 89' lang='lat' dir='ltr'><strong><em>capita</em></strong></span> <span class='ocrx_word' id='word_1_651' title='bbox 1351 4649 2104 4734; x_wconf 16' lang='lat' dir='ltr'><strong><em>etcapitwtiidiaimusihodiiit:</em></strong></span> 
     </span>
    </p>
   </div>
   <div class='ocr_carea' id='block_1_156' title="bbox 526 4727 2109 4800">
    <p class='ocr_par' dir='ltr' id='par_1_156' title="bbox 526 4727 2109 4800">
     <span class='ocr_line' id='line_1_163' title="bbox 526 4727 2109 4800; baseline 0.015 -25"><span class='ocrx_word' id='word_1_652' title='bbox 526 4734 645 4779; x_wconf 89' lang='lat' dir='ltr'><strong><em>sunt</em></strong></span> <span class='ocrx_word' id='word_1_653' title='bbox 675 4727 767 4781; x_wconf 89' lang='lat' dir='ltr'><strong><em>sub</em></strong></span> <span class='ocrx_word' id='word_1_654' title='bbox 793 4728 873 4783; x_wconf 90' lang='lat' dir='ltr'><strong><em>his</em></strong></span> <span class='ocrx_word' id='word_1_655' title='bbox 898 4727 1183 4799; x_wconf 41' lang='lat' dir='ltr'><strong><em>capitibusﬁ</em></strong></span> <span class='ocrx_word' id='word_1_656' title='bbox 1352 4727 1493 4792; x_wconf 81' lang='lat' dir='ltr'><strong><em>Nam</em></strong></span> <span class='ocrx_word' id='word_1_657' title='bbox 1544 4742 1716 4795; x_wconf 81' lang='lat' dir='ltr'><strong><em>mutue</em></strong></span> <span class='ocrx_word' id='word_1_658' title='bbox 1767 4742 1936 4797; x_wconf 74' lang='lat' dir='ltr'><strong><em>bestia:</em></strong></span> <span class='ocrx_word' id='word_1_659' title='bbox 1987 4727 2109 4800; x_wconf 79' lang='lat' dir='ltr'><strong><em>sunt</em></strong></span> 
     </span>
    </p>
   </div>
   <div class='ocr_carea' id='block_1_157' title="bbox 1348 4808 1854 4881">
    <p class='ocr_par' dir='ltr' id='par_1_157' title="bbox 1348 4808 1854 4881">
     <span class='ocr_line' id='line_1_164' title="bbox 1348 4808 1854 4881; baseline 0.012 -21"><span class='ocrx_word' id='word_1_660' title='bbox 1348 4808 1458 4881; x_wconf 89' lang='lat' dir='ltr'><strong><em>sub_</em></strong></span> <span class='ocrx_word' id='word_1_661' title='bbox 1478 4809 1557 4862; x_wconf 90' lang='lat' dir='ltr'><strong><em>his</em></strong></span> <span class='ocrx_word' id='word_1_662' title='bbox 1585 4812 1854 4881; x_wconf 86' lang='lat' dir='ltr'><strong><em>capitibus.</em></strong></span> 
     </span>
    </p>
   </div>
   <div class='ocr_carea' id='block_1_158' title="bbox 1418 4878 2107 4941">
    <p class='ocr_par' dir='ltr' id='par_1_158' title="bbox 1418 4878 2107 4941">
     <span class='ocr_line' id='line_1_165' title="bbox 1418 4878 2107 4941; baseline 0.012 -8"><span class='ocrx_word' id='word_1_663' title='bbox 1418 4878 1551 4935; x_wconf 89' lang='lat' dir='ltr'><strong><em>Cod.</em></strong></span> <span class='ocrx_word' id='word_1_664' title='bbox 1584 4878 1655 4934; x_wconf 79' lang='lat' dir='ltr'><strong><em>tv.</em></strong></span> <span class='ocrx_word' id='word_1_665' title='bbox 1671 4882 1868 4937; x_wconf 81' lang='lat' dir='ltr'><strong><em>.Adhuc</em></strong></span> <span class='ocrx_word' id='word_1_666' title='bbox 1894 4900 2107 4941; x_wconf 77' lang='lat' dir='ltr'><strong><em>mrem</em></strong></span> 
     </span>
    </p>
   </div>
   <div class='ocr_carea' id='block_1_159' title="bbox 1353 4949 1676 5006">
    <p class='ocr_par' dir='ltr' id='par_1_159' title="bbox 1353 4949 1676 5006">
     <span class='ocr_line' id='line_1_166' title="bbox 1353 4949 1676 5006; baseline 0.012 -4"><span class='ocrx_word' id='word_1_667' title='bbox 1353 4964 1455 5003; x_wconf 92' lang='lat' dir='ltr'><strong><em>non</em></strong></span> <span class='ocrx_word' id='word_1_668' title='bbox 1497 4949 1676 5006; x_wconf 89' lang='lat' dir='ltr'><strong><em>habeo.</em></strong></span> 
     </span>
    </p>
   </div>
   <div class='ocr_carea' id='block_1_160' title="bbox 1424 5020 2113 5089">
    <p class='ocr_par' dir='ltr' id='par_1_160' title="bbox 1424 5020 2113 5089">
     <span class='ocr_line' id='line_1_167' title="bbox 1424 5020 2113 5089; baseline 0.01 -15"><span class='ocrx_word' id='word_1_669' title='bbox 1424 5020 1556 5076; x_wconf 82' lang='lat' dir='ltr'><strong><em>Cod.</em></strong></span> <span class='ocrx_word' id='word_1_670' title='bbox 1616 5038 1677 5075; x_wconf 91' lang='lat' dir='ltr'><strong><em>II.</em></strong></span> <span class='ocrx_word' id='word_1_671' title='bbox 1740 5024 1854 5089; x_wconf 84' lang='lat' dir='ltr'><strong><em>Quo</em></strong></span> <span class='ocrx_word' id='word_1_672' title='bbox 1908 5041 2113 5080; x_wconf 84' lang='lat' dir='ltr'><strong><em>cervum</em></strong></span> 
     </span>
    </p>
   </div>
   <div class='ocr_carea' id='block_1_161' title="bbox 1352 5090 1794 5162">
    <p class='ocr_par' dir='ltr' id='par_1_161' title="bbox 1352 5090 1794 5162">
     <span class='ocr_line' id='line_1_168' title="bbox 1352 5090 1794 5162; baseline 0.007 -19"><span class='ocrx_word' id='word_1_673' title='bbox 1352 5090 1510 5162; x_wconf 73' lang='lat' dir='ltr'><strong><em>istum</em></strong></span> <span class='ocrx_word' id='word_1_674' title='bbox 1545 5091 1794 5162; x_wconf 71' lang='lat' dir='ltr'><strong><em>ligemus?</em></strong></span> 
     </span>
    </p>
   </div>
   <div class='ocr_carea' id='block_1_162' title="bbox 1420 5158 2109 5234">
    <p class='ocr_par' dir='ltr' id='par_1_162' title="bbox 1420 5158 2109 5234">
     <span class='ocr_line' id='line_1_169' title="bbox 1420 5158 2109 5234; baseline 0.012 -19"><span class='ocrx_word' id='word_1_675' title='bbox 1420 5158 1508 5234; x_wconf 84' lang='lat' dir='ltr'><strong><em>Id.</em></strong></span> <span class='ocrx_word' id='word_1_676' title='bbox 1540 5158 1642 5216; x_wconf 74' lang='lat' dir='ltr'><strong><em>Per</em></strong></span> <span class='ocrx_word' id='word_1_677' title='bbox 1681 5164 2000 5234; x_wconf 79' lang='lat' dir='ltr'><strong><em>difﬂuentias</em></strong></span> <span class='ocrx_word' id='word_1_678' title='bbox 2039 5168 2109 5222; x_wconf 83' lang='lat' dir='ltr'><strong><em>li-</em></strong></span> 
     </span>
    </p>
   </div>
   <div class='ocr_carea' id='block_1_163' title="bbox 1350 5230 2110 5305">
    <p class='ocr_par' dir='ltr' id='par_1_163' title="bbox 1350 5230 2110 5305">
     <span class='ocr_line' id='line_1_170' title="bbox 1350 5230 2110 5305; baseline 0.016 -23"><span class='ocrx_word' id='word_1_679' title='bbox 1350 5230 1556 5305; x_wconf 67' lang='lat' dir='ltr'><strong><em>bidinis,</em></strong></span> <span class='ocrx_word' id='word_1_680' title='bbox 1585 5234 1666 5288; x_wconf 91' lang='lat' dir='ltr'><strong><em>cui</em></strong></span> <span class='ocrx_word' id='word_1_681' title='bbox 1694 5230 1975 5305; x_wconf 24' lang='lat' dir='ltr'><strong><em>ﬁi‘injuria</em></strong></span> <span class='ocrx_word' id='word_1_682' title='bbox 2006 5238 2110 5294; x_wconf 87' lang='lat' dir='ltr'><strong><em>nisi</em></strong></span> 
     </span>
    </p>
   </div>
   <div class='ocr_carea' id='block_1_164' title="bbox 1349 5301 1909 5370">
    <p class='ocr_par' dir='ltr' id='par_1_164' title="bbox 1349 5301 1909 5370">
     <span class='ocr_line' id='line_1_171' title="bbox 1349 5301 1909 5370; baseline 0.013 -15"><span class='ocrx_word' id='word_1_683' title='bbox 1349 5301 1479 5356; x_wconf 92' lang='lat' dir='ltr'><strong><em>Deo.</em></strong></span> <span class='ocrx_word' id='word_1_684' title='bbox 1507 5301 1739 5357; x_wconf 82' lang='lat' dir='ltr'><strong><em>Attendis</em></strong></span> <span class='ocrx_word' id='word_1_685' title='bbox 1759 5347 1773 5370; x_wconf 90' lang='lat'><strong><em>,</em></strong></span> <span class='ocrx_word' id='word_1_686' title='bbox 1805 5301 1909 5362; x_wconf 80' lang='lat' dir='ltr'><strong><em>etc.</em></strong></span> 
     </span>
    </p>
   </div>
   <div class='ocr_carea' id='block_1_165' title="bbox 596 5361 2105 5432">
    <p class='ocr_par' dir='ltr' id='par_1_165' title="bbox 596 5361 2105 5432">
     <span class='ocr_line' id='line_1_172' title="bbox 596 5361 2105 5432; baseline 0.011 -17"><span class='ocrx_word' id='word_1_687' title='bbox 596 5361 659 5416; x_wconf 83' lang='lat' dir='ltr'><strong><em>N.</em></strong></span> <span class='ocrx_word' id='word_1_688' title='bbox 687 5364 771 5419; x_wconf 81' lang='lat' dir='ltr'><strong><em>I6.</em></strong></span> <span class='ocrx_word' id='word_1_689' title='bbox 806 5364 1071 5423; x_wconf 75' lang='lat' dir='ltr'><strong><em>Meliorem</em></strong></span> <span class='ocrx_word' id='word_1_690' title='bbox 1093 5367 1276 5426; x_wconf 89' lang='lat' dir='ltr'><strong><em>habeas</em></strong></span> <span class='ocrx_word' id='word_1_691' title='bbox 1419 5372 1494 5427; x_wconf 91' lang='lat' dir='ltr'><strong><em>Id.</em></strong></span> <span class='ocrx_word' id='word_1_692' title='bbox 1538 5361 1803 5428; x_wconf 79' lang='lat' dir='ltr'><strong><em>Meliorem</em></strong></span> <span class='ocrx_word' id='word_1_693' title='bbox 1832 5361 2020 5431; x_wconf 89' lang='lat' dir='ltr'><strong><em>habeas</em></strong></span> <span class='ocrx_word' id='word_1_694' title='bbox 2047 5386 2105 5432; x_wconf 89' lang='lat' dir='ltr'><strong><em>tu</em></strong></span> 
     </span>
    </p>
   </div>
   <div class='ocr_carea' id='block_1_166' title="bbox 524 5438 2102 5515">
    <p class='ocr_par' dir='ltr' id='par_1_166' title="bbox 524 5438 2102 5515">
     <span class='ocr_line' id='line_1_173' title="bbox 524 5438 2102 5515; baseline 0.012 -31"><span class='ocrx_word' id='word_1_695' title='bbox 524 5442 581 5515; x_wconf 61' lang='lat' dir='ltr'><strong><em>tu</em></strong></span> <span class='ocrx_word' id='word_1_696' title='bbox 604 5450 821 5515; x_wconf 58' lang='lat' dir='ltr'><strong><em>servum,</em></strong></span> <span class='ocrx_word' id='word_1_697' title='bbox 867 5454 1016 5501; x_wconf 89' lang='lat' dir='ltr'><strong><em>quam</em></strong></span> <span class='ocrx_word' id='word_1_698' title='bbox 1044 5438 1272 5495; x_wconf 86' lang='lat' dir='ltr'><strong><em>teDeus.</em></strong></span> <span class='ocrx_word' id='word_1_699' title='bbox 1345 5457 1584 5515; x_wconf 66' lang='lat' dir='ltr'><strong><em>servum,</em></strong></span> <span class='ocrx_word' id='word_1_700' title='bbox 1636 5462 1790 5515; x_wconf 90' lang='lat' dir='ltr'><strong><em>quam</em></strong></span> <span class='ocrx_word' id='word_1_701' title='bbox 1844 5457 1890 5501; x_wconf 90' lang='lat' dir='ltr'><strong><em>te</em></strong></span> <span class='ocrx_word' id='word_1_702' title='bbox 1943 5447 2102 5505; x_wconf 85' lang='lat' dir='ltr'><strong><em>Deus.</em></strong></span> 
     </span>
    </p>
   </div>
   <div class='ocr_carea' id='block_1_167' title="bbox 524 5500 2109 5583">
    <p class='ocr_par' dir='ltr' id='par_1_167' title="bbox 524 5500 2109 5583">
     <span class='ocr_line' id='line_1_174' title="bbox 524 5500 2109 5583; baseline 0.011 -27"><span class='ocrx_word' id='word_1_703' title='bbox 524 5500 675 5557; x_wconf 73' lang='lat' dir='ltr'><strong><em>lubet</em></strong></span> <span class='ocrx_word' id='word_1_704' title='bbox 703 5501 839 5559; x_wconf 87' lang='lat' dir='ltr'><strong><em>Deus</em></strong></span> <span class='ocrx_word' id='word_1_705' title='bbox 865 5500 1003 5565; x_wconf 84' lang='lat' dir='ltr'><strong><em>servo</em></strong></span> <span class='ocrx_word' id='word_1_706' title='bbox 1030 5521 1138 5581; x_wconf 90' lang='lat' dir='ltr'><strong><em>tuo,</em></strong></span> <span class='ocrx_word' id='word_1_707' title='bbox 1167 5521 1272 5583; x_wconf 86' lang='lat' dir='ltr'><strong><em>etc.</em></strong></span> <span class='ocrx_word' id='word_1_708' title='bbox 1350 5500 1618 5569; x_wconf 78' lang='lat' dir='ltr'><strong><em>Meliorem</em></strong></span> <span class='ocrx_word' id='word_1_709' title='bbox 1638 5500 1683 5569; x_wconf 55' lang='lat' dir='ltr'><strong><em>s&#39;i</em></strong></span> <span class='ocrx_word' id='word_1_710' title='bbox 1710 5517 1783 5570; x_wconf 88' lang='lat' dir='ltr'><strong><em>vis</em></strong></span> <span class='ocrx_word' id='word_1_711' title='bbox 1809 5500 2109 5573; x_wconf 29' lang='lat' dir='ltr'><strong><em>habereserv-</em></strong></span> 
     </span>
    </p>
   </div>
   <div class='ocr_carea' id='block_1_168' title="bbox 1351 5588 2107 5654">
    <p class='ocr_par' dir='ltr' id='par_1_168' title="bbox 1351 5588 2107 5654">
     <span class='ocr_line' id='line_1_175' title="bbox 1351 5588 2107 5654; baseline 0.011 -18"><span class='ocrx_word' id='word_1_712' title='bbox 1351 5599 1499 5649; x_wconf 91' lang='lat' dir='ltr'><strong><em>vum,</em></strong></span> <span class='ocrx_word' id='word_1_713' title='bbox 1547 5603 1700 5654; x_wconf 90' lang='lat' dir='ltr'><strong><em>quam</em></strong></span> <span class='ocrx_word' id='word_1_714' title='bbox 1741 5588 1878 5642; x_wconf 79' lang='lat' dir='ltr'><strong><em>Deus</em></strong></span> <span class='ocrx_word' id='word_1_715' title='bbox 1921 5589 2107 5645; x_wconf 88' lang='lat' dir='ltr'><strong><em>habeat</em></strong></span> 
     </span>
    </p>
   </div>
   <div class='ocr_carea' id='block_1_169' title="bbox 525 5644 2104 5731">
    <p class='ocr_par' dir='ltr' id='par_1_169' title="bbox 525 5644 2104 5731">
     <span class='ocr_line' id='line_1_176' title="bbox 525 5644 2104 5731; baseline 0.012 -34"><span class='ocrx_word' id='word_1_716' title='bbox 525 5654 594 5731; x_wconf 74' lang='lat' dir='ltr'><strong><em>te,</em></strong></span> <span class='ocrx_word' id='word_1_717' title='bbox 633 5644 855 5731; x_wconf 52' lang='lat' dir='ltr'><strong><em>&quot;dignior</em></strong></span> <span class='ocrx_word' id='word_1_718' title='bbox 883 5658 954 5703; x_wconf 89' lang='lat' dir='ltr'><strong><em>est</em></strong></span> <span class='ocrx_word' id='word_1_719' title='bbox 986 5648 1153 5717; x_wconf 88' lang='lat' dir='ltr'><strong><em>Deus,</em></strong></span> <span class='ocrx_word' id='word_1_720' title='bbox 1192 5652 1279 5722; x_wconf 89' lang='lat' dir='ltr'><strong><em>qui</em></strong></span> <span class='ocrx_word' id='word_1_721' title='bbox 1305 5644 1499 5731; x_wconf 54' lang='lat' dir='ltr'><strong><em>shabeat</em></strong></span> <span class='ocrx_word' id='word_1_722' title='bbox 1522 5644 1719 5731; x_wconf 69' lang='lat' dir='ltr'><strong><em>servum</em></strong></span> <span class='ocrx_word' id='word_1_723' title='bbox 1743 5658 1926 5713; x_wconf 89' lang='lat' dir='ltr'><strong><em>bonum</em></strong></span> <span class='ocrx_word' id='word_1_724' title='bbox 1948 5644 2104 5731; x_wconf 86' lang='lat' dir='ltr'><strong><em>quam</em></strong></span> 
     </span>
    </p>
   </div>
   <div class='ocr_carea' id='block_1_170' title="bbox 525 5714 2103 5803">
    <p class='ocr_par' dir='ltr' id='par_1_170' title="bbox 525 5714 2103 5803">
     <span class='ocr_line' id='line_1_177' title="bbox 525 5714 2103 5803; baseline 0.014 -36"><span class='ocrx_word' id='word_1_725' title='bbox 525 5723 598 5769; x_wconf 86' lang='lat' dir='ltr'><strong><em>tu.</em></strong></span> <span class='ocrx_word' id='word_1_726' title='bbox 633 5714 921 5803; x_wconf 58' lang='lat' dir='ltr'><strong><em>Te&#39;bonum</em></strong></span> <span class='ocrx_word' id='word_1_727' title='bbox 949 5714 1147 5802; x_wconf 74' lang='lat' dir='ltr'><strong><em>servum</em></strong></span> <span class='ocrx_word' id='word_1_728' title='bbox 1190 5714 1290 5803; x_wconf 68' lang='lat' dir='ltr'><strong><em>non</em></strong></span> <span class='ocrx_word' id='word_1_729' title='bbox 1340 5727 1542 5803; x_wconf 75' lang='lat' dir='ltr'><strong><em>exhibes</em></strong></span> <span class='ocrx_word' id='word_1_730' title='bbox 1591 5727 1747 5803; x_wconf 89' lang='lat' dir='ltr'><strong><em>Deo,_</em></strong></span> <span class='ocrx_word' id='word_1_731' title='bbox 1779 5740 1824 5782; x_wconf 88' lang='lat' dir='ltr'><strong><em>et</em></strong></span> <span class='ocrx_word' id='word_1_732' title='bbox 1870 5714 2103 5803; x_wconf 67' lang='lat' dir='ltr'><strong><em>euigisa</em></strong></span> 
     </span>
    </p>
   </div>
   <div class='ocr_carea' id='block_1_171' title="bbox 523 5788 2100 5865">
    <p class='ocr_par' dir='ltr' id='par_1_171' title="bbox 523 5788 2100 5865">
     <span class='ocr_line' id='line_1_178' title="bbox 523 5788 2100 5865; baseline 0.015 -29"><span class='ocrx_word' id='word_1_733' title='bbox 523 5801 664 5865; x_wconf 78' lang='lat' dir='ltr'><strong><em>servo</em></strong></span> <span class='ocrx_word' id='word_1_734' title='bbox 685 5796 772 5865; x_wconf 60' lang='lat' dir='ltr'><strong><em>tuo</em></strong></span> <span class='ocrx_word' id='word_1_735' title='bbox 794 5798 845 5841; x_wconf 91' lang='lat' dir='ltr'><strong><em>ut</em></strong></span> <span class='ocrx_word' id='word_1_736' title='bbox 874 5788 1032 5865; x_wconf 61' lang='lat' dir='ltr'><strong><em>bonus</em></strong></span> <span class='ocrx_word' id='word_1_737' title='bbox 1073 5793 1144 5865; x_wconf 78' lang='lat' dir='ltr'><strong><em>sit</em></strong></span> <span class='ocrx_word' id='word_1_738' title='bbox 1174 5795 1309 5865; x_wconf 73' lang='lat' dir='ltr'><strong><em>circa</em></strong></span> <span class='ocrx_word' id='word_1_739' title='bbox 1337 5804 1403 5860; x_wconf 92' lang='lat' dir='ltr'><strong><em>te,</em></strong></span> <span class='ocrx_word' id='word_1_740' title='bbox 1436 5799 1523 5865; x_wconf 87' lang='lat' dir='ltr'><strong><em>qui</em></strong></span> <span class='ocrx_word' id='word_1_741' title='bbox 1570 5815 1670 5853; x_wconf 92' lang='lat' dir='ltr'><strong><em>non</em></strong></span> <span class='ocrx_word' id='word_1_742' title='bbox 1699 5788 1772 5852; x_wconf 74' lang='lat' dir='ltr'><strong><em>vis</em></strong></span> <span class='ocrx_word' id='word_1_743' title='bbox 1808 5816 1914 5857; x_wconf 89' lang='lat' dir='ltr'><strong><em>esse</em></strong></span> <span class='ocrx_word' id='word_1_744' title='bbox 1940 5788 2100 5860; x_wconf 50' lang='lat' dir='ltr'><strong><em>b&#39;onus</em></strong></span> 
     </span>
    </p>
   </div>
   <div class='ocr_carea' id='block_1_172' title="bbox 522 5856 1811 5936">
    <p class='ocr_par' dir='ltr' id='par_1_172' title="bbox 522 5856 1811 5936">
     <span class='ocr_line' id='line_1_179' title="bbox 522 5856 1811 5936; baseline 0.011 -25"><span class='ocrx_word' id='word_1_745' title='bbox 522 5856 658 5913; x_wconf 85' lang='lat' dir='ltr'><strong><em>circa</em></strong></span> <span class='ocrx_word' id='word_1_746' title='bbox 682 5858 868 5920; x_wconf 85' lang='lat' dir='ltr'><strong><em>Deum.</em></strong></span> <span class='ocrx_word' id='word_1_747' title='bbox 898 5859 1033 5918; x_wconf 82' lang='lat' dir='ltr'><strong><em>Ecce</em></strong></span> <span class='ocrx_word' id='word_1_748' title='bbox 1052 5861 1199 5935; x_wconf 83' lang='lat' dir='ltr'><strong><em>jubet</em></strong></span> <span class='ocrx_word' id='word_1_749' title='bbox 1224 5862 1364 5924; x_wconf 82' lang='lat' dir='ltr'><strong><em>Deus</em></strong></span> <span class='ocrx_word' id='word_1_750' title='bbox 1389 5856 1536 5926; x_wconf 77' lang='lat' dir='ltr'><strong><em>servo</em></strong></span> <span class='ocrx_word' id='word_1_751' title='bbox 1565 5878 1676 5936; x_wconf 88' lang='lat' dir='ltr'><strong><em>tuo,</em></strong></span> <span class='ocrx_word' id='word_1_752' title='bbox 1704 5877 1811 5928; x_wconf 87' lang='lat' dir='ltr'><strong><em>etc.</em></strong></span> 
     </span>
    </p>
   </div>
   <div class='ocr_carea' id='block_1_173' title="bbox 596 3590 1283 3667">
    <p class='ocr_par' dir='ltr' id='par_1_173' title="bbox 596 3590 1283 3667">
     <span class='ocr_line' id='line_1_180' title="bbox 596 3590 1283 3667; baseline 0.015 -23"><span class='ocrx_word' id='word_1_753' title='bbox 596 3590 661 3667; x_wconf 86' lang='grc' dir='ltr'><strong><em>Ν.</em></strong></span> <span class='ocrx_word' id='word_1_754' title='bbox 699 3591 783 3647; x_wconf 78' lang='lat' dir='ltr'><strong><em>I5.</em></strong></span> <span class='ocrx_word' id='word_1_755' title='bbox 827 3593 940 3667; x_wconf 72' lang='lat' dir='ltr'><strong><em>Has</em></strong></span> <span class='ocrx_word' id='word_1_756' title='bbox 975 3613 1171 3667; x_wconf 88' lang='lat' dir='ltr'><strong><em>pugnas</em></strong></span> <span class='ocrx_word' id='word_1_757' title='bbox 1201 3598 1283 3667; x_wconf 80' lang='lat' dir='ltr'><strong><em>fa-</em></strong></span> 
     </span>
    </p>
   </div>
   <div class='ocr_carea' id='block_1_174' title="bbox 526 3662 1274 3735">
    <p class='ocr_par' dir='ltr' id='par_1_174' title="bbox 526 3662 1274 3735">
     <span class='ocr_line' id='line_1_181' title="bbox 526 3662 1274 3735; baseline 0.009 -19"><span class='ocrx_word' id='word_1_758' title='bbox 526 3662 679 3735; x_wconf 75' lang='lat' dir='ltr'><strong><em>eisin</em></strong></span> <span class='ocrx_word' id='word_1_759' title='bbox 694 3664 920 3735; x_wconf 87' lang='lat' dir='ltr'><strong><em>occulto,</em></strong></span> <span class='ocrx_word' id='word_1_760' title='bbox 946 3662 992 3720; x_wconf 80' lang='lat' dir='ltr'><strong><em>et</em></strong></span> <span class='ocrx_word' id='word_1_761' title='bbox 1021 3662 1145 3735; x_wconf 74' lang='lat' dir='ltr'><strong><em>non,</em></strong></span> <span class='ocrx_word' id='word_1_762' title='bbox 1171 3662 1274 3725; x_wconf 80' lang='lat' dir='ltr'><strong><em>etc.</em></strong></span> 
     </span>
    </p>
   </div>
   <div class='ocr_carea' id='block_1_175' title="bbox 596 3732 1279 3801">
    <p class='ocr_par' dir='ltr' id='par_1_175' title="bbox 596 3732 1279 3801">
     <span class='ocr_line' id='line_1_182' title="bbox 596 3732 1279 3801; baseline 0.012 -14"><span class='ocrx_word' id='word_1_763' title='bbox 596 3732 726 3789; x_wconf 90' lang='lat' dir='ltr'><strong><em>Ibid.</em></strong></span> <span class='ocrx_word' id='word_1_764' title='bbox 768 3735 943 3801; x_wconf 87' lang='lat' dir='ltr'><strong><em>Tange</em></strong></span> <span class='ocrx_word' id='word_1_765' title='bbox 971 3732 1173 3793; x_wconf 80' lang='lat' dir='ltr'><strong><em>easdem</em></strong></span> <span class='ocrx_word' id='word_1_766' title='bbox 1192 3740 1279 3794; x_wconf 87' lang='lat' dir='ltr'><strong><em>de-</em></strong></span> 
     </span>
    </p>
   </div>
   <div class='ocr_carea' id='block_1_176' title="bbox 523 3805 1277 3881">
    <p class='ocr_par' dir='ltr' id='par_1_176' title="bbox 523 3805 1277 3881">
     <span class='ocr_line' id='line_1_183' title="bbox 523 3805 1277 3881; baseline 0.015 -25"><span class='ocrx_word' id='word_1_767' title='bbox 523 3820 629 3881; x_wconf 77' lang='lat' dir='ltr'><strong><em>cem</em></strong></span> <span class='ocrx_word' id='word_1_768' title='bbox 673 3805 910 3876; x_wconf 88' lang='lat' dir='ltr'><strong><em>chordas,</em></strong></span> <span class='ocrx_word' id='word_1_769' title='bbox 943 3819 989 3864; x_wconf 91' lang='lat' dir='ltr'><strong><em>et</em></strong></span> <span class='ocrx_word' id='word_1_770' title='bbox 1018 3811 1154 3881; x_wconf 82' lang='lat' dir='ltr'><strong><em>[eras</em></strong></span> <span class='ocrx_word' id='word_1_771' title='bbox 1185 3827 1277 3866; x_wconf 92' lang='lat' dir='ltr'><strong><em>oc-</em></strong></span> 
     </span>
    </p>
   </div>
   <div class='ocr_carea' id='block_1_177' title="bbox 523 3873 677 3929">
    <p class='ocr_par' dir='ltr' id='par_1_177' title="bbox 523 3873 677 3929">
     <span class='ocr_line' id='line_1_184' title="bbox 523 3873 677 3929; baseline 0.006 -1"><span class='ocrx_word' id='word_1_772' title='bbox 523 3873 677 3929; x_wconf 87' lang='lat' dir='ltr'><strong><em>cides.</em></strong></span> 
     </span>
    </p>
   </div>
   <div class='ocr_carea' id='block_1_178' title="bbox 598 3946 1280 4023">
    <p class='ocr_par' dir='ltr' id='par_1_178' title="bbox 598 3946 1280 4023">
     <span class='ocr_line' id='line_1_185' title="bbox 598 3946 1280 4023; baseline 0.015 -24"><span class='ocrx_word' id='word_1_773' title='bbox 598 3946 727 4001; x_wconf 88' lang='lat' dir='ltr'><strong><em>Ibid.</em></strong></span> <span class='ocrx_word' id='word_1_774' title='bbox 770 3947 1062 4019; x_wconf 79' lang='lat' dir='ltr'><strong><em>Hteresum,</em></strong></span> <span class='ocrx_word' id='word_1_775' title='bbox 1089 3970 1202 4023; x_wconf 74' lang='lat' dir='ltr'><strong><em>qua:</em></strong></span> <span class='ocrx_word' id='word_1_776' title='bbox 1224 3954 1280 4009; x_wconf 90' lang='lat' dir='ltr'><strong><em>id</em></strong></span> 
     </span>
    </p>
   </div>
   <div class='ocr_carea' id='block_1_179' title="bbox 523 4024 1275 4091">
    <p class='ocr_par' dir='ltr' id='par_1_179' title="bbox 523 4024 1275 4091">
     <span class='ocr_line' id='line_1_186' title="bbox 523 4024 1275 4091; baseline 0.015 -22"><span class='ocrx_word' id='word_1_777' title='bbox 523 4026 843 4091; x_wconf 67' lang='lat' dir='ltr'><strong><em>putauerunt,</em></strong></span> <span class='ocrx_word' id='word_1_778' title='bbox 866 4024 1069 4091; x_wconf 85' lang='lat' dir='ltr'><strong><em>absque</em></strong></span> <span class='ocrx_word' id='word_1_779' title='bbox 1092 4039 1275 4081; x_wconf 89' lang='lat' dir='ltr'><strong><em>sensu.</em></strong></span> 
     </span>
    </p>
   </div>
   <div class='ocr_carea' id='block_1_180' title="bbox 592 4087 1238 4163">
    <p class='ocr_par' dir='ltr' id='par_1_180' title="bbox 592 4087 1238 4163">
     <span class='ocr_line' id='line_1_187' title="bbox 592 4087 1238 4163; baseline 0.017 -23"><span class='ocrx_word' id='word_1_780' title='bbox 769 4089 943 4163; x_wconf 67' lang='lat' dir='ltr'><strong><em>Bestia</em></strong></span> <span class='ocrx_word' id='word_1_781' title='bbox 982 4087 1238 4163; x_wconf 67' lang='lat' dir='ltr'><strong><em>falsitatis.</em></strong></span> 
     </span>
    </p>
   </div>
   <div class='ocr_carea' id='block_1_181' title="bbox 595 4158 1275 4223">
    <p class='ocr_par' dir='ltr' id='par_1_181' title="bbox 595 4158 1275 4223">
     <span class='ocr_line' id='line_1_188' title="bbox 595 4158 1275 4223; baseline 0.013 -11"><span class='ocrx_word' id='word_1_782' title='bbox 595 4158 726 4216; x_wconf 82' lang='lat' dir='ltr'><strong><em>Ibid.</em></strong></span> <span class='ocrx_word' id='word_1_783' title='bbox 759 4158 1013 4220; x_wconf 83' lang='lat' dir='ltr'><strong><em>Societate</em></strong></span> <span class='ocrx_word' id='word_1_784' title='bbox 1036 4169 1275 4223; x_wconf 90' lang='lat' dir='ltr'><strong><em>versaris.</em></strong></span> 
     </span>
    </p>
   </div>
   <div class='ocr_carea' id='block_1_182' title="bbox 525 4226 961 4302">
    <p class='ocr_par' dir='ltr' id='par_1_182' title="bbox 525 4226 961 4302">
     <span class='ocr_line' id='line_1_189' title="bbox 525 4226 961 4302; baseline 0.014 -19"><span class='ocrx_word' id='word_1_785' title='bbox 525 4226 784 4302; x_wconf 87' lang='lat' dir='ltr'><strong><em>Taugens,</em></strong></span> <span class='ocrx_word' id='word_1_786' title='bbox 818 4243 923 4290; x_wconf 90' lang='lat' dir='ltr'><strong><em>etc.</em></strong></span> <span class='ocrx_word' id='word_1_787' title='bbox 958 4272 961 4275; x_wconf 89' lang='lat'>-</span> 
     </span>
    </p>
   </div>
   <div class='ocr_carea' id='block_1_183' title="bbox 594 4866 1277 4930">
    <p class='ocr_par' dir='ltr' id='par_1_183' title="bbox 594 4866 1277 4930">
     <span class='ocr_line' id='line_1_190' title="bbox 594 4866 1277 4930; baseline 0.013 -9"><span class='ocrx_word' id='word_1_788' title='bbox 594 4866 660 4923; x_wconf 86' lang='lat' dir='ltr'><strong><em>N.</em></strong></span> <span class='ocrx_word' id='word_1_789' title='bbox 697 4868 779 4924; x_wconf 63' lang='lat' dir='ltr'><strong><em>Ib.</em></strong></span> <span class='ocrx_word' id='word_1_790' title='bbox 815 4867 1035 4925; x_wconf 73' lang='lat' dir='ltr'><strong><em>Uxorem</em></strong></span> <span class='ocrx_word' id='word_1_791' title='bbox 1063 4889 1165 4928; x_wconf 89' lang='lat' dir='ltr'><strong><em>non</em></strong></span> <span class='ocrx_word' id='word_1_792' title='bbox 1186 4876 1277 4930; x_wconf 82' lang='lat' dir='ltr'><strong><em>ha-</em></strong></span> 
     </span>
    </p>
   </div>
   <div class='ocr_carea' id='block_1_184' title="bbox 525 4936 1279 5088">
    <p class='ocr_par' dir='ltr' id='par_1_184' title="bbox 525 4936 1279 5088">
     <span class='ocr_line' id='line_1_191' title="bbox 525 4936 1279 5088; baseline 0.013 -26"><span class='ocrx_word' id='word_1_793' title='bbox 525 4936 727 5088; x_wconf 59' lang='lat' dir='ltr'><strong><em>beibid.</em></strong></span> <span class='ocrx_word' id='word_1_794' title='bbox 760 5011 887 5088; x_wconf 73' lang='lat' dir='ltr'><strong><em>Quo</em></strong></span> <span class='ocrx_word' id='word_1_795' title='bbox 944 5014 1095 5088; x_wconf 84' lang='lat' dir='ltr'><strong><em>nervo</em></strong></span> <span class='ocrx_word' id='word_1_796' title='bbox 1123 5016 1279 5088; x_wconf 81' lang='lat' dir='ltr'><strong><em>lige-</em></strong></span> 
     </span>
    </p>
   </div>
   <div class='ocr_carea' id='block_1_185' title="bbox 523 5082 1137 5151">
    <p class='ocr_par' dir='ltr' id='par_1_185' title="bbox 523 5082 1137 5151">
     <span class='ocr_line' id='line_1_192' title="bbox 523 5082 1137 5151; baseline 0.005 -16"><span class='ocrx_word' id='word_1_797' title='bbox 523 5097 634 5135; x_wconf 86' lang='lat' dir='ltr'><strong><em>ntus</em></strong></span> <span class='ocrx_word' id='word_1_798' title='bbox 658 5082 924 5151; x_wconf 80' lang='lat' dir='ltr'><strong><em>fugitivum</em></strong></span> <span class='ocrx_word' id='word_1_799' title='bbox 949 5085 1137 5138; x_wconf 85' lang='lat' dir='ltr'><strong><em>istum?</em></strong></span> 
     </span>
    </p>
   </div>
   <div class='ocr_carea' id='block_1_186' title="bbox 596 5152 1279 5225">
    <p class='ocr_par' dir='ltr' id='par_1_186' title="bbox 596 5152 1279 5225">
     <span class='ocr_line' id='line_1_193' title="bbox 596 5152 1279 5225; baseline 0.012 -20"><span class='ocrx_word' id='word_1_800' title='bbox 596 5152 654 5225; x_wconf 89' lang='grc' dir='ltr'><strong><em>Ν.</em></strong></span> <span class='ocrx_word' id='word_1_801' title='bbox 701 5152 789 5208; x_wconf 78' lang='grc'><strong><em>15.</em></strong></span> <span class='ocrx_word' id='word_1_802' title='bbox 831 5152 933 5207; x_wconf 85' lang='lat' dir='ltr'><strong><em>Per</em></strong></span> <span class='ocrx_word' id='word_1_803' title='bbox 964 5155 1279 5225; x_wconf 68' lang='lat' dir='ltr'><strong><em>difﬂuentia</em></strong></span> 
     </span>
    </p>
   </div>
   <div class='ocr_carea' id='block_1_187' title="bbox 525 5219 1184 5295">
    <p class='ocr_par' dir='ltr' id='par_1_187' title="bbox 525 5219 1184 5295">
     <span class='ocr_line' id='line_1_194' title="bbox 525 5219 1184 5295; baseline 0.014 -21"><span class='ocrx_word' id='word_1_804' title='bbox 525 5219 787 5295; x_wconf 61' lang='lat' dir='ltr'><strong><em>libidinis;</em></strong></span> <span class='ocrx_word' id='word_1_805' title='bbox 814 5219 1050 5292; x_wconf 66' lang='lat' dir='ltr'><strong><em>attendii,</em></strong></span> <span class='ocrx_word' id='word_1_806' title='bbox 1081 5235 1184 5283; x_wconf 85' lang='lat' dir='ltr'><strong><em>etc.</em></strong></span> 
     </span>
    </p>
   </div>
   <div class='ocr_carea' id='block_1_188' title="bbox 2213 3394 3805 3465">
    <p class='ocr_par' dir='ltr' id='par_1_188' title="bbox 2213 3394 3805 3465">
     <span class='ocr_line' id='line_1_195' title="bbox 2213 3394 3805 3465; baseline 0.007 -27"><span class='ocrx_word' id='word_1_807' title='bbox 2213 3394 2422 3441; x_wconf 78' lang='lat' dir='ltr'><strong><em>sentem.</em></strong></span> <span class='ocrx_word' id='word_1_808' title='bbox 3042 3407 3098 3445; x_wconf 86' lang='grc' dir='ltr'><strong><em>ιι.</em></strong></span> <span class='ocrx_word' id='word_1_809' title='bbox 3124 3394 3211 3465; x_wconf 60' lang='grc' dir='ltr'><strong><em>ΔΑιι</em></strong></span> <span class='ocrx_word' id='word_1_810' title='bbox 3261 3412 3361 3465; x_wconf 88' lang='lat' dir='ltr'><strong><em>non</em></strong></span> <span class='ocrx_word' id='word_1_811' title='bbox 3392 3406 3555 3465; x_wconf 86' lang='lat' dir='ltr'><strong><em>potest</em></strong></span> <span class='ocrx_word' id='word_1_812' title='bbox 3583 3398 3723 3451; x_wconf 80' lang='lat' dir='ltr'><strong><em>mitti</em></strong></span> <span class='ocrx_word' id='word_1_813' title='bbox 3751 3400 3805 3450; x_wconf 83' lang='lat' dir='ltr'><strong><em>in</em></strong></span> 
     </span>
    </p>
   </div>
   <div class='ocr_carea' id='block_1_189' title="bbox 3039 3462 3803 3537">
    <p class='ocr_par' dir='ltr' id='par_1_189' title="bbox 3039 3462 3803 3537">
     <span class='ocr_line' id='line_1_196' title="bbox 3039 3462 3803 3537; baseline 0.013 -24"><span class='ocrx_word' id='word_1_814' title='bbox 3039 3462 3276 3537; x_wconf 77' lang='lat' dir='ltr'><strong><em>ca’lum?</em></strong></span> <span class='ocrx_word' id='word_1_815' title='bbox 3335 3462 3514 3521; x_wconf 84' lang='lat' dir='ltr'><strong><em>Potest</em></strong></span> <span class='ocrx_word' id='word_1_816' title='bbox 3566 3484 3803 3537; x_wconf 71' lang='lat' dir='ltr'><strong><em>prorsus.</em></strong></span> 
     </span>
    </p>
   </div>
   <div class='ocr_carea' id='block_1_190' title="bbox 2216 3526 3436 3601">
    <p class='ocr_par' dir='ltr' id='par_1_190' title="bbox 2216 3526 3436 3601">
     <span class='ocr_line' id='line_1_197' title="bbox 2216 3526 3436 3601; baseline 0.009 -21"><span class='ocrx_word' id='word_1_817' title='bbox 2216 3526 2357 3601; x_wconf 80' lang='lat' dir='ltr'><strong><em>Audi</em></strong></span> <span class='ocrx_word' id='word_1_818' title='bbox 2381 3527 2509 3601; x_wconf 82' lang='lat' dir='ltr'><strong><em>qui_a</em></strong></span> <span class='ocrx_word' id='word_1_819' title='bbox 2537 3529 2675 3594; x_wconf 89' lang='lat' dir='ltr'><strong><em>quod</em></strong></span> <span class='ocrx_word' id='word_1_820' title='bbox 2696 3532 2810 3598; x_wconf 90' lang='lat' dir='ltr'><strong><em>das,</em></strong></span> <span class='ocrx_word' id='word_1_821' title='bbox 2842 3532 2896 3585; x_wconf 89' lang='lat' dir='ltr'><strong><em>in</em></strong></span> <span class='ocrx_word' id='word_1_822' title='bbox 2923 3533 3099 3587; x_wconf 74' lang='lat' dir='ltr'><strong><em>caelum</em></strong></span> <span class='ocrx_word' id='word_1_823' title='bbox 3132 3535 3305 3601; x_wconf 85' lang='lat' dir='ltr'><strong><em>mittis,</em></strong></span> <span class='ocrx_word' id='word_1_824' title='bbox 3332 3549 3436 3594; x_wconf 88' lang='lat' dir='ltr'><strong><em>etc.</em></strong></span> 
     </span>
    </p>
   </div>
   <div class='ocr_carea' id='block_1_191' title="bbox 2284 3597 3807 3665">
    <p class='ocr_par' dir='ltr' id='par_1_191' title="bbox 2284 3597 3807 3665">
     <span class='ocr_line' id='line_1_198' title="bbox 2284 3597 3807 3665; baseline 0.009 -14"><span class='ocrx_word' id='word_1_825' title='bbox 2284 3597 2417 3653; x_wconf 90' lang='lat' dir='ltr'><strong><em>Ibid.</em></strong></span> <span class='ocrx_word' id='word_1_826' title='bbox 2454 3598 2725 3655; x_wconf 88' lang='lat' dir='ltr'><strong><em>Tenebitur</em></strong></span> <span class='ocrx_word' id='word_1_827' title='bbox 2749 3603 2833 3655; x_wconf 88' lang='lat' dir='ltr'><strong><em>hic</em></strong></span> <span class='ocrx_word' id='word_1_828' title='bbox 2872 3604 2961 3656; x_wconf 89' lang='lat' dir='ltr'><strong><em>ubi</em></strong></span> <span class='ocrx_word' id='word_1_829' title='bbox 3114 3606 3249 3660; x_wconf 88' lang='lat' dir='ltr'><strong><em>Cod.</em></strong></span> <span class='ocrx_word' id='word_1_830' title='bbox 3284 3597 3353 3662; x_wconf 78' lang='lat' dir='ltr'><strong><em>iv.</em></strong></span> <span class='ocrx_word' id='word_1_831' title='bbox 3400 3609 3522 3663; x_wconf 81' lang='lat' dir='ltr'><strong><em>Non</em></strong></span> <span class='ocrx_word' id='word_1_832' title='bbox 3572 3619 3807 3665; x_wconf 64' lang='lat' dir='ltr'><strong><em>teneatur</em></strong></span> 
     </span>
    </p>
   </div>
   <div class='ocr_carea' id='block_1_192' title="bbox 2212 3673 3806 3750">
    <p class='ocr_par' dir='ltr' id='par_1_192' title="bbox 2212 3673 3806 3750">
     <span class='ocr_line' id='line_1_199' title="bbox 2212 3673 3806 3750; baseline 0.009 -30"><span class='ocrx_word' id='word_1_833' title='bbox 2212 3678 2376 3750; x_wconf 66' lang='lat' dir='ltr'><strong><em>potest</em></strong></span> <span class='ocrx_word' id='word_1_834' title='bbox 2404 3673 2719 3750; x_wconf 65' lang='lat' dir='ltr'><strong><em>perire,_non</em></strong></span> <span class='ocrx_word' id='word_1_835' title='bbox 2746 3674 2968 3727; x_wconf 84' lang='lat' dir='ltr'><strong><em>mittitur</em></strong></span> <span class='ocrx_word' id='word_1_836' title='bbox 3040 3676 3121 3750; x_wconf 91' lang='lat' dir='ltr'><strong><em>hic</em></strong></span> <span class='ocrx_word' id='word_1_837' title='bbox 3148 3678 3234 3731; x_wconf 89' lang='lat' dir='ltr'><strong><em>ubi</em></strong></span> <span class='ocrx_word' id='word_1_838' title='bbox 3264 3690 3425 3747; x_wconf 89' lang='lat' dir='ltr'><strong><em>potest</em></strong></span> <span class='ocrx_word' id='word_1_839' title='bbox 3473 3682 3645 3750; x_wconf 87' lang='lat' dir='ltr'><strong><em>perire</em></strong></span> <span class='ocrx_word' id='word_1_840' title='bbox 3668 3724 3686 3750; x_wconf 93' lang='lat'><strong><em>,</em></strong></span> <span class='ocrx_word' id='word_1_841' title='bbox 3714 3685 3806 3736; x_wconf 84' lang='lat' dir='ltr'><strong><em>sed</em></strong></span> 
     </span>
    </p>
   </div>
   <div class='ocr_carea' id='block_1_193' title="bbox 2212 3740 3806 3823">
    <p class='ocr_par' dir='ltr' id='par_1_193' title="bbox 2212 3740 3806 3823">
     <span class='ocr_line' id='line_1_200' title="bbox 2212 3740 3806 3823; baseline 0.01 -32"><span class='ocrx_word' id='word_1_842' title='bbox 2212 3740 2449 3823; x_wconf 41' lang='lat' dir='ltr'><strong><em>illuc‘ubi</em></strong></span> <span class='ocrx_word' id='word_1_843' title='bbox 2496 3740 2723 3798; x_wconf 84' lang='lat' dir='ltr'><strong><em>Christus</em></strong></span> <span class='ocrx_word' id='word_1_844' title='bbox 2768 3753 2842 3798; x_wconf 88' lang='lat' dir='ltr'><strong><em>est</em></strong></span> <span class='ocrx_word' id='word_1_845' title='bbox 2879 3761 2970 3799; x_wconf 90' lang='lat' dir='ltr'><strong><em>cu-</em></strong></span> <span class='ocrx_word' id='word_1_846' title='bbox 3038 3748 3175 3823; x_wconf 70' lang='lat' dir='ltr'><strong><em>illuc</em></strong></span> <span class='ocrx_word' id='word_1_847' title='bbox 3195 3740 3443 3816; x_wconf 75' lang='lat' dir='ltr'><strong><em>mittatur,</em></strong></span> <span class='ocrx_word' id='word_1_848' title='bbox 3467 3740 3557 3805; x_wconf 77' lang='lat' dir='ltr'><strong><em>ubi</em></strong></span> <span class='ocrx_word' id='word_1_849' title='bbox 3580 3740 3694 3806; x_wconf 71' lang='lat' dir='ltr'><strong><em>sine</em></strong></span> <span class='ocrx_word' id='word_1_850' title='bbox 3721 3770 3806 3823; x_wconf 79' lang='lat' dir='ltr'><strong><em>pe-</em></strong></span> 
     </span>
    </p>
   </div>
   <div class='ocr_carea' id='block_1_194' title="bbox 2211 3811 3471 3875">
    <p class='ocr_par' dir='ltr' id='par_1_194' title="bbox 2211 3811 3471 3875">
     <span class='ocr_line' id='line_1_201' title="bbox 2211 3811 3471 3875; baseline 0.008 -12"><span class='ocrx_word' id='word_1_851' title='bbox 2211 3811 2352 3864; x_wconf 85' lang='lat' dir='ltr'><strong><em>stas?</em></strong></span> <span class='ocrx_word' id='word_1_852' title='bbox 3043 3818 3209 3872; x_wconf 89' lang='lat' dir='ltr'><strong><em>riculo</em></strong></span> <span class='ocrx_word' id='word_1_853' title='bbox 3226 3811 3471 3875; x_wconf 77' lang='lat' dir='ltr'><strong><em>servetur.</em></strong></span> 
     </span>
    </p>
   </div>
   <div class='ocr_carea' id='block_1_195' title="bbox 2290 3881 2972 3942">
    <p class='ocr_par' dir='ltr' id='par_1_195' title="bbox 2290 3881 2972 3942">
     <span class='ocr_line' id='line_1_202' title="bbox 2290 3881 2972 3942; baseline 0.013 -9"><span class='ocrx_word' id='word_1_854' title='bbox 2290 3882 2422 3937; x_wconf 90' lang='lat' dir='ltr'><strong><em>Ibid.</em></strong></span> <span class='ocrx_word' id='word_1_855' title='bbox 2450 3881 2736 3941; x_wconf 72' lang='lat' dir='ltr'><strong><em>Prwcessit.</em></strong></span> <span class='ocrx_word' id='word_1_856' title='bbox 2760 3887 2840 3941; x_wconf 85' lang='lat' dir='ltr'><strong><em>An</em></strong></span> <span class='ocrx_word' id='word_1_857' title='bbox 2858 3888 2972 3942; x_wconf 85' lang='lat' dir='ltr'><strong><em>ido-</em></strong></span> 
     </span>
    </p>
   </div>
   <div class='ocr_carea' id='block_1_196' title="bbox 2212 3962 2599 4023">
    <p class='ocr_par' dir='ltr' id='par_1_196' title="bbox 2212 3962 2599 4023">
     <span class='ocr_line' id='line_1_203' title="bbox 2212 3962 2599 4023; baseline 0.013 -18"><span class='ocrx_word' id='word_1_858' title='bbox 2212 3967 2339 4007; x_wconf 89' lang='lat' dir='ltr'><strong><em>neus</em></strong></span> <span class='ocrx_word' id='word_1_859' title='bbox 2367 3962 2462 4023; x_wconf 90' lang='lat' dir='ltr'><strong><em>est,</em></strong></span> <span class='ocrx_word' id='word_1_860' title='bbox 2494 3967 2599 4010; x_wconf 87' lang='lat' dir='ltr'><strong><em>etc.</em></strong></span> 
     </span>
    </p>
   </div>
   <div class='ocr_carea' id='block_1_197' title="bbox 3113 3890 3807 3949">
    <p class='ocr_par' dir='ltr' id='par_1_197' title="bbox 3113 3890 3807 3949">
     <span class='ocr_line' id='line_1_204' title="bbox 3113 3890 3807 3949; baseline 0.004 -6"><span class='ocrx_word' id='word_1_861' title='bbox 3113 3890 3247 3944; x_wconf 82' lang='lat' dir='ltr'><strong><em>Cod.</em></strong></span> <span class='ocrx_word' id='word_1_862' title='bbox 3271 3906 3324 3944; x_wconf 88' lang='lat' dir='ltr'><strong><em>Il.</em></strong></span> <span class='ocrx_word' id='word_1_863' title='bbox 3347 3891 3640 3949; x_wconf 79' lang='lat' dir='ltr'><strong><em>Prcecessit.</em></strong></span> <span class='ocrx_word' id='word_1_864' title='bbox 3668 3893 3807 3946; x_wconf 83' lang='lat' dir='ltr'><strong><em>Par-</em></strong></span> 
     </span>
    </p>
   </div>
   <div class='ocr_carea' id='block_1_198' title="bbox 3042 3959 3808 4020">
    <p class='ocr_par' dir='ltr' id='par_1_198' title="bbox 3042 3959 3808 4020">
     <span class='ocr_line' id='line_1_205' title="bbox 3042 3959 3808 4020; baseline 0.01 -8"><span class='ocrx_word' id='word_1_865' title='bbox 3042 3969 3140 4013; x_wconf 90' lang='lat' dir='ltr'><strong><em>tem</em></strong></span> <span class='ocrx_word' id='word_1_866' title='bbox 3162 3959 3305 4015; x_wconf 90' lang='lat' dir='ltr'><strong><em>illius</em></strong></span> <span class='ocrx_word' id='word_1_867' title='bbox 3327 3962 3529 4016; x_wconf 82' lang='lat' dir='ltr'><strong><em>Christo</em></strong></span> <span class='ocrx_word' id='word_1_868' title='bbox 3552 3981 3808 4020; x_wconf 75' lang='lat' dir='ltr'><strong><em>commen-</em></strong></span> 
     </span>
    </p>
   </div>
   <div class='ocr_carea' id='block_1_199' title="bbox 3045 4032 3653 4099">
    <p class='ocr_par' dir='ltr' id='par_1_199' title="bbox 3045 4032 3653 4099">
     <span class='ocr_line' id='line_1_206' title="bbox 3045 4032 3653 4099; baseline 0.008 -16"><span class='ocrx_word' id='word_1_869' title='bbox 3045 4032 3135 4085; x_wconf 85' lang='lat' dir='ltr'><strong><em>da.</em></strong></span> <span class='ocrx_word' id='word_1_870' title='bbox 3168 4034 3247 4084; x_wconf 79' lang='lat' dir='ltr'><strong><em>An</em></strong></span> <span class='ocrx_word' id='word_1_871' title='bbox 3278 4035 3509 4099; x_wconf 86' lang='lat' dir='ltr'><strong><em>idoneus,</em></strong></span> <span class='ocrx_word' id='word_1_872' title='bbox 3543 4046 3653 4089; x_wconf 79' lang='lat' dir='ltr'><strong><em>etc.</em></strong></span> 
     </span>
    </p>
   </div>
   <div class='ocr_carea' id='block_1_200' title="bbox 3117 4102 3809 4177">
    <p class='ocr_par' dir='ltr' id='par_1_200' title="bbox 3117 4102 3809 4177">
     <span class='ocr_line' id='line_1_207' title="bbox 3117 4102 3809 4177; baseline 0.007 -22"><span class='ocrx_word' id='word_1_873' title='bbox 3117 4102 3351 4177; x_wconf 36' lang='lat' dir='ltr'><strong><em>codem.</em></strong></span> <span class='ocrx_word' id='word_1_874' title='bbox 3385 4104 3517 4160; x_wconf 87' lang='lat' dir='ltr'><strong><em>Ecce</em></strong></span> <span class='ocrx_word' id='word_1_875' title='bbox 3547 4123 3693 4160; x_wconf 85' lang='lat' dir='ltr'><strong><em>nunc</em></strong></span> <span class='ocrx_word' id='word_1_876' title='bbox 3712 4110 3809 4177; x_wconf 79' lang='lat' dir='ltr'><strong><em>ju-</em></strong></span> 
     </span>
    </p>
   </div>
   <div class='ocr_carea' id='block_1_201' title="bbox 3044 4170 3403 4229">
    <p class='ocr_par' dir='ltr' id='par_1_201' title="bbox 3044 4170 3403 4229">
     <span class='ocr_line' id='line_1_208' title="bbox 3044 4170 3403 4229; baseline 0.017 -6"><span class='ocrx_word' id='word_1_877' title='bbox 3044 4170 3123 4225; x_wconf 89' lang='lat' dir='ltr'><strong><em>bet</em></strong></span> <span class='ocrx_word' id='word_1_878' title='bbox 3152 4171 3403 4229; x_wconf 78' lang='lat' dir='ltr'><strong><em>Christus.</em></strong></span> 
     </span>
    </p>
   </div>
   <div class='ocr_carea' id='block_1_202' title="bbox 3115 4243 3807 4315">
    <p class='ocr_par' dir='ltr' id='par_1_202' title="bbox 3115 4243 3807 4315">
     <span class='ocr_line' id='line_1_209' title="bbox 3115 4243 3807 4315; baseline 0.007 -19"><span class='ocrx_word' id='word_1_879' title='bbox 3115 4243 3193 4297; x_wconf 95' lang='lat' dir='ltr'><strong><em>Id.</em></strong></span> <span class='ocrx_word' id='word_1_880' title='bbox 3215 4244 3319 4299; x_wconf 88' lang='lat' dir='ltr'><strong><em>Sed</em></strong></span> <span class='ocrx_word' id='word_1_881' title='bbox 3345 4261 3427 4299; x_wconf 91' lang='lat' dir='ltr'><strong><em>eos</em></strong></span> <span class='ocrx_word' id='word_1_882' title='bbox 3456 4247 3557 4315; x_wconf 87' lang='lat' dir='ltr'><strong><em>ipsi</em></strong></span> <span class='ocrx_word' id='word_1_883' title='bbox 3581 4248 3807 4301; x_wconf 74' lang='lat' dir='ltr'><strong><em>moribus</em></strong></span> 
     </span>
    </p>
   </div>
   <div class='ocr_carea' id='block_1_203' title="bbox 3044 4316 3607 4371">
    <p class='ocr_par' dir='ltr' id='par_1_203' title="bbox 3044 4316 3607 4371">
     <span class='ocr_line' id='line_1_210' title="bbox 3044 4316 3607 4371; baseline 0.011 -6"><span class='ocrx_word' id='word_1_884' title='bbox 3044 4316 3218 4368; x_wconf 75' lang='lat' dir='ltr'><strong><em>vestris</em></strong></span> <span class='ocrx_word' id='word_1_885' title='bbox 3243 4316 3607 4371; x_wconf 86' lang='lat' dir='ltr'><strong><em>adhortemini.</em></strong></span> 
     </span>
    </p>
   </div>
   <div class='ocr_carea' id='block_1_204' title="bbox 3114 4384 3809 4458">
    <p class='ocr_par' dir='ltr' id='par_1_204' title="bbox 3114 4384 3809 4458">
     <span class='ocr_line' id='line_1_211' title="bbox 3114 4384 3809 4458; baseline 0.007 -19"><span class='ocrx_word' id='word_1_886' title='bbox 3114 4385 3191 4440; x_wconf 94' lang='lat' dir='ltr'><strong><em>Id.</em></strong></span> <span class='ocrx_word' id='word_1_887' title='bbox 3223 4384 3289 4439; x_wconf 84' lang='lat' dir='ltr'><strong><em>In</em></strong></span> <span class='ocrx_word' id='word_1_888' title='bbox 3330 4388 3693 4458; x_wconf 81' lang='lat' dir='ltr'><strong><em>eleemosynis,</em></strong></span> <span class='ocrx_word' id='word_1_889' title='bbox 3724 4406 3809 4444; x_wconf 76' lang='lat' dir='ltr'><strong><em>te-</em></strong></span> 
     </span>
    </p>
   </div>
   <div class='ocr_carea' id='block_1_205' title="bbox 3041 4457 3765 4528">
    <p class='ocr_par' dir='ltr' id='par_1_205' title="bbox 3041 4457 3765 4528">
     <span class='ocr_line' id='line_1_212' title="bbox 3041 4457 3765 4528; baseline 0.006 -18"><span class='ocrx_word' id='word_1_890' title='bbox 3041 4457 3280 4511; x_wconf 90' lang='lat' dir='ltr'><strong><em>dimendo</em></strong></span> <span class='ocrx_word' id='word_1_891' title='bbox 3310 4461 3510 4512; x_wconf 89' lang='lat' dir='ltr'><strong><em>minuta</em></strong></span> <span class='ocrx_word' id='word_1_892' title='bbox 3531 4457 3765 4528; x_wconf 78' lang='lat' dir='ltr'><strong><em>peccata.</em></strong></span> 
     </span>
    </p>
   </div>
   <div class='ocr_carea' id='block_1_206' title="bbox 2285 4092 2973 4170">
    <p class='ocr_par' dir='ltr' id='par_1_206' title="bbox 2285 4092 2973 4170">
     <span class='ocr_line' id='line_1_213' title="bbox 2285 4092 2973 4170; baseline 0.013 -23"><span class='ocrx_word' id='word_1_893' title='bbox 2285 4092 2353 4170; x_wconf 70' lang='lat' dir='ltr'><strong><em>N.</em></strong></span> <span class='ocrx_word' id='word_1_894' title='bbox 2379 4093 2471 4151; x_wconf 76' lang='lat'><strong><em>2|.</em></strong></span> <span class='ocrx_word' id='word_1_895' title='bbox 2518 4093 2653 4155; x_wconf 82' lang='lat' dir='ltr'><strong><em>Ecce</em></strong></span> <span class='ocrx_word' id='word_1_896' title='bbox 2688 4112 2793 4154; x_wconf 89' lang='lat' dir='ltr'><strong><em>non</em></strong></span> <span class='ocrx_word' id='word_1_897' title='bbox 2826 4100 2973 4170; x_wconf 89' lang='lat' dir='ltr'><strong><em>jubet</em></strong></span> 
     </span>
    </p>
   </div>
   <div class='ocr_carea' id='block_1_207' title="bbox 2215 4162 2467 4220">
    <p class='ocr_par' dir='ltr' id='par_1_207' title="bbox 2215 4162 2467 4220">
     <span class='ocr_line' id='line_1_214' title="bbox 2215 4162 2467 4220; baseline 0.016 -4"><span class='ocrx_word' id='word_1_898' title='bbox 2215 4162 2467 4220; x_wconf 85' lang='lat' dir='ltr'><strong><em>Christus.</em></strong></span> 
     </span>
    </p>
   </div>
   <div class='ocr_carea' id='block_1_208' title="bbox 2284 4235 2969 4307">
    <p class='ocr_par' dir='ltr' id='par_1_208' title="bbox 2284 4235 2969 4307">
     <span class='ocr_line' id='line_1_215' title="bbox 2284 4235 2969 4307; baseline 0.013 -19"><span class='ocrx_word' id='word_1_899' title='bbox 2284 4236 2418 4291; x_wconf 82' lang='lat' dir='ltr'><strong><em>Ibid.</em></strong></span> <span class='ocrx_word' id='word_1_900' title='bbox 2452 4235 2559 4292; x_wconf 88' lang='lat' dir='ltr'><strong><em>Sed</em></strong></span> <span class='ocrx_word' id='word_1_901' title='bbox 2587 4253 2670 4293; x_wconf 89' lang='lat' dir='ltr'><strong><em>eos</em></strong></span> <span class='ocrx_word' id='word_1_902' title='bbox 2698 4240 2835 4307; x_wconf 84' lang='lat' dir='ltr'><strong><em>ipsos</em></strong></span> <span class='ocrx_word' id='word_1_903' title='bbox 2856 4257 2969 4296; x_wconf 90' lang='lat' dir='ltr'><strong><em>mo-</em></strong></span> 
     </span>
    </p>
   </div>
   <div class='ocr_carea' id='block_1_209' title="bbox 2210 4305 2859 4368">
    <p class='ocr_par' dir='ltr' id='par_1_209' title="bbox 2210 4305 2859 4368">
     <span class='ocr_line' id='line_1_216' title="bbox 2210 4305 2859 4368; baseline 0.014 -9"><span class='ocrx_word' id='word_1_904' title='bbox 2210 4305 2353 4361; x_wconf 87' lang='lat' dir='ltr'><strong><em>ribus</em></strong></span> <span class='ocrx_word' id='word_1_905' title='bbox 2374 4308 2549 4361; x_wconf 87' lang='lat' dir='ltr'><strong><em>vestris</em></strong></span> <span class='ocrx_word' id='word_1_906' title='bbox 2570 4305 2859 4368; x_wconf 84' lang='lat' dir='ltr'><strong><em>hortemini.</em></strong></span> 
     </span>
    </p>
   </div>
   <div class='ocr_carea' id='block_1_210' title="bbox 2286 4376 2969 4453">
    <p class='ocr_par' dir='ltr' id='par_1_210' title="bbox 2286 4376 2969 4453">
     <span class='ocr_line' id='line_1_217' title="bbox 2286 4376 2969 4453; baseline 0.012 -23"><span class='ocrx_word' id='word_1_907' title='bbox 2286 4376 2422 4431; x_wconf 89' lang='lat' dir='ltr'><strong><em>Ibid.</em></strong></span> <span class='ocrx_word' id='word_1_908' title='bbox 2505 4376 2576 4453; x_wconf 64' lang='lat' dir='ltr'><strong><em>in</em></strong></span> <span class='ocrx_word' id='word_1_909' title='bbox 2637 4379 2969 4453; x_wconf 85' lang='lat' dir='ltr'><strong><em>eleemosynis</em></strong></span> 
     </span>
    </p>
   </div>
   <div class='ocr_carea' id='block_1_211' title="bbox 2212 4450 2889 4522">
    <p class='ocr_par' dir='ltr' id='par_1_211' title="bbox 2212 4450 2889 4522">
     <span class='ocr_line' id='line_1_218' title="bbox 2212 4450 2889 4522; baseline 0.01 -23"><span class='ocrx_word' id='word_1_910' title='bbox 2212 4456 2421 4518; x_wconf 85' lang='lat' dir='ltr'><strong><em>prapter</em></strong></span> <span class='ocrx_word' id='word_1_911' title='bbox 2446 4450 2641 4503; x_wconf 89' lang='lat' dir='ltr'><strong><em>minuta</em></strong></span> <span class='ocrx_word' id='word_1_912' title='bbox 2662 4450 2889 4522; x_wconf 75' lang='lat' dir='ltr'><strong><em>peccata.</em></strong></span> 
     </span>
    </p>
   </div>
   <div class='ocr_carea' id='block_1_212' title="bbox 2288 4562 3809 4643">
    <p class='ocr_par' dir='ltr' id='par_1_212' title="bbox 2288 4562 3809 4643">
     <span class='ocr_line' id='line_1_219' title="bbox 2288 4562 3809 4643; baseline 0.01 -28"><span class='ocrx_word' id='word_1_913' title='bbox 2288 4562 2347 4615; x_wconf 92' lang='lat' dir='ltr'><strong><em>In</em></strong></span> <span class='ocrx_word' id='word_1_914' title='bbox 2377 4562 2502 4617; x_wconf 92' lang='lat' dir='ltr'><strong><em>cod.</em></strong></span> <span class='ocrx_word' id='word_1_915' title='bbox 2531 4577 2571 4618; x_wconf 87' lang='grc' dir='ltr'><strong><em>ιι</em></strong></span> <span class='ocrx_word' id='word_1_916' title='bbox 2607 4573 2750 4620; x_wconf 88' lang='lat' dir='ltr'><strong><em>totus</em></strong></span> <span class='ocrx_word' id='word_1_917' title='bbox 2779 4581 3034 4624; x_wconf 89' lang='lat' dir='ltr'><strong><em>numerus</em></strong></span> <span class='ocrx_word' id='word_1_918' title='bbox 3073 4570 3137 4624; x_wconf 73' lang='lat' dir='ltr'><strong><em>2i</em></strong></span> <span class='ocrx_word' id='word_1_919' title='bbox 3171 4570 3370 4637; x_wconf 85' lang='lat' dir='ltr'><strong><em>ditI‘ert,</em></strong></span> <span class='ocrx_word' id='word_1_920' title='bbox 3402 4575 3647 4643; x_wconf 80' lang='lat' dir='ltr'><strong><em>exceptis</em></strong></span> <span class='ocrx_word' id='word_1_921' title='bbox 3676 4574 3809 4629; x_wconf 84' lang='lat' dir='ltr'><strong><em>duo-</em></strong></span> 
     </span>
    </p>
   </div>
   <div class='ocr_carea' id='block_1_213' title="bbox 2136 4635 3807 4737">
    <p class='ocr_par' dir='ltr' id='par_1_213' title="bbox 2136 4635 3807 4737">
     <span class='ocr_line' id='line_1_220' title="bbox 2136 4635 3807 4737; baseline 0.008 -29"><span class='ocrx_word' id='word_1_922' title='bbox 2136 4635 2190 4697; x_wconf 81' lang='grc' dir='ltr'><strong><em>Ῑ)</em></strong></span> <span class='ocrx_word' id='word_1_923' title='bbox 2212 4652 2313 4709; x_wconf 90' lang='lat' dir='ltr'><strong><em>bus</em></strong></span> <span class='ocrx_word' id='word_1_924' title='bbox 2341 4654 2543 4709; x_wconf 88' lang='lat' dir='ltr'><strong><em>ultimis</em></strong></span> <span class='ocrx_word' id='word_1_925' title='bbox 2570 4658 2883 4725; x_wconf 83' lang='lat' dir='ltr'><strong><em>sententiis;</em></strong></span> <span class='ocrx_word' id='word_1_926' title='bbox 2916 4662 2998 4716; x_wconf 90' lang='lat' dir='ltr'><strong><em>sic</em></strong></span> <span class='ocrx_word' id='word_1_927' title='bbox 3028 4664 3171 4717; x_wconf 89' lang='lat' dir='ltr'><strong><em>enim</em></strong></span> <span class='ocrx_word' id='word_1_928' title='bbox 3210 4666 3346 4733; x_wconf 88' lang='lat' dir='ltr'><strong><em>apud</em></strong></span> <span class='ocrx_word' id='word_1_929' title='bbox 3392 4666 3535 4720; x_wconf 85' lang='lat' dir='ltr'><strong><em>hunc</em></strong></span> <span class='ocrx_word' id='word_1_930' title='bbox 3574 4668 3807 4737; x_wconf 75' lang='lat' dir='ltr'><strong><em>legitur:</em></strong></span> 
     </span>
    </p>
   </div>
   <div class='ocr_carea' id='block_1_214' title="bbox 2220 4742 3809 4825">
    <p class='ocr_par' dir='ltr' id='par_1_214' title="bbox 2220 4742 3809 4825">
     <span class='ocr_line' id='line_1_221' title="bbox 2220 4742 3809 4825; baseline 0.009 -26"><span class='ocrx_word' id='word_1_931' title='bbox 2220 4742 2417 4801; x_wconf 79' lang='lat' dir='ltr'><strong><em>Videtis</em></strong></span> <span class='ocrx_word' id='word_1_932' title='bbox 2439 4762 2579 4818; x_wconf 90' lang='lat' dir='ltr'><strong><em>ergo,</em></strong></span> <span class='ocrx_word' id='word_1_933' title='bbox 2607 4751 2791 4817; x_wconf 78' lang='lat' dir='ltr'><strong><em>fratres</em></strong></span> <span class='ocrx_word' id='word_1_934' title='bbox 2822 4753 2920 4806; x_wconf 90' lang='lat' dir='ltr'><strong><em>mei</em></strong></span> <span class='ocrx_word' id='word_1_935' title='bbox 2938 4793 2955 4819; x_wconf 92' lang='lat'><strong><em>,</em></strong></span> <span class='ocrx_word' id='word_1_936' title='bbox 2985 4752 3178 4809; x_wconf 90' lang='lat' dir='ltr'><strong><em>Christi</em></strong></span> <span class='ocrx_word' id='word_1_937' title='bbox 3221 4759 3632 4812; x_wconf 81' lang='lat' dir='ltr'><strong><em>misericordiam</em></strong></span> <span class='ocrx_word' id='word_1_938' title='bbox 3656 4778 3672 4825; x_wconf 79' lang='lat'><strong><em>,&#39;</em></strong></span> <span class='ocrx_word' id='word_1_939' title='bbox 3704 4760 3809 4815; x_wconf 80' lang='lat' dir='ltr'><strong><em>Dee</em></strong></span> 
     </span>
    </p>
   </div>
   <div class='ocr_carea' id='block_1_215' title="bbox 2213 4836 3810 4918">
    <p class='ocr_par' dir='ltr' id='par_1_215' title="bbox 2213 4836 3810 4918">
     <span class='ocr_line' id='line_1_222' title="bbox 2213 4836 3810 4918; baseline 0.012 -30"><span class='ocrx_word' id='word_1_940' title='bbox 2213 4836 2429 4908; x_wconf 87' lang='lat' dir='ltr'><strong><em>gratias,</em></strong></span> <span class='ocrx_word' id='word_1_941' title='bbox 2453 4840 2576 4909; x_wconf 90' lang='lat' dir='ltr'><strong><em>quia</em></strong></span> <span class='ocrx_word' id='word_1_942' title='bbox 2598 4857 2688 4909; x_wconf 87' lang='lat' dir='ltr'><strong><em>per</em></strong></span> <span class='ocrx_word' id='word_1_943' title='bbox 2714 4844 2948 4910; x_wconf 88' lang='lat' dir='ltr'><strong><em>pericula</em></strong></span> <span class='ocrx_word' id='word_1_944' title='bbox 2976 4846 3077 4901; x_wconf 88' lang='lat' dir='ltr'><strong><em>ista</em></strong></span> <span class='ocrx_word' id='word_1_945' title='bbox 3116 4849 3384 4918; x_wconf 76' lang='lat' dir='ltr'><strong><em>mortifera</em></strong></span> <span class='ocrx_word' id='word_1_946' title='bbox 3409 4851 3633 4906; x_wconf 85' lang='lat' dir='ltr'><strong><em>viventes</em></strong></span> <span class='ocrx_word' id='word_1_947' title='bbox 3662 4855 3810 4906; x_wconf 82' lang='lat' dir='ltr'><strong><em>audi-</em></strong></span> 
     </span>
    </p>
   </div>
   <div class='ocr_carea' id='block_1_216' title="bbox 2215 4929 3803 5010">
    <p class='ocr_par' dir='ltr' id='par_1_216' title="bbox 2215 4929 3803 5010">
     <span class='ocr_line' id='line_1_223' title="bbox 2215 4929 3803 5010; baseline 0.012 -29"><span class='ocrx_word' id='word_1_948' title='bbox 2215 4929 2298 4982; x_wconf 91' lang='lat' dir='ltr'><strong><em>tis.</em></strong></span> <span class='ocrx_word' id='word_1_949' title='bbox 2334 4929 2499 4984; x_wconf 89' lang='lat' dir='ltr'><strong><em>Nemo</em></strong></span> <span class='ocrx_word' id='word_1_950' title='bbox 2530 4947 2616 4985; x_wconf 93' lang='lat' dir='ltr'><strong><em>vos</em></strong></span> <span class='ocrx_word' id='word_1_951' title='bbox 2642 4932 2825 5001; x_wconf 83' lang='lat' dir='ltr'><strong><em>fallat;</em></strong></span> <span class='ocrx_word' id='word_1_952' title='bbox 2855 4937 2962 4991; x_wconf 90' lang='lat' dir='ltr'><strong><em>odit</em></strong></span> <span class='ocrx_word' id='word_1_953' title='bbox 2976 4940 3074 4991; x_wconf 88' lang='lat' dir='ltr'><strong><em>ista</em></strong></span> <span class='ocrx_word' id='word_1_954' title='bbox 3096 4939 3252 5010; x_wconf 88' lang='lat' dir='ltr'><strong><em>Deus,</em></strong></span> <span class='ocrx_word' id='word_1_955' title='bbox 3271 4941 3496 4997; x_wconf 86' lang='lat' dir='ltr'><strong><em>vindicat</em></strong></span> <span class='ocrx_word' id='word_1_956' title='bbox 3523 4945 3626 4999; x_wconf 88' lang='lat' dir='ltr'><strong><em>ista</em></strong></span> <span class='ocrx_word' id='word_1_957' title='bbox 3647 4945 3803 5000; x_wconf 69' lang='lat' dir='ltr'><strong><em>Deus.</em></strong></span> 
     </span>
    </p>
   </div>
   <div class='ocr_carea' id='block_1_217' title="bbox 2215 5017 3810 5097">
    <p class='ocr_par' dir='ltr' id='par_1_217' title="bbox 2215 5017 3810 5097">
     <span class='ocr_line' id='line_1_224' title="bbox 2215 5017 3810 5097; baseline 0.014 -24"><span class='ocrx_word' id='word_1_958' title='bbox 2215 5017 2347 5074; x_wconf 85' lang='lat' dir='ltr'><strong><em>Ideo</em></strong></span> <span class='ocrx_word' id='word_1_959' title='bbox 2374 5025 2559 5091; x_wconf 87' lang='lat' dir='ltr'><strong><em>parcit,</em></strong></span> <span class='ocrx_word' id='word_1_960' title='bbox 2592 5036 2646 5079; x_wconf 92' lang='lat' dir='ltr'><strong><em>ut</em></strong></span> <span class='ocrx_word' id='word_1_961' title='bbox 2674 5029 2976 5097; x_wconf 86' lang='lat' dir='ltr'><strong><em>mutemini;</em></strong></span> <span class='ocrx_word' id='word_1_962' title='bbox 3002 5031 3117 5087; x_wconf 88' lang='lat' dir='ltr'><strong><em>ideo</em></strong></span> <span class='ocrx_word' id='word_1_963' title='bbox 3146 5050 3281 5088; x_wconf 91' lang='lat' dir='ltr'><strong><em>nunc</em></strong></span> <span class='ocrx_word' id='word_1_964' title='bbox 3309 5053 3411 5091; x_wconf 90' lang='lat' dir='ltr'><strong><em>non</em></strong></span> <span class='ocrx_word' id='word_1_965' title='bbox 3456 5040 3685 5094; x_wconf 85' lang='lat' dir='ltr'><strong><em>vindicat</em></strong></span> <span class='ocrx_word' id='word_1_966' title='bbox 3713 5042 3810 5097; x_wconf 74' lang='lat' dir='ltr'><strong><em>istd</em></strong></span> 
     </span>
    </p>
   </div>
   <div class='ocr_carea' id='block_1_218' title="bbox 2221 5111 3800 5202">
    <p class='ocr_par' dir='ltr' id='par_1_218' title="bbox 2221 5111 3800 5202">
     <span class='ocr_line' id='line_1_225' title="bbox 2221 5111 3800 5202; baseline 0.013 -33"><span class='ocrx_word' id='word_1_967' title='bbox 2221 5111 2382 5181; x_wconf 88' lang='lat' dir='ltr'><strong><em>Deus,</em></strong></span> <span class='ocrx_word' id='word_1_968' title='bbox 2401 5125 2454 5168; x_wconf 89' lang='lat' dir='ltr'><strong><em>ut</em></strong></span> <span class='ocrx_word' id='word_1_969' title='bbox 2471 5120 2835 5173; x_wconf 79' lang='lat' dir='ltr'><strong><em>convertamini</em></strong></span> <span class='ocrx_word' id='word_1_970' title='bbox 2860 5122 2929 5175; x_wconf 91' lang='lat' dir='ltr'><strong><em>ad</em></strong></span> <span class='ocrx_word' id='word_1_971' title='bbox 2954 5123 3124 5179; x_wconf 90' lang='lat' dir='ltr'><strong><em>illum.</em></strong></span> <span class='ocrx_word' id='word_1_972' title='bbox 3147 5126 3284 5181; x_wconf 84' lang='lat' dir='ltr'><strong><em>Nam</em></strong></span> <span class='ocrx_word' id='word_1_973' title='bbox 3307 5130 3587 5186; x_wconf 85' lang='lat' dir='ltr'><strong><em>vindicabit</em></strong></span> <span class='ocrx_word' id='word_1_974' title='bbox 3610 5146 3800 5202; x_wconf 74' lang='lat' dir='ltr'><strong><em>postea,</em></strong></span> 
     </span>
    </p>
   </div>
   <div class='ocr_carea' id='block_1_219' title="bbox 2217 5204 3804 5288">
    <p class='ocr_par' dir='ltr' id='par_1_219' title="bbox 2217 5204 3804 5288">
     <span class='ocr_line' id='line_1_226' title="bbox 2217 5204 3804 5288; baseline 0.015 -32"><span class='ocrx_word' id='word_1_975' title='bbox 2217 5204 2263 5257; x_wconf 91' lang='lat' dir='ltr'><strong><em>si</em></strong></span> <span class='ocrx_word' id='word_1_976' title='bbox 2289 5207 2513 5261; x_wconf 88' lang='lat' dir='ltr'><strong><em>conversi</em></strong></span> <span class='ocrx_word' id='word_1_977' title='bbox 2537 5224 2639 5262; x_wconf 88' lang='lat' dir='ltr'><strong><em>non</em></strong></span> <span class='ocrx_word' id='word_1_978' title='bbox 2666 5212 2888 5279; x_wconf 84' lang='lat' dir='ltr'><strong><em>fueritis.</em></strong></span> <span class='ocrx_word' id='word_1_979' title='bbox 2920 5211 3050 5269; x_wconf 89' lang='lat' dir='ltr'><strong><em>Ideo</em></strong></span> <span class='ocrx_word' id='word_1_980' title='bbox 3079 5233 3183 5272; x_wconf 89' lang='lat' dir='ltr'><strong><em>non</em></strong></span> <span class='ocrx_word' id='word_1_981' title='bbox 3230 5219 3474 5288; x_wconf 88' lang='lat' dir='ltr'><strong><em>vindicat,</em></strong></span> <span class='ocrx_word' id='word_1_982' title='bbox 3506 5236 3566 5276; x_wconf 88' lang='lat' dir='ltr'><strong><em>ut</em></strong></span> <span class='ocrx_word' id='word_1_983' title='bbox 3600 5227 3703 5280; x_wconf 83' lang='lat' dir='ltr'><strong><em>vias</em></strong></span> <span class='ocrx_word' id='word_1_984' title='bbox 3730 5242 3804 5280; x_wconf 81' lang='lat' dir='ltr'><strong><em>ee-</em></strong></span> 
     </span>
    </p>
   </div>
   <div class='ocr_carea' id='block_1_220' title="bbox 2216 5301 3803 5390">
    <p class='ocr_par' dir='ltr' id='par_1_220' title="bbox 2216 5301 3803 5390">
     <span class='ocr_line' id='line_1_227' title="bbox 2216 5301 3803 5390; baseline 0.014 -39"><span class='ocrx_word' id='word_1_985' title='bbox 2216 5308 2351 5352; x_wconf 86' lang='lat' dir='ltr'><strong><em>stras</em></strong></span> <span class='ocrx_word' id='word_1_986' title='bbox 2392 5301 2617 5366; x_wconf 89' lang='lat' dir='ltr'><strong><em>mutetis,</em></strong></span> <span class='ocrx_word' id='word_1_987' title='bbox 2670 5312 2725 5357; x_wconf 89' lang='lat' dir='ltr'><strong><em>ut</em></strong></span> <span class='ocrx_word' id='word_1_988' title='bbox 2760 5306 3012 5375; x_wconf 89' lang='lat' dir='ltr'><strong><em>corrigere</em></strong></span> <span class='ocrx_word' id='word_1_989' title='bbox 3056 5312 3262 5365; x_wconf 86' lang='lat' dir='ltr'><strong><em>valeatis</em></strong></span> <span class='ocrx_word' id='word_1_990' title='bbox 3302 5314 3353 5366; x_wconf 91' lang='lat' dir='ltr'><strong><em>in</em></strong></span> <span class='ocrx_word' id='word_1_991' title='bbox 3391 5329 3667 5386; x_wconf 73' lang='lat' dir='ltr'><strong><em>compecto</em></strong></span> <span class='ocrx_word' id='word_1_992' title='bbox 3696 5322 3803 5390; x_wconf 84' lang='lat' dir='ltr'><strong><em>ejus</em></strong></span> 
     </span>
    </p>
   </div>
   <div class='ocr_carea' id='block_1_221' title="bbox 2216 5394 3805 5481">
    <p class='ocr_par' dir='ltr' id='par_1_221' title="bbox 2216 5394 3805 5481">
     <span class='ocr_line' id='line_1_228' title="bbox 2216 5394 3805 5481; baseline 0.011 -36"><span class='ocrx_word' id='word_1_993' title='bbox 2216 5408 2381 5448; x_wconf 89' lang='lat' dir='ltr'><strong><em>mores</em></strong></span> <span class='ocrx_word' id='word_1_994' title='bbox 2409 5402 2619 5450; x_wconf 88' lang='lat' dir='ltr'><strong><em>vestros.</em></strong></span> <span class='ocrx_word' id='word_1_995' title='bbox 2657 5394 2837 5452; x_wconf 89' lang='lat' dir='ltr'><strong><em>Omnis</em></strong></span> <span class='ocrx_word' id='word_1_996' title='bbox 2863 5400 2933 5453; x_wconf 91' lang='lat' dir='ltr'><strong><em>ibi</em></strong></span> <span class='ocrx_word' id='word_1_997' title='bbox 2974 5403 3244 5470; x_wconf 88' lang='lat' dir='ltr'><strong><em>securitas,</em></strong></span> <span class='ocrx_word' id='word_1_998' title='bbox 3290 5406 3377 5459; x_wconf 88' lang='lat' dir='ltr'><strong><em>ubi</em></strong></span> <span class='ocrx_word' id='word_1_999' title='bbox 3406 5409 3542 5462; x_wconf 86' lang='lat' dir='ltr'><strong><em>nihil</em></strong></span> <span class='ocrx_word' id='word_1_1000' title='bbox 3584 5414 3693 5464; x_wconf 89' lang='lat' dir='ltr'><strong><em>tale</em></strong></span> <span class='ocrx_word' id='word_1_1001' title='bbox 3717 5428 3805 5481; x_wconf 84' lang='lat' dir='ltr'><strong><em>pa-</em></strong></span> 
     </span>
    </p>
   </div>
   <div class='ocr_carea' id='block_1_222' title="bbox 2219 5487 3802 5571">
    <p class='ocr_par' dir='ltr' id='par_1_222' title="bbox 2219 5487 3802 5571">
     <span class='ocr_line' id='line_1_229' title="bbox 2219 5487 3802 5571; baseline 0.011 -33"><span class='ocrx_word' id='word_1_1002' title='bbox 2219 5487 2383 5553; x_wconf 90' lang='lat' dir='ltr'><strong><em>tiaris,</em></strong></span> <span class='ocrx_word' id='word_1_1003' title='bbox 2415 5488 2545 5542; x_wconf 89' lang='lat' dir='ltr'><strong><em>nihil</em></strong></span> <span class='ocrx_word' id='word_1_1004' title='bbox 2574 5490 2675 5544; x_wconf 89' lang='lat' dir='ltr'><strong><em>tale</em></strong></span> <span class='ocrx_word' id='word_1_1005' title='bbox 2714 5492 2954 5561; x_wconf 90' lang='lat' dir='ltr'><strong><em>tolerare,</em></strong></span> <span class='ocrx_word' id='word_1_1006' title='bbox 2987 5494 3118 5549; x_wconf 86' lang='lat' dir='ltr'><strong><em>nihil</em></strong></span> <span class='ocrx_word' id='word_1_1007' title='bbox 3157 5498 3260 5553; x_wconf 90' lang='lat' dir='ltr'><strong><em>tale</em></strong></span> <span class='ocrx_word' id='word_1_1008' title='bbox 3289 5500 3517 5555; x_wconf 82' lang='lat' dir='ltr'><strong><em>devitarc</em></strong></span> <span class='ocrx_word' id='word_1_1009' title='bbox 3546 5505 3802 5571; x_wconf 74' lang='lat' dir='ltr'><strong><em>jubcaris.</em></strong></span> 
     </span>
    </p>
   </div>
   <div class='ocr_carea' id='block_1_223' title="bbox 2215 5577 3804 5661">
    <p class='ocr_par' dir='ltr' id='par_1_223' title="bbox 2215 5577 3804 5661">
     <span class='ocr_line' id='line_1_230' title="bbox 2215 5577 3804 5661; baseline 0.01 -30"><span class='ocrx_word' id='word_1_1010' title='bbox 2215 5577 2338 5632; x_wconf 86' lang='lat' dir='ltr'><strong><em>Non</em></strong></span> <span class='ocrx_word' id='word_1_1011' title='bbox 2368 5581 2570 5651; x_wconf 82' lang='lat' dir='ltr'><strong><em>frangis</em></strong></span> <span class='ocrx_word' id='word_1_1012' title='bbox 2600 5599 2782 5651; x_wconf 90' lang='lat' dir='ltr'><strong><em>panem</em></strong></span> <span class='ocrx_word' id='word_1_1013' title='bbox 2829 5600 3003 5656; x_wconf 91' lang='lat' dir='ltr'><strong><em>egeno,</em></strong></span> <span class='ocrx_word' id='word_1_1014' title='bbox 3052 5591 3174 5657; x_wconf 85' lang='lat' dir='ltr'><strong><em>quia</em></strong></span> <span class='ocrx_word' id='word_1_1015' title='bbox 3205 5607 3351 5646; x_wconf 89' lang='lat' dir='ltr'><strong><em>nemo</em></strong></span> <span class='ocrx_word' id='word_1_1016' title='bbox 3377 5593 3445 5645; x_wconf 84' lang='lat' dir='ltr'><strong><em>ibi</em></strong></span> <span class='ocrx_word' id='word_1_1017' title='bbox 3475 5596 3679 5661; x_wconf 88' lang='lat' dir='ltr'><strong><em>esurit;</em></strong></span> <span class='ocrx_word' id='word_1_1018' title='bbox 3707 5611 3804 5647; x_wconf 78' lang='lat' dir='ltr'><strong><em>non</em></strong></span> 
     </span>
    </p>
   </div>
   <div class='ocr_carea' id='block_1_224' title="bbox 2209 5671 3803 5752">
    <p class='ocr_par' dir='ltr' id='par_1_224' title="bbox 2209 5671 3803 5752">
     <span class='ocr_line' id='line_1_231' title="bbox 2209 5671 3803 5752; baseline 0.01 -29"><span class='ocrx_word' id='word_1_1019' title='bbox 2209 5671 2359 5726; x_wconf 82' lang='lat' dir='ltr'><strong><em>vestis</em></strong></span> <span class='ocrx_word' id='word_1_1020' title='bbox 2404 5673 2637 5741; x_wconf 86' lang='lat' dir='ltr'><strong><em>nudum,</em></strong></span> <span class='ocrx_word' id='word_1_1021' title='bbox 2668 5677 2792 5744; x_wconf 85' lang='lat' dir='ltr'><strong><em>quia</em></strong></span> <span class='ocrx_word' id='word_1_1022' title='bbox 2831 5693 3006 5732; x_wconf 89' lang='lat' dir='ltr'><strong><em>omnes</em></strong></span> <span class='ocrx_word' id='word_1_1023' title='bbox 3033 5679 3418 5737; x_wconf 83' lang='lat' dir='ltr'><strong><em>immortalitate</em></strong></span> <span class='ocrx_word' id='word_1_1024' title='bbox 3448 5687 3613 5739; x_wconf 88' lang='lat' dir='ltr'><strong><em>vestiti</em></strong></span> <span class='ocrx_word' id='word_1_1025' title='bbox 3656 5697 3803 5752; x_wconf 82' lang='lat' dir='ltr'><strong><em>sunt;</em></strong></span> 
     </span>
    </p>
   </div>
   <div class='ocr_carea' id='block_1_225' title="bbox 2210 5765 3802 5846">
    <p class='ocr_par' dir='ltr' id='par_1_225' title="bbox 2210 5765 3802 5846">
     <span class='ocr_line' id='line_1_232' title="bbox 2210 5765 3802 5846; baseline 0.012 -32"><span class='ocrx_word' id='word_1_1026' title='bbox 2210 5777 2311 5816; x_wconf 87' lang='lat' dir='ltr'><strong><em>non</em></strong></span> <span class='ocrx_word' id='word_1_1027' title='bbox 2340 5765 2556 5835; x_wconf 89' lang='lat' dir='ltr'><strong><em>suscipis</em></strong></span> <span class='ocrx_word' id='word_1_1028' title='bbox 2586 5769 2917 5840; x_wconf 84' lang='lat' dir='ltr'><strong><em>peregrinum</em></strong></span> <span class='ocrx_word' id='word_1_1029' title='bbox 2938 5810 2953 5836; x_wconf 89' lang='lat'><strong><em>,</em></strong></span> <span class='ocrx_word' id='word_1_1030' title='bbox 2986 5773 3106 5841; x_wconf 89' lang='lat' dir='ltr'><strong><em>quia</em></strong></span> <span class='ocrx_word' id='word_1_1031' title='bbox 3132 5790 3305 5829; x_wconf 91' lang='lat' dir='ltr'><strong><em>omnes</em></strong></span> <span class='ocrx_word' id='word_1_1032' title='bbox 3330 5778 3383 5829; x_wconf 89' lang='lat' dir='ltr'><strong><em>in</em></strong></span> <span class='ocrx_word' id='word_1_1033' title='bbox 3413 5779 3580 5846; x_wconf 87' lang='lat' dir='ltr'><strong><em>patria</em></strong></span> <span class='ocrx_word' id='word_1_1034' title='bbox 3608 5795 3704 5831; x_wconf 85' lang='lat' dir='ltr'><strong><em>sua</em></strong></span> <span class='ocrx_word' id='word_1_1035' title='bbox 3730 5796 3802 5832; x_wconf 81' lang='lat' dir='ltr'><strong><em>vt-</em></strong></span> 
     </span>
    </p>
   </div>
   <div class='ocr_carea' id='block_1_226' title="bbox 2208 5859 3800 5941">
    <p class='ocr_par' dir='ltr' id='par_1_226' title="bbox 2208 5859 3800 5941">
     <span class='ocr_line' id='line_1_233' title="bbox 2208 5859 3800 5941; baseline 0.01 -33"><span class='ocrx_word' id='word_1_1036' title='bbox 2208 5865 2368 5924; x_wconf 82' lang='lat' dir='ltr'><strong><em>vunt;</em></strong></span> <span class='ocrx_word' id='word_1_1037' title='bbox 2398 5872 2497 5913; x_wconf 85' lang='lat' dir='ltr'><strong><em>non</em></strong></span> <span class='ocrx_word' id='word_1_1038' title='bbox 2526 5859 2699 5916; x_wconf 86' lang='lat' dir='ltr'><strong><em>visitas</em></strong></span> <span class='ocrx_word' id='word_1_1039' title='bbox 2747 5876 2947 5935; x_wconf 73' lang='lat' dir='ltr'><strong><em>a&#39;grum</em></strong></span> <span class='ocrx_word' id='word_1_1040' title='bbox 2972 5903 2987 5935; x_wconf 93' lang='lat'><strong><em>,</em></strong></span> <span class='ocrx_word' id='word_1_1041' title='bbox 3016 5866 3143 5937; x_wconf 87' lang='lat' dir='ltr'><strong><em>quia</em></strong></span> <span class='ocrx_word' id='word_1_1042' title='bbox 3194 5882 3371 5926; x_wconf 87' lang='lat' dir='ltr'><strong><em>omnes</em></strong></span> <span class='ocrx_word' id='word_1_1043' title='bbox 3415 5882 3661 5941; x_wconf 85' lang='lat' dir='ltr'><strong><em>perpetuo</em></strong></span> <span class='ocrx_word' id='word_1_1044' title='bbox 3686 5871 3800 5925; x_wconf 82' lang='lat' dir='ltr'><strong><em>sani</em></strong></span> 
     </span>
    </p>
   </div>
  </div>
