4012 6338
194 5826 227 5843 ’Ὁ

290 350 423 445 IIGI

283 580 388 620 non
414 566 693 621 concordas
720 565 960 638 litigioso,
988 568 1111 639 quia
1136 576 1326 624 eterna
1351 570 1421 625 ibi
1451 589 1570 639 pax.
1594 572 1773 628 Omnis
1792 573 1863 628 ibi

281 660 549 731 securitas,
574 670 681 717 etc.
705 660 840 718 Vide
868 676 1032 719 serm.
1065 678 1139 732 ιι,
1174 678 1230 717 ιι.
1264 663 1316 722 1.

872 773 1101 832 SERMO
1138 774 1257 831 XX.

352 885 570 958 Legitur
596 886 716 958 eius
737 902 858 956 pars
887 888 1129 959 quaedam
1158 897 1281 959 post
1322 889 1677 961 fragmentum
1705 894 1863 961 Quie—

280 984 517 1041 stionum
553 985 993 1056 Evangeliorum,
1029 986 1082 1039 in
1128 984 1298 1040 tribus
1325 985 1600 1044 codicibus
1637 987 1862 1047 Floren-

280 1076 427 1142 tinis,
470 1092 664 1145 nempe
693 1078 830 1134 Bibl.
860 1078 1135 1145 LaurentL,
1173 1078 1304 1148 plut.
1339 1095 1492 1146 xvm,
1518 1082 1637 1137 cod.
1672 1100 1815 1139 mn
1842 1129 1858 1153 ,

279 1164 378 1223 fol.
411 1164 515 1231 95;
542 1169 673 1224 ibid.
706 1170 827 1226 cod.
849 1185 1000 1236 ntv,
1032 1169 1127 1227 fol.
1161 1171 1263 1226 118
1291 1170 1356 1237 b;
1376 1180 1429 1228 et
1456 1172 1596 1228 Bibl.
1626 1174 1861 1248 Mugell.,

280 1261 402 1317 cod.
428 1276 536 1330 xvr,
568 1263 659 1320 fol.
690 1263 814 1319 124.

354 1351 496 1408 Edit.
518 1353 668 1439 Νλ1.
693 1354 765 1439 λη
788 1357 898 1426 ejus
924 1374 1034 1439 εἶξα·
1168 1356 1312 1439 _Cod.
1337 1375 1450 1439 !__VI.
1479 1362 1542 1418 In
1567 1366 1676 1429 eius
1696 1367 1863 1439 gratia

275 1423 401 1478 tiam
413 1423 849 1493 manifestabimus
872 1423 1030 1482 vobis.
1110 1430 1508 1490 ministrabimus
1535 1423 1691 1491 vobis.

351 1495 415 1549 Ν.
443 1496 498 1550 2.
527 1495 668 1549 Nam
697 1507 742 1553 et
776 1498 893 1552 inde
917 1515 1034 1553 ora-

276 1564 361 1638 vit
373 1567 591 1638 quodam
616 1568 669 1621 in
708 1571 927 1638 psalmo.

1106 1574 1266 1629 oravit
1286 1576 1509 1642 quodam
1529 1578 1582 1631 in
1607 1581 1822 1643 psalmo.

346 1637 479 1691 Ibid.
540 1637 715 1705 Pone,
771 1639 1030 1708 Domine,

1177 1643 1347 1718 Codd.
1378 1644 1523 1702 Pone
1547 1689 1563 1714 ,
1594 1649 1816 1705 Domine
1844 1692 1860 1718 ,

277 1708 561 1788 custodiam
587 1710 664 1763 ori
687 1727 808 1788 meo
827 1752 843 1777 ,
865 1720 909 1766 et
955 1729 1036 1788 o_s-
1110 1715 1397 1788 custodiam
1421 1719 1499 1771 ori
1528 1708 1661 1788 meo,
1691 1730 1737 1775 et
1780 1708 1861 1775 os1
1904 1734 1909 1739 '

276 1778 405 1833 tium
421 1781 746 1849 continentiae
762 1782 955 1837 circum
970 1783 1039 1837 la-
1110 1787 1235 1840 tium
1271 1778 1660 1845 circumstantia}
1712 1792 1859 1846 labiis

384 1865 516 1903 mea.
1112 1856 1258 1903 meis-
1278 1859 1355 1903 vel
1375 1862 1699 1903 cnnlinenlim
1723 1865 1859 1903 μὴν-η

308 1865 360 1903 ια
384 1865 516 1905 mea.

1108 1928 1245 1981 labia
1262 1944 1392 1999 mea.
1786 1980 1804 1999 ,

1173 1998 1308 2053 Cod.
1337 2015 1444 2055 XVI.
1473 2001 1534 2056 Si
1562 2019 1861 2073 persuasum

1101 2078 1173 2125 est
1186 2110 1201 2135 ,
1229 2085 1334 2123 non
1361 2081 1647 2129 excusetur.

1172 2140 1264 2195 Sic
1286 2152 1338 2197 et
1363 2144 1531 2198 nostri
1555 2147 1737 2212 codd.,
1766 2148 1862 2203 sed

1107 2212 1285 2279 potius
1322 2212 1603 2282 legendum
1646 2217 1860 2273 videre-

1106 2291 1191 2355 tur
1238 2296 1358 2355 cum
1383 2281 1525 2351 ipso
1564 2286 1861 2355 Augustino

277 2345 443 2406 Enar.
473 2348 526 2403 in
556 2349 745 2418 psalm.
773 2365 828 2414 ι..
859 2364 917 2405 ιι.
949 2348 1039 2416 Ib,
1069 2351 1132 2406 Si
1159 2354 1397 2417 advertit.
1431 2345 1804 2414 animaduertit.

348 2419 482 2475 Ibid.
518 2420 771 2488 Quoniam
807 2431 925 2476 ante
949 2438 1029 2476 me
1172 2424 1272 2478 Iid.
1318 2425 1570 2490 Quoniam
1620 2440 1738 2484 ante
1783 2447 1863 2485 me

273 2498 367 2554 est,
401 2507 463 2545 ne
489 2496 552 2545 sit
581 2502 698 2545 ante
722 2500 789 2546 te.
1100 2502 1195 2558 est,
1228 2511 1331 2550 non
1348 2498 1414 2550 sit
1438 2507 1554 2551 ante
1578 2508 1642 2554 te.

347 2561 410 2639 Ν.
441 2565 492 2618 5.
528 2562 596 2617 Ut
632 2564 882 2639 quoniam
911 2579 1028 2639 pec-
1142 2636 1152 2639 Α
1180 2566 1276 2621 Iid.
1312 2566 1377 2619 Et
1405 2572 1649 2634 quoniam
1679 2588 1861 2639 pecca-

275 2633 482 2711 cauitet
502 2635 721 2711 graviter
745 2636 999 2711 peccavit.
1105 2636 1272 2711 vit,et
1304 2633 1521 2711 graviter
1544 2633 1789 2711 peccuvit.

351 2704 480 2758 Ibid.
506 2704 844 2758 'Trahendum
861 2706 1026 2758 omni-
1179 2708 1273 2762 lid.
1304 2704 1652 2765 “Tro/tendum
1710 2714 1863 2769 omni-

275 2774 396 2851 bus
423 2776 808 2851 cupiditatibus.
881 2774 1032 2830 Facit
1105 2778 1198 2851 bus
1248 2782 1649 2847 cupiditatibus,
1691 2784 1863 2851 facere

276 2847 519 2917 quidquid
540 2846 679 2918 libet.
1101 2850 1349 2918 quidquid
1369 2851 1505 2908 libet.

346 2918 479 2972 Ibid.
544 2916 742 2971 Rursus
804 2926 1030 2972 recreata
1164 2916 1260 2977 Iid.
1291 2921 1867 2981 Rursusrecreaturani-

274 2990 463 3056 anima,
497 2990 539 3041 si
570 2988 649 3042 his
672 2988 831 3063 verbis
859 2990 1030 3043 credi-
1103 3007 1259 3045 mam
1285 2991 1365 3047 Itis
1385 3011 1457 3048 vei
1474 2996 1547 3049 bis
1562 2997 1813 3063 ;.'liberata
1833 3017 1865 3053 a

276 3060 424 3125 derit,
446 3076 475 3112 a
491 3060 857 3132 desperationis
872 3063 1027 3127 malo,
1107 3063 1475 3132 desperationis
1497 3060 1653 3132 malo,
1677 3070 1865 3125 invenit

280 3132 498 3184 inveniet
525 3131 921 3205 aliamfoveam.
1022 3204 1027 3205 γ
1106 3131 1266 3187 aliain
1290 3136 1506 3205 foveam.

350 3201 482 3280 Ibid.
550 3201 699 3280 Quid
750 3202 974 3255 dicemus
1009 3204 1034 3256 ?
1130 3201 1311 3280 “Cod.
1343 3223 1432 3280 im
1461 3218 1513 3263 et
1543 3225 1687 3265 xxw.
1726 3213 1865 3280 Quid

275 3274 394 3340 quia
409 3288 507 3326 non
527 3272 732 3351 quando
748 3288 800 3325 se
826 3289 1030 3351 conver-
1105 3276 1363 3330 dicimus?
1382 3280 1503 3348 quia
1527 3297 1628 3335 non
1654 3272 1857 3351 qudndo

276 3345 417 3407 terit,
448 3354 590 3397 curat
620 3343 755 3397 Deus
786 3344 1027 3411 paeniten-
1102 3362 1154 3399 se
1196 3343 1516 3414 converterit,
1543 3343 1686 3407 curat
1722 3355 1860 3412 Deus

274 3416 437 3469 tiam?
467 3413 838 3489 DimittitDeus
860 3417 1030 3469 omnia
1104 3420 1451 3489 paenitentiam
1482 3413 1508 3489 ,7
1560 3434 1608 3476 et
1651 3426 1859 3481 dimittit

274 3497 479 3559 peccata
502 3488 785 3559 'prteterita.
814 3557 822 3559 _
931 3557 940 3559 _
1102 3487 1242 3543 Deus
1266 3493 1437 3545 omnia
1459 3487 1702 3559 peccata?

344 3556 482 3633 Ibid.
506 3555 571 3633 _Ut
586 3558 777 3633 faciant
802 3557 1031 3633 homines
1174 3560 1271 3633 Iid.
1307 3561 1374 3616 Ut
1409 3555 1601 3633 faciant
1632 3567 1860 3624 homines

274 3627 519 3702 quidquid
547 3630 749 3702 volunt,
783 3630 1031 3702 promissa
1104 3631 1355 3702 quidquid
1396 3627 1584 3689 uolunt.
1631 3638 1862 3694 Promis.

274 3698 422 3751 venia
446 3738 459 3759 ,
510 3698 757 3765 promissa
803 3697 1028 3779 impuni:
1098 3715 1156 3751 sa
1177 3697 1341 3768 venia,
1363 3707 1613 3771 promissa
1637 3710 1861 3779 impuni-

283 3776 404 3847 tate,
435 3783 549 3819 cum
590 3783 642 3820 se
661 3767 1028 3820 converterint?
1103 3779 1225 3847 tate,
1254 3767 1372 3825 cum
1409 3790 1461 3829 se
1487 3767 1821 3833 converterint
1839 3821 1854 3847 ,

274 3834 500 3905 Laxant,
532 3846 635 3892 etc.
1105 3839 1307 3908 laxant,
1340 3852 1445 3899 etc.

347 1991 459 2050 Ibid
468 2033 482 2048 .
497 1993 603 2050 Sed
616 2010 912 2065 persuasum
922 2002 993 2051 est
1009 1996 1034 2049 ?

277 2061 401 2119 Non
430 2061 713 2120 excusetur.

350 2134 481 2190 Ibid.
532 2136 670 2192 Nam
694 2137 739 2192 si
775 2136 989 2192 advertit
1012 2178 1030 2205 ,

276 2207 471 2261 euertit.

833 3930 1070 3989 SERMO
1109 3932 1298 3991 XXVI.

348 4023 585 4079 [labetur
607 4019 692 4078 hic
717 4035 895 4078 sermo
916 4021 972 4076 in
1003 4022 1123 4077 cod.
1154 4024 1305 4081 Cass.
1336 4044 1395 4100 ιι,
1422 4030 1515 4087 lol.
1542 4032 1665 4088 179.

346 4115 733 4172 Bened.'I‘itttI.
767 4115 842 4169 De
873 4115 1034 4169 verbis
1178 4118 1308 4175 Cod.
1343 4124 1489 4177 addit
1516 4144 1527 4177 :
1554 4125 1775 4181 Habitus
1803 4130 1858 4183 in

272 4189 459 4260 psalmi
483 4233 496 4258 ,
528 4198 632 4244 etc.
1105 4187 1317 4246 basilica
1329 4193 1859 4256 Theodosiana.IIanc

1102 4262 1429 4321 additionem
1565 4271 1860 4326 emiserunt

273 4327 407 4407 edit.
440 4328 644 4407 Qatime
664 4373 679 4394 ,
712 4331 806 4387 sed
832 4346 936 4388 non
960 4331 1333 4407 indicaverunt
1351 4337 1635 4407 originem.

341 4398 406 4453 N.
437 4401 488 4452 9.
531 4400 702 4469 Quare
730 4412 897 4458 autem
935 4405 1029 4457 da-
1172 4406 1249 4460 Id.
1277 4398 1463 4472 Quarev
1471 4410 1595 4464 data
1617 4420 1689 4465 est
1713 4410 1813 4467 lex.

272 4468 421 4525 batur
453 4471 554 4526 lex.

815 4566 1047 4625 SERMO
1085 4569 1321 4626 XXVIII.

342 4653 774 4713 IIabemusbunc
798 4673 1101 4717 sermonem
1129 4664 1179 4717 in
1208 4662 1330 4733 cod.
1349 4662 1499 4718 Cass.
1526 4679 1583 4731 ιι,
1609 4664 1701 4720 fol.
1726 4667 1851 4735 152,
1883 4660 1939 4719 D

269 4746 327 4807 In
361 4765 467 4821 quo
493 4752 668 4822 magni
709 4756 969 4810 momenti
1010 4758 1279 4813 variantes
1308 4762 1644 4828 reperiuntur
1666 4762 1852 4817 lectio-

268 4856 386 4899 nes.
418 4844 574 4900 Plura
597 4860 665 4902 ex
688 4846 809 4902 cod.
838 4847 1082 4905 Romano
1104 4863 1455 4909 correxerunt
1474 4855 1707 4910 editores
1729 4859 1850 4912 novi

266 4936 405 5007 (FF.
435 4937 666 5012 Gaume)
691 4983 706 5008 ,
754 4943 897 4997 uncle
927 4944 1352 5001 concludendum
1400 4948 1613 5005 Italicos
1641 4952 1853 5009 codices

265 5043 375 5086 non
408 5032 484 5086 ita
513 5048 633 5089 esse
670 5035 1074 5104 despiciendos,
1103 5040 1550 5114 corrigendosque
1591 5060 1713 5103 esse
1741 5048 1849 5103 ali-

266 5122 487 5190 quando
518 5123 890 5181 Maurinenses
916 5145 929 5192 ;
960 5138 1014 5183 et
1061 5131 1423 5189 correctiones
1448 5148 1633 5191 eorum
1672 5139 1852 5207 plures

263 5212 547 5269 conﬁrmat
579 5217 664 5270 hic
691 5226 878 5272 noster
906 5219 1096 5277 codex.

337 5303 540 5361 Bened.
563 5306 626 5361 N.
652 5307 709 5361 2.
735 5307 831 5365 Est
850 5310 1023 5365 lumen

261 5379 404 5428 cordi
435 5386 605 5431 nostro
635 5381 717 5432 cui
761 5381 977 5436 dicimus
1001 5398 1020 5437 :

262 5446 480 5504 Auditui
504 5458 700 5517 nostro,
730 5460 837 5506 etc.

1165 5315 1297 5370 Cod.
1347 5316 1444 5371 Est
1482 5320 1653 5375 lumen
1707 5325 1852 5380 cordi

1094 5399 1268 5441 nostro
1296 5429 1312 5455 ,
1364 5391 1447 5444 cui
1499 5392 1711 5449 dicimus
1741 5414 1752 5447 :
1782 5396 1852 5451 In

1095 5458 1286 5511 lumine
1318 5467 1403 5512 tuo
1450 5463 1727 5519 videbimus
1765 5466 1848 5521 lu-

1090 5544 1222 5582 men.
1244 5529 1335 5583 Est
1357 5546 1511 5586 sonus
1524 5536 1664 5587 cordi
1674 5549 1845 5592 nostro

1093 5600 1175 5651 cui
1204 5600 1418 5655 dicimus
1434 5618 1451 5656 :
1467 5607 1706 5668 Auditui;
1738 5618 1842 5665 etc.

1165 5670 1318 5748 Rom.
1354 5670 1622 5742 Nusquam
1668 5679 1845 5748 deest,

1094 5757 1215 5818 non
1236 5743 1297 5795 de
1341 5747 1487 5818 aquis
1530 5743 1850 5818 prwparatur

1096 5812 1261 5879 nobis,
1284 5830 1371 5869 nec
1387 5815 1449 5869 de
1469 5812 1850 5892 transmarinis,

1091 5892 1194 5939 etc.

544 5966 820 6031 Ριτιιοι..
857 5969 1110 6035 XLVII.

335 5656 473 5732 Ibid.
523 5658 794 5732 Nusquam
840 5663 1014 5730 deest,,

261 5743 353 5785 nec
379 5729 444 5784 de
465 5729 848 5807 transmarinis,
874 5744 978 5791 etc.

1492 352 1867 418 LEC'I'IONES
1904 360 2313 423 VARIANTES.

285 479 434 527 sunt:
465 486 568 526 non
602 484 782 543 sepem
826 478 1106 541 mortuum,
1135 470 1259 545 quia
1301 484 1497 547 semper
1533 476 1607 532 ibi
1631 480 1853 546 clvitur;
1883 483 1937 545 Α
2032 483 2096 538 Ν.
2128 485 2181 538 4.
2215 484 2401 541 Totum
2424 488 2723 544 dividentis

1179 1500 1312 1557 Cod.
1339 1520 1488 1559 χχιιι.
1526 1507 1666 1560 Nam
1728 1510 1889 1569 idem_

1112 1856 1258 1932 meis,
1278 1859 1355 1911 vel
1375 1862 1699 1917 continentia:
1723 1865 1860 1918 circa
1890 1871 1939 1932 Β

1902 1969 1906 1973 ’
1966 1972 2096 2039 diri,
2128 1984 2233 2030 etc.

1888 3255 1937 3322 C
1967 3271 2120 3322 corde
2140 3270 2201 3323 de
2232 3255 2439 3326 scelere.

3413 380 3549 439 “63

2867 491 2943 547 Id.
3010 488 3199 550 Totum
3262 497 3553 557 dividentis

2796 564 2963 629 vobis,
2996 569 3132 634 quod
3150 570 3427 637 posuissem
3450 612 3465 637 ,
3498 582 3547 626 et

2797 646 2985 703 quanto
3000 638 3171 708 plures
3184 641 3377 708 essetis,
3403 650 3547 698 tanto

2798 709 2965 760 minus
2990 709 3255 764 haberetis.

2036 767 2101 822 Ν.
2310 775 2475 842 potuit
2519 777 2616 830 hoc
2645 781 2726 848 fa-
2870 780 2945 851 Id.
2982 781 3042 833 Si
3070 784 3230 843 potuit
3261 783 3354 837 hoc
3383 783 3550 851 facere

1966 852 2076 892 cere
2127 840 2416 899 intellectus
2461 863 2601 902 meus
2645 840 2722 903 'de
2796 840 3081 905 intellectus
3135 869 3275 905 meus
3315 840 3391 908 de.
3429 840 3550 910 voce

1963 924 2080 964 voce
2107 928 2236 967 mea.
2264 912 2398 969 Ecce
2430 920 2585 983 enim,
2613 930 2717 977 etc.
2794 938 2927 988 mea,
2997 940 3093 976 non
3142 928 3305 989 potuit
3344 928 3547 980 verbum

2799 991 2891 1049 Dei
2919 994 2983 1048 de
3008 1011 3160 1047 carne
3187 1013 3301 1050 sua.

2038 1073 2133 1132 Hic
2160 1078 2498 1152 adjungimus
2542 1089 2797 1156 quasdam
2842 1092 2976 1146 alias
3007 1091 3275 1146 variantes
3315 1107 3380 1147 ex
3426 1093 3549 1149 cod.

1964 1164 2207 1227 Romano
2235 1189 2329 1229 csr
2352 1217 2366 1241 ,
2396 1193 2553 1246 quem
2582 1182 2747 1238 citant
2774 1183 2904 1241 edit.
2935 1184 3155 1241 Gaumc.

2035 1260 2101 1317 N.
2142 1265 2191 1319 1.
2231 1264 2525 1323 Ventribus.
2553 1270 2731 1343 Jejum‘
2872 1276 3004 1330 Cod.
3059 1278 3218 1335 Rom.
3284 1281 3553 1336 Ventribus

1963 1346 2158 1418 sumius:
2211 1406 2251 1418 _
2345 1410 2356 1418 _
2627 1416 2633 1418 Α
2722 1416 2728 1418 Α
2793 1348 3110 1418 jejunainns.

2044 1402 2177 1462 Ibid.
2203 1406 2536 1486 Esuriamus‘,
2553 1416 2731 1486 jejuni
2793 1402 2815 1418 ’
2845 1402 2948 1472 Ἰιί.
2980 1417 3301 1477 Esuriamus.
3325 1421 3554 1479 Cumali-

1963 1489 2163 1560 sumus,
2185 1483 2515 1560 cum-aliqua,
2546 1483 2661 1560 oio.
2795 1505 2916 1560 qua,
2945 1499 3081 1550 etc.:
3114 1493 3313 1560 reliqua
3336 1496 3549 1550 desunt.

2035 1544 2100 1600 N.
2128 1550 2181 1602 2.
2208 1548 2275 1604 Et
2294 1552 2386 1606 lux
2404 1544 2574 1619 est,'et
2597 1558 2723 1613 odor
2806 1544 2818 1559 ’
2866 1544 2942 1615 Id.
2988 1544 3557 1632 Et'luxﬂest,

1970 1628 2041 1669 εει

1966 555 2125 677 uobis,
2158 565 2301 611 tanto
2320 560 2491 617 minus
2513 559 2723 617 habere-

1990 642 2053 677 is.

1990 642 2053 680 18o

2051 1654 2073 1694 ς.
2098 1689 2109 1694 Α
2131 1689 2146 1694 _
2794 1640 2888 1694 est,
2922 1641 2967 1684 et
2998 1633 3124 1685 odor
3144 1644 3236 1688 est.

2037 1687 2169 1777 Ibid.
2230 1694 2272 1777 ᾼ
2322 1697 2722 1764 negotiatoribus
2864 1687 2967 1756 Id.
3034 1705 3079 1757 Α
3154 1687 3551 1777 negotiatoribus

1968 1772 2333 1842 apportunt‘ur.
2448 1840 2456 1842 _
2792 1782 3114 1842 apportatur.

2038 1831 2101 1884 Ν.
2131 1833 2184 1885 5.
2218 1833 2348 1890 Ecce
2375 1840 2511 1891 enim
2537 1856 2719 1896 sonum

1964 1918 2066 1973 non
2092 1919 2291 1973 revoco,
2315 1910 2402 1961 sed
2427 1910 2472 1963 si
2493 1912 2606 1965 volo
2628 1932 2723 1967 an-

2865 1845 2942 1899 Id.
3004 1846 3131 1905 Ecce
3179 1847 3315 1901 enim
3366 1866 3549 1904 sonum

2794 1918 3022 1990 profero;
3036 1919 3122 1970 sed
3140 1935 3249 1970 cum
3265 1922 3549 1990 protulero,

2785 1987 2899 2056 jam
2919 2004 3019 2039 non
3042 2005 3239 2054 revoco;
3262 1987 3348 2043 sed
3370 1993 3416 2044 si
3436 1993 3551 2046 volo

2793 2057 2963 2111 audiri
2992 2099 3007 2120 ,
3040 2068 3142 2115 etc.

2035 2112 2203 2199 Ibid..
2241 2117 2540 2201 dssumptd
2575 2128 2723 2201 quasi
2826 2145 2833 2153 ·
2866 2126 2944 2182 Id.
2989 2112 3306 2186 Etﬁassumo
3346 2150 3548 2201 sonum,

1966 2200 2090 2308 sima
2157 2187 2203 2241 ei
2262 2187 2468 2258 impono
2524 2187 2724 2251 inielle-
2796 2209 2843 2252 et
2896 2202 3039 2268 quasi
3093 2203 3298 2274 impono
3347 2187 3553 2259 intelle:

1966 2270 2122 2311 cum.
2799 2279 2958 2323 ctum.

2538 2380 2770 2439 SERMO
2809 2384 2981 2442 XXX.

2044 2479 2266 2551 Legitur
2310 2485 2362 2540 in
2401 2490 2523 2544 cod.
2571 2493 2721 2548 Cass.
2760 2510 2835 2563 ιι,
2870 2498 2961 2551 fol.
2996 2498 3118 2554 I79.
3150 2500 3452 2557 Concordat
3498 2504 3550 2561 in

1966 2577 2218 2633 omnibus
2248 2591 2369 2633 cum
2398 2582 2580 2649 editis,
2613 2598 2837 2658 excepto
2868 2590 3041 2646 titulo.
3076 2593 3166 2649 Sic
3194 2595 3335 2651 enim
3365 2598 3551 2654 inscri-

1964 2668 2111 2724 bitur
2137 2687 2147 2720 :
2180 2669 2364 2724 Sermo
2388 2672 2593 2728 habitus
2622 2678 2675 2731 in
2697 2680 2909 2736 basilica
2930 2682 3226 2741 Trialarum
3254 2687 3339 2743 die
3374 2688 3551 2745 Domi-

1966 2758 2101 2825 nico,
2137 2778 2256 2832 quas
2286 2764 2481 2821 desunt
2507 2770 2648 2837 apud
2680 2770 3060 2851 Maurinenses.
3470 2780 3471 2783 “

2504 2880 2739 2940 SERMO
2788 2885 3027 2944 XXXVI.

2040 2988 2337 3061 Exemplar
2390 2994 2648 3051 habemus
2692 2999 2989 3057 detractum
3040 3017 3104 3059 ex
3157 3004 3292 3062 Bibl.
3345 3010 3555 3069 Sanetus

1966 3079 2157 3139 Crucis
2184 3084 2444 3153 Florent.,
2478 3090 2609 3157 plut.
2642 3106 2771 3147 mn
2816 3094 2988 3161 dext.,
3019 3096 3140 3152 cod.
3175 3113 3253 3164 Iv,
3284 3100 3378 3156 fol.
3428 3103 3553 3159 120.

2040 3197 2180 3285 Edit:
2232 3200 2295 3254 N.
2322 3199 2386 3285 .4.
2418 3200 2731 3275 Compuncto
2827 3282 2836 3285 _
2873 3209 3003 3285 Cod.
3034 3212 3365 3285 Compunctio
3386 3220 3559 3275 cordis

2802 3282 2865 3334 de
2890 3284 3092 3341 scelere.

2871 3353 2950 3435 Id.
2976 3355 3286 3414 Sic/inmitis
3300 3362 3558 3435 plusgau’

2798 3422 2934 3491 deat,
2967 3438 3070 3482 etc.

2867 3494 2945 3572 Id.
2978 3498 3101 3556 Non
3131 3500 3360 3572 inﬂetur,
3384 3506 3428 3559 si
3469 3522 3558 3561 ex-

2797 3566 3032 3623 tollatur.

2866 3638 2943 3692 Id.
2963 3640 3040 3713 ΔΙη
3089 3646 3282 3713 gremio
3336 3646 3555 3704 Abraha:

2797 3710 3123 3780 operabatur.

2860 3779 2936 3853 .
2973 3783 3177 3853 Optima
3203 3789 3479 3843 voluntate.

2867 3852 2945 3905 Id.
2978 3852 3086 3909 Pro
3131 3859 3292 3925 epulis
3338 3862 3556 3917 ariditas

2797 3932 2907 3998 erat
2929 3925 2996 3990 ei,
3012 3934 3056 3978 et
3085 3928 3410 3998 desiderium,
3440 3942 3551 3990 etc.

2798 3993 2930 4048 Vide
2957 4011 3071 4051 var.
3102 3998 3265 4054 Maur.

2868 4065 2942 4119 Id.
2980 4065 3059 4120 De
3084 4086 3257 4125 mensa
3283 4073 3451 4129 divitis
3474 4075 3553 4129 in~

2795 4136 3195 4213 digentiamfuit.
3252 4144 3381 4213 Sed,
3441 4155 3547 4203 etc.

2798 4206 2931 4262 Vide
2961 4206 3089 4267 ibid.

2034 4263 2166 4361 Ibid.
2202 4265 2307 4322 Sed
2345 4270 2488 4361 illius
2519 4280 2714 4342 egestas
2861 4279 2937 4333 Id.
2982 4263 3106 4361 sai
3146 4284 3283 4361 illius
3355 4299 3549 4361 egestas

1962 4338 2251 4403 prwteriens
2277 4381 2291 4403 ,
2359 4341 2511 4413 hujus
2548 4338 2715 4413 'poena
2788 4338 3555 4429 printei'iit,_tmjusparumper1

2038 3340 2102 3419 Ν.
2132 3339 2184 3393 5.
2220 3342 2301 3396 Sit
2333 3344 2581 3414 humilis;
2611 3349 2728 3419 plus

1964 3412 2205 3481 gaudeat,
2233 3422 2339 3469 etc.

2035 3482 2167 3556 Ibid.
2202 3482 2326 3538 Non
2360 3487 2589 3556 inﬂetur,
2623 3507 2725 3547 non

1966 3554 2264 3607 extollatur.

2035 3624 2097 3676 N.
2136 3632 2185 3677 ti.
2215 3624 2281 3697 In
2304 3632 2726 3697 gremio‘Abrahte

1964 3696 2311 3760 comparabat.

2033 3764 2166 3821 Ibid.
2204 3768 2390 3835 Opima
2436 3771 2712 3831 voluntate.

2036 3836 2171 3891 Ibid.
2201 3837 2307 3892 Pro
2346 3843 2507 3909 epulis
2554 3846 2720 3900 aridi-

1964 3914 2062 3977 tas,
2092 3918 2137 3960 et
2162 3909 2496 3983 desiderium,
2526 3926 2632 3972 etc.

2036 4047 2168 4113 Ibid.
2202 4050 2280 4106 De
2323 4070 2497 4110 mensa
2528 4055 2717 4112 divitis.

1964 4117 2090 4186 Sed,
2119 4129 2222 4177 etc.

1961 4422 2279 4482 permanens.
2790 4433 2979 4476 manet.
3018 4422 3162 4480 Vide'
3178 4422 3306 4482 ibid.

2030 4477 2163 4532 Ibid.
2196 4480 2293 4534 Ubi
2318 4492 2434 4536 sunt
2459 4486 2561 4538 veri
2582 4484 2714 4539 divi-
2864 4493 2941 4548 Id.
2970 4496 3067 4549 Ubi
3089 4477 3322 4554 dirigi.-
3345 4501 3549 4557 divites.

1960 4554 2077 4621 tes:
2791 4562 2925 4617 Vide
2949 4565 3076 4621 ibid.

2035 4589 2185 4700 iV._7.
2220 4621 2339 4700 .Non
2374 4625 2593 4681 habeant
2618 4642 2713 4681 au-
2804 4589 3084 4690 "litigii
3107 4637 3545 4700 habeantthesau-

1960 4693 2335 4776 runtjustitiw.
2419 4766 2429 4776 Ι
2580 4767 2591 4776 _
2712 4775 2715 4776 ν
2790 4708 3163 4776 rumjustitice.

2028 4759 2105 4857 Νι..
2211 4833 2226 4857 Σ
2243 4764 2461 4830 Quando
2510 4767 2719 4836 exigunt
2858 4759 3317 4857 Id:QttttttdOillam
3334 4786 3551 4857 exigunt

1956 4831 2105 4903 reddi
2131 4833 2246 4885 sibi.
2595 4831 2612 4836 '
2790 4846 2935 4901 reddi
2952 4831 3079 4903 ἴτω.

2028 4900 2210 4997 ΝΔὶ
2237 4903 2344 4960 Sed
2388 4917 2554 4961 mente
2599 4909 2716 4977 plus
2861 4918 2943 4997 Id_._
2970 4900 3213 4997 Sed_plus
3240 4936 3403 4983 mente
3431 4946 3549 4997 per—-

1958 4971 2198 5029 cernitur.
2600 4971 2609 4977 ’
2791 4971 3050 5057 penditur.
3083 4971 3216 5050 Vide
3242 5012 3357 5052 var.
3376 4971 3549 5056 31';er

2785 5076 3062 5189 nnIdNon
3084 5145 3154 5191 est
3177 5137 3442 5197 thesaurus
3460 5144 3551 5199 inv

2781 5212 2862 5259 tus
2888 5205 3141 5261 solidatus
3170 5221 3216 5263 et
3240 5213 3440 5281 plenus.

2033 5113 2164 5170 Ibid.
2200 5116 2322 5172 Non
2348 5130 2423 5176 est
2469 5123 2709 5181 thesauro

1956 5185 2198 5243 interiore
2227 5192 2476 5248 solidatus
2514 5207 2563 5249 et
2598 5197 2710 5269 ple-

1956 5273 2073 5313 nus.

2025 5328 2161 5385 Ibid.
2235 5334 2385 5400 Quod
2442 5339 2711 5395 relicturus

1950 5414 2081 5453 sunt.

2024 5470 2158 5526 Ibid.
2189 5472 2317 5528 Cum
2349 5479 2475 5532 mihi
2498 5481 2711 5539 minaris

1955 5543 2162 5620 auferre
2188 5548 2325 5620 quod
2350 5550 2484 5603 intus
2508 5553 2665 5608 habeo
2694 5598 2707 5620 ,

1953 5628 2065 5736 Zerbe
2090 5616 2160 5668 vis
2184 5618 2386 5687 auferre
2410 5624 2545 5689 quod
2571 5616 2708 5680 intus

1991 5699 2020 5736 a
2055 5701 2131 5736 eo.

1991 5699 2131 5739 0080.

2029 5755 2092 5810 N.
2117 5757 2203 5811 II.
2223 5757 2291 5813 Ut
2311 5762 2375 5814 sit
2392 5763 2481 5819 illo
2495 5767 2713 5826 donante

1958 5826 2103 5899 dives
2121 5829 2381 5899 impletus.

2034 5896 2166 5953 Ibid.
2195 5896 2390 5962 Oculos
2410 5923 2529 5964 suos
2563 5911 2712 5972 homo

2854 5345 2932 5402 Id.
2974 5348 3163 5416 ’Quod
3245 5355 3553 5414 redditurus

2783 5433 2913 5473 sum.

2855 5489 2930 5543 Id.
2984 5489 3111 5546 Cum
3154 5495 3280 5549 mihi
3323 5500 3545 5554 minaris

2783 5562 2989 5638 auferre
3010 5566 3151 5633 quod
3188 5565 3381 5638 habeo,
3425 5587 3545 5625 vere

2779 5633 2857 5755 luis
2886 5635 3090 5703 auferre
3117 5640 3253 5706 quod
3280 5633 3415 5696 intus
3444 5643 3543 5697 ha-

2810 5719 2887 5755 eo.

2810 5719 2887 5760 ιο.

2858 5776 2934 5833 Id.
2972 5780 3070 5835 Ubi
3097 5784 3161 5838 sit
3188 5784 3282 5839 illo
3312 5784 3545 5840 donante

2785 5847 2921 5923 diues
2949 5847 3209 5923 impletus.

2856 5921 2933 5977 Id.
2973 5921 3162 5979 Oculos
3195 5942 3333 5982 suos.
3366 5926 3542 5983 Homo

3061 6016 3138 6078 37
3182 6052 3193 6067 ρ
