4012 6338
487 380 623 446 “67

546 504 689 563 Edit.
722 500 785 556 Ν.
841 498 891 553 Ι.
951 490 1051 564 Qui
1102 490 1236 547 intra

479 557 761 637 Ecaesiam
790 578 900 626 orat
927 557 1020 639 pro
1049 567 1122 621 eis
1150 563 1236 636 qui
1307 565 1437 639 siam
1467 572 1597 615 orat.
1643 559 1821 613 Omnis
1879 557 2055 639 [ξι-διες

478 628 765 708 ’ἐάτω
792 628 1096 697 Ecclesium.
1162 628 1173 636 ’
1306 636 1383 691 sia
1410 644 1588 708 sancta
1609 639 1721 708 orgt
1749 646 1847 708 pro
1875 629 1946 682 eis
1972 628 2057 695 qui

1308 716 1425 761 sunt
1438 716 1482 758 et
1496 707 1631 759 intra
1649 702 1933 756 Ecclesium
1946 713 2043 752 con
2055 727 2061 740 -

481 800 771 854 temptores,
794 796 841 840 et
862 792 1006 840 extra
1037 778 1321 854 Ecclesium
1360 777 1614 854 inﬁdeles.

549 852 613 918 Ν.
641 862 698 916 2.
728 860 835 914 Sex
882 856 1055 911 diebus
1102 852 1235 906 Deus

479 934 689 1008 perfecit
711 946 867 1008 ερατ-α
892 944 1005 982 sua.
1309 920 1449 1008 Deus
1492 919 1699 1008 plerfecit
1730 931 1884 984 opera
1912 932 2025 967 sua.

550 988 685 1060 Ibid.
704 988 870 1057 Curva
884 1008 1011 1062 erat,
1038 1011 1237 1051 sursum
1381 992 1456 1045 Id.
1493 988 1684 1044 ’Curva
1730 996 1892 1062 erat__,_
1921 996 2069 1062 terra

483 1057 708 1147 aspicere
734 1089 833 1127 non
856 1057 1091 1147 poterat:
1117 1068 1239 1138 quia
1311 1061 1560 1147 inhiabat,
1593 1073 1780 1114 terram
1800 1057 2065 1128 diligebat,

486 1137 953 1211 siit-sumcor,éitte
980 1156 1136 1195 causa
1157 1154 1235 1193 au-
1313 1137 1367 1189 in
1397 1146 1532 1189 terra
1566 1145 1702 1203 spem
1718 1146 1862 1211 suam
1895 1143 2072 1197 posue-

489 1218 672 1272 diebat.
815 1201 825 1211 ’
1314 1214 1415 1272 rat,
1439 1201 1642 1259 sursum
1696 1201 1921 1270 aspicere
1970 1213 2073 1251 non

1317 1284 1513 1349 poterat
1538 1317 1555 1344 ,
1586 1274 1710 1346 quia
1748 1286 1947 1327 sursum
1985 1283 2075 1323 cor

488 1359 599 1415 sine
620 1375 776 1414 causa
799 1358 990 1429 erigere
1017 1355 1325 1429 testintabat.

561 1413 631 1488 Ν.
671 1430 725 1486 5.
788 1413 957 1483 Ναῖιιε
1004 1427 1248 1498 virginem
1498 1414 1684 1498 Natus
1725 1413 1969 1498 virginem
1995 1424 2078 1463 re-

489 1502 758 1569 reliquisti.
806 1499 912 1554 Sed
950 1488 1103 1563 noni:
1140 1506 1241 1553 etc.
1308 1488 1684 1569 {quisistiLSed
1705 1502 1829 1550 non,
1863 1492 1967 1537 etc.

561 1558 628 1629 Ν.
657 1573 712 1627 4.
736 1571 859 1625 Non
880 1558 1241 1635 resurrecerat,
1308 1558 1343 1565 H
1392 1562 1481 1635 Id.
1523 1558 1645 1614 Non
1697 1561 2075 1635 resurrezerat,

493 1625 796 1716 pri—udicium
844 1648 915 1695 est
959 1650 1016 1716 et
1062 1625 1246 1707 imple;
1320 1633 1622 1716 praedictum
1646 1639 1719 1684 est
1746 1636 1790 1680 et
1815 1625 2081 1695 impletum

493 1700 602 1772 ium
625 1723 696 1771 est
724 1730 744 1769 :
766 1727 947 1766 nomen
968 1714 1104 1783 ejus,
1136 1700 1242 1765 etc.
1320 1700 1425 1783 est;
1456 1705 1509 1756 in
1530 1700 1722 1783 caelum.
1760 1713 1863 1751 non
1901 1710 2080 1749 ascen-

1322 1778 1489 1845 derat,
1519 1782 1640 1827 ante
1668 1770 1861 1825 dictum
1910 1774 1984 1822 est
2034 1773 2081 1819 et

494 1859 761 1929 impletum
781 1867 893 1912 est:
913 1870 1104 1911 nomen
1123 1855 1257 1923 ejus,
1292 1858 1397 1909 etc.

1091 1950 1320 2023 δεκΜο
1346 1959 1508 2019 cxu.

571 2063 812 2120 Habetur
837 2061 897 2118 in
924 2058 1047 2117 cod.
1079 2058 1290 2114 Cassin.
1323 2070 1382 2122 it,
1415 2053 1508 2109 fol.
1536 2049 1658 2108 187.

566 2156 846 2213 Edit.n.I.
864 2153 1158 2209 Nescientes
1174 2168 1263 2219 pa—
1404 2145 1538 2202 Cod.
1580 2142 1886 2219 ﬂescientes
1930 2152 2057 2219 para
2081 2161 2088 2169 -

500 2210 973 2285 rapieruntfarata
985 2227 1119 2297 jam,
1142 2210 1247 2279 etc.
1339 2224 1543 2297 uerunt.
1569 2214 1659 2271 Sic
1684 2215 1819 2297 enim
1846 2210 2093 2297 constitu-

1333 2300 1440 2344 tum
1457 2289 1651 2358 fuerat:
1663 2297 1719 2338 ut
1742 2282 2092 2358 immolaretur

1334 2355 1587 2417 Christus.
1617 2355 1810 2410 Parata
1821 2356 1960 2427 jam,
1981 2361 2085 2407 etc.

1398 2432 1475 2487 Id.
1508 2428 1800 2490 PrOphette.
1821 2424 2095 2479 'Diaterunt

1330 2502 1579 2576 apostoli:
1599 2498 1777 2553 Venite
1787 2497 1856 2550 ad
1877 2510 2091 2549 caenam.

1399 2574 1477 2628 Id.
1501 2571 1627 2628 Cras
1646 2570 1781 2624 enim
1799 2570 2091 2621 moriemur.

1461 2613 1477 2628 .
1501 2580 1627 2628 Cras
1646 2580 1781 2624 enim
1799 2580 2094 2621 moriemur.

1330 2646 1480 2701 Talia
1515 2649 1569 2696 in
1605 2640 1767 2705 epulis
1809 2638 1917 2693 suis
1963 2636 2100 2690 dives

1330 2717 1420 2772 ille
1486 2711 1775 2787 superbus_
1816 2709 2016 2787 dicebat
2062 2721 2100 2787 _:

510 2799 879 2927 glandujemus
926 2805 974 2853 et
1018 2795 1265 2859 bibamus,
1309 2805 1422 2846 cras
1469 2777 1604 2842 enim
1647 2782 1940 2837 moriemur.
1975 2777 2101 2846 Quis

552 2891 615 2927 uc
643 2890 696 2927 ιη
736 2888 787 2927 e.
818 2882 923 2926 etc.

552 2891 615 2928 uc
643 2874 787 2928 inde.
818 2882 923 2926 etc.

578 2914 1023 2999 iniende
1065 2947 1112 2993 et
1154 2938 1271 2993 uide
1412 2931 1491 2987 Id.
1523 2928 1737 2984 Attende
1755 2922 2102 2999 etvidequam

510 2996 1180 3085 quamcandidumest:_hoc
1202 3009 1272 3063 ad
1344 3003 1748 3061 candidumest.
1789 2996 1959 3060 Audi,
1992 3001 2097 3049 etc.

511 3082 686 3141 oculos
715 3085 955 3157 pertinet.
977 3082 1135 3147 Audi,
1163 3091 1271 3157 etc.

582 3153 725 3212 Ibid.
779 3154 965 3227 Utique
1023 3153 1266 3224 quoniam

513 3244 687 3283 sensus
725 3224 889 3281 sunt.
1343 3235 1441 3292 que
1456 3232 1645 3292 sen_s_us
1666 3224 1814 3292 sunt.

584 3278 1028 3354 ﬁvasvi’eniant
1075 3296 1140 3351 de
1189 3311 1270 3349 se-
1356 3278 1367 3292 ’
1414 3290 1493 3344 Id.
1546 3285 1768 3342 Veniant
1809 3284 1872 3336 de
1900 3278 2099 3354 sepibus

515 3350 663 3453 nisi
706 3350 965 3435 heretici,
994 3350 1089 3422 hic
1122 3350 1270 3422 inve.
1342 3360 1567 3441 omne
1645 3367 1693 3411 et
1750 3350 2099 3453 schismatici;

516 3426 665 3497 nium
692 3454 891 3512 pacem.
944 3426 955 3435 ’
1345 3450 1466 3512 coge
1500 3432 1745 3512 _intrare;
1793 3426 1872 3480 hic
1927 3435 2105 3491 pacem

1344 3503 1627 3559 inueniunt.

1086 3620 1319 3681 SERMO
1346 3616 1531 3675 CXIII.

545 3735 561 3751 '
590 3722 829 3777 Habetur
858 3718 912 3774 in
934 3716 1056 3773 cod.
1079 3714 1232 3773 Cass.
1258 3730 1315 3781 ιι;
1338 3711 1450 3767 folii
1476 3707 1731 3765 iudicatio
1758 3705 1910 3761 deest
1935 3702 1987 3758 in
2016 3713 2112 3756 no-

524 3818 648 3874 stris
675 3813 899 3871 chartis.

592 3909 735 3965 Edit.
785 3924 839 3963 n.
877 3905 934 3962 9.
978 3904 1048 3959 Et
1090 3903 1282 3959 ueniret
1424 3898 1558 3954 Cod.
1607 3896 1673 3950 Et
1712 3894 1901 3949 veniret
1951 3901 2115 3946 tecum

527 3993 693 4037 tecum
707 3980 772 4034 ad
780 3978 1010 4051 judicem
1026 3976 1283 4031 hominem
1354 3972 1424 4027 ad
1437 3970 1671 4051 judicem
1694 3966 1971 4051 hominem,
1996 3977 2117 4051 pro-

527 4036 821 4125 quemljbei.
1018 4120 1029 4125 Δ
1215 4118 1228 4125 _
1357 4036 1639 4125 consulam,
1670 4036 1937 4119 vicarium,
1975 4040 2077 4116 etc.

600 4103 935 4178 Tanta
982 4120 1056 4174 vis
1101 4128 1177 4173 est
1198 4118 1289 4189 ju-
1392 4188 1399 4189 ί
1435 4113 1511 4168 Id.
1543 4103 1706 4189 Tanta
1734 4109 1807 4162 vis
1852 4113 1926 4160 est
1963 4103 2120 4186 justi-

534 4173 792 4261 stiti—a-zrut
816 4173 872 4247 et
886 4192 978 4247 tibi
997 4173 1289 4261 displiceat.
1366 4188 1469 4252 tite,
1500 4191 1565 4261 ut
1577 4182 1747 4261 judes
1769 4187 1993 4261 quemutu
2015 4173 2123 4261 ipse

1356 4245 1833 4321 corrupis'ti,etia'm
1881 4246 1969 4301 tibi
2016 4245 2124 4299 dis-

1361 4330 1589 4401 elisit“;

600 4406 668 4463 Ν.
690 4408 743 4461 3.
758 4402 890 4460 Ecce
905 4403 1158 4473 quomodo
1176 4418 1292 4473 cur-
1363 4390 1374 4401 ’
1405 4398 1514 4473 Δ1(1.
1549 4394 1681 4473 Ecce
1710 4390 1961 4473 quomodo
2003 4402 2123 4467 cur_-

536 4481 621 4545 rit,
652 4480 739 4549 qui
768 4457 931 4532 curri;
944 4457 1144 4547 Syfacere
1163 4472 1294 4528 ami-
1368 4470 1462 4534 rit,
1484 4468 1570 4538 qui
1592 4457 1785 4520 curauit
1809 4465 1975 4533 facere
1997 4457 2127 4511 ami-

541 4568 648 4607 608.
1371 4556 1479 4595 €08.

572 2441 705 2499 Ibid.
750 2438 1038 2513 Propheta.
1075 2436 1254 2493 Venite

504 2516 573 2571 ad
593 2530 807 2571 coenam.

572 2587 637 2642 N.
671 2589 724 2641 6.
767 2581 892 2638 Cras
914 2583 1048 2638 enim
1068 2580 1255 2635 morie-

506 2675 639 2716 ntur.
672 2656 798 2726 Quis
823 2655 924 2710 huc
944 2654 1085 2720 inde,
1112 2659 1216 2709 etc.

1403 3146 1477 3202 Id.
1490 3144 1697 3215 Utique,
1710 3140 1954 3214 quoniam
1965 3114 2105 3207 quin-

1369 371 1741 433 SERMONUM
1780 354 2234 426 GENUINORUM
2273 359 2330 417 S.
2373 350 2747 415 AUGUSTINI

1380 491 1514 547 Cod.
1549 489 1650 555 Qui
1704 488 1841 542 intra
1890 483 2062 539 Eccle-
2090 483 2143 543 Α
2167 479 2285 536 cod.
2330 493 2459 544 mi,
2507 476 2599 531 fol.
2624 472 2750 528 202.
2781 466 3061 525 Variantes
3087 462 3363 527 lectiones,
3395 460 3484 519 hic
3511 462 3571 517 ut
3600 460 3757 528 alibi,

2161 572 2437 627 volueram
2482 576 2782 631 annotare;
2828 561 2922 618 sed
2962 560 3088 616 licet
3135 559 3489 630 cogitationes
3533 564 3763 611 contm-

2161 670 2310 737 dent,
2344 668 2510 724 verba
2540 667 2699 723 toties
2742 671 2796 720 et
2825 671 3028 719 tantum
3066 658 3339 723 diiierunt,
3370 665 3427 712 ut
3455 655 3678 711 brevius
3708 658 3768 706 et

2164 763 2346 818 utilius
2369 760 2689 817 crediderim
2719 758 2986 827 integrum
3011 754 3158 811 illum
3182 765 3489 810 sermonem
3508 750 3562 803 in
3593 748 3766 801 lucem

1384 842 1461 903 ιδ’
1495 847 1714 926 Ῑίεφίίέε
1738 862 1756 910 ἔ
1778 860 1866 899 se”
1886 842 2063 897 diem“
2166 857 2436 923 emittere,
2470 871 2625 926 quem
2651 851 2737 908 hic
2766 851 3005 907 habeas:

3613 336 3759 397 H68

2237 946 2303 1002 In
2346 948 2437 1001 illo
2486 956 2752 1015 tempore:
2787 944 3081 1013 Respiciens
3125 938 3279 997 Iesus
3326 937 3609 1011 discipulos
3659 950 3774 988 suos

2172 1038 2300 1107 dixit
2332 1037 2536 1094 Simoni
2573 1036 2725 1091 Petro
2749 1036 2765 1065 ¹
2798 1050 2818 1089 :
2865 1033 2926 1089 Si
2972 1033 3250 1103 peccaverit
3278 1031 3330 1085 in
3361 1038 3409 1083 te
3436 1030 3603 1099 frater
3636 1034 3772 1086 tuus,

2172 1131 2317 1196 vade,
2349 1140 2396 1185 et
2450 1130 2645 1197 corripe
2675 1144 2791 1183 eum
2828 1128 2957 1181 inter
2984 1137 3033 1182 te
3094 1135 3140 1181 et
3184 1126 3351 1193 ipsum
3388 1124 3556 1178 solum
3601 1120 3619 1186 (
3650 1119 3776 1172 Luc.

2173 1238 2306 1290 xvii,
2333 1221 2385 1287 '5,
2420 1220 2522 1292 4.).
2556 1220 2624 1274 Et
2665 1219 2891 1290 reliqua.

2248 1326 2301 1381 1.
2334 1323 2387 1379 In
2412 1322 2701 1393 Evangelio
2726 1330 2932 1387 sancto,
2964 1319 3121 1376 modo
3158 1334 3279 1375 cum
3313 1319 3607 1391 legeretur,
3632 1316 3783 1371 audi-

2177 1419 2371 1483 vimus,
2414 1417 2503 1472 ubi
2543 1431 2641 1472 nos
2687 1417 2755 1471 de
2798 1415 3115 1473 remissione
3140 1422 3481 1484 peccatorum
3525 1412 3784 1467 admonet

2180 1512 2437 1568 Dominus
2458 1510 2615 1566 Jesus
2631 1510 2673 1563 ².
2692 1508 2828 1565 Hinc
2848 1522 3035 1564 omnes
3051 1507 3405 1562 admonentur
3426 1504 3448 1536 ³
3478 1520 3547 1560 ex
3566 1502 3788 1559 Domini

2177 1602 2451 1674 iussione;
2479 1616 2577 1656 nos
2599 1609 2775 1656 autem
2791 1600 2812 1630 δ
2834 1600 3059 1655 ministri
3074 1597 3424 1655 sumus-verbi
3438 1598 3558 1664 Dei,
3583 1606 3641 1652 et
3666 1610 3787 1651 sau-

2182 1697 2253 1751 cti
2275 1695 2572 1766 Evangelii,
2596 1695 2682 1749 cui
2700 1708 2860 1749 nemo
2880 1691 2994 1747 sine
3008 1692 3174 1763 gloria
3198 1692 3431 1757 servit‘,
3449 1691 3598 1762 quod
3622 1706 3783 1746 nemo

2184 1791 2305 1845 sine
2332 1803 2492 1859 paena
2517 1788 2834 1844 contemnit.
2868 1786 2987 1857 Ipse
3015 1800 3146 1856 ergo
3171 1784 3430 1840 Dominus
3458 1784 3544 1838 ait
3563 1783 3611 1848 ⁸,
3644 1782 3783 1853 quod

2124 1863 2175 1924 Β
2198 1882 2359 1938 modo
2401 1896 2498 1937 nos
2524 1896 2712 1936 omnes
2738 1878 3036 1934 audivimus
3062 1895 3073 1929 :
3107 1876 3168 1933 Si
3203 1878 3256 1931 in
3288 1886 3352 1943 te,
3382 1876 3482 1943 ait,
3510 1878 3783 1946 peccauerit

2189 1974 2350 2045 frater
2382 1982 2516 2040 tuus,
2560 1972 2757 2042 corripe
2789 1971 2939 2025 illum
2965 1970 3097 2024 inter
3129 1978 3197 2034 te,
3228 1977 3275 2023 et
3302 1970 3473 2038 ipsum
3503 1970 3692 2022 solum.
3723 1967 3790 2021 Et

2189 2068 2235 2122 si
2267 2066 2613 2135 paenitentiam
2660 2067 2817 2135 egerit
2842 2104 2857 2130 ,
2888 2063 3086 2116 dimitte
3115 2060 3229 2128 illi,
3260 2077 3363 2115 non
3389 2062 3565 2115 solum
3594 2062 3755 2114 semel
3775 2102 3791 2127 ,

2191 2163 2279 2218 sed
2299 2162 2501 2233 septies.
2538 2160 2661 2214 l=la~c
2700 2158 2837 2213 ratio
2876 2156 3174 2212 certissima
3198 2163 3300 2211 est.
3334 2155 3556 2224 Septem
3590 2154 3789 2225 quippe

2195 2253 2387 2311 diebus
2433 2250 2806 2311 venientibus,
2836 2248 3087 2304 euntibus
3116 2256 3169 2302 et
3197 2246 3572 2308 redeuntibus,
3629 2253 3798 2298 totum

2195 2348 2430 2405 volvitur
2450 2356 2677 2416 tempus.
2703 2343 2804 2411 Qui
2824 2342 2967 2397 enim
2997 2340 3195 2410 septies
3216 2341 3266 2393 In
3285 2338 3372 2393 die
3392 2337 3596 2393 dimitti
3616 2337 3798 2406 jussit,

2198 2443 2362 2500 totius
2390 2439 2643 2510 temporis
2675 2447 2889 2508 peccata
2916 2434 3178 2505 indulgeri
3208 2433 3480 2503 praecepit.

2270 2563 2326 2617 2.
2365 2561 2420 2617 Si
2443 2561 2565 2628 quis
2594 2572 2722 2629 ergo
2751 2555 2847 2611 es"
2890 2555 2981 2624 qui
3007 2552 3278 2608 Christum
3309 2552 3543 2621 cogitas,
3568 2558 3627 2605 et
3653 2550 3801 2618 cupis

2202 2655 2449 2725 accipere
2473 2650 2617 2722 quod
2649 2646 2943 2720 promisit?
2979 2646 3087 2701 noli
3130 2645 3278 2715 piger
3318 2658 3472 2708 esse;
3526 2640 3615 2696 fac
3666 2640 3804 2711 quod

2202 2745 2477 2818 praecepit.
2506 2742 2626 2799 Scis
2650 2740 2778 2813 quid
2798 2740 2819 2770 ⁸
2840 2738 3087 2809 promisit
3109 2737 3166 2791 9?
3188 2737 3350 2791 vitam
3374 2744 3659 2791 aeternam.
3691 2733 3805 2789 Scis

2204 2840 2332 2912 quid
2363 2836 2654 2909 priscepit?
2690 2833 2757 2889 da
2800 2832 2950 2888 fratri
2991 2840 3081 2885 tuo
3104 2827 3393 2885 veniam“.
3425 2827 3565 2882 Dicit
3586 2828 3687 2881 tibi
3721 2843 3734 2879 :
3764 2824 3806 2879 ο

2205 2932 2389 2997 homo,
2412 2931 2479 2986 da
2503 2926 2653 2988 fratri
2676 2936 2766 2981 tuo
2791 2923 3021 2989 veniam,
3047 2930 3105 2976 ut
3130 2936 3229 2991 ego
3254 2920 3375 2975 dem
3401 2919 3495 2973 tibi
3518 2916 3809 2987 indulgeo.

2204 3026 2334 3082 tiam
2358 3024 2763 3093 sempiternam.
2788 3016 2957 3086 Regni
2986 3014 3224 3070 cmlestis
3246 3010 3534 3081 promissio
3558 3008 3811 3064 omnibus

2206 3128 2331 3175 nota
2374 3124 2479 3183 est,
2513 3122 2573 3169 ut
2601 3112 2830 3177 aestimo,
2859 3107 2946 3163 ubi
2978 3120 3076 3162 nos
3109 3105 3330 3160 Creator
3351 3101 3602 3172 promisit
3624 3112 3811 3167 aequa—

2208 3211 2288 3267 les
2314 3208 2523 3264 futuros
2543 3220 2664 3261 cum
2686 3202 2892 3274 angelis
2912 3199 3045 3266 suis,
3070 3206 3127 3254 ut
3153 3198 3269 3253 sine
3287 3196 3391 3250 fine
3414 3198 3468 3249 in
3485 3194 3583 3249 illo
3606 3193 3799 3263 splen-

2206 3304 2339 3361 dore
2360 3301 2622 3364 vivamus,
2646 3298 2698 3351 in
2720 3309 2887 3367 regno
2899 3292 3181 3349 caelorum.
3205 3290 3318 3345 Hoc
3335 3289 3568 3343 libenter
3586 3283 3813 3354 accipis;

2208 3410 2375 3469 quare
2393 3391 2534 3464 quod
2559 3389 2801 3460 sequitur
2828 3386 3004 3441 facere
3036 3399 3140 3439 non
3165 3381 3271 3436 vis?
3314 3381 3445 3443 lloc,
3477 3376 3623 3447 quod
3654 3376 3811 3445 jube-

2210 3491 2312 3557 ris,
2342 3486 2489 3542 fratri
2528 3493 2619 3539 tuo
2649 3477 3031 3550 indulgentiam
3072 3475 3222 3538 dare,
3251 3487 3281 3527 a
3315 3472 3551 3527 Domino
3587 3469 3701 3523 Deo
3724 3477 3817 3522 tuo

2212 3593 2269 3639 tu
2292 3596 2398 3636 non
2420 3578 2501 3633 vis
2532 3576 2811 3644 accipere;
2840 3571 2884 3626 si
2910 3584 3017 3624 non
3043 3568 3124 3622 vis
3148 3564 3392 3635 accipere
3414 3564 3481 3631 “,
3512 3562 3651 3616 bene
3687 3558 3816 3613 facis

2213 3694 2322 3737 non
2347 3677 2494 3733 dare.
2514 3673 2653 3741 Quid
2681 3667 2905 3736 esthoc,
2933 3665 3037 3720 nisi
3062 3660 3299 3733 poscenti
3322 3668 3379 3712 ut
3398 3657 3682 3727 indulgeas
3709 3652 3815 3707 fra-

2216 3773 2285 3829 tri
2312 3780 2423 3837 tuo,
2453 3769 2498 3823 si
2531 3766 2624 3821 tibi
2668 3764 2820 3833 cupis
2846 3776 2875 3816 a
2917 3757 3145 3814 Domino
3175 3752 3420 3826 ignosci?
3442 3753 3549 3805 Aut
3589 3756 3744 3802 certe
3773 3743 3819 3800 si

2218 3883 2323 3923 non
2355 3865 2519 3920 habes
2541 3860 2684 3932 quod
2714 3859 2810 3913 tibi
2841 3857 3168 3927 ignoscatur,
3218 3851 3354 3905 bene
3386 3847 3519 3902 iacis
3542 3846 3633 3915 qui
3669 3840 3820 3898 fratri

2219 3971 2311 4016 tuo
2332 3973 2436 4014 non
2467 3953 2719 4025 ignoscis.
2753 3951 2931 4006 Etiam
2957 3948 3000 4003 si
3026 3961 3131 4001 non
3156 3942 3320 3998 habes
3348 3948 3651 4008 peccatum,
3678 3932 3823 4003 quod

2221 4053 2317 4109 tibi
2356 4053 2675 4121 ignoscatur,
2709 4054 2767 4100 tu
2809 4053 2985 4098 tamen
3028 4039 3274 4110 ignosce;
3311 4033 3433 4103 quia
3474 4038 3530 4086 et
3560 4028 3827 4083 Dominus

2223 4118 2436 4215 sempor
2458 4138 2707 4212 ignoscit,
2731 4138 2820 4207 qui
2841 4132 3115 4206 peccatum
3139 4142 3406 4199 nunquam
3431 4124 3610 4180 scivit.
3636 4118 3828 4175 Omnis

2226 4242 2388 4294 homo
2411 4237 2454 4266 "
2478 4239 2729 4304 peccator
2752 4234 2856 4293 est,
2884 4225 3044 4281 etiam
3071 4224 3114 4278 si
3143 4223 3260 4292 ipsa
3282 4218 3367 4273 die
3386 4224 3543 4270 natus
3570 4222 3678 4268 est.

2299 4351 2353 4404 5.
2387 4349 2635 4403 Dicturus
2656 4357 2749 4399 es:
2777 4341 2919 4396 Bene
2948 4335 3177 4408 ignoscit
3203 4332 3364 4395 Deus;
3385 4326 3694 4399 jain"‘ego
3727 4335 3828 4377 non

2231 4460 2348 4501 sunt
2372 4442 2547 4505 Deus;
2575 4439 2734 4492 homo
2758 4439 3008 4505 peccator
3028 4443 3165 4483 sum.
3186 4426 3296 4481 Deo
3315 4421 3537 4492 gratias,
3552 4419 3683 4488 quia
3704 4430 3828 4471 con-

2232 4536 2421 4591 ﬁteris.
2448 4535 2712 4601 Agnosce,
2744 4536 2795 4579 ut
2826 4534 2880 4580 et
2904 4532 2958 4578 tu
2997 4520 3041 4552 “
3075 4514 3459 4587 indulgentiam
3489 4510 3667 4581 possis
3692 4506 3831 4561 acci-

606 4643 791 4700 Plures
816 4641 956 4698 circa
981 4639 1138 4695 linem
1179 4636 1368 4693 adesse
1417 4631 1687 4688 variantes
1736 4633 1958 4682 annotat
1985 4636 2123 4678 ama-

2210 4646 2387 4715 bpere.
2418 4599 2671 4683 Ilortatur
2701 4638 2798 4678 nos
2815 4620 3001 4676 beatus
3026 4612 3298 4686 apostolus
3314 4606 3573 4665 Petrusin
3598 4599 3831 4672 Epistula

2387 4721 2418 4727 --
2733 4716 2744 4727 .
2781 4720 2789 4727 .
3129 4714 3195 4727 --.
3222 4719 3311 4727 ..μ
3342 4699 3486 4727 ..ηιμ
3538 4696 3831 4727 ηιξκιε...

538 4736 774 4803 nuensis,
804 4735 891 4801 qui
916 4734 1036 4800 illas
1063 4746 1158 4802 per
1187 4726 1563 4799 negligentiam
1588 4737 1693 4778 non
1716 4717 2064 4789 exemplavit.

1104 4842 1336 4903 SERMO
1373 4839 1561 4899 CXIV.

2235 4696 2327 4781 sua
2368 4721 2592 4777 dicens:
2622 4715 2855 4771 Christus
2899 4724 3081 4781 passus
3120 4714 3195 4759 est
3221 4719 3313 4772 pro
3342 4699 3507 4761 nobis,
3538 4696 3832 4765 relinquas

2234 4816 2380 4871 nobis
2394 4809 2701 4879 exemplum,
2715 4815 2769 4861 ut
2780 4800 3061 4872 sequamini
3072 4794 3283 4867 uestigia
3296 4812 3315 4845 ί
3316 4794 3344 4863 j
3350 4808 3403 4846 us
3417 4789 3467 4862 (ι
3490 4788 3640 4844 Petr.
3654 4784 3785 4852 tt,9.l
3796 4786 3833 4851 ).

611 4946 827 5018 Legitur
871 4944 922 4999 in
954 4941 1077 4998 cod.
1107 4939 1320 4995 Cassin.
1350 4952 1438 5001 cx,
1478 4933 1569 4989 lol.
1600 4930 1734 4995 205;
1767 4926 1891 4982 cod.
1937 4920 2139 4993 pariter
2242 4910 2312 4966 Et
2339 4908 2523 4975 utique
2549 4917 2655 4956 non
2686 4896 2919 4953 habebat
2959 4898 3259 4962 peccatum,
3285 4894 3338 4941 ct
3358 4891 3609 5018 pizrtuus
3633 4888 3720 4935 est

1902 5016 1914 5018 _
1939 5014 1951 5018 -
2000 5013 2021 5018 _
2293 4998 2476 5018 una-
2507 4994 2701 5018 μηδ,
2758 5001 2803 5018 η.
2830 4987 3145 5018 "unum".
3171 4995 3324 5018 cnllm
3377 4994 3407 5018 ιι
3451 4977 3489 5018 ir
3520 4988 3622 5018 nm
3652 4972 3834 5018 iniam-

541 5013 750 5099 Cassin.
773 5053 861 5105 cv,
884 5035 978 5091 fol.
1006 5033 1129 5099 151,
1154 5032 1268 5087 sive
1294 5028 1414 5093 156,
1432 5027 1549 5082 etin
1574 5031 1802 5094 quatuor
1819 5014 1978 5072 codd.
2000 5013 2141 5068 Lau-

543 5143 707 5201 rent.,
733 5103 981 5187 videlicet
1001 5126 1132 5197 plut.
1158 5139 1295 5189 xvii,
1319 5120 1441 5177 cod.
1468 5132 1653 5185 xxxix,
1674 5114 1766 5169 fol.
1794 5109 1896 5165 I79
1922 5108 1985 5172 b;
2014 5103 2146 5176 ibid.

545 5226 663 5289 cod.
694 5195 785 5293 ὶι,
829 5221 926 5278 fol.
966 5195 1069 5276 isti
1099 5217 1159 5283 b;
1189 5214 1319 5271 ibid.
1362 5211 1483 5268 cod.
1536 5224 1644 5277 xu,
1698 5204 1794 5260 fol.
1828 5202 1965 5266 I75;
2006 5195 2145 5253 ibid.

621 5363 638 5393 ί
678 5359 794 5415 Non
822 5355 1015 5427 legitur
1043 5350 1096 5406 in
1114 5346 1403 5419 Evangelio
1424 5343 1539 5398 haec
1563 5336 1766 5397 Simoni
1792 5334 1948 5390 Petro
1972 5328 2138 5385 fuisse

548 5432 708 5489 dicta.

620 5484 777 5557 i'mSic
800 5501 923 5557 cod.
951 5515 1048 5566 cx;
1075 5493 1198 5553 cod.
1230 5504 1417 5555 χχιιι,
1442 5484 1695 5559 Christus.

623 5573 644 5604 ³
680 5571 814 5626 Cod.
845 5588 933 5636 cx,
960 5572 1314 5625 admonemur.

622 5643 646 5675 ’⁵
675 5642 778 5707 Id.,
805 5652 991 5696 tamen.

623 5713 651 5749 ⁸
684 5712 1274 5778 ϐοιιηωειῂᾳιιεηιη
1430 5771 1445 5778 _
1485 5769 1497 5778 _
1558 5767 1572 5778 _
1641 5774 1649 5778 Α

627 5786 649 5817 ·
686 5763 847 5852 ἇόἇζζ
868 5763 963 5847 Ei,
988 5763 1302 5852 a'dditnobis
1332 5782 1386 5830 et
1414 5767 1607 5828 deinde
1637 5763 1772 5822 tollit
1795 5777 1904 5817 nos.

627 5856 650 5887 '
689 5848 846 5921 Co’d.,
872 5866 1031 5908 xxxtx
1061 5848 1221 5913 male,
1252 5862 1378 5901 esse.

628 5925 653 5957 '
688 5925 847 5993 Cod.,
867 5939 957 5993 cx,
988 5924 1147 5991 male,
1163 5922 1350 5988 facere.

2244 4998 2479 5074 peccatis
2507 4994 2726 5061 nostris,
2755 5001 2804 5046 et
2830 4987 3147 5057 sanguinem
3171 4995 3325 5037 suum
3358 4976 3489 5031 fudit
3520 4988 3622 5044 pro
3652 4968 3836 5038 iniqui-

2249 5056 2448 5149 ;atibus
2479 5056 2990 5150 nostrisaSuscepit
3033 5090 3132 5148 pro
3173 5072 3325 5128 nobis
3367 5074 3672 5138 peccatum,
3705 5056 3836 5127 quod

2254 5201 2360 5243 non
2399 5182 2544 5249 fecit,
2585 5188 2640 5235 et
2663 5190 2761 5233 nos
2798 5186 2983 5231 omnes
3010 5184 3041 5224 a
3063 5165 3243 5223 debito
3267 5160 3472 5233 peccati
3497 5156 3543 5188 ¹³
3578 5150 3837 5209 liberavit.

2313 5324 2336 5356 ⁹
2373 5316 2544 5375 Codd.
2571 5310 2731 5383 quod
2752 5306 2906 5383 male.
3100 5356 3125 5383 ._

2314 5392 2359 5424 ιο
2400 5379 2761 5457 Αιίαιιῖοοάᾱ.
2788 5379 2926 5434 male
2945 5415 2961 5441 ν
2986 5379 3333 5457 iunicum-ﬂ,
3364 5436 3414 5457 ε,
3444 5448 3506 5457 ,η
3533 5440 3580 5457 _,
3606 5430 3671 5457 ,ιε

2315 5466 2355 5495 ¹¹
2946 5425 3008 5502 ἒξ
3025 5425 3211 5509 imi,
3242 5436 3337 5494 sed
3364 5436 3417 5490 in
3439 5448 3506 5490 εν
3529 5440 3586 5487 et
3604 5428 3731 5484 alibi
3758 5425 3837 5481 leo

2246 5542 2654 5669 gnam[Elerique
2674 5593 2832 5651 codd.
2853 5632 2871 5660 ,
2900 5603 3061 5656 nam;
3085 5583 3180 5642 sed
3205 5582 3261 5639 in
3287 5593 3394 5635 uno
3414 5574 3618 5648 legitur
3660 5567 3843 5625 omnis.

2319 5676 2363 5708 ³⁸
2399 5671 2593 5737 Codd.,
2627 5684 2767 5722 nam.

2318 5746 2362 5778 “
2404 5746 2562 5799 Deest
2580 5750 2633 5795 tu
2651 5739 2704 5795 in
2717 5751 2782 5792 cv
2796 5743 2849 5791 et
2865 5748 2953 5791 cx.

2324 5818 2368 5849 "
2405 5813 2572 5872 Codd.
2589 5853 2604 5881 ,
2634 5816 2863 5881 peccato.
