4012 6338
288 329 426 388 “69

1276 320 1651 380 SERMONUM
1692 320 2145 383 GENUINOBUM
2185 326 2243 383 S.
2287 328 2654 388 AUGUS’I‘INI

3424 336 3559 394 1170

284 448 403 506 Non
449 444 680 502 debebat
710 442 846 499 mori
872 484 888 509 ,
935 441 1029 499 sed
1073 455 1174 498 nec
1217 456 1318 499 nos
1344 442 1624 498 debuimus
1653 442 1870 507 vivere,
1900 439 1948 495 A
1982 442 2039 499 Si
2069 445 2149 500 vis
2174 455 2233 501 ut
2254 446 2347 502 tibi
2368 446 2682 517 dimittatur,
2737 447 2957 522 ignosce
2977 446 3149 513 fratri,
3180 447 3269 517 qui
3296 447 3366 504 ad
3395 458 3449 506 te
3466 466 3561 508 re-

285 540 411 611 quia
443 546 750 609 peccatores
771 550 977 592 sumus.
1002 534 1111 591 Nec
1136 535 1235 619 ipsi
1263 550 1408 591 mors
1429 534 1748 601 debebatur,
1774 549 1875 589 nec

285 633 445 689 nobis
482 630 612 685 vita.
659 628 811 696 Quod
852 626 1005 683 nobis
1037 626 1336 682 debebatur
1366 623 1621 693 indulsit,
1651 633 1705 680 et
1734 624 1877 694 quod

286 725 337 782 ei
358 739 466 779 non
513 720 807 778 debebatur
835 718 1088 790 suscepit.
1139 717 1245 775 Sed
1287 715 1409 787 quia
1446 716 1515 772 de
1560 716 1893 802 remissione

287 817 467 887 agitur
493 822 852 883 peccatorum,
882 824 940 867 ut
964 827 1070 867 non
1099 824 1286 867 eamus
1314 824 1408 880 per
1432 809 1670 879 longum,
1703 808 1879 864 imite-

289 924 409 966 mur
433 906 706 963 Christum
737 905 1041 961 Dominum.
1070 903 1211 959 Audi
1234 901 1549 972 Apostolum
1566 900 1832 957 dicentem
1861 918 1877 955 :

286 1001 488 1057 Donate
513 1001 530 1031 ⁸
554 999 708 1065 vobis,
740 1000 868 1053 sicut
910 1008 955 1052 et
984 995 1123 1051 Deus
1142 996 1201 1067 in
1222 994 1427 1050 Christo
1455 993 1661 1049 donavit
1691 993 1830 1048 vobis
1856 993 1879 1023 ³

288 1093 510 1165 (Ephes.
555 1108 641 1159 ιν,
678 1090 788 1162 52).
841 1091 966 1147 Haec
1005 1091 1167 1146 verba
1219 1088 1455 1158 Apostoli
1483 1097 1628 1153 sunt,
1653 1103 1758 1143 non
1786 1100 1883 1142 no-

288 1197 397 1245 stra
414 1204 428 1241 :
448 1186 622 1242 Estote
647 1186 920 1240 imitatores
943 1183 1201 1249 Dei,sicut
1229 1180 1327 1252 ﬁlii
1355 1180 1637 1236 charissimi
1664 1179 1881 1250 (Ephes.

291 1296 343 1349 ν,
381 1280 457 1351 I).
489 1280 655 1335 Filius
711 1294 789 1344 es,
822 1293 889 1332 an
921 1276 1139 1351 servus?
1183 1275 1452 1331 Memento
1476 1274 1600 1344 quia
1621 1282 1677 1328 et
1697 1286 1884 1328 servos

290 1379 501 1443 oportet
526 1386 645 1427 esse
667 1370 1024 1441 obsequentes
1039 1409 1056 1437 ,
1083 1377 1139 1425 et
1163 1367 1299 1424 ﬁlios
1330 1381 1436 1423 non
1460 1364 1615 1422 decet
1640 1379 1761 1421 esse
1783 1364 1881 1421 de-

291 1462 738 1536 generes.'Filius
774 1462 1003 1529 diceris;
1043 1461 1090 1517 si
1137 1460 1318 1516 renuis
1361 1459 1525 1530 patris
1564 1458 1883 1529 jussioncm,

293 1571 401 1613 non
445 1555 785 1627 consequeris
812 1554 928 1625 ejus
956 1553 1343 1610 haereditatem.

366 1645 420 1702 4.
454 1646 565 1701 Hoc
590 1646 848 1712 dicerem,
884 1645 929 1701 si
952 1643 1082 1699 nihil
1113 1644 1315 1715 peccati
1343 1641 1592 1709 haberes,
1622 1641 1763 1714 quod
1792 1642 1891 1699 tibi

297 1737 500 1811 ignosci
530 1736 887 1792 desiderares.
917 1736 1073 1791 Modo
1099 1746 1279 1791 autem
1314 1734 1407 1791 tibi
1435 1733 1556 1791 dico
1580 1774 1597 1802 ,
1632 1750 1664 1791 o
1692 1734 1886 1806 homo,

1979 537 2225 592 vertitur.
2253 538 2398 593 Hanc
2429 556 2638 609 precem
2668 539 3017 611 Jurisperitus
3044 540 3278 598 cmlestis
3304 542 3562 612 dictavit;

1982 644 2087 684 non
2118 638 2169 683 te
2205 628 2337 683 fallit
2368 631 2443 697 η,
2486 631 2531 686 si
2573 631 2737 687 facias
2779 634 2919 702 quod
2947 642 2998 689 te
3024 634 3225 689 docuit.
3257 634 3445 691 Omnis
3470 636 3566 707 qui

1980 724 2276 779 contemnit
2308 724 2514 779 Domini
2547 725 2912 796 disciplinam,
2939 728 3114 797 perdit
3141 736 3456 793 causam,et
3480 729 3565 785 in-

1984 815 2128 895 venit
2151 815 2193 846 ¹³
2223 816 2553 885 pmnam.Tu
2585 819 2721 888 ipse,
2751 833 2869 874 cum
2901 832 3045 885 oras,
3078 820 3338 886 mentiris,
3372 820 3423 876 in
3452 823 3568 891 ipsa

1983 909 2227 964 oratione
2254 901 2605 964 convinceris.
2640 909 2823 981 Neque
2851 911 2995 967 enim
3016 919 3072 966 ut
3101 919 3154 967 te
3178 911 3316 967 Deus
3345 914 3569 968 convin-

1984 1011 2090 1068 cat,
2121 1010 2283 1059 testes
2302 1018 2331 1058 a
2359 1012 2409 1058 te
2432 1002 2476 1034 “
2505 1004 2713 1073 quaerit.
2742 1005 2841 1072 Qui
2866 1005 2961 1061 has
2983 1019 3172 1076 preces
3197 1004 3449 1071 dictavit,
3473 1005 3541 1060 ad

1986 1102 2208 1149 vocatus
2227 1104 2308 1150 est
2337 1105 2479 1150 tuus.
2510 1094 2567 1151 Si
2594 1097 2889 1166 negaveris,
2915 1097 3070 1153 testis
3093 1104 3178 1152 est
3200 1105 3340 1163 tuus,
3372 1098 3417 1152 si
3448 1094 3572 1152 con-

1986 1184 2209 1253 temnis,
2235 1185 2399 1255 judex
2421 1194 2504 1242 est
2527 1195 2666 1241 tuus.
2701 1186 2845 1258 Ergo
2870 1186 2979 1254 dic,
3020 1196 3075 1242 et
3101 1187 3219 1253 fac;
3266 1187 3571 1243 nullatenus

1991 1285 2214 1362 possunt
2238 1278 2402 1333 verba
2443 1262 2601 1347 hujus
2630 1278 2891 1333 orationis
2912 1280 3161 1345 transiri;
3200 1289 3293 1335 aut
3330 1281 3573 1350 nunquid

1989 1366 2132 1423 hunc
2155 1382 2369 1424 versum
2395 1368 2578 1425 delere
2600 1368 2792 1425 exinde
2824 1384 3128 1440 possumus.
3168 1371 3284 1426 Jam
3316 1388 3445 1445 ergo
3492 1372 3576 1430 di-

1991 1476 2176 1518 camus
2201 1478 2215 1516 :
2257 1461 2469 1516 Dimitte
2490 1462 2634 1516 nobis
2657 1462 2826 1517 debita
2850 1470 2898 1517 et
2927 1472 3135 1533 peccata
3164 1471 3358 1531 nostra,
3394 1473 3449 1518 et
3468 1478 3576 1521 non

1990 1552 2234 1608 dicamus
2258 1553 2332 1608 “’z
2354 1553 2501 1609 Sicut
2531 1561 2576 1609 et
2598 1569 2689 1608 nos
2716 1554 3338 1610 dimittimusdebitoribus
3368 1558 3579 1614 nostris:

1992 1644 2283 1712 Continuo,
2320 1655 2375 1701 et
2404 1646 2658 1702 Dominus
2687 1647 2819 1703 dicit
2846 1648 3002 1703 nobis
3044 1646 3157 1703 :In
3197 1666 3297 1718 qua
3339 1665 3579 1705 mensura

1965 1802 1978 1817 .
1994 1738 2159 1792 mensi
2175 1737 2394 1807 fueritis,
2407 1739 2463 1792 in
2477 1739 2656 1794 eadem
2672 1741 2962 1795 remetietur
2993 1742 3128 1796 vobis
3151 1740 3368 1814 (Matth.
3384 1758 3479 1815 vn,
3494 1744 3577 1816 2).

293 1832 339 1887 si
361 1832 536 1901 justus
556 1831 650 1897 sis,
667 1831 899 1887 homoes
914 1830 935 1861 '
954 1846 970 1895 ;
996 1829 1043 1885 si
1070 1829 1236 1886 laicus
1264 1830 1355 1894 sis,
1397 1829 1558 1885 homo
1572 1844 1659 1895 es;
1688 1829 1734 1884 si
1757 1836 1873 1884 mo-
1903 1826 1953 1887 B
1980 1828 2352 1886 Huncversum
2365 1830 2545 1887 delere
2558 1832 2625 1887 de
2636 1832 2816 1888 animo
2829 1850 2935 1888 non
2946 1833 3205 1901 debes,ne
3217 1844 3270 1891 et
3281 1844 3337 1891 tu
3347 1836 3580 1894 delearis

295 1922 497 1978 uaebus
523 1937 616 1990 sus,
642 1923 807 1981 homo
827 1937 921 1989 es;
948 1922 995 1978 si
1023 1922 1251 1978 clericus
1279 1923 1376 1989 sis,
1398 1922 1556 1978 homo
1579 1937 1659 1978 es.
1690 1921 1884 1979 Vocem

296 2015 523 2085 apostoli
552 2015 775 2071 Joannis
791 2015 915 2071 audi
932 2014 1216 2070 dicentem.
1248 2013 1380 2069 Vide
1399 2015 1568 2083 qualis
1594 2013 1660 2069 sit
1689 2012 1885 2083 quem"

296 2107 461 2176 dico,
521 2116 577 2162 ut
624 2108 810 2165 audias
861 2108 1008 2164 illum
1072 2108 1164 2179 qui
1220 2123 1380 2177 super
1428 2116 1614 2178 pectus
1672 2107 1885 2163 Domini

299 2200 696 2268 accumbebat,
760 2216 919 2270 quem
977 2200 1232 2269 diligebat
1288 2200 1544 2255 Dominus
1601 2200 1884 2270 plusquam

299 2302 549 2349 caeteros.
600 2291 736 2349 Audi
763 2292 888 2363 quid
917 2291 1145 2348 dixerit:
1179 2292 1241 2348 Si
1277 2293 1555 2346 dixerimus
1593 2293 1715 2361 quia
1761 2308 1883 2361 pec-

297 2396 469 2440 eatum
492 2400 592 2437 non
620 2383 881 2437 habemus.
922 2382 1038 2438 Non
1067 2382 1202 2439 dixit
1234 2399 1249 2436 :
1296 2381 1357 2438 Si
1385 2382 1649 2449 dixeritis,
1689 2382 1786 2437 sed
1822 2382 1886 2438 Si

304 2476 613 2543 dixerimus;
643 2490 701 2531 se
741 2475 982 2545 adjunxit
1005 2476 1055 2531 in
1085 2475 1318 2545 culpam,
1351 2484 1409 2530 ut
1440 2474 1749 2546 perveniret
1780 2476 1802 2507 ⁸
1830 2475 1886 2529 in

302 2556 712 2638 indulgentiam.
739 2566 828 2623 Ait
855 2581 982 2638 ergo
1008 2582 1023 2621 :
1076 2566 1139 2622 Si
1166 2566 1447 2621 dixerimus
1475 2568 1599 2637 quia
1624 2576 1887 2639 peccatum

301 2677 403 2716 non
423 2662 679 2730 habemus,
712 2678 804 2717 nos
833 2663 969 2734 ipsos
1000 2661 1277 2733 decipimus
1300 2660 1351 2725 ⁸,
1382 2670 1429 2715 et
1455 2663 1641 2716 veritas
1662 2663 1717 2716 in
1742 2663 1887 2716 nobis

303 2772 406 2810 non
424 2764 495 2810 est
520 2753 699 2828 (Joan.
730 2770 769 2821 I,
801 2753 881 2825 8).
910 2754 1051 2824 Ergo
1078 2752 1334 2809 habemus
1358 2762 1615 2822 peccata;
1656 2754 1699 2807 si
1733 2754 1887 2809 volu-

304 2863 424 2903 mus
451 2848 705 2918 consequi
738 2847 969 2912 veniam,
995 2844 1181 2901 demus
1212 2845 1231 2876 ⁷
1276 2841 1528 2901 fratribus
1558 2843 1758 2899 nostris
1803 2844 1888 2899 in-

303 2938 644 3009 dulgentiam.
701 2937 1009 2993 Inimicitias
1078 2938 1131 2992 in
1194 2935 1357 2992 corde
1417 2946 1600 2991 nostro
1639 2950 1747 2995 non
1803 2951 1926 2992 re-.

304 3019 597 3098 tineamus,’
638 3031 758 3102 quia
806 3029 1098 3086 inimicitiae
1144 3036 1365 3084 retentio
1403 3027 1605 3083 faciunt
1644 3042 1887 3084 commo-
1940 3064 1948 3075 ι

311 3123 529 3180 tionem.

374 3216 425 3271 5.
452 3214 587 3271 Volo
606 3223 656 3271 te
676 3215 1061 3286 ignoscentem,
1089 3216 1211 3286 quia
1228 3214 1352 3271 novi
1379 3224 1429 3270 te
1448 3228 1663 3285 semper
1674 3214 1886 3271 veniam
1912 3214 1961 3276 C

308 3307 683 3378 postulantem.
740 3306 915 3376 Rogas
955 3307 1051 3361 tibi
1105 3306 1341 3377 ignosci;
1368 3304 1574 3374 juberis
1602 3304 1892 3362 dimittere.

304 3399 418 3457 Non
446 3400 689 3471 agnoscis
716 3399 855 3470 quod
890 3400 1045 3467 dicis,
1090 3415 1210 3455 cum
1250 3400 1531 3455 Dominum
1562 3398 1891 3470 depreceris.

304 3493 457 3550 Modo
495 3495 638 3562 veni,
682 3503 736 3549 et
761 3508 881 3555 ora;
914 3492 1004 3547 ubi
1042 3508 1163 3548 oras
1213 3493 1257 3559 ⁸,
1310 3492 1385 3548 ibi
1415 3503 1465 3549 te
1516 3492 1776 3548 convinco
1840 3493 1896 3549 in

304 3587 479 3659 verbis
513 3590 636 3641 tuis.
679 3586 863 3643 Nonne
884 3586 1118 3656 quotidie
1147 3586 1319 3643 dicis:
1367 3586 1525 3641 Pater
1558 3597 1724 3641 noster
1748 3629 1763 3653 ,
1806 3589 1895 3657 qui

303 3696 355 3734 es
382 3680 437 3733 in
477 3679 615 3732 caelis
629 3679 654 3731 ?
674 3677 791 3733 Non
814 3682 834 3712 ’
856 3680 996 3733 enim
1024 3686 1174 3748 potes
1185 3693 1304 3735 esse
1329 3678 1383 3733 in
1399 3692 1623 3732 numero
1640 3679 1889 3747 ﬁliorum,

303 3771 347 3828 si
371 3788 475 3827 non
497 3771 642 3828 dicas
676 3790 689 3825 :
724 3770 879 3826 Pater
908 3780 1096 3839 noster,
1125 3772 1213 3843 qui
1251 3787 1303 3826 es
1330 3772 1384 3825 in
1414 3770 1572 3827 cretis.
1605 3771 1843 3842 Sequere
1876 3789 1890 3824 :

303 3864 666 3932 Sanctiﬁcetur
690 3879 870 3917 nomen
892 3872 1056 3917 tuum.
1081 3862 1178 3919 Dic
1198 3862 1373 3919 adhuc
1396 3882 1408 3918 :
1443 3865 1687 3919 Adveniet
1720 3864 1762 3896 ¹⁸
1787 3880 1895 3936 reg-

303 3972 426 4011 num
455 3966 615 4009 tuum.
651 3953 840 4010 Adhuc
872 3968 1107 4033 sequere
1138 3972 1152 4009 :
1188 3953 1313 4008 Fiat
1341 3960 1580 4010 voluntas
1610 3967 1720 4024 tua,
1760 3958 1894 4012 sicut

302 4050 358 4105 in
386 4048 532 4117 caelo,
561 4058 606 4103 et
636 4048 689 4102 in
714 4057 868 4102 terra.
916 4046 1050 4105 Vide
1074 4048 1200 4118 quid
1221 4046 1478 4120 adjungas
1504 4065 1515 4101 :
1551 4047 1747 4104 Panem
1798 4066 1893 4105 no-

303 4152 466 4197 atrum
500 4141 853 4212 quotidianum
882 4140 951 4193 da
989 4139 1132 4194 nobis
1173 4139 1345 4196 hodie.
1402 4141 1500 4195 Ubi
1518 4152 1647 4213 sunt
1692 4142 1892 4199 divitia:

306 4233 446 4288 tuae?
491 4246 618 4287 ecce
646 4230 935 4286 mendicas.
968 4230 1073 4287 Sed
1105 4231 1219 4286 haec
1245 4231 1347 4285 alia
1386 4245 1547 4286 causa
1588 4240 1699 4299 est;
1747 4233 1892 4291 unde

258 4340 265 4343 ι
304 4324 543 4395 agimus,
573 4323 697 4378 inde
734 4336 973 4394 agamus.
1022 4322 1117 4377 Dic
1140 4321 1352 4376 adhuc:
1396 4322 1461 4375 Et
1503 4322 1702 4377 dimitte
1741 4324 1890 4381 nobis

308 4426 512 4489 peccata
561 4425 755 4481 nostra,
810 4415 939 4468 sicut
980 4424 1029 4469 et
1073 4430 1165 4468 nos
1218 4413 1521 4469 dimittimus
1579 4414 1889 4471 debitoribus

308 4511 495 4564 nostris
541 4507 756 4579 (Matth.
798 4523 883 4575 v1,
926 4505 1107 4577 9-12).
1163 4505 1330 4562 Venio
1371 4507 1435 4561 ad
1483 4508 1646 4563 verba
1678 4523 1795 4564 mea
1832 4518 1888 4564 et

310 4608 417 4671 tua.
472 4600 655 4655 Dicis:
704 4598 913 4652 Dimitte
954 4598 1099 4652 nobis
1142 4598 1309 4652 debita
1362 4606 1537 4652 nostra
1567 4606 1615 4651 et
1653 4608 1879 4669 peccata.
1907 4610 1961 4670 1)
1984 4598 2193 4671 “agna;

306 4691 423 4760 Quo
463 4691 621 4761 jure?
667 4706 770 4761 quo
809 4690 1013 4759 pacto?
1062 4704 1167 4758 quo
1217 4689 1574 4758 chirographo
1617 4692 1880 4746 recitato?

308 4769 457 4840 Sicut
509 4792 556 4837 et
598 4798 689 4838 nos
738 4781 1038 4837 dimittimus
1063 4781 1371 4836 debitoribus
1401 4781 1606 4835 nostris.
1639 4782 1884 4837 Conditio

310 4878 476 4945 posita
502 4886 614 4944 est;
643 4877 730 4932 lex
751 4876 857 4931 fixa
892 4882 992 4931 est.
1023 4872 1239 4928 Dimitte
1265 4873 1441 4941 nobis,
1462 4872 1596 4928 dicis
1624 4873 1880 4942 Domino,

309 4970 448 5026 sicut
477 4968 702 5026 dimitto.
735 4968 878 5040 Ergo
913 4981 1019 5024 non
1050 4965 1281 5022 dimittet
1309 4966 1383 5031 ιι,
1422 4967 1465 5020 si
1506 4980 1611 5021 non
1637 4966 1881 5025 dimittis.

328 5256 331 5257 ,
390 5204 408 5234 ί
440 5198 608 5256 Codd.
638 5213 826 5265 χχχιιι,
859 5211 924 5251 cv
950 5210 1001 5249 et
1024 5190 1419 5265 cx,_Donantes.

385 5274 407 5306 ²
448 5273 535 5330 Sic
563 5271 719 5329 codd.
750 5263 888 5325 cvet
912 5283 1005 5323 ει·
1044 5263 1166 5320 cod.
1198 5279 1381 5329 suis,
1412 5263 1570 5331 male,
1600 5266 1779 5343 nobis,
1811 5265 1898 5323 hic
1958 5302 1965 5305 ν
1998 5290 1999 5293 η

310 5355 367 5404 ει
384 5353 607 5470 imis.
622 5454 636 5480 ,
657 5411 813 5475 male,
838 5410 882 5463 si
904 5416 1071 5480 tamen
1086 5407 1258 5473 homo,
1272 5405 1603 5464 correximus
1626 5421 1693 5464 ex
1710 5408 1891 5465 editis.

383 5485 405 5517 ⁸
443 5479 638 5553 Codd.,
670 5497 733 5537 cv
762 5490 815 5536 et
840 5495 907 5537 cx
936 5479 1103 5553 male,
1122 5495 1252 5553 quor.

386 5558 409 5589 ⁸
445 5549 639 5621 Codd.,
660 5569 726 5610 cv
746 5562 880 5607 etcx
913 5549 1063 5615 mali,
1087 5549 1459 5619 indulgeretur.

385 5629 408 5660 ⁶
444 5629 545 5691 Id.,
572 5626 877 5681 seducimus.

386 5701 406 5731 "
446 5698 554 5754 Sic.
584 5696 737 5752 codd.
770 5709 833 5749 av
863 5702 1027 5759 etcx;
1055 5691 1173 5747 cod.
1199 5693 1540 5762 xxxrx‘male,
1573 5693 1830 5750 debemus.

388 5771 409 5800 ⁸
447 5767 640 5833 Codd.,
671 5776 725 5820 ut
745 5781 876 5820 ores.

385 5842 406 5873 ⁵
444 5838 599 5908 Cod.,
630 5852 791 5894 mus
818 5836 986 5906 male,
1016 5850 1199 5892 nonne.

1946 1946 1949 1947 ί
1992 1920 2207 1977 dalibro
2222 1921 2337 1977 Dei.
2352 1922 2408 1977 In
2421 1923 2780 1980 orationeista
2800 1908 2956 1991 dicis,
2973 1924 3053 1980 Da'
3068 1925 3234 1990 ;dicis
3260 1926 3321 1995 η,
3340 1926 3579 1997 Dimitte,

1992 2021 2053 2068 ut
2080 2012 2223 2083 quod
2241 2028 2348 2068 non
2380 2013 2546 2070 habes
2570 2016 2822 2085 accipias,
2854 2019 2897 2071 si
2924 2024 3097 2072 tamen
3123 2018 3276 2073 fratri
3299 2018 3569 2088 ignoscas.

1991 2104 2169 2175 Ipsum
2198 2105 2534 2161 Salvatorem
2560 2106 2686 2162 audi
2712 2108 2819 2163 alio
2844 2107 2961 2163 loco
2981 2108 3252 2165 dicentem
3286 2127 3299 2164 :
3331 2109 3491 2175 Date,
3531 2118 3581 2166 et

1990 2196 2196 2250 dabitur
2236 2197 2413 2261 vobis;
2453 2197 2711 2263 dimittite,
2755 2208 2800 2253 et
2840 2199 3124 2255 dimittetur
3154 2200 3294 2255 vobis
3325 2200 3473 2269 (Luc.
3502 2217 3581 2269 vr,

1991 2289 2084 2355 37,
2114 2289 2229 2359 38).
2264 2291 2327 2343 Et
2361 2305 2429 2345 ne
2452 2304 2546 2345 vos
2572 2290 2773 2347 diutius
2804 2300 3105 2361 teneamus,
3136 2293 3183 2348 si
3213 2293 3455 2349 volumus
3477 2295 3582 2350 ἠο-

1990 2381 2075 2437 bis
2102 2381 2386 2438 Dominum
2416 2382 2684 2447 misereri,
2720 2382 3381 2454 misereamurindigenti;
3414 2387 3458 2439 si
3490 2399 3582 2439 vo-

1991 2473 2169 2529 lumus
2199 2473 2354 2529 nobis
2385 2482 2599 2543 peccata
2631 2473 2850 2541 dimitti,
2897 2475 3227 2531 dimittamus
3255 2486 3311 2532 et
3348 2491 3446 2534 nos
3476 2475 3581 2532 fra-

1992 2564 2064 2621 tri
2088 2568 2350 2636 peccanti.

2531 2657 2764 2715 SERMO
2813 2655 3042 2714 CXVIII.

2064 2773 2281 2843 Legitur
2302 2771 2356 2827 in
2389 2772 2527 2828 Bibl.
2555 2773 2836 2840 Laurent.,
2868 2745 3003 2844 pint.
3042 2790 3138 2843 xu,
3171 2777 3296 2832 eod.
3339 2793 3451 2845 xw,
3486 2777 3583 2835 fol.

1994 2868 2100 2924 272
2129 2868 2178 2934 b,
2211 2876 2264 2923 et
2294 2868 2345 2923 in
2373 2868 2508 2923 Bibl.
2542 2867 2759 2934 Venet.,
2782 2867 2904 2924 cod.
2936 2883 3090 2937 Lux,
3134 2868 3231 2924 fol.
3280 2869 3373 2925 «i7.
3404 2871 3493 2927 Sic
3532 2873 3585 2932 in

1994 2959 2268 3015 codicibus
2296 2973 2355 3014 se
2385 2960 2545 3014 habet
2595 2959 2651 3014 in
2679 2958 2832 3015 titulo
2864 2975 2878 3012 :
2911 2956 3105 3028 Incipit
3146 2975 3309 3015 sermo
3354 2961 3586 3024 eiusdem

1995 3051 2314 3125 (Augustini)
2345 3053 2407 3106 de
2430 3049 2717 3105 Nativitate
2748 3042 2974 3107 Domini.
2996 3081 3064 3094 —
3080 3052 3159 3107 De
3179 3069 3238 3108 eo
3258 3055 3393 3123 quod
3414 3051 3587 3109 Evan-

1995 3145 2176 3216 gelista
2204 3144 2327 3197 dicit
2357 3159 2376 3197 :
2412 3161 2431 3194 ι
2463 3143 2528 3196 In
2573 3143 2830 3212 principio
2858 3153 2967 3197 erat
3016 3144 3272 3209 Verbum;
3313 3165 3331 3197 ι
3368 3155 3412 3199 et
3451 3145 3588 3215 quod

1996 3238 2051 3292 in
2080 3236 2262 3292 Genesi
2290 3236 2538 3305 scriptum
2564 3244 2680 3291 est:
2717 3254 2735 3288 ι
2773 3234 2839 3290 1η
2871 3237 3126 3306 principio
3164 3238 3282 3309 fecit
3320 3237 3452 3292 Deus
3480 3254 3586 3294 cas-

2000 3331 2108 3384 tum
2135 3338 2182 3382 et
2211 3336 2425 3395 terram,
2476 3347 2495 3379 ι
2531 3328 2665 3382 unde
2710 3329 2994 3382 ostenditur
3039 3329 3127 3399 qui
3157 3328 3301 3401 [cod.
3345 3328 3490 3402 quia]
3535 3331 3589 3385 in

1998 3422 2251 3493 principio
2275 3428 2408 3487 erat,
2433 3420 2545 3475 sine
2574 3420 2725 3475 initio
2754 3437 2861 3476 esse
2886 3420 2987 3493 Uti.
3012 3419 3137 3492 est];
3186 3422 3322 3491 quod
3343 3433 3514 3477 autem
3534 3423 3589 3479 in

1998 3512 2253 3582 principio
2281 3515 2471 3581 factum
2511 3520 2602 3577 est,
2637 3522 2907 3582 propterea
2953 3512 3157 3572 initium
3200 3513 3422 3582 habere,
3466 3515 3590 3585 quia

1999 3627 2101 3666 non
2133 3616 2265 3675 erat,
2298 3617 2344 3662 et
2375 3608 2572 3678 factum
2604 3616 2699 3661 est.

2533 3718 2767 3775 SERMO
2811 3719 3045 3775 CXXVI.

2068 3838 2341 3908 Leguntur
2373 3837 2535 3906 hujus
2562 3836 2831 3892 sermonis
2861 3836 3070 3891 numeri
3098 3835 3157 3903 2,
3187 3835 3242 3901 5,
3272 3834 3327 3903 4,
3351 3846 3404 3890 et
3432 3835 3591 3892 dimi-

1996 3929 2141 3985 dium
2172 3929 2367 3999 quinti,
2398 3929 2453 3983 in
2486 3928 2627 3982 Bibl.
2658 3926 2938 3994 Laurent.,
2968 3927 3103 3996 plut.
3145 3942 3261 3991 χιιι,
3306 3927 3427 3983 cod.
3467 3943 3585 3996 vm,

1994 4023 2091 4082 fol.
2136 4024 2238 4078 187
2264 4024 2326 4089 b;
2357 4038 2476 4093 quae
2532 4022 2792 4077 orationis
2837 4035 2958 4090 pars
3004 4021 3308 4077 annectitur
3351 4014 3591 4079 sermoni

1995 4117 2345 4176 Benedictino
2376 4131 2639 4183 cccuxx,
2672 4116 2813 4170 sicut
2840 4124 2896 4171 et
2926 4115 2979 4169 in
3023 4114 3142 4170 aliis
3179 4114 3452 4170 codicibus
3493 4129 3590 4172 an-

1995 4214 2174 4284 tiquis.
2202 4212 2335 4267 Vide
2355 4221 2509 4266 notas
2535 4207 2758 4263 Maurin.
2783 4210 2851 4262 ad
2877 4208 3019 4262 hunc
3039 4219 3364 4262 sermonem.

2064 4330 2204 4387 Edit.
2254 4328 2319 4384 N.
2367 4328 2424 4384 2.
2489 4328 2751 4392 Quantum

2894 4322 3028 4378 Cod.
3093 4322 3261 4386 Quam
3312 4321 3415 4375 sint
3440 4392 3443 4393 ν
3468 4337 3589 4393 per-

1989 4405 2091 4458 sint
2112 4400 2331 4473 perversi
2356 4408 2403 4454 et
2423 4396 2746 4471 properando
2822 4394 2951 4477 versi
2989 4402 3039 4448 et
3082 4392 3475 4464 imprOperandi
3510 4396 3592 4447 vi-

1989 4466 2177 4530 vitiosi.
2426 4466 2435 4471 ⁷
2518 4466 2527 4469 ⁷
2821 4466 2959 4520 tiosi.

2060 4546 2124 4600 N.
2167 4546 2220 4599 5.
2264 4541 2594 4612 Sperantium
2628 4538 2749 4592 sub-
2856 4536 2975 4617 Id.
3032 4533 3419 4605 Sperandurum
3472 4532 3593 4587 sub-

2058 4618 2193 4670 mtia.
2816 4614 3029 4662 stantia.

2058 4686 2193 4741 Ibid.
2225 4683 2345 4738 Nisi
2379 4698 2441 4736 ex
2474 4680 2564 4735 illo
2607 4676 2745 4747 quod
2889 4676 2967 4731 Id.
2998 4673 3144 4747 iNisi
3192 4691 3255 4728 ex
3300 4674 3393 4728 illo
3434 4689 3581 4744 quem

1988 4773 2091 4811 non
2112 4756 2248 4809 vides
2260 4794 2273 4808 .
2827 4763 2928 4800 non
2957 4746 3114 4799 vides.

2060 4825 2195 4883 Ihid.
2224 4824 2532 4879 Interiorem
2556 4819 2749 4874 habita-
2894 4816 2972 4871 Id.
3005 4815 3309 4870 lnteriorem
3336 4814 3589 4871 habitato-

1990 4907 2152 4952 torem
2214 4894 2513 4950 interiorum
2574 4889 2753 4945 oculo-
2824 4904 2931 4943 rem
2959 4886 3244 4943 oculorum.

1992 4986 2131 5025 rum.

2079 5197 2125 5230 ιο
2161 5194 2215 5230 LI
2296 5194 2409 5230 «an;

2079 5197 2125 5230 ιο
2398 5194 2409 5205 ⁵

2074 5269 2114 5300 ¹¹
2158 5193 2556 5323 ἕιξέἷίιάν
2603 5269 2658 5317 et
2700 5276 2817 5326 cx;
2876 5260 2996 5317 cod.
3028 5273 3211 5328 xxxix,
3246 5266 3303 5314 ut
3348 5259 3529 5315 ceteri
3562 5298 3580 5327 ,

2007 5340 2281 5395 dimittam.

2072 5413 2114 5443 ¹¹
2153 5409 2285 5464 Cod.
2318 5419 2450 5462 unus
2472 5404 2634 5472 mala,
2676 5402 2901 5456 dictavit.

2072 5482 2116 5513 ³³
2153 5480 2318 5535 Codd.
2344 5493 2409 5533 cv
2437 5485 2492 5532 et
2518 5490 2606 5544 cx,
2637 5474 2878 5529 inveniet.

2070 5551 2113 5582 “
2152 5551 2276 5619 Iid.,
2303 5548 2369 5602 ad
2386 5558 2452 5602 te.

2061 5621 2106 5654 ⁸⁸
2144 5616 2274 5676 Cod.
2304 5635 2487 5687 χχχιχ,
2519 5620 2710 5681 dicam,
2735 5616 2899 5673 male.

2064 5694 2109 5725 “
2149 5692 2241 5750 Sic
2272 5690 2430 5750 codd.
2473 5682 2538 5748 cv
2581 5696 2639 5745 et
2680 5703 2786 5756 cx;
2842 5690 2998 5746 deest
3040 5697 3146 5744 vos
3188 5682 3324 5744 dim
3365 5685 3421 5744 tu
3456 5682 3584 5748 ϐοά.

1995 5780 2189 5825 XXXIX.
