4012 6338
526 334 658 391 1171

593 451 729 515 Ibid.
770 451 907 509 Nam
927 451 1133 520 quandi!
1173 451 1273 515 ali-

522 524 725 597 quando
736 524 787 597 in
805 538 884 575 me
904 523 1091 595 cogitas
1110 538 1139 597 ;Δ
1158 537 1275 591 quae

525 592 687 648 Verbs
734 594 785 647 in
838 592 973 646 nota"
1006 592 1275 659 corrigere

520 664 738 721 Itudent
761 665 1084 717 Benedictini
1105 706 1120 729 ,

592 733 737 806 Ibid.
768 734 982 799 Intende
1021 740 1190 806 facta,
1229 747 1275 790 et

522 820 688 875 quare
716 805 977 875 factorem.
1023 805 1027 806 “

538 960 547 961 7
594 876 889 961 Ibid..Quw
945 876 1081 946 facta
1134 886 1270 945 sunt,

521 956 918 1011 conspiciuntur.

595 1016 657 1070 Ν.
706 1017 759 1070 AI.
811 1018 915 1077 Sed
974 1018 1278 1079 assiduitate

522 1086 791 1142 uiluerant.

599 1158 729 1212 Ibid.
764 1159 925 1226 Quam
952 1169 1007 1212 ut
1036 1169 1275 1215 nascatur

523 1228 694 1294 homo,
720 1231 1009 1296 moriendo,
1035 1242 1141 1286 etc.

598 1370 735 1445 Ibid.
767 1371 990 1431 Panibus
1021 1374 1276 1445 saginasse

524 1447 597 1494 tot
625 1441 807 1497 millia.

597 1512 729 1566 Ibid.
780 1513 994 1583 Impleri
1032 1516 1277 1585 segetibus

525 1590 705 1638 terras.

599 1653 730 1709 Ibid.
765 1656 890 1719 Quae
914 1672 1043 1721 aqua
1070 1664 1174 1710 erat
1204 1658 1275 1711 ri-

524 1739 647 1775 num
671 1727 861 1793 factum
881 1766 896 1790 ,
928 1729 1153 1781 uiderunt
1183 1726 1275 1781 Ito-

526 1794 686 1847 mines
706 1805 753 1847 et
782 1796 1164 1859 obstupuerunt.

598 1863 726 1939 Ibid.
747 1866 790 1917 Ι]
796 1869 894 1920 nde
915 1880 985 1923 est
1002 1872 1149 1921 homo
1171 1870 1275 1939 ipse

520 1934 609 2002 qui
632 1937 871 1993 miratur?
883 1938 967 1993 ubi
983 1950 1089 1999 erat
1104 1942 1127 1996 ?
1142 1934 1275 1997 unde

522 2009 763 2073 processit
786 2011 810 2061 ?

602 2078 729 2132 Ibid.
771 2078 917 2132 Venit
947 2081 1033 2133 ille
1063 2082 1145 2133 cui
1173 2082 1281 2134 dic-

524 2153 629 2218 tum
652 2158 759 2202 est:
784 2150 977 2202 Innova
1000 2155 1147 2218 signa
1165 2170 1181 2215 ,'
1199 2155 1279 2206 cui

525 2214 658 2289 dictu
668 2236 712 2271 ni
725 2229 794 2274 est
812 2236 829 2273 :
845 2214 1085 2289 Miriﬁca,
1103 2214 1206 2279 etc.

598 2287 727 2369 Ibid.
747 2287 976 2369 .‘Equum
998 2303 1156 2369 potest
1175 2310 1281 2367 esse

525 2359 663 2423 quod
692 2376 789 2413 non
824 2364 948 2415 vult.
998 2359 1007 2369 ⁷
1230 2362 1233 2367 λ

532 2494 544 2507 .
597 2426 727 2507 Ibid.
751 2430 1044 2498 Hominem,
1067 2435 1153 2505 qui
1174 2446 1280 2491 erat

524 2498 580 2549 in
605 2498 736 2554 luce.

594 2566 657 2622 N.
691 2568 744 2625 5.
776 2572 883 2627 Sed
902 2590 1053 2642 quam
1076 2592 1278 2644 parvus.

1473 328 1852 391 SEBIIONUM
1888 327 2334 389 GENUINOBUM
2375 326 2434 387 S.
2476 323 2847 385 AUGUSTINI

1417 448 1494 505 Id.
1520 450 1659 507 Nam
1677 452 1879 523 quando
1899 450 2176 507 aliundeA
2279 444 2422 523 Edit.
2484 443 2549 501 Ν.
2602 445 2653 505 I.
2710 442 2961 523 _0.mt_iittm
3040 512 3053 523 .
3100 441 3279 523 COdd.
3308 444 3549 523 om
3576 460 3794 523 aposto-

1346 520 1496 593 nimis
1526 520 1733 594 cogitas.

1149 678 1283 733 quos
1311 662 1531 720 videsis.

1422 735 1496 791 Id.
1558 735 1768 795 Intende
1820 739 2093 806 facturam,

1348 814 1391 869 et
1419 823 1584 872 quaere
1614 808 1875 877 factorem.

1416 877 1490 929 Id.
1522 880 1647 943 Qum
1677 879 1808 946 facta
1850 886 1989 943 sunt,
2016 878 2099 932 in-

1350 948 1549 1001 tellecta
1574 950 1971 1015 conspiciuntur.

1419 1020 1495 1074 Id.
1556 1020 1660 1075 Sed
1696 1020 1997 1075 assiduitate
2023 1020 2097 1072 vi-

1347 1091 1568 1151 luerunt.

1420 1163 1493 1216 Id.
1555 1161 1721 1227 Quam
1768 1170 1820 1212 ut
1864 1171 2101 1213 nascatur

1348 1235 1519 1296 homo,
1563 1233 1647 1299 qui
1686 1248 1785 1284 non
1822 1240 1951 1299 erat,
1986 1247 2099 1284 mo-

1346 1304 1541 1365 riendo,
1570 1312 1673 1355 etc.

1420 1376 1492 1427 Id.
1536 1372 1760 1429 Panibus
1801 1373 1985 1433 satiare
2029 1380 2101 1427 ιοι

1346 1446 1526 1498 millia.

1420 1517 1492 1569 Id.
1516 1513 1730 1585 Impleri
1743 1515 1989 1585 segetibus
2004 1524 2103 1567 ter-

1347 1604 1474 1641 ram.

1420 1659 1491 1711 Id.
1521 1659 1622 1724 Qui
1653 1673 1834 1726 aquam
1866 1656 2103 1713 viderunt

1346 1730 1517 1781 vinum
1549 1733 1757 1801 factam,
1800 1729 2033 1789 viderunt
2055 1735 2103 1780 et

1347 1802 1730 1866 obstupuerunt.

1421 1872 1494 1925 Id.
1525 1871 1673 1924 Unde
1691 1879 1761 1922 est
1784 1871 1889 1940 ipse
1910 1870 1993 1932 qui
2010 1869 2106 1921 nii-

1350 1944 1541 1997 ratur?
1596 1944 1757 1997 uideat
1806 1942 1939 1997 unde
1980 1956 2106 2011 pro-

1350 2014 1491 2073 cessit
1510 2014 1535 2067 ?

1425 2084 1502 2138 Id.
1539 2082 1685 2137 Venit
1715 2083 1801 2137 ille
1839 2082 1906 2133 ad
1956 2081 2107 2141 istum

1352 2156 1538 2217 locum,
1601 2156 1680 2207 cui
1747 2153 1934 2206 dictum
1990 2161 2105 2206 est:

1354 2225 1577 2293 Miriﬁca
1598 2267 1611 2285 .
1644 2236 1747 2278 vtt‘.

1423 2298 1495 2350 Id.
1530 2296 1758 2365 /Equum
1805 2302 1963 2358 potest
1999 2309 2109 2349 esse

1351 2370 1484 2437 quod
1516 2369 1602 2421 ille
1627 2384 1724 2418 non
1750 2366 1873 2419 vult.

1426 2438 1500 2491 Id.
1544 2437 1828 2502 Hominem,
1874 2436 1962 2505 qui
2004 2451 2107 2488 non

1352 2520 1460 2563 erat
1482 2511 1534 2561 in
1566 2511 1696 2563 luce.

1426 2580 1500 2634 Id.
1528 2579 1633 2634 Sed
1651 2594 1801 2648 quam
1823 2592 2006 2647 parvus
2026 2580 2108 2647 fa-

2205 514 2551 587 apostolorum
2572 515 2888 570 meministis.

2271 655 2406 712 Ibid.
2460 654 2596 709 Dicit
2625 668 2795 711 autem
2831 672 2956 723 apo-

2198 728 2377 790 stolus,
2405 730 2664 797 quoniam,
2709 738 2813 783 etc.

2271 798 2333 853 N.
2368 796 2425 853 Ξ.
2462 798 2619 871 Modo
2659 799 2820 869 quid?
2867 796 2956 871 1η-

2202 878 2419 937 terrogat
2442 886 2553 921 eum
2580 868 2851 925 Dominus.

2273 940 2403 993 Ibid.
2438 940 2504 993 Et
2532 942 2656 994 dicit
2680 943 2744 994 ei.

2270 1010 2403 1082 Ibid.
2451 1012 2742 1082 Respondit
2795 1012 2883 1069 ille
2937 1029 2957 1069 .'

2201 1079 2395 1150 Etiam,
2436 1080 2675 1137 Domine.

2273 1153 2402 1207 Ibid.
2448 1152 2513 1205 Et
2559 1156 2739 1206 iterum
2778 1150 2956 1207 Domi-

2200 1238 2295 1276 nus
2355 1224 2450 1276 hoc
2494 1224 2853 1293 interrogavit,
2910 1234 2957 1279 et

2201 1295 2345 1349 tertio
2370 1297 2484 1349 hoc.

2276 1365 2403 1420 Ibid.
2464 1366 2563 1429 Qui
2631 1365 2791 1431 sciant
2841 1381 2953 1429 oves

2206 1434 2397 1489 Christi
2424 1452 2647 1507 pascere.

2239 1508 2335 1587 .N.
2368 1505 2429 1561 5.
2452 1505 2607 1560 Feret
2635 1523 2734 1575 quo
2769 1517 2823 1559 tu
2853 1523 2956 1562 non

2201 1592 2297 1633 vis.

2275 1647 2409 1709 Ibid.
2438 1646 2545 1705 Pro
2567 1647 2769 1707 Christo
2792 1649 2957 1718 fuerat

2202 1718 2596 1789 cruciﬁgendus.

2277 1789 2407 1844 Ibid.
2431 1789 2628 1843 Timere
2643 1805 2743 1842 non
2763 1789 2954 1844 debuit.

2174 1859 2179 1893 '
2218 1859 2428 1913 Videbat
2453 1863 2608 1925 enim,
2630 1869 2735 1915 etc.

3656 333 3795 388 “73

3034 512 3217 576 lorum,
3251 516 3435 585 fratres
3476 512 3793 585 charissimi,

3028 587 3349 641 meministis.

3098 656 3195 729 Iid.
3234 656 3442 712 Dictum
3478 667 3555 712 est
3597 668 3792 729 autem,

3025 728 3292 801 ηυρριέαιξι,
3314 740 3418 784 elc-

3103 798 3195 852 Iid.
3232 798 3389 852 Modo
3418 800 3544 868 quid
3568 801 3794 855 interro-

3029 877 3127 939 gat,
3153 886 3266 922 eum
3298 870 3547 923 Dominus
3569 874 3595 921 ν

3100 938 3234 993 Cod.
3264 956 3451 995 exuit.
3488 940 3628 993 Dicit
3655 944 3719 994 ei.

3099 1012 3271 1067 Codd.
3292 1011 3576 1081 Respondit
3603 1014 3651 1069 ei
3673 1012 3793 1071 ille:

3028 1079 3223 1147 Etiam,
3261 1079 3498 1135 Domine.

3100 1152 3195 1206 Iid.
3216 1151 3429 1215 Iterum,
3453 1165 3500 1205 ct
3520 1153 3672 1205 tertio
3695 1151 3797 1206 Do-

3026 1224 3194 1277 minus
3215 1225 3310 1278 hoc
3332 1225 3686 1293 interrogavit.

3097 1364 3195 1423 Iid.
3251 1365 3385 1431 Quia
3435 1364 3627 1421 sciebat
3683 1381 3801 1420 oues

3027 1434 3220 1490 Christi
3250 1452 3476 1490 nascere.

3100 1506 3197 1561 Iid.

3297 1516 3405 1562 ttcet
3445 1522 3549 1577 quo
3600 1514 3659 1560 tu
3692 1522 3799 1561 non

3102 1616 3198 1703 Iid.
3258 1646 3366 1707 Pro
3427 1646 3638 1704 Christo
3689 1655 3797 1701 erat

3032 1721 3173 1773 cruci
3178 1719 3431 1787 ﬁgendas.

3102 1790 3197 1843 Iid.
3234 1788 3431 1844 Timere
3478 1806 3583 1843 non
3603 1790 3785 1857 debuit,

3032 1861 3151 1930 quia
3177 1860 3394 1928 uidebat,
3422 1870 3533 1917 etc.

2763 1972 2990 2028 SERMO
3033 1971 3211 2028 CLIV.

2280 2085 2495 2159 Legitur
2522 2086 2573 2140 in
2604 2086 2723 2142 cod.
2755 2086 2959 2142 Cassin.
2996 2103 3033 2142 it
3060 2130 3073 2153 ,
3109 2088 3200 2143 fol.
3237 2088 3361 2154 I60,
3396 2088 3488 2143 ubi
3522 2103 3576 2141 n.
3610 2087 3669 2155 7,
3704 2100 3797 2155 pro

2209 2177 2291 2231 his
2318 2178 2517 2248 verbis,
2542 2180 2661 2249 quia
2678 2180 2904 2234 nondum
2937 2191 3080 2237 erant
3098 2181 3153 2233 in
3188 2182 3523 2252 perfectione,
3551 2179 3797 2245 habetur,

2207 2269 2327 2339 quia
2375 2269 2603 2322 nondum
2646 2278 2789 2345 erant
2828 2272 3013 2335 securi,
3073 2271 3299 2325 nondum
3336 2280 3486 2325 erant
3534 2270 3588 2324 in
3635 2275 3799 2347 perfe-

2207 2365 2390 2418 ctione.

2785 2462 3014 2519 SERMO
3049 2461 3204 2521 CLV.

2279 2574 2493 2653 Leg‘tur
2537 2575 2591 2630 in
2635 2574 2758 2630 cod.
2788 2573 2996 2637 Cassia.
3023 2590 3092 2641 ll,
3121 2574 3214 2630 fol.
3254 2573 3392 2643 l53,
3424 2575 3517 2635 ubi
3569 2587 3797 2637 sanatur

1341 2662 1494 2706 ceret.

597 2707 728 2787 Ibid.
767 2712 889 2787 Non
938 2725 985 2769 te
1027 2716 1275 2787 deseruit,
1424 2721 1501 2776 Id.
1534 2720 1716 2773 Erudit
1757 2720 1846 2787 qui
1888 2718 2102 2773 vocavit.

523 2780 610 2847 qui
644 2785 854 2837 vocavit.

598 2850 727 2907 Ibid.
761 2851 961 2909 Indicia
981 2868 1098 2919 sunt
1125 2858 1278 2917 Crea-

524 2922 648 2976 toris
673 2924 785 2983 t'psa
804 2924 1072 2983 creatura?

597 2994 735 3069 Ibid.
752 2996 884 3051 Ecce
902 3003 1150 3069 nascitur,
1167 3021 1280 3059 ecce

525 3063 589 3118 de
615 3063 804 3133 feinina
828 3072 1075 3138 procedit.

1422 2864 1497 2917 Id.
1546 2860 1748 2919 Indicia
1795 2868 1912 2915 sunt
1951 2856 2106 2913 Crea-

1353 2937 1473 2988 toris
1501 2934 1551 2985 in
1583 2934 1694 2999 ipsa
1724 2929 1999 2984 creatura?

1422 3006 1498 3059 Id.
1545 3004 1671 3056 Ecce
1709 3006 1951 3068 nascitur,
1994 3016 2106 3054 ecce

1349 3093 1537 3138 corpus
1595 3074 1830 3139 assumit,
1877 3087 1985 3128 ecce
2044 3074 2106 3125 de

1344 3149 1531 3220 femina
1549 3144 1795 3214 procedit.

1047 3261 1275 3320 SERMO
1312 3263 1574 3320 CXXXII.

597 3365 814 3437 Lesitur
834 3371 886 3425 in
912 3373 1033 3428 cod.
1058 3377 1261 3430 Cassin.
1296 3392 1390 3437 vn,
1423 3376 1513 3430 fol.
1546 3372 1672 3438 522,
1714 3370 1803 3425 ubi
1826 3367 1890 3423 N.
1918 3369 1975 3437 2,
2000 3368 2103 3423 bo~

528 3471 645 3511 rum
664 3459 943 3518 verbomm
966 3464 1085 3520 loco
1100 3509 1113 3533 ,
1136 3468 1379 3537 Refrenat
1400 3466 1699 3536 infirmioris
1724 3481 1872 3520 sexus
1898 3465 2009 3534 ipsa
2020 3478 2105 3517 ue-

528 3550 801 3617 recundia,
835 3555 1117 3622 scribitur,
1151 3559 1393 3628 Hefrenat
1417 3560 1748 3628 infirmiorem
1781 3572 1957 3611 sexum
1991 3558 2105 3627 ipsa

522 3647 837 3700 verecundia.

1025 3738 1256 3797 SERMO
1290 3741 1602 3797 CXXXVII.

597 3849 810 3917 Legitur
840 3850 892 3904 in
920 3851 1043 3907 cod.
1066 3854 1275 3913 Cassin.
1305 3869 1401 3920 νη,
1424 3854 1517 3908 fol.
1542 3852 1663 3907 528.

592 3936 733 3992 Edit.
766 3938 828 3992 N.
864 3943 912 3995 1.
942 3940 1074 3995 Dum
1103 3952 1269 3998 tamen
1416 3942 1550 3998 Cod.
1604 3942 1735 3995 Dum
1784 3952 1950 3997 tamen
1999 3954 2101 3993 non

520 4024 617 4084 non
637 4010 793 4063 nimia
817 4011 1071 4084 impietate
1092 4016 1271 4083 prteci-
1346 4016 1502 4067 nimia
1563 4013 1854 4081 inﬁrmitate
1918 4012 2100 4079 praeci-

520 4078 723 4131 dantur.
888 4078 897 4084 ’
1092 4078 1101 4083 ’
1346 4086 1550 4138 dantur.

590 4149 653 4203 Ν.
679 4150 733 4203 5.
760 4149 867 4205 Iste
886 4151 1080 4207 dicebat
1106 4171 1160 4209 se
1178 4154 1272 4209 ha-
1418 4157 1492 4209 Id.

520 4218 632 4291 bere
656 4222 805 4286 vires,
848 4227 931 4291 qui
976 4240 1079 4281 non
1120 4225 1271 4285 habe-
1344 4226 1529 4281 habere
1577 4225 1739 4291 vires,
1797 4239 1921 4291 quas

521 4288 621 4343 bat.
861 4288 869 4291 ⁷
1346 4298 1578 4350 habebat.

1024 4406 1257 4463 SERMO
1294 4407 1584 4465 CXXXIX.

596 4510 811 4581 Legitur
834 4514 885 4566 in
916 4514 1052 4570 Cod.
1079 4515 1287 4571 Cassin.
1317 4531 1412 4583 vti,
1442 4516 1534 4571 fol.
1564 4515 1681 4575 144,
1710 4512 1799 4568 ubi
1819 4517 1955 4568 hanc
1977 4526 2100 4567 cor-

1552 4153 1759 4206 Dicebat
1807 4149 1996 4204 Petrus
2049 4164 2102 4203 se

1998 4237 2101 4285 non

462 4596 465 4601 ’
525 4606 811 4660 rectionem
843 4609 1159 4675 reperimus.
1190 4610 1518 4665 Benedictini
1549 4626 1604 4665 n.
1630 4607 1665 4661 5
1690 4609 1825 4662 hanc
1853 4608 2099 4662 dimidia-
2123 4595 2175 4656 D

524 4711 629 4755 tam
662 4704 985 4756 sententiam
1013 4703 1209 4757 habent
1243 4720 1257 4758 :
1288 4702 1455 4759 Homo
1498 4704 1720 4774 sapiens,
1748 4704 1799 4756 in
1823 4704 2103 4756 wternitale

519 4801 749 4862 tenipora
773 4795 1016 4862 inquiris;
1040 4794 1125 4847 ubi
1152 4811 1254 4848 non
1280 4804 1398 4849 sunt
1421 4806 1670 4865 tempora,
1694 4797 1875 4863 quieris
1895 4804 2102 4859 wtates;

521 4886 687 4941 codex
721 4895 894 4943 autem
927 4889 1129 4959 optime
1163 4889 1290 4944 dicit
1322 4905 1335 4943 :
1368 4888 1540 4945 Homo
1567 4890 1793 4959 sapiens,
1820 4890 1872 4941 in
1902 4886 2102 4941 teterni-

2208 2670 2426 2731 evidens
2456 2668 2705 2729 editionis
2730 2668 3088 2731 Benedictinte
3131 2668 3404 2731 mendum.
3438 2669 3517 2724 Ibi
3550 2670 3703 2731 enim
3733 2686 3791 2729 ιι.

2206 2760 2239 2816 6
2272 2760 2491 2814 habetur
2518 2778 2531 2814 :
2564 2758 2670 2819 Lex
2695 2760 2830 2815 enim
2856 2760 3029 2817 mortis
3059 2776 3157 2821 non
3189 2761 3299 2831 ipsa
3319 2760 3533 2827 dicitur,
3566 2761 3657 2821 lea:
3684 2776 3802 2832 pec-

2207 2851 2306 2921 cati
2335 2860 2383 2905 et
2427 2852 2605 2911 mortis
2634 2867 2737 2917 non
2782 2851 2874 2905 illa
2919 2852 3001 2906 lea:
3047 2852 3236 2911 dicitur
3278 2867 3395 2917 qua:
3436 2854 3563 2905 data
3617 2862 3695 2913 ω
3740 2856 3799 2906 in

2130 3207 2179 3281 Β

2206 2952 2377 3007 monte
2401 2942 2561 3009 Sina,-
2590 2941 2675 2997 hic
2699 2951 2842 2998 certe
2870 2942 3018 2999 adest
3046 2944 3238 3007 vitiosa
3264 2944 3475 2999 iteratio
3496 2959 3621 3013 quae
3654 2944 3802 2998 tolli-

2208 3044 2296 3095 tur
2325 3036 2379 3091 in
2410 3036 2611 3103 codice,
2642 3034 2695 3090 in
2724 3050 2832 3105 quo
2859 3036 3119 3104 scriptum
3150 3046 3267 3092 est:
3305 3035 3412 3091 Lex
3439 3037 3577 3097 enim
3611 3038 3801 3095 mortis

2210 3144 2311 3182 non
2337 3128 2451 3199 ipsa
2479 3129 2691 3195 dicitur,
2717 3143 2831 3199 quae
2858 3128 2982 3181 data
3006 3138 3079 3183 est
3107 3130 3160 3182 in
3189 3138 3358 3183 monte
3389 3129 3545 3185 Sina.

2721 3263 2952 3321 SERMO
2988 3262 3263 3320 CLXVIII.

2277 3394 2490 3469 Legitur
2517 3396 2569 3459 in
2591 3395 2798 3463 duobus
2823 3396 2981 3454 codd.
3007 3398 3265 3463 Florent..
3288 3414 3481 3472 nempe
3514 3401 3663 3457 Bibl.
3690 3401 3801 3458 Ila-

2203 3488 2325 3558 gell.
2365 3489 2483 3551 cod.
2513 3506 2596 3556 si,
2626 3489 2721 3553 fol.
2750 3490 2813 3544 57
2845 3491 2895 3559 b,
2931 3501 2984 3548 et
3023 3490 3160 3548 Bibl.
3199 3490 3383 3550 Fesul.
3416 3493 3547 3551 cod.
3581 3509 3672 3560 ιι,
3707 3494 3798 3550 fol.

2205 3578 2330 3635 257.

2280 3691 2421 3753 Edit.
2446 3708 2502 3747 n.
2530 3694 2580 3753 I.
2606 3692 2950 3760 Lectionibus,

3095 3692 3264 3751 Codd.
3291 3693 3615 3751 Secundum.
3651 3695 3801 3752 ναῶ

2206 3764 2449 3829 canticis,
2507 3766 2944 3835 sermonibusque,
3023 3766 3280 3821 electionis
3317 3767 3695 3836 confessionem
3725 3780 3800 3821 at-

2205 3844 2308 3888 CIC.

3034 3852 3130 3905 que
3175 3837 3498 3900 doctrinam.
3557 3840 3800 3907 quoniam

3034 3908 3160 3974 ﬁdes
3188 3908 3558 3961 misericordia
3589 3907 3691 3961 Dei
3713 3909 3802 3964 do-

2204 3990 2329 4029 num
2353 3984 2425 4031 est
2442 4016 2455 4039 ,
2478 3975 2798 4038 lectionibus.
2821 3978 3050 4043 canticis,
3075 3988 3177 4032 etc.

2275 4045 2335 4098 N.
2372 4046 2424 4101 ὅ.
2455 4046 2593 4101 Nam
2622 4048 2665 4103 si
2710 4046 2959 4117 gloriatus

2205 4126 2277 4189 est
2304 4116 2558 4171 Abraham
2576 4159 2590 4182 ,
2619 4134 2679 4171 ea:
2716 4116 2819 4186 ﬁde
2847 4121 2959 4189 glo—

2202 4188 2363 4240 riatus
2392 4196 2483 4242 est.
2856 4188 2866 4197 η

2275 4258 2407 4312 Ibid.
2427 4258 2479 4311 M
2488 4258 2833 4312 isericordiam
2847 4276 2962 4315 con-

2204 4338 2403 4391 secutus
2422 4346 2555 4387 sunt.
2582 4329 2627 4383 0
2655 4332 2928 4402 confessio!

2277 4470 2338 4525 N.
2377 4468 2431 4524 4.
2474 4471 2802 4543 Spectemus,
2847 4473 2958 4545 fra-

2205 4550 2325 4603 tres,
2358 4558 2505 4607 eum;
2535 4560 2804 4616 lmagnum
2846 4559 2964 4612 spe-

2201 4616 2475 4675 ctaculuni.

2278 4685 2409 4740 Ibid.
2440 4683 2560 4755 E_rat
2589 4684 2844 4752 inﬁdelis;
2875 4702 2963 4755 pa-

2204 4771 2317 4809 rum
2339 4764 2429 4809 est.
2455 4753 2614 4821 Erat,
2641 4766 2745 4810 etc.

2276 4896 2339 4950 N.
2389 4897 2442 4952 5.
2496 4896 2659 4952 Orare
2713 4896 2816 4964 ﬁde
2861 4912 2963 4952 non

3104 4047 3195 4107 Iid.
3220 4047 3341 4111 Non
3360 4048 3434 4104 sic
3453 4050 3711 4119 gloriatus
3730 4057 3803 4105 est

3030 4119 3318 4186 Abraham;
3342 4136 3403 4175 ea:
3422 4121 3529 4184 ﬁde
3551 4121 3805 4191 gloriatus

3033 4198 3123 4243 est.

3103 4259 3201 4314 Iid.
3231 4259 3651 4315 Misericordiarn
3679 4278 3803 4315 oen-

3031 4341 3234 4389 secutus
3256 4349 3399 4397 sum,
3436 4343 3492 4387 ut
3522 4334 3701 4400 ﬁdelis
3731 4350 3805 4389 ας

3038 4420 3162 4457 sem.
3194 4402 3238 4472 ζ)
3263 4403 3512 4472 confessio
3530 4404 3553 4455 .'

3105 4459 3237 4527 Cod.
3292 4459 3505 4538 Mdgell.
3584 4473 3802 4540 Specie-

3034 4559 3167 4605 ntus.
3192 4543 3392 4612 fratres,
3419 4561 3673 4614 magnum
3700 4560 3804 4611 spe-

3035 4616 3312 4673 ctacutum.

3109 4686 3277 4739 Codd.
3331 4682 3457 4739 Erat
3529 4686 3804 4750 inﬁdelis;

3029 4772 3215 4827 parum
3257 4764 3330 4809 est
3368 4756 3621 4825 infidelis.
3646 4755 3802 4823 Erat,

3041 4835 3146 4881 etc.

3106 4896 3199 4953 Iid.
3238 4896 3401 4955 Orare
3428 4897 3531 4961 ﬁde
3573 4914 3675 4952 non
3706 4914 3801 4967 po-

519 4986 622 5031 tate
664 4986 888 5047 tempora
932 4980 1138 5047 quieris,
1188 4978 1273 5032 ubi
1314 4996 1415 5033 non
1452 4987 1569 5032 sunt
1616 4987 1877 5049 tempora;
1914 4976 2100 5048 quatris

2224 4969 2442 5049 nossetis,
2471 4969 2568 5023 nisi
2609 4968 2765 5034 ﬁdem
2812 4968 2966 5025 habe-
3038 4968 3197 5033 testis,
3228 4968 3327 5025 nisi
3356 4967 3511 5036 fidem
3541 4969 3797 5024 habeatis.

516 5077 711 5137 ctates,
739 5070 824 5123 ubi
852 5086 951 5122 non
978 5078 1093 5123 sunt
1120 5076 1314 5123 tetates.

1072 5179 1305 5236 SERMO
1341 5179 1547 5235 CXLII.

589 5294 803 5366 Legitur
846 5297 897 5349 in
939 5294 1074 5348 God.
1118 5295 1327 5349 Cassia.
1360 5310 1453 5361 vn,
1486 5295 1579 5350 fol.
1614 5293 1735 5361 156,
1776 5295 1866 5366 ubi
1897 5296 2097 5351 confir-

519 5365 691 5418 matur
718 5367 929 5419 varians
959 5366 1118 5419 lectio
1144 5381 1261 5432 quae
1289 5366 1339 5419 in
1372 5366 1713 5420 Benediétinu
1744 5365 1976 5421 editione
2003 5368 2098 5421 ad-

518 5434 726 5488 ducitur
762 5436 842 5487 his
883 5454 935 5489 n.
972 5436 1002 5487 5
1035 5438 1235 5502 verbis,
1288 5434 1425 5504 Ergo
1470 5437 1798 5501 detumescat,
1850 5438 2096 5493 addendo

518 5514 703 5575 postea
729 5507 829 5560 tria
867 5505 979 5560 haec
1005 5508 1256 5571 verba,si
1274 5509 1419 5575 cupis
1445 5508 1662 5575 ingredi.

1046 5616 1274 5679 SERMO
1313 5616 1562 5683 CXLVII.

588 5728 869 5798 Logitnrin
883 5728 1003 5783 cod.
1020 5729 1256 5785 Floreat.
1272 5746 1492 5798 coniti,
1513 5731 1846 5799 Bibl.£dil.,
1861 5730 1953 5788 fol.
1970 5732 2095 5798 299,

520 5831 576 5875 et
606 5822 735 5876 Bibl.
767 5821 1001 5889 Mugell.,
1029 5822 1152 5877 cod.
1177 5838 1286 5887 xiv.
1319 5823 1411 5879 fol.
1436 5824 1558 5881 111.

2204 5050 2344 5091 retis.

2276 5109 2411 5162 Ibid.
2461 5108 2729 5175 Quomodo
2778 5109 2964 5177 prtedi-

2203 5181 2418 5243 cabunt,
2449 5182 2492 5232 si
2536 5195 2637 5232 non
2677 5180 2962 5233 mittantur.

2275 5249 2409 5305 Ibid.
2436 5249 2502 5303 Et
2525 5251 2683 5303 addat
2702 5250 2832 5303 bona
2852 5265 2968 5319 qua

2201 5336 2302 5374 non
2333 5322 2597 5375 habemus.

2275 5460 2407 5515 Ibid.
2438 5460 2464 5514 I
2474 5459 2683 5514 nvenisti
2710 5459 2846 5514 unde
2869 5461 2963 5513 du-

2204 5534 2325 5585 res?
2360 5531 2526 5583 Homo
2550 5532 2804 5593 mendice;
2829 5534 2965 5583 unde

2209 5604 2466 5657 habuisti?
2505 5601 2643 5673 Ergo
2692 5602 2825 5655 unde
2870 5601 2965 5654 da-

2206 5689 2284 5726 res
2315 5674 2506 5742 aliquid
2534 5672 2755 5726 habuisti
2772 5672 2798 5742 2

2280 5745 2342 5796 Ν.
2373 5741 2425 5797 6.
2458 5742 2573 5797 Una
2594 5759 2711 5797 voce
2733 5741 2888 5798 elisus
2916 5750 2966 5797 et

2209 5815 2433 5879 leuatus;
2461 5814 2636 5881 elisus,
2660 5824 2766 5870 etc.

3110 5109 3203 5162 Iid.
3235 5109 3503 5175 Quomodo
3547 5112 3797 5173 pradica-

3040 5180 3193 5243 bunt,
3214 5181 3311 5231 nisi
3339 5181 3631 5233 mittantur.

3110 5249 3206 5327 Iid,
3232 5247 3296 5327 Et
3317 5250 3661 5327 adderebonq
3681 5264 3793 5318 qua

3038 5337 3140 5373 non
3185 5320 3443 5373 habemus.
3496 5319 3631 5374 Vide
3654 5319 3792 5374 'var.

3035 5390 3201 5444 Mtiur.

3107 5460 3201 5514 Iid.
3233 5460 3483 5515 Invenisti
3522 5461 3661 5523 unde
3702 5462 3802 5513 da-

3036 5532 3155 5585 res?
3184 5530 3353 5585 Homo
3403 5531 3652 5593 mendice.
3706 5535 3801 5585 ha-

3037 5603 3187 5655 buisti
3239 5619 3360 5672 ergo
3411 5604 3546 5655 unde
3602 5602 3800 5655 dares!

3035 5672 3230 5742 aliquid
3252 5673 3473 5726 habuisti
3485 5675 3510 5726 ?
3658 5674 3661 5679 ⁷

3108 5743 3205 5797 Iid.
3241 5742 3359 5796 Una
3400 5760 3519 5797 voce
3560 5743 3719 5799 elisus
3746 5750 3801 5796 et

3037 5815 3228 5868 leuatus
3254 5824 3361 5879 est;
3385 5816 3559 5881 elisus,
3588 5827 3691 5869 etc.
