4012 6338
478 405 620 463 1175

482 527 600 592 gat,
622 515 664 571 si
692 514 880 599 possit,
902 518 949 566 et
979 510 1130 565 tollit.

550 657 685 714 Ibid.
711 654 888 709 Timor
907 651 1154 723 prohibet.

548 796 687 853 Ibid.
715 804 770 851 et
798 811 853 850 n.
879 795 965 850 10.
996 792 1100 849 8εά
1125 806 1233 844 ma-

480 872 589 925 lum
612 868 813 921 metuis.
851 865 986 932 Quid
1012 872 1085 917 est
1124 876 1234 932 mag

756 931 930 991 timere
1002 934 1195 986 malum
1213 931 1236 982 ?

1427 388 1803 450 SERMONUM
1845 385 2299 446 GENUINORUM
2335 387 2395 443 S.
2437 382 2805 443 AUGUSTINI

3611 386 3756 442 “76

1302 504 1348 559 si
1374 514 1569 576 posset,
1599 514 1647 557 et
1679 501 1892 556 tolleret.
1923 500 2056 555 Vide
2082 502 2135 563 Α
2159 500 2232 552 ita
2274 498 2422 551 terris
2459 497 2654 561 illuxit,
2698 506 2753 549 ut
2781 510 2882 550 non
2911 495 3164 550 desereret
3192 495 3365 563 cales,
3391 503 3440 550 et
3463 495 3538 550 ibi
3561 507 3753 552 ceterae

1304 575 1419 630 var.
1447 575 1613 627 Maur.

1370 644 1503 700 Cod.
1535 642 1747 713 Mugell.
1795 641 1967 695 Timor
2008 649 2056 695 te

1303 716 1519 770 cohibet.

1376 786 1472 840 Iid.
1502 786 1607 841 Sed
1635 785 1825 840 malum
1851 784 2053 838 metuis.

1310 855 1376 911 Et
1403 857 1555 924 latro,
1581 866 1686 913 etc.

552 955 636 993 um
667 982 681 1006 ,
756 955 930 991 timere
1002 955 1195 986 mtuum
1213 955 1231 982 ί

480 957 864 1080 yagnunrest,
899 1022 1001 1080 non
1030 1008 1195 1075 facere
1224 1000 1418 1054 malum
1438 1015 1457 1054 :
1484 1014 1729 1070 magnum
1755 1005 1859 1062 est,
1886 1012 2060 1052 amare

488 1076 694 1136 bonum.
724 1076 864 1131 Nam
890 1086 935 1130 et
968 1076 1125 1139 latro,
1152 1083 1255 1128 etc.

552 1150 616 1205 N.
649 1150 736 1203 11.
767 1148 871 1203 Sed
901 1145 1133 1200 desidera
1161 1143 1237 1197 vi-

483 1224 604 1275 dere
633 1218 818 1273 Deum.

554 1291 688 1345 Ibid.
723 1289 857 1355 Quia
901 1286 1093 1341 dictum
1122 1294 1236 1354 est,

485 1359 821 1415 dilectissimi.

551 1431 686 1487 Ibid.
718 1429 778 1485 Si
818 1430 951 1484 enim
980 1444 1123 1481 amas
1162 1427 1237 1480 vi-

394 1548 398 1552 .
485 1503 601 1556 dere
655 1500 819 1554 Deum
867 1508 1041 1565 tuum,
1088 1499 1133 1550 si
1185 1498 1238 1551 in

488 1575 585 1627 hac
658 1570 1064 1641 peregrinatione
1142 1567 1237 1620 illo

484 1658 658 1698 amore
691 1642 913 1710 suspiras
932 1656 966 1710 ;_
979 1654 1089 1691 ecce
1116 1652 1238 1706 pro-

485 1713 570 1766 bat
593 1723 639 1765 te
665 1708 911 1765 Dominus
932 1708 1073 1761 Deus
1099 1716 1235 1772 tuus,

484 1784 631 1854 quasi
658 1784 793 1836 dicat
835 1780 923 1834 tibi
948 1795 966 1834 :
997 1776 1131 1832 Ecce
1157 1778 1240 1847 fac

484 1856 622 1926 quod
646 1855 741 1920 vis,
766 1860 869 1906 etc.

1382 1141 1479 1196 lid.
1528 1141 1633 1196 Sed
1681 1137 1933 1194 desideres
1979 1138 2059 1191 vi-

1309 1212 1429 1266 dere
1464 1211 1644 1267 Deum.

1381 1281 1477 1339 lid.
1532 1282 1667 1347 Quid
1715 1280 1908 1333 dictum
1932 1280 2062 1351 est?

1311 1353 1650 1409 dilectissimi.
1826 1376 1829 1379 λ

1384 1423 1480 1477 lid.
1555 1423 1616 1479 Si
1683 1438 1824 1476 amas
1900 1422 2066 1476 videre

1312 1493 1479 1549 Deum
1506 1504 1649 1548 tuum
1668 1535 1681 1555 ,
1712 1494 1765 1546 in
1793 1492 1892 1546 hac
1922 1508 2065 1563 pere-

1312 1566 1598 1634 grinatione
1615 1566 1761 1619 illum
1777 1574 1878 1617 toto
1895 1579 2066 1617 amore

1311 1638 1552 1702 suspira,
1600 1637 1748 1689 illum
1808 1636 2062 1687 desidera.

1314 1703 1447 1779 Ecce
1473 1706 1696 1779 (addunt
1720 1705 1876 1779 codd.
1904 1706 2061 1779 male,

1310 1774 1397 1847 [ac
1443 1774 1566 1847 quo)
1614 1787 1661 1830 te
1706 1777 1919 1844 probare
1961 1777 2067 1828 vult

1311 1845 1452 1901 Deus
1467 1845 1605 1916 tuus,
1632 1858 1687 1901 ut
1707 1856 1950 1916 appareat
1974 1863 2066 1916 pro

1311 1920 1489 1986 quibus
1528 1920 1675 1972 rebus
1713 1920 1897 1986 diligas
1917 1934 2064 1983 eum,

486 2005 660 2049 utrum
682 2009 777 2064 pro
797 1995 985 2064 seipso,
1016 2006 1204 2064 an_pro
1233 1972 1638 2064 rebusterrenis,
1671 1972 1913 2058 quasvtibi
1935 1972 2067 2057 prce:

487 2067 639 2127 stitit,
672 2059 717 2118 et
747 2059 883 2117 dicat
906 2059 1027 2128 tibi,
1059 2059 1170 2115 Fac
1191 2059 1326 2127 quod
1352 2061 1444 2125 vis,
1468 2070 1572 2115 etc.

561 2136 694 2191 Ibid.
719 2133 925 2188 Gratias
950 2134 1155 2188 amasti.
1180 2131 1242 2187 Si

489 2223 608 2277 ergo
635 2222 797 2260 sermo
824 2221 982 2260 meus.

1387 2128 1485 2185 lid.
1532 2132 1617 2186 hic
1660 2130 1822 2185 multa
1871 2128 2069 2184 habent

1314 2216 1432 2270 qua:
1454 2217 1558 2256 non
1580 2203 1824 2270 leguntur
1840 2200 1889 2253 in
1909 2202 2066 2270 editt.;

1317 2268 1395 2326 sic
1437 2288 1454 2328 :
1502 2268 1672 2326 Gratis
1711 2272 1912 2324 amasti.
1956 2268 2070 2324 Hoc

420 2402 425 2407 .
491 2349 605 2403 ideo
653 2319 921 2412 diximus,
943 2346 1159 2414 fratres,
1208 2319 2068 2414 quia";qu'IiJsiinEiiiEifnégiil

492 2427 664 2489 gentes
692 2428 739 2471 et
769 2412 961 2489 tepidi,
994 2427 1068 2479 et,
1089 2416 1271 2489 quod”
1294 2412 1440 2489 pejus
1483 2424 1596 2489 est,
1619 2415 1772 2467 etiam
1812 2412 2068 2489 infidele§.

526 2491 577 2542 ui
599 2489 769 2541 dicunt
795 2484 882 2541 εὐ
892 2488 1053 2540 tinam
1077 2488 1159 2539 hic
1180 2484 1309 2538 mihi

1388 2499 1477 2537 cus
1497 2486 1551 2537 in
1577 2486 1672 2538 hoc
1693 2483 1876 2538 steculo
1899 2484 2071 2537 omnia

526 2576 625 2613 ona
666 2558 885 2611 tribuat!
916 2555 1039 2612 Non
1082 2558 1148 2609 ad
1194 2570 1274 2608 me
1311 2556 1525 2623 pertinet
1558 2556 1681 2625 quid
1724 2556 1777 2608 in
1808 2554 1979 2621 futuro
2009 2555 2072 2608 de

489 2644 569 2684 me
597 2630 706 2695 fieri
737 2628 871 2682 velit.
904 2626 947 2681 Ο
974 2628 1155 2697 infelix
1182 2624 1389 2697 anima!
1417 2624 1636 2680 Etiamsi
1670 2636 1715 2678 te
1744 2625 1879 2677 Deus
1908 2626 2073 2680 mittat

491 2700 544 2754 in
573 2716 801 2767 plenam,
831 2709 876 2751 et
908 2697 1261 2752 tantummodo
1292 2697 1473 2767 faciem
1502 2713 1648 2750 suam
1676 2705 1723 2749 te
1763 2697 1933 2749 videre
1972 2712 2074 2750 non

491 2772 775 2841 permittat,
801 2771 1044 2841 numquid
1075 2786 1177 2822 non
1199 2783 1277 2820 me

1280 2696 1318 2819 ἑ

1300 2768 1380 2821 ius
1407 2767 1571 2836 fuertit
1603 2777 1650 2821 te
1668 2784 1769 2821 non
1801 2767 1955 2836 fuisse
1980 2782 2073 2819 na-

491 2837 638 2895 tum?
662 2841 789 2893 Cum
814 2837 940 2894 vero
957 2840 1071 2909 fieri
1097 2856 1197 2893 non
1226 2837 1412 2905 possit,
1442 2848 1496 2892 ut
1518 2841 1601 2907 qui
1631 2839 1810 2908 faciem
1834 2839 1944 2908 ejus
1972 2853 2076 2891 non

492 2914 729 2965 meruerit
758 2908 963 2975 videre,
987 2913 1150 2983 ignem
1177 2919 1421 2983 aeternum
1457 2908 1670 2967 evadere
1698 2909 1889 2979 possit,
1919 2924 2076 2975 quare

492 2983 564 3035 sic
585 3000 726 3037 amas
750 2980 1019 3050 praesentis
1029 2981 1203 3036 saeculi
1224 2980 1555 3050 voluptatem,
1577 2991 1632 3035 ut
1650 2995 1751 3034 non
1773 2994 2077 3047 expavescas

494 3055 671 3107 teterni
699 3054 827 3123 ignis
856 3056 1110 3107 ardorem.

565 3121 958 3178 Ibid.Advocate
980 3139 1143 3191 prece,
1163 3121 1251 3176 hu-

496 3194 726 3263 militate,
743 3196 917 3248 dolore
928 3194 1249 3265 paenitentia.

572 3404 704 3461 Ibid.
747 3405 901 3458 Hanc
972 3376 1250 3460 scintillam

499 3476 619 3531 boni
648 3479 839 3530 antoris
867 3475 988 3543 [late
1008 3478 1063 3531 in
1092 3478 1245 3531 vobis.

498 3618 551 3674 in
581 3625 849 3683 terram,et
876 3619 997 3687 quid
1026 3619 1161 3684 volo,
1192 3619 1291 3673 nisi
1310 3628 1364 3673 ut
1392 3618 1592 3682 ardeat,

570 3688 703 3745 Ibid.
738 3686 1181 3745 Fenaconsumit.

1394 3122 1489 3177 Iid.
1520 3122 1774 3176 Advocate
1805 3137 1949 3192 prece
1981 3122 2078 3174 hu-

1324 3194 1573 3253 militatis.
1615 3193 1788 3247 dolore
1834 3195 2077 3261 paeniten-

1319 3267 1423 3319 tiae.
1442 3264 1529 3320 Sic
1551 3264 1775 3330 Lovan.,
1790 3274 1846 3316 et
1865 3264 2078 3332 quidem
2107 3264 2154 3328 C

1320 3336 1476 3402 bene.
1510 3334 1638 3388 Vitle
1669 3350 1781 3388 var.
1816 3335 1984 3388 Maur.

1396 3406 1489 3460 lid.
1502 3404 1651 3459 Hanc
1666 3405 1941 3459 scintillam
1963 3405 2080 3458 boni
2136 3448 2139 3449 ν

1323 3477 1516 3529 amoris
1542 3516 1558 3541 ,
1604 3476 1667 3528 de
1700 3493 1801 3545 qua
1833 3476 2081 3530 Dominus

1325 3548 1457 3601 dixit
1484 3562 1503 3600 :
1535 3545 1716 3617 Ignem
1746 3548 1852 3598 veni
1881 3548 2079 3600 mittere

1620 3619 1742 3687 flate
1770 3617 1823 3668 in
1849 3617 2008 3670 vobis.

1399 3688 1496 3744 lid.
1519 3687 1687 3761 Ligna
1705 3696 1983 3743 consumet.

995 3845 1227 3903 SERMO
1263 3845 1592 3903 CLXXXVI.
1696 3889 1701 3893 .

569 3962 786 4032 Legitur
811 3961 866 4017 in
905 3962 1026 4016 cod.
1060 3960 1211 4017 Cass.
1236 3976 1355 4028 ενι,
1386 3961 1480 4017 fol.
1506 3959 1641 4028 153,
1672 3960 1797 4029 ubi,
1826 3975 1879 4014 ιι.
1902 3960 1950 4028 I,
1985 3975 2084 4031 pro

500 4054 584 4109 nis
609 4054 806 4119 verbis,
836 4053 1107 4107 Exsultent
1133 4063 1326 4125 gentes.
1357 4050 1523 4107 Istum
1551 4054 1687 4107 diem
1717 4052 1861 4106 nobis
1884 4068 1982 4106 non
2004 4051 2083 4108 sol

502 4146 597 4201 iste
636 4144 845 4200 visibilis
866 4186 880 4210 ,
910 4145 998 4199 sed
1027 4146 1235 4198 Creator
1255 4146 1419 4214 ipsius
1458 4146 1721 4200 invisibilis
1746 4146 2081 4212 consecravit,

504 4236 749 4302 habetur,
781 4235 1053 4291 Exsultent
1073 4246 1261 4306 gentes,
1282 4238 1406 4306 quia
1427 4236 1596 4291 Maria
1613 4238 1770 4291 istum
1795 4238 1949 4306 diem,
1980 4251 2082 4290 non

504 4330 583 4382 sol
611 4328 706 4381 iste
733 4328 941 4383 visibilis
970 4331 1317 4383 consecravit.

1081 4466 1315 4524 SEBMO
1352 4466 1505 4523 CXC.

576 4585 797 4656 Legitur
836 4587 891 4640 in
923 4584 1045 4639 cod.
1086 4583 1237 4639 Cass.
1263 4598 1406 4651 cxvr,
1452 4582 1545 4639 fol.
1574 4582 1696 4652 102,
1734 4582 1825 4639 ubi
1851 4583 1964 4640 huic
1989 4599 2085 4640 va-

504 4679 646 4736 rians
674 4678 829 4733 lectio
861 4676 1083 4751 habetur
1104 4693 1159 4731 ιι.
1194 4676 1245 4729 1.
1272 4674 1401 4731 Post
1422 4675 1538 4730 haec
1563 4676 1744 4743 verba,
1781 4674 1848 4730 Ut
1875 4685 2053 4747 propte

505 4788 602 4827 nos
635 4779 802 4841 posset
830 4786 939 4826 esse
961 4770 1055 4825 sub
1085 4770 1191 4825 sole
1211 4808 1231 4838 ,
1260 4769 1469 4824 additur
1501 4769 1617 4825 haec
1645 4768 1931 4837 sententia,
1963 4786 2082 4840 qua:

506 4865 657 4921 deest
675 4866 730 4920 in
748 4863 879 4920 edit.
909 4882 922 4917 :
956 4862 1070 4919 Nec
1093 4865 1167 4917 ita
1185 4863 1277 4917 sub
1301 4864 1426 4927 sole,
1456 4873 1510 4917 ut
1533 4880 1637 4918 non
1656 4874 1705 4919 et
1724 4881 1877 4935 super
1900 4866 2078 4922 solem.

1071 5000 1303 5057 SERMO
1340 4999 1519 5057 CXCI.

577 5116 794 5187 Legitur
822 5116 875 5171 in
899 5114 1019 5171 cod.
1042 5113 1198 5197 Cass.
1226 5130 1321 5181 xu,
1350 5114 1443 5170 Iol.
1470 5114 1520 5182 5,
1551 5131 1670 5171 cum
1701 5118 1921 5172 exordio
1940 5117 2082 5187 quod

505 5209 842 5264 Benedictiui
882 5207 1181 5264 omiserunt
1226 5206 1279 5261 in

1334 5217 1503 5273 textu,
1553 5209 1646 5264 sed
1674 5209 1996 5264 addiderunt
2026 5210 2080 5266 in

507 5300 854 5371 variantibus,
881 5315 1041 5369 quas,
1067 5299 1153 5353 hic
1177 5298 1243 5353 ad
1265 5300 1547 5355 utilitatem
1570 5301 1782 5356 lectoris
1820 5317 1885 5357 eo
1915 5304 2085 5374 magis

507 5388 817 5444 referendas
834 5388 1103 5453 duximus,
1138 5388 1278 5457 quod
1308 5389 1359 5442 in
1392 5389 1629 5457 pluribus
1654 5390 1824 5445 codex
1854 5393 2077 5448 differat.

583 5479 887 5549 Unigenitus
916 5481 1148 5534 Christus
1176 5479 1271 5534 Dei
1306 5478 1475 5534 Filius
1502 5523 1515 5548 ,
1549 5497 1695 5536 verus
1741 5484 1818 5537 sol
1832 5486 2076 5555 justitice,

583 5670 596 5698 ¹
629 5664 792 5731 Edit.,
822 5665 908 5719 hic
928 5668 1082 5720 vitam
1101 5670 1359 5722 hominum
1388 5682 1645 5737 moresque
1659 5669 1925 5724 discernit.

583 5742 603 5770 ¹
649 5738 768 5803 Iid.,
801 5739 1018 5804 capitur.

582 5810 599 5839 ³
639 5806 734 5863 lid.
746 5847 760 5875 ,
782 5818 1006 5878 peccato.

2160 604 2391 662 manens,
2418 599 2465 642 et
2492 588 2574 642 hic
2596 588 2943 656 temporaliter
2969 588 3255 652 transiens;
3283 588 3353 642 ibi
3382 590 3747 659 sempiternum

2160 681 2472 735 constituens
2488 681 2620 734 diem
2645 719 2660 745 ,
2692 680 2775 733 hic
2800 680 3076 735 humanum
3107 682 3300 751 patiens
3329 683 3466 736 diem
3488 699 3511 750 ;
3538 683 3612 738 ibi
3639 684 3753 739 sine

2158 773 2406 826 horarum
2452 789 2605 827 cursu
2651 774 2937 842 perenniter
2957 775 3149 840 vivens,
3190 775 3272 828 hic
3297 776 3407 829 sine
3435 777 3633 846 peccati
3662 778 3744 831 in-

2158 880 2312 920 cursu
2365 863 2712 931 temporaliter
2754 865 3017 931 moriens;
3052 866 3122 919 ibi
3162 882 3468 936 permanens
3510 870 3615 922 vita
3643 869 3755 925 sine

2163 971 2370 1021 occasu,
2401 955 2483 1009 hic
2506 957 2664 1009 vitam
2702 965 2927 1010 nostram
2954 973 2985 1009 a
3020 958 3199 1012 mortis
3229 958 3449 1013 liberans
3492 975 3620 1013 casu
3644 977 3665 1027 ;
3685 961 3755 1014 ibi

2162 1050 2447 1121 majestatis
2472 1065 2578 1103 suae
2603 1049 2771 1104 calore
2821 1050 3134 1122 Angelorum
3168 1063 3357 1107 mentes
3378 1055 3638 1118 accendit,
3672 1055 3757 1108 hic

2160 1143 2268 1197 vita
2315 1142 2578 1197 hominum
2607 1151 2819 1197 mortem
2855 1143 3101 1197 discernit
3133 1146 3177 1198 ³.
3209 1148 3294 1199 lbi
3347 1145 3440 1200 lux
3475 1149 3707 1217 carpitur
3734 1149 3757 1179 ³

2162 1252 2317 1305 quam
2346 1245 2584 1291 peccator
2614 1235 2635 1266 ³
2681 1236 2857 1290 nullus
2884 1239 3167 1309 extinguit,
3201 1239 3281 1292 hie
3320 1240 3470 1293 homo
3498 1244 3756 1307 nascitur,

2164 1345 2253 1400 qui
2300 1336 2508 1396 peccato
2549 1327 2571 1358 ‘
2621 1338 2804 1382 cuncta
2860 1330 3145 1399 distinguit.
3202 1329 3285 1384 lbi
3316 1330 3453 1386 Deus
3484 1349 3600 1386 cum
3623 1332 3757 1399 Deo,

2166 1420 2249 1472 hic
2279 1418 2418 1473 Deus
2448 1427 2496 1472 et
2555 1419 2729 1475 homo.
2763 1418 2846 1474 Ibi
2901 1422 3071 1475 lumen
3116 1423 3180 1476 de
3228 1424 3434 1491 lumine,
3488 1425 3572 1478 hic
3617 1428 3759 1495 quod

2168 1512 2439 1568 illuminat
2484 1528 2699 1568 omnem
2730 1513 3002 1569 hominem
3032 1514 3209 1586 (Joan.
3247 1533 3285 1584 ι,
3313 1519 3452 1587 15.).
3484 1518 3570 1574 Ibi
3603 1522 3755 1575 verba

2168 1606 2319 1659 caelos
2332 1605 2579 1671 extendit,
2598 1604 2681 1658 hic
2696 1607 2830 1658 viam
2843 1608 3161 1675 perveniendi
3187 1610 3252 1661 ad
3281 1609 3434 1663 ctelos
3461 1613 3683 1665 ostendit
3709 1614 3754 1668 ⁸.

2169 1692 2253 1747 Ibi
2295 1700 2588 1764 mysterium
2646 1694 2926 1748 nativitatis
2981 1711 3087 1750 sua:
3129 1712 3241 1750 cum
3285 1695 3443 1753 Patre
3496 1700 3754 1767 firmavit,

2167 1786 2252 1841 hic
2282 1789 2508 1842 membra
2534 1787 2704 1842 carnis
2733 1804 2838 1843 sua:
2870 1789 2923 1841 in
2960 1796 3123 1843 matre
3152 1792 3407 1860 formavit.
3432 1790 3519 1844 lbi
3546 1795 3610 1846 ad
3630 1795 3750 1848 der-

2098 1886 2145 1945 B
2174 1888 2332 1933 teram
2366 1878 2542 1933 Patris
2582 1880 2798 1947 sedens,
2846 1880 2929 1933 hic
2952 1880 3005 1933 in
3044 1882 3294 1950 praesepio
3312 1884 3525 1951 jacens;
3572 1884 3637 1949 ibi
3664 1902 3751 1938 an-

2171 1972 2309 2042 gelos
2336 1987 2549 2041 pascens
2576 2013 2589 2037 ,
2617 1971 2700 2024 hic
2730 1972 2783 2024 in
2813 1982 2946 2025 terra
2982 1972 3223 2041 parvulus
3249 1975 3476 2028 esuriens
3500 1989 3522 2036 ;
3549 1975 3617 2027 ibi
3644 1992 3759 2045 per-

2172 2062 2318 2131 fectis
2347 2061 2682 2131 potestatibus
2712 2077 2919 2115 manens
2952 2060 3249 2129 inde/Sciens
3291 2066 3462 2132 panis,
3512 2064 3595 2119 hic
3653 2084 3767 2120 cum

2172 2154 2307 2207 natis
2359 2153 2642 2220 infantibus
2695 2154 2934 2209 alimento
2980 2156 3214 2227 indigens
3262 2159 3449 2225 lactis;
3500 2160 3573 2213 ibi
3638 2161 3769 2215 bona

2174 2248 2365 2318 faciens
2388 2288 2403 2306 .
2435 2248 2516 2300 hic
2546 2247 2683 2301 mala
2712 2250 2908 2317 patiens
2939 2265 2957 2313 ;
2995 2247 3066 2302 ibi
3094 2265 3351 2319 nunquam
3390 2252 3619 2305 moriens
3639 2294 3656 2317 ,
3689 2254 3771 2306 hic

2178 2351 2293 2409 post
2336 2352 2549 2395 mortem
2578 2353 2845 2412 resurgens
2870 2383 2885 2406 ,
2917 2352 2966 2396 et
2998 2345 3297 2399 mortalibus
3330 2356 3583 2399 internum
3612 2348 3770 2399 uitam

2176 2434 2498 2487 condonans.
2537 2433 2672 2488 Dens
2688 2433 2857 2502 factus
2881 2444 2956 2488 est
2981 2434 3153 2504 homo,
3169 2444 3225 2489 ut
3253 2436 3402 2490 homo
3424 2435 3570 2490 Deus
3602 2438 3774 2504 ﬁeret.

2180 2523 2433 2578 Formam
2463 2525 2591 2579 servi
2622 2525 2812 2595 accepit
2841 2524 3091 2579 Dominus
3111 2569 3125 2595 ,
3151 2534 3204 2578 ut
3233 2526 3380 2579 homo
3404 2534 3695 2581 verteretur
3719 2527 3773 2581 in

2177 2614 2462 2670 Dominum
2502 2616 2541 2671 ‘.
2589 2614 2842 2670 Cozlorum
2879 2616 3133 2671 habitator
3172 2628 3220 2672 et
3260 2620 3493 2673 conditor
3525 2619 3773 2674 habitarit

2176 2707 2231 2760 in
2251 2710 2419 2773 terris,
2442 2717 2499 2761 ut
2530 2708 2683 2762 homo
2706 2708 2768 2761 de
2790 2710 2939 2762 terris
2968 2709 3210 2782 migraret
3244 2712 3310 2763 ad
3337 2712 3507 2765 etzlos.

2249 2796 2390 2851 Edit.
2449 2797 2513 2852 N.
2580 2799 2629 2850 I.
2688 2799 2790 2863 Qui
2845 2816 2934 2868 per
3078 2800 3211 2855 (:od.
3243 2802 3343 2869 Qui
3368 2818 3455 2867 per
3479 2818 3599 2856 eum
3628 2813 3776 2858 tanta

2179 2869 2760 2938 eumtantaaccepimus
2780 2870 2936 2925 dona.
3008 2873 3295 2938 accepimus
3324 2874 3481 2925 dona.
3520 2873 3628 2928 Sed
3671 2875 3775 2926 huc

2182 2937 2402 3009 Pr0pter
2419 2941 2515 2994 hoc
2532 2978 2549 3008 ,
2579 2950 2683 2995 etc.
3007 2943 3199 2996 militas
3218 2946 3330 3014 ejus
3347 2954 3523 2996 nostra
3544 2945 3779 2998 sublimi-

3008 3022 3085 3066 tas
3114 3023 3207 3079 est,
3241 3025 3285 3067 et
3310 3030 3438 3067 crux
3464 3017 3579 3083 ejus
3592 3027 3777 3079 nostra

2179 3080 2389 3135 victoria
2409 3091 2501 3143 est,
2528 3082 2668 3136 illius
2689 3082 2971 3153 patibulum
3002 3094 3169 3138 noster
3193 3080 3610 3153 triumphus'est,
3634 3087 3779 3142 illius

2181 3168 2316 3205 mors
2348 3164 2523 3223 nostra
2554 3158 2652 3207 vita
2683 3165 2775 3207 est.
2827 3151 3048 3223 Propter
3072 3156 3165 3207 hoc
3188 3195 3205 3222 ,
3228 3166 3332 3211 etc.

2254 3224 2317 3275 N.
2352 3224 2403 3277 5.
2435 3222 2687 3278 Exhibere
2711 3222 2945 3279 Christo.
3083 3226 3160 3280 Id.
3230 3225 3483 3282 Exhibere
3546 3226 3774 3287 Christo.

2187 3291 2421 3347 Ecclesia
2443 3311 2583 3365 ergo,
2607 3302 2709 3351 etc;
3006 3296 3183 3351 Timeo
3213 3308 3380 3351 autem
3408 3316 3469 3352 ne
3496 3299 3635 3365 sicut
3668 3315 3777 3352 ser-

3007 3383 3133 3435 pens
3196 3366 3354 3421 Evam
3403 3363 3590 3438 fefellit
3634 3380 3777 3423 astu-

2186 3436 2257 3490 tia
2287 3451 2402 3509 sua,
2443 3446 2832 3505 corrumpantur
2856 3448 3249 3509 mentesﬁvestraz
3272 3456 3303 3490 a
3348 3436 3691 3509 simplicitate
3728 3450 3775 3494 et

2185 3508 2421 3579 castitate
2448 3523 2560 3579 quae
2596 3516 2670 3560 est
2698 3509 2751 3559 in
2772 3508 2995 3579 Christo.
3027 3507 3257 3579 Ecclesia
3286 3526 3427 3579 ergo,
3451 3507 3561 3564 etc.

2254 3576 2319 3631 N.
2352 3579 2405 3647 4.
2439 3576 2500 3630 Si
2540 3586 2811 3647 utrumque
2845 3578 2927 3632 ha-
3078 3578 3157 3640 Id.
3206 3579 3268 3633 Si
3298 3576 3519 3634 alterum
3569 3580 3768 3635 habere

2187 3650 2299 3701 bere
2328 3646 2516 3701 velitis.
2728 3646 2735 3647 ί
3007 3650 3189 3704 velitis.
3454 3678 3459 3683 ν

2260 3716 2394 3771 Ibid.
2425 3715 2493 3771 Et
2522 3718 2789 3789 virginitas
2820 3735 2939 3789 per-
3084 3722 3161 3775 Id.
3197 3720 3265 3775 Et
3292 3722 3566 3793 virginitas
3600 3739 3777 3793 perse-

2185 3796 2400 3843 severet.
2574 3800 2579 3803 '
3011 3800 3144 3872 veret
3176 3793 3228 3844 in
3261 3792 3465 3845 Christo
3500 3792 3635 3847 Iesu
3666 3792 3776 3847 Do-

3012 3878 3151 3916 mmo
3178 3873 3372 3916 ηοεινο.

2768 3970 2999 4028 SERMO
3037 3972 3187 4030 CCII.

2257 4084 2473 4156 Legitur
2502 4084 2554 4139 in
2585 4082 2709 4139 cod.
2758 4082 2911 4141 Cass.
2939 4101 3044 4153 ενι,
3104 4085 3195 4141 fol.
3244 4085 3379 4154 248,
3426 4085 3558 4152 ubi,
3598 4102 3653 4140 ιι.
3711 4087 3773 4152 2,

2184 4192 2282 4248 pro
2303 4178 2409 4244 his,
2435 4177 2659 4232 Sursum
2696 4177 2904 4248 angelos
2934 4192 3037 4231 non
3061 4178 3315 4243 deserens,
3357 4186 3401 4230 et
3432 4178 3684 4231 deorsum
3712 4180 3783 4231 ad

2183 4286 2238 4324 se
2266 4270 2497 4324 homines
2544 4284 2635 4339 per
2663 4267 2871 4339 angelos
2900 4269 3147 4338 colligens
3171 4309 3187 4335 ,
3209 4278 3257 4322 et
3285 4268 3601 4333 caelestibus,
3634 4277 3745 4322 etc.
3764 4308 3781 4336 ,

2184 4363 2445 4417 habentur
2483 4357 2760 4429 sequentia
2806 4374 2820 4410 :
2864 4357 3082 4414 Sursum
3113 4375 3214 4413 non
3244 4358 3501 4413 deserebat
3523 4357 3781 4428 angelos,

2184 4462 2230 4508 et
2252 4455 2489 4507 deorsum
2516 4452 2583 4505 ad
2599 4467 2652 4505 se
2679 4450 2908 4505 homines
2937 4450 3141 4505 vocabat
3164 4493 3179 4517 ,
3209 4468 3297 4521 per
3323 4449 3557 4521 angelos,
3582 4461 3631 4504 et
3664 4465 3785 4503 eum

2184 4545 2471 4599 hominibus
2517 4544 2794 4597 secundum
2840 4544 3098 4598 hominem
3139 4544 3194 4597 in
3249 4544 3403 4598 terris
3454 4541 3673 4612 degebat
3734 4549 3784 4593 et

2057 4693 2082 4729 Γ
2108 4658 2165 4721 D
2188 4636 2490 4703 coelestibus,
2522 4644 2627 4691 etc.

2736 4723 2966 4782 SERMO
3002 4724 3226 4783 CCVIII.

2194 4860 2197 4861 '
2259 4844 2550 4915 Legiturin
2575 4843 2698 4900 cod.
2727 4841 2877 4898 Cass.
2919 4858 3017 4911 xu,
3065 4842 3162 4899 fol.
3210 4840 3303 4907 88,
3342 4842 3437 4898 ubi
3473 4843 3594 4900 haec
3628 4844 3785 4903 initio

2186 4938 2472 5004 habentur,
2503 4952 2623 5008 quas
2651 4936 2846 4993 desunt
2872 4937 2926 4991 in
2974 4936 3134 4991 editis
3166 4954 3178 4989 :
3237 4935 3405 4992 Plura
3432 4939 3583 4995 nobis
3626 4942 3785 4998 simul

2187 5030 2394 5085 recitata
2419 5038 2561 5094 sunt,
2588 5038 2637 5084 et
2685 5030 2751 5083 de
2785 5029 3022 5083 omnibus
3074 5028 3156 5083 his
3204 5030 3377 5084 dicere
3404 5046 3500 5085 nec
3529 5035 3784 5101 temporis

2186 5121 2430 5186 brevitas,
2472 5135 2565 5173 nec
2586 5121 2910 5174 miseriarum
2945 5121 3249 5191 magnitudo
3276 5122 3549 5191 permittit.
3586 5123 3781 5179 Licebit

2186 5223 2353 5269 tamen
2382 5228 2445 5267 ex
2492 5212 2780 5283 ingentibus
2810 5211 2965 5283 [ϐοά.
2998 5212 3332 5285 exigentibus]
3362 5216 3563 5286 campis
3590 5231 3773 5286 paucas

2186 5304 2433 5374 flosculos
2473 5304 2654 5376 legere,
2688 5313 2736 5357 et
2778 5320 2880 5358 non
2908 5314 3159 5375 quantum
3202 5322 3322 5377 ager
3360 5307 3649 5374 exuberat,
3687 5307 3777 5361 sed

2186 5408 2435 5469 quantum
2489 5398 2726 5450 odoratui
2757 5397 2976 5466 sufficiat
3023 5413 3235 5467 capere;
3265 5400 3395 5453 sicut
3437 5409 3490 5453 et
3518 5416 3641 5453 aut
3666 5401 3779 5470 quis

2190 5490 2384 5545 accedit
2403 5489 2471 5543 ad
2504 5489 2715 5559 fontem,
2753 5506 2856 5543 non
2902 5489 2949 5544 ei
2997 5500 3197 5545 tantum
3223 5490 3429 5569 haurire
3454 5507 3660 5548 necesse
3679 5501 3777 5561 est,

2257 5672 2280 5703 '*
2308 5671 2431 5734 Iid.,
2460 5681 2687 5740 peccata.

2262 5744 2282 5772 ⁵
2319 5742 2477 5807 Cod.,
2512 5743 2672 5809 male,
2702 5742 2947 5798 ascendit.

2262 5813 2283 5843 ⁸
2319 5810 2475 5879 Cod.,
2497 5811 2654 5880 male,
2677 5812 2732 5867 in
2768 5811 3012 5870 Domino.
