4012 6338
269 336 403 395 H77

1468 340 1849 400 LECTIONES
1886 341 2300 407 VARIANTES.

3376 345 3516 407 1178

265 463 510 523 quantum
550 472 676 510 vena
705 454 841 511 dives
871 453 1142 523 effuderit,
1172 456 1261 512 sed
1289 468 1538 528 quantum
1557 467 1837 515 arescentes
1862 460 1911 521 A
1939 477 2182 551 sy‘narum
2207 482 2363 537 opera
2396 467 2649 551 quomodo
2676 468 2943 551 facturus?
2963 465 3058 522 Cui
3085 464 3284 551 frangis
3307 480 3512 551 panem,

265 548 351 603 siti
382 548 572 618 mitiget
612 548 808 618 fauces,
864 563 928 602 ne
973 550 1105 619 forte
1153 549 1271 617 plus
1314 552 1457 621 juste
1509 562 1711 623 sumpta
1747 553 1841 622 fiat

265 640 490 711 palantis
518 639 697 695 salutis
738 641 875 695 unda
925 640 1194 712 pernicies.
1232 640 1299 697 Et
1337 644 1578 714 quoniam
1620 646 1842 701 solemne

265 742 483 801 tempus,
517 739 622 788 etc.

339 823 544 880 Deinde
567 824 680 880 haec
712 826 932 895 insuper
952 824 1173 881 variant.

337 912 600 997 Edit._
630 914 679 967 I.
723 915 1010 970 Dimicatu-
1154 915 1288 997 ϐοά.
1348 917 1698 977 Dimicaturus
1744 938 1832 977 ac-

262 1001 351 1040 rus
380 989 622 1069 accipiat:
673 1058 684 1068 .
730 1058 741 1068 θ
1084 989 1285 1044 cendat.

269 1126 301 1139 Α.
330 1056 396 1139 Ν.
428 1057 483 1111 2.
507 1055 610 1139 libi
632 1056 762 1139 nihil
792 1059 854 1112 de
871 1074 1009 1139 .apo-
1113 1133 1124 1139 _
1154 1060 1232 1139 Id.
1265 1058 1553 1139 Ubiﬂnihil
1607 1064 1669 1139 de
1711 1080 1840 1132 apo-

260 1126 438 1195 thecis,
465 1128 591 1184 nihil
613 1128 677 1184 de
710 1128 933 1186 sacculo.
1082 1132 1280 1213 thecis,
1328 1130 1459 1213 nihil
1500 1134 1570 1213 _de
1622 1126 1835 1213 horreo,

1081 1202 1214 1255 nihil
1242 1204 1304 1256 de
1334 1204 1543 1259 cellario
1568 1246 1583 1273 ,
1611 1205 1742 1261 nihil
1773 1206 1836 1261 de

1082 1274 1310 1342 sacculo,
1344 1284 1450 1331 etc.

781 1384 1014 1442 SERMO
1051 1384 1301 1445 CCXVII.

325 1498 542 1569 Legitur
564 1497 617 1553 in
644 1496 765 1554 cod.
788 1498 944 1555 Cass.
974 1516 1071 1570 xu,
1104 1500 1199 1557 fol.
1225 1501 1315 1557 95.

324 1592 470 1668 Edit.
495 1591 559 1647 N.
591 1590 863 1668 LCenuit
891 1594 1006 1668 qui-
1096 1595 1282 1668 Cod.
1319 1666 1326 1668 _
1370 1595 1557 1651 Genuit
1628 1599 1834 1668 quidem

252 1664 368 1719 dem
403 1664 591 1739 fontem
635 1665 768 1733 fons,
824 1664 923 1739 sed_
960 1674 1007 1719 et
1080 1665 1273 1734 fontem
1302 1666 1418 1735 fons
1442 1709 1457 1734 ,
1487 1668 1577 1723 sed
1605 1664 1651 1722 ei
1683 1687 1836 1739 gene-

249 1750 496 1811 generans
537 1735 672 1811 fons,
714 1743 764 1811 et
806 1736 1006 1805 genitus
1076 1753 1200 1793 rans
1225 1739 1360 1809 fons.
1391 1747 1441 1792 et
1460 1740 1664 1809 genitus
1683 1735 1828 1811 fons,

251 1806 368 1876 fons
385 1823 405 1860 :
421 1806 864 1876 quemadmodum,
897 1814 1000 1863 etc.

1077 1882 1303 1947 modum,
1337 1892 1441 1936 etc.

320 1948 385 2003 N.
411 1948 466 2003 2.
489 1948 723 2004 Audistis
742 1949 873 2020 quid
904 1967 1000 2018 pro
1145 1950 1223 2007 Id.
1253 1952 1485 2007 Audistis
1530 1954 1652 2021 quid
1687 1956 1830 2010 nobis

251 2020 396 2094 nobis
458 2031 627 2094 oraret
660 2061 701 2094 ,Δ
726 2021 829 2075 imo
880 2023 1004 2091 quid
1075 2024 1424 2094 o_ravit,iimo
1449 2026 1573 2094 quid
1611 2042 1665 2081 se
1702 2029 1830 2082 velle

248 2093 417 2146 vellet.
452 2091 597 2146 Dixit
622 2109 640 2146 :
670 2090 844 2159 Pater,
875 2090 1003 2163 quos
1074 2092 1204 2148 dixit
1235 2112 1253 2149 :
1275 2090 1613 2162 Pater,'quos
1643 2097 1832 2153 dedisti

245 2163 439 2218 dedisti
464 2164 611 2228 mihi,
656 2164 769 2217 volo
817 2174 871 2216 ut
917 2164 1004 2217 ubi
1074 2165 1242 2229 mihi,
1292 2166 1406 2221 volo
1470 2176 1523 2220 ut
1576 2168 1664 2221 ubi
1715 2184 1831 2222 sum

245 2251 355 2306 sum
408 2251 543 2305 ego,
594 2235 661 2288 ibi
720 2234 823 2288 sint
877 2234 996 2302 ipsi.
1071 2252 1186 2303 ego,
1222 2237 1293 2291 ibi
1320 2239 1423 2291 sint
1446 2239 1633 2306 et.ipsi.
1672 2237 1828 2306 Volo,

252 2303 411 2373 Volo,
438 2303 627 2381 inquit
654 2315 755 2381 ,‘ut
786 2306 871 2358 ubi
901 2322 992 2374 ego
1071 2306 1267 2381 Pater;
1300 2308 1438 2381 quod
1464 2303 1543 2381 vis
1564 2310 1719 2381 facio,
1750 2303 1833 2379 fac

245 2393 375 2443 sum,
415 2387 461 2433 et
509 2376 610 2447 ipsi
649 2377 747 2430 sint
772 2393 986 2432 mecum.
1061 2380 1202 2447 quod
1220 2376 1358 2453 volo.
1379 2378 1615 2453 Quid?ut
1638 2380 1724 2435 ubi
1740 2376 1831 2453 ego

1059 2466 1200 2515 sum,
1231 2460 1279 2505 et
1304 2450 1405 2517 ipsi
1421 2450 1524 2505 sint
1540 2467 1759 2507 mecum.

1133 2520 1211 2576 Id.
1235 2522 1361 2575 Post
1401 2524 1825 2578 resurrectionem

1066 2592 1321 2649 laudatio.
1364 2592 1627 2648 Nonnulli
1679 2593 1833 2650 Clirio

1066 2664 1350 2718 stianorum
1369 2705 1384 2724 ,
1428 2664 1645 2733 fratres,
1693 2667 1834 2721 a’sti-

245 2743 438 2790 mantes
454 2734 746 2789 Divinitatis
761 2744 1013 2806 praecepta
1022 2736 1311 2807 religiosius
1321 2734 1607 2797 observare,
1623 2745 1833 2804 printer-

249 2807 407 2861 missa
427 2806 691 2861 devotione
707 2806 1135 2878 quadragesima,
1160 2809 1307 2879 cujus
1337 2823 1471 2861 nunc
1492 2815 1688 2876 tempus
1716 2824 1835 2878 per-

243 2878 436 2933 solvere
456 2887 636 2931 curant
668 2920 682 2943 ,
712 2879 1189 2948 quinquagesimum
1214 2895 1267 2938 se
1295 2880 1463 2949 facere
1489 2879 1834 2933 mentiuntur:

246 2965 361 3003 cum
389 2950 439 3002 id
468 2965 624 3018 neque
663 2950 843 3005 divinis
864 2950 1130 3018 jubeatur,
1172 2965 1331 3016 neque
1371 2950 1617 3004 traditum
1645 2951 1711 3003 sit
1740 2966 1836 3005 au-

246 3021 793 3092 ctoritatemajorum.
833 3021 962 3076 Sola
999 3023 1156 3092 igitur
1181 3021 1340 3075 animi
1366 3021 1563 3091 faciunt
1588 3036 1833 3091 prtesum-

244 3092 436 3161 ptione.
465 3091 528 3146 Et
560 3093 679 3147 dum
692 3100 879 3167 putant
904 3091 1212 3167 serderotius
1238 3110 1404 3167 agere,
1437 3094 1834 3167 superstitiosius

243 3176 626 3239 conuersentur.
673 3165 813 3239 Dicit
842 3182 895 3220 se
916 3166 1190 3239 _observare
1221 3165 1725 3239 Quinquagesimam,
1747 3168 1833 3236 qui

315 2519 381 2574 N.
406 2519 458 2573 5.
495 2518 622 2574 Post
660 2520 991 2576 resurrectio—

244 2607 356 2647 nem
384 2591 634 2646 laudatio.
672 2618 677 2621 η

244 3235 372 3299 forte
418 3236 870 3307 Quadragesimam
906 3237 1119 3304 implere
1165 3240 1250 3292 via:
1295 3235 1480 3306 possit:
1525 3235 1725 3291 Bonum
1751 3235 1898 3304 estC

242 3307 443 3380 quidem
481 3308 675 3361 cunctis
719 3309 1029 3380 temporibus
1057 3310 1332 3380 jejunare,
1361 3308 1450 3362 sed
1479 3310 1656 3380 melius
1688 3308 1828 3375 Qua-

244 3378 841 3451 dragesimamriejiinare
860 3396 975 3434 cum
996 3378 1219 3435 Christo.
1248 3378 1400 3433 Hanc
1430 3379 1563 3434 enim
1590 3380 1828 3447 Quadra-

238 3449 484 3523 gesimam
513 3449 657 3523 nobis
685 3449 938 3505 Dominus
968 3467 1069 3523 suo
1086 3452 1284 3523 iejunio
1314 3451 1827 3523 consecravit._Quod

372 3520 588 3643 ieﬁunio,
610 3522 975 3606 notejejuniis.
1024 3519 1353 3607 (litanienim
1568 3520 1664 3593 est]
1684 3524 1828 3605 jeju-

240 3606 384 3646 nium
462 3608 620 3645 omini
653 3596 777 3647 luit.
808 3611 894 3647 aui
926 3601 1234 3647 continuatis
1262 3610 1365 3647 oua
1405 3604 1608 3647 raainta
1650 3594 1828 3647 diebus

240 3591 384 3646 nium
411 3591 634 3665 Domini
650 3594 746 3665 fuit
764 3591 894 3663 {qui
926 3596 1234 3648 continuatis
1262 3591 1608 3665 quadraginta
1646 3591 1829 3652 diebus

236 3661 546 3735 e_t_noct_ibus
567 3661 757 3715 'cibuni
803 3661 1009 3735 omnino
1034 3681 1137 3718 non
1165 3661 1403 3731 sumpsit.
1442 3664 1683 3734 Quisquis
1707 3681 1827 3735 ergo

236 3731 561 3805 Christianus
616 3733 1007 3788 consecrandam
1044 3735 1338 3805 jejunando
1385 3750 1488 3787 non
1548 3731 1830 3801 impleverit

241 3802 702 3875 Quadragesimam
726 3848 742 3873 ,
774 3802 1205 3875 prtevarica'tionis
1249 3814 1299 3860 et
1337 3805 1671 3859 contumacia:
1711 3823 1828 3861 reus

238 3874 508 3947 tenebitur,
541 3876 676 3943 quod
721 3874 879 3947 legem
907 3876 1151 3929 divinitus
1182 3892 1277 3945 pro
1321 3876 1487 3931 salute
1510 3891 1600 3929 sua
1625 3877 1821 3946 datam,

237 3945 538 4017 prandendo
580 3947 687 4017 ipse
728 3945 991 4017 rés_eiitdit.
1043 3947 1310 4002 Rescindis
1347 3947 1482 4001 enim
1523 3948 1714 4017 legem,
1737 3950 1827 4017 qui

237 4016 528 4088 exemplum
555 4015 740 4088 iejunii
781 4015 989 4088 Domini
1018 4034 1120 4088 non
1149 4017 1398 4073 custodis.
1449 4015 1630 4083 Qualis
1656 4015 1827 4073 autem

238 4081 561 4159 Christianus
583 4081 658 4154 es,
690 4089 776 4155 qui
801 4087 1025 4159 Domino
1053 4087 1336 4159 ieiunante,
1364 4081 1617 4159 prandis?
1643 4089 1826 4159 Qualis

238 4157 559 4231 Christianus
588 4174 663 4225 es,
694 4160 803 4228 qui,
830 4158 1032 4214 Christo
1083 4157 1334 4215 esuriente
1358 4157 1425 4231 te
1444 4158 1593 4231 [Cod.
1630 4157 1709 4230 tu]
1748 4177 1827 4214 re~

237 4229 390 4299 ficis?
419 4228 521 4302 llle'
546 4246 640 4300 pro
683 4230 850 4285 salute
880 4240 969 4284 tua
1010 4231 1197 4300 famem
1236 4228 1474 4296 sustinet,
1505 4238 1563 4284 tu
1587 4228 1826 4302 pro'pec-

239 4302 369 4353 catis
392 4301 490 4354 tuis
507 4302 751 4373 jejunare
770 4302 1042 4372 formidas.
1062 4301 1461 4373 Abstineamusa
1475 4302 1609 4356 vitiis
1633 4301 1825 4373 carnis,

240 4379 295 4424 ut
323 4371 612 4442 repleantur
631 4373 693 4426 de
712 4371 903 4427 divitiis
926 4374 1146 4427 tuleritis.
1176 4371 1243 4427 In
1268 4371 1363 4442 illa
1385 4373 1517 4426 enim
1536 4373 1637 4426 vita
1657 4372 1826 4440 ipsum

236 4443 333 4515 erit
382 4441 645 4515 negotium,
683 4454 915 4515 nostrum
962 4444 1018 4498 in
1062 4459 1218 4515 regno
1258 4441 1356 4497 Dei
1384 4442 1572 4515 videre,
1625 4458 1821 4511 amare,

237 4511 475 4569 laudare.
510 4513 650 4581 Quid
678 4515 813 4570 enim
855 4514 923 4569 ibi
952 4511 1136 4569 acturi'
1158 4515 1373 4569 sumus?
1398 4512 1466 4568 In
1492 4514 1590 4567 isto
1634 4516 1823 4569 sarculo

236 4599 392 4653 opera
429 4586 535 4639 alia
564 4596 682 4640 sunt
711 4586 1020 4641 necessitatis
1044 4626 1061 4653 ,
1093 4586 1199 4641 alia
1227 4594 1345 4640 sunt
1373 4585 1676 4654 iniquitatis.
1713 4585 1825 4640 Ne-

240 4656 489 4710 cessitatis
515 4670 670 4727 opera
697 4674 809 4727 qua:
852 4658 1008 4711 sunt?
1034 4657 1303 4721 seminare,
1336 4672 1506 4723 arare,
1540 4655 1816 4727 iiovellare,

236 4727 503 4799 navigare,
528 4725 736 4794 molere,
766 4744 999 4799 coquere,
1022 4737 1187 4782 texere
1206 4768 1219 4790 ,
1249 4735 1295 4781 et
1326 4727 1371 4782 si
1394 4742 1495 4797 qua
1520 4725 1709 4799 similia
1735 4742 1823 4780 ne-

238 4798 578 4870 cessitatis,“
607 4800 700 4870 i_lla
742 4796 900 4870 opera
941 4808 1116 4853 nostra
1161 4799 1292 4870 bona
1340 4796 1658 4870 necessitatie
1703 4806 1824 4851 sunt

236 4866 396 4939 [Cod.
419 4868 548 4943 est].
598 4866 859 4943 Frangere
902 4885 1097 4943 panem;
1136 4868 1376 4943 esurienti
1425 4884 1526 4921 non
1570 4866 1723 4943 habes
1767 4876 1823 4922 tu

236 4939 605 5007 necessitatem,
619 4942 709 4995 sed
732 4939 877 4995 liabet
895 4941 1001 5004 ille,
1016 4939 1098 4994 cui
1131 4940 1327 5008 frangis
1348 4954 1529 5008 panem
1547 4955 1568 5003 ;
1595 4939 1821 5008 recipere

232 5013 581 5081 peregrinum.
605 5013 786 5067 vestire
813 5012 1028 5075 nudum,
1044 5009 1293 5065 redimere
1314 5009 1820 5081 captivum-visitare

232 5089 449 5150 agrum,
473 5082 598 5137 dare
617 5084 886 5138 consilium
911 5081 1237 5148 deliberanti,
1261 5081 1475 5136 liberare
1496 5097 1813 5149 oppressum,

232 5153 409 5205 omnia
433 5154 531 5208 ista
580 5155 649 5207 ad
678 5154 1046 5223 eleemosynam
1091 5156 1372 5221 pertinent;
1402 5168 1555 5222 opera
1580 5161 1698 5223 sunt
1725 5169 1817 5207 ne-

233 5224 503 5277 cessitatis.
548 5224 839 5292 lniquitatis
886 5222 1000 5293 quae
1045 5224 1203 5277 sunt?
1252 5223 1450 5293 furari,
1496 5222 1818 5289 latrocinari,

233 5296 502 5356 inebriari.
529 5295 644 5349 alea
688 5292 1076 5362 ludere,faznus
1112 5295 1331 5364 exigere.
1364 5292 1434 5347 Et
1469 5295 1582 5363 quis
1611 5309 1817 5349 enume-

232 5374 318 5419 rat
362 5368 533 5420 omnia
580 5369 716 5435 facta
761 5365 1084 5436 iniquitatis?
1128 5363 1314 5419 Inillo
1350 5380 1507 5435 regno
1538 5380 1641 5417 non
1669 5374 1823 5421 erunt

233 5450 396 5503 apera
421 5438 885 5506 necessitatis,quia
909 5435 1053 5489 nulla
1081 5435 1149 5488 ibi
1169 5436 1263 5488 erit
1290 5437 1516 5498 miseria,
1541 5450 1642 5506 non
1672 5446 1822 5490 erunt

233 5520 396 5578 opera
423 5509 720 5577 iniquitatis,
740 5504 859 5578 quia
887 5506 1031 5559 nulla
1056 5507 1124 5559 ibi
1149 5508 1241 5560 erit
1264 5506 1516 5578 molestia.
1552 5504 1649 5578 Ubi
1674 5507 1821 5578 nulla

233 5576 333 5630 erit
381 5576 609 5646 miseria,
637 5576 900 5633 noii'siint
947 5592 1103 5647 opera
1151 5577 1501 5641 necessitatis;
1544 5577 1629 5632 ubi
1672 5577 1821 5632 nulla

232 5649 456 5716 malitia,
481 5666 583 5704 non
610 5660 729 5704 sunt
752 5665 906 5718 opera
926 5650 1229 5718 iniquitatis.
1265 5647 1403 5719 Quid
1426 5649 1562 5701 enim
1590 5650 1821 5719 facturus

233 5726 289 5771 ut
335 5723 627 5789 manduces,
658 5716 862 5792 quando
910 5716 1054 5775 nemo
1079 5720 1275 5774 esurit?
1314 5716 1422 5774 Illa
1451 5720 1565 5788 ipsa
1591 5716 1821 5775 'eleemo-

1846 4625 1903 4688 ι)
1928 4612 2129 4688 minicte
2148 4655 2164 4682 ,
2187 4612 2440 4681 quomodo
2461 4619 2650 4688 Apetant
2662 4627 2681 4673 ,'

1946 534 2422 620 ubihnemo'eget?
2460 539 2631 620 Quem
2677 534 2851 620 visitas
2898 534 3112 609 agrum,
3140 534 3515 620 ubi.p.erpetua

1941 605 2136 661 sanitas
2158 605 2441 678 perseberat
2457 612 2483 663 ἔ)
2507 610 2667 674 Quem
2690 626 2739 663 se
2807 611 2868 664 lis
2894 605 3173 675 mortuum,
3196 605 3281 662 ubi
3304 605 3516 663 inimor-

1941 677 2113 731 talitas
2142 695 2399 733 nunquam
2438 682 2695 733 moritur?
2726 626 2947 733 meum
2972 697 3128 733 opera
3166 680 3515 733 necessitatis:

1941 677 2113 731 talitas
2142 677 2399 746 nunquam
2438 682 2695 736 moritur?
2726 677 2947 737 Pereunt
2972 697 3128 751 opera
3166 680 3515 745 necessitatis;

1941 762 2109 823 opera
2134 751 2612 823 auteminiquitatis
2638 753 2682 805 si
2712 752 2792 805 hic
2821 753 3017 823 feceris,
3051 752 3158 806 illic
3205 766 3307 805 non
3345 768 3516 823 pet-ve:

1940 820 2040 891 nis.
2073 820 2209 885 Quid
2249 821 2319 874 ibi
2360 820 2542 891 facturi
2588 839 2781 885 sumus,
2810 820 2959 877 dicite
3000 823 3161 876 mihi?
3198 820 3517 877 dormituri!

2066 892 2199 946 enim
2225 888 2454 948 homines
2479 910 2580 947 non
2604 894 2841 948 habentes
2861 893 2996 964 quod
3023 902 3197 965 agant,
3223 894 3514 959 dormiunt;

1938 959 2009 1017 ibi
2033 978 2239 1047 somnus
2260 980 2360 1047 non
2383 973 2475 1046 est,
2503 965 2622 1032 quia
2642 959 3194 1047 nulla-defectio_.:Non
3216 981 3335 1047 ergo
3357 982 3515 1047 opera

1940 1035 2245 1108 necessitatis
2273 1036 2458 1103 acturi,
2490 1053 2591 1108 non
2631 1036 2921 1098 dormituri.
2944 1038 3067 1108 quid
3093 1035 3286 1108 facturi
3304 1038 3515 1092 sumus?

1941 1103 2108 1159 Nemo
2136 1116 2433 1178 expavescat
2473 1107 2722 1178 gladium;
2763 1125 2907 1162 nemo
2949 1103 3158 1175 piitet’et
3188 1106 3257 1160 ibi
3286 1109 3516 1177 futurum

1939 1178 2168 1232 aedium.
2203 1177 2481 1245 Numquid
2511 1178 2661 1232 modo
2691 1180 2868 1233 tatdias
2908 1196 3062 1234 sanus
3085 1195 3209 1233 esse.
3246 1177 3427 1232 Omnia
3460 1182 3516 1234 in

1938 1250 2123 1319 s_teculo
2149 1248 2332 1303 habent
2362 1249 2627 1319 fastidium
2663 1255 2891 1304 :sanitas
2920 1267 3021 1305 non
3052 1251 3196 1303 liabet
3226 1250 3510 1319 fastidium.

1938 1316 2001 1374 Si
2034 1321 2227 1374 sanitas
2257 1316 2371 1374 non
2405 1320 2553 1373 habet
2595 1320 2894 1390 fastidium,
2923 1316 3277 1375 immortalitas
3317 1321 3515 1376 habebit

1939 1391 2240 1462 fastidium?
2273 1391 2400 1457 Quae
2424 1391 2519 1446 erit
2547 1407 2667 1462 ergo
2692 1393 2824 1446 actio
2863 1394 3073 1446 nostra?
3094 1394 3250 1445 Amen
3268 1434 3282 1457 ,
3314 1401 3361 1445 et
3387 1393 3515 1447 alle-

1937 1459 2065 1515 luia.
2099 1460 2197 1517 Hic
2228 1463 2361 1534 enim
2400 1459 2619 1534 agimus'
2636 1462 2806 1534 aliud,
2842 1462 2911 1517 ibi
2936 1463 3100 1527 aliud,
3143 1479 3247 1517 non
3278 1463 3390 1516 dico
3431 1465 3515 1518 die

1935 1537 1984 1584 et
2008 1543 2171 1596 nocte,
2201 1533 2289 1587 sed
2318 1534 2411 1588 die
2430 1533 2540 1589 sine
2566 1534 2687 1603 ﬁne.
2722 1533 2851 1600 Quae
2880 1535 3030 1588 modo
3062 1542 3327 1603 potestates
3365 1533 3515 1589 calo-

1934 1605 2086 1657 rum?
2116 1603 2387 1673 Seraphim
2412 1605 2520 1658 sine
2548 1604 2697 1658 twdio
2746 1606 2918 1659 dicunt
2945 1622 2961 1659 :
2986 1604 3241 1668 Sanctus,
3274 1616 3511 1669 sanctus,

1935 1685 2153 1747 saucius
2186 1674 2327 1747 petis
2370 1674 2602 1747 Sabaoth
2634 1675 2816 1747 (Apoc.
2845 1692 2916 1742 iv,
2949 1677 3028 1743 8).
3059 1676 3173 1730 Hoc
3200 1676 3375 1728 dicunt
3406 1676 3515 1731 sine

1933 1744 2925 1829 tli‘edio."Nii_ni-quid.modoqfatigatur
2968 1748 3145 1829 pulsus
3187 1762 3326 1829 orna:
3368 1749 3514 1829 luat?

1077 1812 1490 1912 ~estmf'qns
1534 1827 1555 1865 :
1583 1814 1829 1880 quemad-
1856 1851 1906 1912 Β
1936 1814 2193 1912 Quamdiu
2219 1812 2340 1912 vriv‘is'
2369 1817 2547 1899 pulsus
2564 1812 2728 1912 ⁸Ιιιιιὶρι
2751 1812 2881 1900 vena
2912 1812 3019 1912 tua.
3054 1819 3260 1912 Aliquid
3287 1818 3432 1887 facis,
3464 1827 3513 1912 et

1934 1888 2201 1958 fatigando
2232 1888 2487 1959 fatigaris,
2531 1897 2578 1941 et
2619 1889 2920 1957 requiescis,
2952 1900 3002 1941 et
3033 1888 3166 1943 redis
3192 1890 3259 1942 ad
3286 1904 3432 1957 Opus,
3464 1899 3513 1944 et

1931 1973 2055 2031 vena
2084 1969 2172 2013 tua
2202 1977 2301 2014 non
2333 1961 2596 2031 fatigatur.
2643 1959 2909 2026 Quomodo
2938 1976 3064 2013 vena
3090 1970 3178 2014 tua
3206 1976 3308 2013 non
3327 1960 3513 2029 fatiga-

1932 2038 2015 2083 tur
2041 2030 2096 2084 in
2125 2031 2289 2084 salute
2320 2029 2524 2095 t‘ua,'sic
2552 2029 2731 2100 lingua
2759 2041 2865 2096 tua,
2894 2039 2939 2084 et
2965 2046 3051 2083 cor
3081 2040 3223 2084 tuum
3260 2047 3357 2084 non
3390 2031 3511 2100 fati-

1932 2110 2086 2171 gatur
2131 2103 2183 2155 iii
2234 2101 2473 2155 laudibus
2503 2100 2619 2166 Dei,
2650 2101 2704 2155 in
2738 2100 3128 2171 immortalitate
3175 2111 3281 2155 tua.
3327 2101 3511 2156 Audite

1934 2170 2276 2226 testimonium
2301 2174 2489 2243 negotii
2519 2171 2689 2243 vestri.
2718 2170 2853 2235 Quid
2878 2182 2950 2227 est
2979 2172 3168 2243 negotii
3193 2173 3391 2225 nostri?
3418 2172 3512 2226 hoc

1932 2244 2211 2313 negotium,
2238 2240 2397 2297 otium
2421 2251 2495 2295 est
2517 2242 2555 2295 ⁸.
2587 2240 2819 2295 Otiosum
2836 2240 3090 2309 negotium
3116 2243 3237 2313 quid
3251 2244 3275 2313 2
3296 2243 3512 2313 laudare

1935 2312 2123 2376 Deum.
2158 2314 2345 2368 Audite
2369 2313 2490 2367 inde
2517 2314 2819 2368 sententiam
2840 2330 2859 2368 :
2883 2313 3029 2368 Beati
3073 2314 3161 2382 qui
3193 2312 3431 2368 habitant
3457 2312 3510 2368 in

1933 2384 2092 2457 domo
2120 2395 2207 2457 tua
2238 2385 2408 2457 (Psal.
2440 2400 2658 2457 LXXXIII,
2686 2384 2745 2454 5)
2759 2400 2797 2457 ;_
2808 2386 3035 2452 psalmus
3056 2384 3148 2438 hoc
3176 2384 3300 2438 dicit
3323 2401 3341 2438 :
3365 2383 3513 2457 Beati

1934 2455 2023 2524 qui
2050 2453 2293 2513 habitant
2320 2457 2375 2510 in
2420 2456 2579 2510 domo
2609 2453 2817 2509 tua.’Et
2846 2457 2991 2524 quasi
3017 2471 3351 2524 quereremus
3380 2455 3511 2510 unde

1934 2525 2103 2581 beati?
2130 2526 2355 2581 Multum
2382 2527 2495 2581 auri
2523 2525 2814 2580 habebunt?
2843 2525 2941 2592 Qui
2970 2526 3185 2579 multum
3212 2543 3394 2580 aurum
3418 2526 3511 2580 ha-

1935 2596 2068 2661 bent,
2102 2598 2317 2652 multum
2338 2607 2458 2652 sunt
2486 2597 2694 2652 miseri:
2716 2597 2859 2651 Beati
2882 2606 3004 2652 sunt
3025 2596 3133 2663 isti,
3153 2597 3241 2666 qui
3272 2596 3510 2653 habitant

1934 2669 1987 2722 in
2018 2669 2177 2724 domo
2208 2678 2316 2724 tua.
2351 2668 2499 2723 Unde
2538 2668 2703 2722 beati?
2733 2666 2864 2722 Hac
2892 2677 2962 2723 est
2985 2667 3238 2721 beatitudo
3259 2668 3467 2722 illorum
3490 2683 3510 2723 :

1936 2737 1993 2794 In
2040 2741 2233 2810 saecula
2283 2740 2600 2795 saeculorum
2648 2738 2935 2810 laudabunt
2984 2747 3034 2794 te
3081 2737 3289 2810 (Ibid).
3325 2738 3369 2792 0
3410 2744 3509 2810 pas

1933 2812 2042 2882 sine
2063 2808 2307 2882 fastidio!
2328 2828 2357 2865 o
2382 2811 2641 2882 indefessa
2661 2809 2896 2874 dulcedo,
2917 2808 3132 2864 Domine
3153 2809 3288 2864 Deus
3309 2808 3509 2865 noster!

1936 2879 2134 2936 Forma
2164 2899 2256 2937 nos
2283 2883 2351 2936 ad
2381 2892 2447 2948 te,
2472 2879 2755 2952 reformans
2785 2884 2851 2935 ad
2877 2882 3147 2936 videndum
3172 2882 3509 2952 te,quoniam

1936 2969 2051 3007 cum
2078 2954 2347 3008 viderimus
2376 2962 2455 3017 te,
2484 2951 2584 3006 non
2627 2963 2910 3007 avertemur
2937 2969 2967 3006 a
2997 2959 3063 3006 te.
3109 2951 3406 3005 Amabimiis
3434 2961 3506 3019 te,

1936 3033 1983 3082 et
2025 3025 2256 3097 fruemur
2303 3034 2378 3091 te,
2420 3036 2467 3082 et
2508 3023 2963 3097 sinelassitudine
3001 3023 3292 3097 amabimus
3323 3033 3404 3087 te;
3431 3038 3507 3076 re-

1936 3095 2123 3172 gnante
2150 3098 2374 3172 Domino
2396 3109 2574 3172 nostro
2618 3096 2743 3172 Iesu
2773 3098 2973 3172 Christo
2993 3137 3007 3161 ,
3035 3095 3118 3172 cui
3166 3105 3238 3152 est
3275 3096 3436 3152 honor
3461 3102 3509 3151 et

1936 3170 2120 3242 gloria,
2146 3188 2235 3243 per
2258 3170 2460 3240 infinita
2484 3170 2675 3224 siccula
2701 3170 3023 3224 saeculorum.
3044 3170 3226 3224 Amen.

2469 3278 2697 3338 SERMO
2728 3276 2979 3334 CCXXV.

2002 3394 2219 3465 Legitur
2264 3393 2318 3450 in
2366 3392 2489 3449 cod.
2536 3391 2688 3448 Cass.
2744 3406 2907 3459 xcrx,
2967 3389 3059 3446 t‘ol.
3116 3391 3185 3446 37
3236 3404 3267 3445 a
3322 3352 3505 3461 tergo,

1930 3489 2043 3558 ubi,
2097 3495 2219 3558 post
2247 3486 2364 3543 hinc
2406 3486 2593 3553 verba,
2624 3485 2669 3540 Α
2694 3500 2795 3556 quo
2841 3493 2984 3539 tanto
3032 3483 3218 3553 opere?
3244 3482 3507 3539 adduntur

1930 3578 2047 3636 haec
2072 3577 2376 3635 necessaria
2401 3617 2418 3644 ,
2448 3591 2571 3647 quas
2601 3574 2797 3631 desunt
2839 3575 2894 3631 in
2923 3573 3075 3640 edit.,
3109 3573 3152 3628 Α
3178 3588 3329 3629 carne
3356 3571 3508 3629 Chri-

1929 3686 2014 3731 m.
2410 3760 2644 3818 SERMO
2692 3758 3019 3816 CCXXVIII.

1998 3880 2216 3951 Legitur
2244 3878 2296 3935 in
2326 3877 2444 3934 cod.
2479 3878 2631 3933 Cass.
2657 3892 2752 3944 vn,
2784 3876 2876 3932 ἴοι.
2902 3877 3030 3931 218.

2000 3974 2142 4029 Eilit.
2174 3972 2241 4028 N.
2270 3973 2320 4028 ‘I.
2368 3971 2439 4026 In
2467 3972 2572 4026 illis
2611 3980 2686 4026 est
2828 3968 2963 4026 Cod.
2992 3968 3059 4023 In
3088 3968 3191 4023 illis
3227 3985 3356 4024 nova
3384 3970 3506 4026 vita.

1929 4056 2145 4109 novata;
2195 4054 2250 4099 et
2294 4045 2346 4097 in
2397 4058 2512 4097 var.
2552 4040 2682 4095 edit.
2758 4039 2896 4097 Vera
2926 4050 2978 4097 et
3008 4039 3243 4111 perfecta
3276 4039 3477 4109 lectio.“

1928 4130 2144 4171 sensum
2193 4114 2496 4170 claudicare
2541 4126 2688 4167 asse-

1928 4195 2075 4242 runt.
2106 4185 2435 4241 Benedictini
2467 4190 2768 4253 pmponunt
2794 4184 3201 4251 correctionem,
3254 4180 3414 4238 Fides
3434 4196 3506 4239 esi

1927 4266 2135 4312 novata.

1997 4326 2131 4383 Ibid.
2160 4327 2284 4382 Noli
2315 4328 2501 4399 facere,
2516 4326 2684 4397 bapti-

1926 4408 2071 4453 satus
2097 4415 2169 4452 εδ.

1997 4469 2061 4524 Ν.
2122 4469 2174 4523 ’5.
2226 4467 2578 4524 Tractavimus
2625 4468 2688 4523 de

1927 4550 2245 4596 sacramento
2300 4540 2544 4594 orationis
2593 4540 2686 4593 do-

2825 4326 2903 4380 Id.
2939 4324 3067 4379 Noli
3093 4341 3320 4394 peccare,
3346 4324 3506 4395 bapti-

2756 4407 2901 4453 satus
2925 4413 2999 4453 εδ.

2827 4467 2905 4523 Id.
2954 4466 3303 4522 Tractavimus
3333 4466 3396 4521 de
3425 4483 3505 4521 sa-

2757 4550 3013 4594 cramento
3069 4539 3309 4593 orationis
3346 4538 3505 4590 domi-

2757 4612 2903 4674 nicae,
2934 4626 3113 4679 quem,
3143 4618 3189 4663 et
3232 4609 3506 4678 quomodo,

2754 4690 2804 4734 et
2826 4680 3004 4746 quales
3019 4680 3232 4734 debeant
3254 4680 3504 4745 invocare,

2756 4752 3081 4805 tractavimus
3105 4752 3168 4803 de
3193 4758 3505 4805 sacramento

2755 4821 2911 4892 [antis
2935 4831 2983 4877 et
3011 4821 3262 4893 baptismi.

2458 4934 2687 4993 SERMO
2714 4933 2973 4992 CCXXX.

1995 5033 2212 5104 Legitur
2258 5032 2312 5088 in
2359 5031 2479 5088 cod.
2529 5031 2791 5102 Florent.,
2823 5030 2961 5087 Bibl.
3007 5030 3208 5096 Fesul.,
3236 5028 3356 5086 cod.
3392 5044 3500 5097 xx,

1924 5127 2020 5183 fol.
2054 5124 2157 5181 I22
2181 5125 2230 5181 b.

2000 5221 2143 5275 Edil.
2187 5218 2252 5277 N.
2281 5219 2423 5275 unic.
2474 5218 2562 5274 Ita
2589 5219 2680 5276 illo

1926 5291 2501 5415 adjui'antelJ‘aciamus.
2753 5291 2990 5360 facimus.

1998 5363 2130 5415 Ibid.
2249 5379 2316 5415 on
2366 5372 2535 5415 tamen
2575 5361 2683 5415 sine
2825 5359 2990 5415 ld.Ni

1998 5358 2130 5419 Ibid.
2194 5358 2316 5415 Non
2366 5372 2535 5416 tamen
2575 5361 2683 5416 sine
2754 5358 2760 5360 ’
2825 5358 3502 5415 ld.Nontamensinecausa
3545 5405 3551 5411 .

1925 5451 2081 5490 causa
2108 5434 2169 5488 de
2197 5434 2370 5505 aliquo
2404 5434 2677 5505 pra’ciptte.
2754 5431 3019 5505 dealiquo
3043 5430 3127 5505 die
3155 5432 3428 5505 principue.

2003 5504 2133 5561 Ibid.
2200 5500 2290 5558 Ne
2346 5500 2569 5575 feceritis
2626 5503 2681 5557 in
2824 5503 2902 5575 Id.
2929 5500 3014 5558 Ne
3043 5501 3262 5571 feceritis
3289 5501 3343 5555 iii
3369 5500 3499 5555 desi-

1925 5576 2366 5641 concupiscentiis.
2750 5574 2927 5629 deriis.

1994 5647 2130 5719 Ibid.
2160 5646 2278 5701 Hoc
2296 5647 2341 5701 si
2362 5646 2554 5719 facitis,
2573 5653 2678 5702 toto
2823 5644 2897 5719 Id.
2932 5644 3048 5699 Hoc
3091 5644 3137 5698 si
3183 5644 3369 5714 facitis,
3394 5650 3498 5697 toto

1924 5718 2075 5774 corde
2099 5719 2337 5773 cantatis.
2363 5717 2370 5719 “
2750 5717 2903 5773 corde
2925 5724 3141 5771 cantate.

1926 4691 1973 4735 et
2003 4682 2067 4735 de
2091 4680 2407 4737 sacramento
2449 4680 2607 4751 fontis
2635 4687 2683 4733 et

1929 4751 2183 4823 baptismi.

2821 5218 2952 5276 Cod.
3013 5216 3099 5272 Ita
3159 5216 3251 5272 illo
3288 5218 3503 5288 juventa

312 5860 327 5892 ι
366 5858 484 5913 Vit].
535 5858 594 5916 S.
641 5858 862 5930 August.
900 5856 1096 5914 Enarr.
1143 5857 1195 5913 in
1228 5858 1361 5929 psal.
1391 5872 1482 5926 cs,
1510 5873 1565 5915 n.
1598 5856 1649 5925 Ι,
1679 5855 1816 5913 etin
1852 5854 1986 5926 psal.
2011 5867 2209 5919 CXLVII,
2237 5867 2295 5908 η.
2330 5851 2384 5909 3.
