4012 6338
559 362 695 420 H79

626 482 756 544 Ibid.
788 480 851 540 Si
874 480 1027 537 sultis
1054 494 1162 537 esse
1196 479 1306 537 dies

554 571 704 628 quem
724 554 850 628 lth
879 551 1150 628 υρνηὲειορε·

623 626 759 686 Ibid.
779 622 846 679 Et
873 623 1118 678 habebitis
1145 622 1307 677 lucem

552 698 777 754 ueritatis
801 736 817 761 ,
873 710 988 763 qua
1045 710 1304 765 nunquam

554 784 789 825 occasum
814 767 986 837 factu.

1376 566 1528 623 quam
1558 549 1676 623 ree.

1449 621 1523 675 Id.
1558 616 1567 619 ’
1605 619 1674 674 Et
1736 617 1915 672 habete
1972 616 2138 671 lucem

1377 692 1644 757 ueritatis,
1705 705 1820 754 quat
1877 701 2138 758 nunquam

1379 779 1618 818 occasum
1642 762 1819 832 faciat.
1870 759 1988 815 Vid.
2022 774 2134 813 var.

1380 835 1552 890 Macr.

1048 925 1283 984 SEBMO
1330 924 1640 982 CCXXXV.

626 1020 843 1091 Legitur
890 1020 945 1076 in
990 1020 1111 1076 cod.
1140 1019 1293 1075 Cass.
1325 1033 1456 1077 cccv
1484 1060 1499 1085 ,
1535 1016 1630 1071 fol.
1662 1014 1731 1070 25
1761 1029 1791 1069 a
1823 1022 1994 1086 tergo,
2025 1011 2139 1078 ubi,

553 1132 608 1177 tt.
637 1116 693 1183 4,
722 1124 844 1191 post
871 1115 986 1172 huic
1013 1114 1196 1178 verba.
1228 1112 1321 1171 Va:
1344 1115 1433 1185 qui
1458 1129 1560 1169 non
1581 1111 1923 1178 crediderunt,
1948 1110 2142 1167 desunt

554 1208 670 1263 haec
695 1209 997 1278 sequentia,
1032 1207 1145 1261 Erit
1176 1207 1311 1262 enim
1356 1222 1577 1280 magnus
1607 1207 1777 1271 timor,
1801 1217 1921 1275 quae
1949 1202 2139 1258 viden-

553 1308 642 1357 tur
668 1315 789 1358 esse
815 1301 1014 1377 glossa.

1056 1411 1287 1470 SERMO
1323 1364 1645 1497 cexmn.

626 1505 844 1575 Legitur
869 1506 921 1560 in
951 1504 1071 1560 cod.
1104 1504 1264 1560 Cass.
1295 1517 1391 1569 vu,
1425 1502 1518 1565 fol.
1550 1504 1677 1559 246.

629 1601 772 1655 Edit.
804 1599 869 1654 N.
918 1598 971 1653 5.
1025 1597 1314 1667 Capiuntur
1457 1598 1591 1653 Cod.
1661 1597 1947 1667 Capiuntur
2021 1611 2144 1664 ergo

555 1685 676 1742 ergo
738 1672 898 1740 pisces
962 1671 1137 1743 magni
1197 1685 1313 1725 cen-
1386 1669 1547 1738 pisces
1576 1673 1766 1740 magni.
1816 1668 1989 1736 Quot?
2026 1682 2144 1723 cen-

555 1750 684 1804 tum,
709 1752 813 1799 etc.
1385 1752 1513 1803 tum,
1544 1751 1650 1796 etc.

626 1812 691 1867 N.
720 1814 774 1871 5.
830 1809 919 1867 Fit
948 1828 1187 1867 numerus
1217 1812 1309 1866 de-
1455 1813 1532 1867 Id.
1583 1809 1671 1866 Fit
1698 1826 1935 1865 numerus
1966 1809 2137 1864 decem

553 1898 662 1939 cem
688 1893 738 1939 et
764 1890 974 1955 septem.
1008 1881 1069 1939 Si
1099 1899 1310 1953 eompu-
1381 1892 1428 1938 et
1453 1893 1662 1953 septem.
1694 1884 1817 1936 lam
1844 1884 1935 1935 istc
1959 1894 2138 1934 nume-

553 1962 648 2025 tes,
672 1964 777 2011 etc.
1380 1969 1468 2009 rus
1509 1955 1634 2023 quid
1670 1964 1743 2009 est
1768 1956 1958 2025 decem
1986 1960 2034 2006 et
2065 1967 2146 2006 se-

1380 2022 1551 2096 ptem?
1579 2025 1641 2080 Si
1666 2022 1946 2096 computes,
1971 2034 2078 2083 etc.

1085 2139 1316 2198 SERMO
1353 2138 1602 2195 CCLXV.

626 2230 844 2302 Legitur
872 2231 924 2287 in
948 2230 1068 2291 cod.
1096 2230 1247 2287 Cass.
1276 2246 1368 2299 vn,
1401 2232 1491 2285 fol.
1516 2233 1645 2288 254.

630 2323 773 2380 Edit.
831 2322 893 2379 Ν.
950 2323 1004 2378 2.
1034 2336 1037 2339 ·
1062 2324 1162 2378 Alii
1211 2340 1315 2379 non
1457 2325 1587 2381 Cod.
1621 2325 1725 2380 Alii
1768 2326 1993 2380 videntes
2020 2325 2145 2380 irri-

556 2397 820 2453 credentes
860 2395 1147 2449 irriserunt.
1193 2396 1314 2453 Non
1383 2407 1576 2465 serunt.
1624 2397 1745 2451 Non
1775 2398 1910 2451 enim
1940 2400 2003 2451 de
2048 2398 2144 2451 tali

558 2469 692 2523 enim
720 2469 943 2521 omnium
970 2476 1043 2520 est
1068 2466 1216 2536 ﬁdes.
1386 2467 1523 2537 facto
1547 2470 1682 2535 quod
1708 2470 1934 2522 ascendit
1960 2470 2013 2523 in
2039 2484 2138 2522 cat-

1386 2539 1495 2593 lum
1526 2540 1752 2593 omnium
1782 2548 1857 2593 est
1882 2539 2030 2604 ﬁdes.

1458 2609 1534 2664 Id.
1575 2609 1641 2665 Ut
1680 2611 1742 2665 ab
1769 2611 1865 2664 huc
1892 2609 2143 2664 cltaritate

557 2679 801 2752 crltaritate
828 2694 942 2752 qua:
965 2679 1020 2752 in
1045 2680 1311 2752 ctelisest,
1386 2680 1611 2749 proximi
1681 2681 2006 2751 proﬁciamus
2071 2681 2140 2735 ad

556 2751 621 2806 de
678 2750 803 2806 coelo
841 2748 995 2807 'misit
1052 2748 1310 2819 Spiritum
1381 2748 1491 2821 ejus
1511 2748 1809 2805 charitatem
1826 2755 1911 2819 qui
1936 2754 1987 2804 in
2004 2754 2141 2807 cretis

555 2832 804 2881 sanctum.
1378 2822 1551 2887 est,de
1570 2824 1694 2878 caelo
1718 2825 1855 2879 misit
1885 2823 2139 2893 Spiritum

1377 2904 1631 2948 sanctum.

623 2962 686 3022 Ν.
743 2963 829 3019 II.
891 2961 1019 3032 Ipsa
1061 2962 1310 3019 charitate
1454 2965 1527 3018 Id.
1561 2964 1847 3033 Congregat
1893 2980 1984 3018 nos
2025 2966 2140 3033 ipsa

553 3034 703 3105 plena
736 3042 809 3089 est
847 3037 1040 3106 gallina
1068 3036 1159 3089 illa
1188 3050 1309 3103 pro-
1380 3035 1630 3089 charitate
1654 3037 1803 3104 plena
1828 3034 2023 3105 gallina
2044 3036 2139 3089 illa

551 3114 662 3175 pter
681 3105 859 3176 pullos
880 3105 1161 3175 inﬁrmata.
1377 3117 1585 3176 propter
1608 3109 1778 3176 pullos
1804 3108 2087 3174 inﬁrmata.

626 3174 757 3229 Ibid.
783 3174 1033 3246 Colligere
1052 3217 1067 3241 ,
1095 3194 1195 3232 non
1225 3176 1311 3232 di-
1378 3174 1386 3176 ἡ
1456 3178 1531 3232 Id.

553 3246 739 3301 videre.
766 3247 898 3312 Quia
928 3248 1085 3303 habeo
1103 3288 1121 3316 ,
1150 3258 1254 3315 etc.

629 2607 695 2664 Ν.
720 2607 772 2663 9.
799 2606 866 2663 Et
894 2606 957 2662 ab
980 2605 1076 2661 hac
1100 2622 1316 2662 maxime

1633 3177 1842 3247 alligere
1866 3219 1877 3239 ,
1912 3194 2013 3233 non
2055 3177 2139 3233 di-

554 3404 748 3515 gesserit
769 3429 784 3457 ,
816 3380 1017 3512 inquit];
1049 3405 1172 3513 bnon
1211 3320 1999 3512 qolligif?[ﬂgitigitith‘iiigerzt

610 3476 653 3513 vi
721 3475 803 3515 re:
834 3475 955 3515 auia
1015 3478 1044 3513 a
1078 3475 1152 3515 eo.
1188 3475 1216 3512 e
1244 3475 1290 3513 c.

592 3475 803 3527 tutaere;
834 3475 955 3530 quia
980 3475 1152 3524 naoeo,
1188 3475 1290 3513 etc.

1088 3551 1316 3606 SEBMO
1344 3548 1614 3617 CCLXVI.

625 3642 839 3714 Legitur
870 3644 923 3699 in
947 3644 1067 3699 cod.
1097 3645 1308 3700 Cassin.
1338 3661 1432 3711 vu,
1462 3645 1553 3700 fol.
1576 3646 1706 3703 254.

624 3738 762 3792 Edit.
795 3737 858 3791 N.
889 3736 941 3788 4.
970 3736 1304 3805 Crediderunt
1455 3739 1586 3793 Cod.
1619 3737 1956 3793 Crediderunt
1990 3739 2143 3793 multi

554 3810 697 3863 multi
742 3809 798 3862 in
851 3808 1132 3871 Samaria,
1202 3823 1310 3861 cre-
1382 3810 1434 3862 in
1517 3808 1757 3864 Samaria
1792 3852 1804 3875 ,
1880 3812 2141 3864 credentes

554 3881 725 3934 dentes
772 3880 1015 3945 baptizati
1059 3890 1197 3936 sunt.
1245 3879 1312 3934 Ut
1386 3881 1627 3950 baptizati
1676 3892 1811 3935 sunt.
1859 3881 1925 3935 Ut
1972 3894 2145 3935 autem

553 3964 719 4011 autem
757 3951 1309 4021 audieruntiapostoli,
1384 3968 1565 4003 manus
1610 3952 1885 4021 imponeret
1939 3952 2145 4021 Philip-

554 4022 796 4107 miserunt
820 4024 885 4074 ad
912 4038 994 4107 eos
1029 4020 1239 4103 lfelrum
1265 4032 1310 4075 et
1385 4038 1520 4107 pus,
1559 4032 1603 4074 et
1640 4020 1719 4103 oris
1762 4040 1939 4075 manus
1982 4020 2145 4107 impo-

554 4091 824 4158 Joannem,
850 4101 903 4144 ut
934 4092 1196 4151 baptizatis
1213 4108 1315 4143 ma-
1385 4093 1551 4145 uendo
1579 4134 1593 4157 ,
1634 4093 1923 4161 impetraret
1975 4091 2147 4164 Spiri-

555 4165 1315 4233 nusimponerent,eteismanus
1387 4170 1493 4215 tum
1537 4164 1785 4217 Sanctum
1813 4206 1825 4228 ,
1880 4166 1991 4232 plus
2037 4175 2145 4219 erat

554 4232 906 4300 imponendo,
987 4236 1313 4301 impetrarent
1384 4234 1454 4285 ad
1518 4232 1721 4287 diaconi
1785 4237 2141 4290 ministerium.

558 4304 1314 4377 Spiritumsanctuminuocan-
1390 4303 1615 4377 Proinde
1672 4322 1978 4377 consequens
2036 4316 2145 4361 erat

557 4383 649 4429 tes.
677 4375 853 4430 Simon
878 4375 1181 4441 admiratus,
1203 4383 1307 4428 etc.
1385 4384 1439 4426 ut
1481 4376 1607 4443 ﬁdes
1636 4375 1883 4430 Samaria:
1919 4378 1980 4429 ab
2019 4394 2147 4447 apo-

1387 4447 1531 4498 stolis
1563 4448 1903 4501 nuntiaretur.
1931 4447 1977 4500 Ν
1986 4450 2145 4502 untia-

556 4526 609 4588 ta
629 4525 730 4588 est;
752 4522 1013 4580 venerunt,
1035 4514 1371 4588 etbapti‘zatis
1397 4531 1577 4567 manus
1606 4517 1975 4588 imposuerunt;
2000 4521 2146 4573 bene-

557 4587 775 4642 dictione
794 4603 885 4641 sua
916 4603 1066 4655 super
1082 4583 1195 4640 illos
1227 4583 1477 4655 Spiritum
1518 4583 1746 4641 sanctum
1784 4589 2137 4653 incitaverunt.

562 4656 710 4711 Venit
754 4659 820 4712 ad
852 4674 1030 4713 manus
1068 4657 1440 4725 impositionem
1463 4659 1806 4726 apostolorum
1841 4676 1996 4724 super
2024 4663 2142 4715 illos

557 4728 783 4794 Spiritus
812 4740 1012 4782 sanctus
1034 4768 1050 4796 ,
1101 4729 1191 4781 sed
1228 4726 1543 4781 voluntarius
1562 4770 1578 4796 ,
1612 4747 1711 4783 non
1741 4741 1967 4786 coactus.
2000 4731 2141 4786 Tunc

557 4799 739 4854 Simon
769 4800 1052 4854 admiratus
1067 4839 1082 4865 ,
1112 4808 1215 4853 etc.

627 4871 759 4924 Ibid.
791 4869 889 4923 Ille
929 4870 1012 4936 qui
1042 4871 1095 4923 in
1124 4869 1313 4924 Sama-
1457 4869 1531 4924 Id.
1573 4871 1674 4926 Ille
1701 4874 1785 4942 qui
1807 4874 1859 4926 in
1901 4873 2145 4927 Samaria

556 4942 635 5014 ria
673 4942 1074 5014 Abaptizaverat,
1127 4950 1175 5000 et
1225 4954 1316 4994 ne-
1385 4942 1747 5009 prcdicauerat
1774 4985 1789 5008 ,
1828 4946 1914 5014 qui
1961 4946 2015 4997 in
2043 4944 2147 4999 Sa-

557 5012 712 5079 mini,
743 5026 850 5067 etc.
1275 5038 1284 5046 -
1389 5013 1553 5092 maria
1582 5012 1954 5083 baptizauerat,
1986 5025 2030 5068 et
2059 5032 2147 5069 ne-

1375 5088 1518 5145 mini,
1550 5094 1654 5140 etc,

628 5152 692 5209 N.
750 5154 805 5228 _5.
856 5152 1011 5228 _Q_uia
1064 5160 1110 5206 et
1188 5152 1319 5228 inter
1446 5153 1544 5228 ΔΜ.
1582 5154 1776 5228 Legant
1830 5165 2018 5210 textum
2073 5156 2150 5210 le-

558 5225 817 5296 apostolos
849 5223 1126 5296 Philippus
1158 5223 1319 5277 nomi-
1390 5222 1590 5296 c_tionis,
1617 5222 1672 5279 ei
1691 5228 1893 5282 videant
1923 5228 2149 5281 eumdem

559 5290 730 5363 natur,
752 5307 797 5351 et
814 5296 899 5366 qui
921 5290 1148 5366 proprie,
1175 5304 1279 5349 etc.
1391 5290 1692 5365 Philippum
1736 5300 2023 5363 nominari,
2064 5297 2154 5367 qui

1400 5367 1624 5434 proprie,
1654 5378 1757 5424 etc.

1484 5436 1560 5493 Ιά.
1618 5438 1851 5509 Eumque
1898 5454 2158 5495 accersen-

558 5506 701 5562 dum.
720 5503 865 5560 Tunc
884 5503 1084 5577 autem,
1108 5517 1214 5562 etc.
1395 5506 1597 5581 dum,et
1616 5512 1749 5578 quod
1768 5503 2069 5581 praeciperet
2082 5512 2156 5577 fa-

1401 5579 1657 5634 ciendum.
1679 5581 1824 5635 Tunc
1838 5579 2027 5647 autem,
2047 5593 2149 5636 etc.

629 5645 762 5702 Ibid.
793 5644 899 5703 Sed
926 5648 1053 5702 mihi
1077 5645 1220 5703 Deus
1242 5664 1323 5702 os-
1471 5650 1545 5704 Id.
1588 5652 1692 5707 Sed
1733 5654 1857 5707 mihi
1898 5644 2035 5707 Deus
2073 5668 2155 5705 os-

561 5719 720 5773 tendit
774 5720 1025 5776 ueminem
1085 5734 1320 5777 commu-
1400 5722 1592 5784 tendit;
1622 5727 1828 5788 quando
1886 5722 2151 5777 ostendit?

561 5806 706 5857 nem,
731 5796 839 5846 etc.
1397 5791 1481 5843 ubi
1550 5794 1822 5847 ostendit?
1878 5793 2151 5849 Neminem

1396 5877 1708 5918 communem
1723 5901 1739 5927 ,
1768 5873 1872 5921 etc.

630 5434 692 5487 N.
719 5436 772 5505 ti.
800 5435 1030 5505 Eumque
1055 5450 1321 5493 accersen-

1496 354 1875 418 SERMONUH
1915 354 2365 414 GENUI'NORUM
2400 357 2458 415 S.
2502 356 2867 415 AUGUSTINI

1444 476 1525 534 Id.
1567 476 1629 535 Si
1672 475 1825 531 uultis
1874 489 1982 530 esse
2021 472 2132 528 dies
2158 474 2209 533 Λ
2307 471 2369 527 Ν.
2394 474 2447 528 7.
2494 472 2673 529 Posset
2699 472 2998 528 enimaea-

1385 3249 1572 3302 cidere.
1658 3250 1757 3311 Qui
1812 3249 1943 3302 enim
1996 3256 2216 3320 extrac

2170 4639 2225 4701 Ι)
2270 4613 2454 4701 “Ibid.
2477 4609 2575 4665 Ubi
2589 4608 2885 4679 corporibus
2903 4609 3017 4661 red-

3723 359 3857 415 H80

3141 471 3221 528 Id.
3263 469 3449 527 Posset
3493 473 3634 526 enim
3684 489 3717 525 α
3766 491 3855 529 ea-

3071 542 3442 599 lumniantibus
3466 545 3542 598 rel
3569 561 3680 601 non
3700 546 3853 600 intel-

3070 612 3343 686 ligentibus
3372 616 3476 668 dici
3494 614 3687 669 Petro:
3710 617 3761 668 ﬂ
3769 617 3853 673 ale

3072 687 3239 756 fecisti
3294 687 3675 739 incircumcisis
3727 692 3853 743 dare

3073 757 3399 824 baptismum.
3427 757 3703 825 Numquid
3730 776 3851 823 pos-

3070 838 3146 882 set
3173 829 3273 882 dici
3306 828 3415 882 Deo
3458 845 3476 881 :
3511 828 3658 883 Male
3689 831 3849 897 fecisti

3081 900 3206 953 dare
3229 898 3486 971 Spiritum,
3504 902 3784 955 sanctum?

2283 1032 2675 1095 SERMONES
2705 1030 3023 1109 CCLXXX,
3055 1031 3363 1093 CC‘LXXXI
3392 1076 3407 1099 ,
3431 1032 3787 1091 CCLXXXII.

2314 1170 2530 1241 Legitur
2560 1183 2740 1225 sermo
2773 1183 3001 1225 ccum
3039 1181 3228 1237 magna
3257 1181 3329 1223 ex
3362 1176 3519 1238 parte
3554 1169 3608 1221 in
3642 1167 3848 1223 duotms

2244 1265 2440 1329 codd.,
2497 1278 2610 1318 uno
2659 1261 2815 1321 Cass.
2843 1300 2860 1326 ,
2913 1274 3106 1330 nempe
3153 1275 3264 1324 xu,
3317 1258 3413 1314 fol.
3458 1258 3638 1322 1282,
3685 1258 3851 1312 altero

2244 1355 2541 1413 Florentia.
2578 1398 2591 1421 ,
2643 1355 2778 1410 Bibl.
2812 1353 3063 1415 Fesulan.
3092 1393 3108 1419 ,
3160 1352 3282 1409 cod.
3311 1367 3414 1418 xx,
3470 1350 3570 1407 Iol.
3616 1348 3746 1404 ﬁt
3800 1350 3851 1407 In

2245 1458 2473 1517 utroque
2510 1447 2696 1502 titulus
2742 1445 2904 1501 habet
2953 1445 3030 1499 De
3078 1452 3257 1497 sancta
3309 1442 3540 1497 Victoria
3568 1483 3585 1505 ,
3629 1450 3759 1507 aut,
3789 1441 3851 1496 In

2241 544 2603 601 lumnaintibus
2647 546 2725 597 vel
2770 560 2872 598 non
2917 544 3000 600 in-

2241 616 2580 689 telligentibus
2621 615 2727 689 dici
2758 614 2932 689 _Petro
2978 630 2996 669 :

2242 685 2381 740 Male
2406 688 2572 756 fecisti
2595 687 2717 741 dare
2746 685 3001 755 Spiritum

2240 768 2467 812 sanctum
2486 801 2500 825 ,
2544 768 2651 814 etc.

2249 1540 2429 1595 Natali
2446 1550 2638 1594 sancta:
2666 1537 2930 1593 Victor-iw.
2957 1536 3113 1591 Plura
3141 1540 3488 1589 assumuntur
3505 1548 3575 1589 ex
3601 1547 3851 1588 sermone

2245 1648 2485 1697 cccxxx,
2548 1630 2696 1699 plura
2746 1628 2912 1685 etiam
2963 1641 3029 1682 ex
3080 1641 3245 1680 serm.
3279 1638 3562 1688 ccuxxu,
3608 1623 3759 1699 plura
3799 1624 3847 1677 in

2248 1722 2390 1778 Edit.
2427 1736 2532 1779 non
2567 1720 2838 1789 leguntur.
2874 1717 2971 1771 llic
3002 1715 3336 1775 differentias
3383 1725 3654 1777 autumare
3700 1727 3849 1773 cura-

2247 1815 2448 1877 vimus,
2494 1825 2594 1867 nec
2637 1807 2973 1880 impossibile
3029 1818 3114 1863 est
3156 1815 3405 1867 sanctum
3454 1806 3842 1883 Augustinum,

2249 1916 2404 1962 notas
2428 1918 2562 1976 quas
2599 1903 2668 1961 de
2717 1900 2815 1957 SS.
2872 1901 3132 1969 Perpetua
3179 1908 3235 1953 et
3282 1898 3575 1953 Felicitate
3613 1897 3845 1966 scripse-

2247 2010 2360 2064 rat,
2423 2006 2623 2053 sancta:
2692 1993 2945 2061 Victoriae
3016 1991 3300 2055 laudandae
3361 1989 3848 2055 accommodasse,

2241 2108 2367 2153 cum
2422 2093 2691 2161 prazcipue
2719 2090 2773 2145 in
2819 2086 2944 2145 cod.
2998 2084 3425 2149 Theodoricensi
3469 2086 3676 2140 citetur
3736 2084 3849 2152 qui-

2247 2186 2371 2240 dam
2426 2197 2615 2247 sermo
2660 2182 2727 2237 de
2775 2189 2959 2236 sancta
2996 2177 3233 2233 Victoria
3275 2177 3359 2231 his
3406 2176 3599 2230 verbis
3656 2192 3671 2227 :
3729 2173 3849 2229 Ite:-

2247 2291 2414 2331 sermo
2464 2273 2532 2331 B.
2569 2271 2698 2328 Aur.
2742 2271 3016 2343 Augustini
3050 2270 3277 2337 episcopi
3322 2268 3386 2323 de
3430 2266 3621 2320 Natali
3670 2272 3849 2321 sancta

2260 2367 2497 2423 Victoria:
2548 2366 2804 2439 virginis,
2857 2372 2915 2419 ut
2962 2362 3148 2418 videre
3177 2371 3258 2417 est
3315 2362 3367 2416 in
3423 2359 3573 2417 notis
3622 2358 3850 2433 Operam

2245 2461 2415 2519 sancti
2443 2459 2758 2528 Augustini,
2788 2456 2916 2513 edit.
2948 2453 3148 2513 Bened.
3181 2463 3311 2508 tom.
3340 2451 3404 2507 ν.

2812 2586 2986 2627 88810
3023 2583 3254 2645 αοωχξι.

2316 2692 2475 2746 Editi.
2517 2689 2579 2745 Ν.
2616 2691 2666 2744 I.
2710 2687 2777 2742 Et
2822 2687 3011 2741 victore

2243 2763 2453 2835 uestigio
2472 2778 2489 2827 ;
2511 2761 2741 2835 deinde
2762 2755 3007 2835 qundam
3079 2756 3383 2835 stigio.Quu:
3399 2756 3848 2835 addunturbeata

2244 2829 2445 2901 addunt
2490 2833 2597 2887 duo
2644 2829 2802 2886 codd.
2839 2831 3008 2883 beata
3072 2830 3631 2901 'Perpetumpropria
3661 2829 3848 2901 de~u_nt

2245 2898 2526 2976 Perpetem
2582 2905 2819 2974 propria.
3077 2915 3245 2970 usque
3273 2898 3340 2950 ad
3371 2898 3483 2952 hac
3520 2900 3692 2953 verba
3728 2917 3741 2952 :
3770 2897 3846 2952 Ita

3080 2980 3257 3035 caput.

3153 3042 3252 3096 Iid.
3288 3040 3523 3095 Femina:
3552 3043 3849 3099 cadentis...

3087 3115 3424 3168 ascendentis.

3151 3184 3284 3239 Cotl.
3359 3198 3456 3238 xu.
3512 3182 3662 3236 Tunc
3727 3194 3851 3238 certe

3080 3272 3197 3312 cum
3226 3256 3416 3308 bestiis.

3154 3326 3324 3382 Codd.
3363 3324 3600 3391 Quorum
3630 3339 3776 3378 voces
3802 3327 3853 3380 in

3084 3413 3235 3455 carne
3258 3396 3565 3465 martyrum.

3152 3469 3250 3525 Iid.
3271 3477 3387 3536 post
3408 3468 3523 3520 hmc
3546 3466 3734 3533 verba,
3752 3482 3852 3525 non

3080 3542 3276 3596 habent
3305 3540 3477 3606 plura,
3504 3554 3623 3606 quae
3653 3539 3850 3593 desunt

3073 3628 3244 3683 usque
3273 3611 3339 3665 sd
3381 3610 3478 3683 bas
3505 3624 3669 3683 voces
3703 3633 3755 3660 τι.
3782 3609 3849 3665 i:

2247 3691 2499 3759 Martyres
2543 3685 2736 3743 Christi
2781 3700 2873 3759 pro
2924 3688 3127 3759 nomine
3157 3679 3224 3736 ac
3256 3680 3469 3759 justitia
3513 3679 3751 3745 Christi,
3801 3689 3854 3759 et

2246 3754 2439 3816 deinde
2470 3802 2484 3825 ,
2532 3757 2907 3827 praetermissis
2960 3757 3169 3813 duobus
3206 3754 3416 3827 verbis,
3461 3762 3742 3820 utrumque
3782 3756 3854 3804 ri-

2246 3841 2422 3887 cerunt
2447 3871 2462 3897 ,
2496 3826 2722 3899 pergunt
2751 3828 3014 3891 dicendo,
3045 3843 3137 3881 nec
3162 3826 3326 3899 mori,
3356 3834 3465 3899 etc.

2317 3904 2380 3957 N.
2415 3892 2469 3957 4.
2500 3892 2623 3957 Sed
2658 3900 3009 3955 exercitationi
3152 3894 3390 3951 Iid.Post
3412 3895 3526 3947 haec
3545 3892 3853 3961 ταωνι-ξε.

2247 3977 2512 4045 suﬁiceret.
3081 3974 3384 4045 terminum
3404 3966 3771 4045 mult-apsque
3792 3966 3853 4021 ad

3085 4039 3182 4093 has
3210 4051 3396 4098 voces,
3456 4035 3620 4101 Quid,
3649 4052 3770 4088 cum
3790 4054 3854 4091 rec

3084 4111 3266 4163 solum:
3284 4151 3297 4175 ,
3324 4118 3431 4162 etc.

3156 4178 3228 4235 Iid
3282 4177 3524 4243 Quamvis
3565 4179 3671 4241 iam
3701 4178 3852 4231 nullis

3082 4254 3242 4322 possit
3271 4252 3445 4322 seculi
3474 4248 3637 4318 hujus
3660 4249 3853 4317 farm.

3084 4324 3268 4378 tatibus
3350 4321 3428 4373 vel
3514 4322 3851 4373 securitatibus

3081 4393 3370 4461 comparari
3388 4430 3401 4455 ,
3446 4405 3609 4458 parua
3632 4402 3709 4444 est
3734 4408 3851 4459 par-

3084 4468 3242 4519 ticula
3280 4462 3641 4532 pronussionis
3667 4504 3679 4525 ,
3724 4463 3852 4529 imo,

3084 4548 3189 4591 etc.

3158 4608 3247 4662 Sic
3266 4615 3318 4659 et
3338 4604 3461 4657 cod.
3482 4620 3549 4657 xx
3572 4620 3586 4667 ;
3608 4603 3733 4657 cod.
3761 4620 3849 4673 xu,

3004 4700 3013 4709 ·
3090 4678 3175 4732 ubi
3202 4680 3254 4729 in
3292 4690 3528 4740 corpore.

2320 4752 2386 4809 Ν.
2419 4752 2471 4805 6.
2518 4751 2664 4816 Quod
2688 4751 2800 4822 ejus
2833 4765 3008 4815 corpo-
3150 4750 3283 4822 God.
3310 4762 3401 4822 sit.
3430 4747 3586 4811 Quod
3608 4748 3722 4813 ejus
3746 4764 3851 4801 cor-

2250 4827 2321 4879 ris
2359 4825 2582 4877 membra
2619 4820 2820 4886 sumus,
2863 4822 3011 4890 cujus
3081 4820 3219 4893 poris
3236 4820 3461 4893 membra
3482 4822 3851 4890 διέθηκα-ιβ

2250 4906 2295 4950 et
2321 4898 2427 4958 illi,
2455 4903 2564 4949 etc.
2921 4888 2931 4890 7
3082 4888 3201 4947 sunt
3227 4901 3273 4947 et
3298 4888 3409 4951 illi,
3442 4898 3548 4943 etc.

2326 4966 2456 5022 Ibid.
2503 4962 2851 5029 Eamdemque
2894 4977 3009 5016 am-
3152 4961 3318 5016 Codd.
3357 4958 3607 5013 Eamdass
3663 4962 3848 5027 ample-

2258 5039 2527 5106 plectimur
2592 5038 2857 5089 unitatem.
2922 5035 3012 5088 Sic
3084 5033 3530 5106 ctimurunitetem
3560 5032 3722 5099 (Cod.
3755 5050 3841 5097 xu,

2257 5104 2588 5165 terminatur.
3088 5106 3225 5157 male
3269 5140 3325 5167 ,.
3372 5104 3749 5157 humanitatem
3810 5110 3842 5158 ἱ.

3088 5174 3294 5229 Deinde
3326 5174 3406 5227 sic
3452 5187 3680 5242 pergunt
3727 5194 3740 5226 :
3780 5174 3842 5227 In

2260 5249 2356 5302 hoc
2380 5264 2501 5319 ergo
2530 5255 2671 5301 tanto
2699 5262 2863 5316 agone
2883 5255 3061 5299 sancta
3094 5244 3601 5300 Victorianon'sm
3630 5247 3841 5319 int-olido

2264 5318 2543 5385 retardata,
2570 5334 2669 5372 non
2690 5320 2906 5389 feminea
2926 5319 3233 5387 cogitatione
3252 5325 3514 5378 eneruata,
3535 5333 3642 5369 non
3661 5318 3843 5366 nando

2266 5392 2555 5445 blandiente
2596 5390 2825 5455 mollita,
2858 5405 2959 5443 non
3006 5391 3233 5442 minante
3261 5398 3564 5458 perterrita,
3616 5404 3717 5439 non
3754 5403 3843 5438 sse-

2264 5465 2426 5517 viente
2464 5461 2691 5528 devicta,
2731 5460 2938 5514 certarit
2987 5459 3206 5529 fortiter,
3245 5458 3429 5526 spiritu
3480 5474 3687 5510 carnem
3713 5498 3729 5518 ,
3763 5472 3845 5521 spe

2264 5535 2522 5597 timorem,
2557 5532 2816 5585 diabolum
2845 5531 2983 5598 ﬁde,
3031 5532 3278 5583 mundum
3320 5529 3573 5582 charitnte
3621 5531 3839 5581 uincens.

2265 5604 2361 5658 His
2391 5607 2544 5657 armis
2571 5603 2824 5656 exercitus
2852 5602 3014 5654 nostri
3036 5603 3170 5671 regis
3198 5603 3415 5651 invictus
3438 5610 3513 5652 est
3536 5614 3553 5660 ;
3580 5600 3662 5650 his
3691 5600 3842 5671 armis

2261 5678 2473 5729 accincti
2502 5673 2683 5727 milites
2708 5671 2927 5738 Christi,
2960 5688 3061 5727 non
3105 5672 3433 5732 conservatis,
3457 5671 3546 5723 sed
3577 5670 3841 5722 trucidatis

2261 5746 2488 5815 corporis
2512 5744 2745 5798 membris
2765 5785 2778 5808 ,
2806 5758 2896 5796 nec
2915 5743 3191 5797 occidendo
3206 5783 3224 5809 ,
3254 5743 3344 5795 sed
3376 5742 3643 5793 moriendo
3663 5744 3843 5793 triensi3

2257 5818 2480 5887 phorum
2498 5857 2511 5882 ,
2544 5822 2591 5868 et
2622 5815 2886 5867 victoriam
2914 5814 2977 5866 de
3003 5816 3208 5867 diabolo
3236 5824 3547 5866 merueram.

3160 2683 3332 2741 Codd.
3393 2682 3459 2738 Et
3488 2686 3723 2739 uictoria
3772 2703 3847 2739 re-

2317 3047 2449 3101 Ibid.
2482 3042 2713 3101 Feminae
2737 3043 3005 3098 cadenti...

2245 3118 2561 3175 ascendenti.

2318 3188 2381 3245 N.
2404 3190 2461 3243 2.
2506 3187 2648 3241 Tunc
2671 3203 2789 3243 cum
2817 3185 3005 3241 bestiis.

2315 3334 2449 3390 Ibid.
2497 3286 2725 3401 Quorum
2771 3343 2916 3383 voces
2957 3330 3015 3383 in

2245 3423 2447 3460 carnem
2473 3414 2777 3473 martyrum.

2247 3478 2449 3605 “md.
2510 3476 2665 3529 Nunc
2703 3473 2856 3542 plane
2893 3474 3009 3545 jam

2247 3565 2407 3603 ηκιια.

2317 4186 2381 4245 Ν.
2417 4184 2465 4240 5.
2501 4184 2739 4251 Quamvis
2759 4183 2869 4251 jam
2890 4183 3011 4236 nul-

2250 4259 2312 4315 lis
2336 4258 2492 4327 possit
2514 4255 2689 4310 steculi
2709 4254 2865 4323 hujus
2891 4255 3007 4327 feti-

2250 4332 2486 4383 citatibus
2541 4327 2618 4379 uel
2675 4326 3011 4379 suauitatibus

2249 4400 2561 4469 comparari,
2582 4411 2736 4469 parva
2756 4395 3011 4469 particula

2251 4466 2602 4542 promissionis
2642 4466 2835 4538 agitur,
2870 4467 3009 4533 imo,

2250 4553 2354 4596 etc.
2994 4552 2999 4563 ¹

2249 4684 2389 4737 ditis.
