4012 6338
310 319 440 379 1181

1463 383 1466 386 .
1563 329 1947 392 LECTIONES
1992 333 2402 399 VABIAN'I‘ES.

876 452 1047 496 SEBIIO
1079 452 1331 499 αειιχιι.

374 526 518 585 Edit.
545 528 606 583 N.
639 529 691 594 1,
723 529 923 594 Nomen
945 530 1065 594 Per-

297 609 469 672 petua:
504 609 559 672 et
579 598 867 672 Felicitatis
898 648 912 669 ,
944 620 1062 658 san-

298 670 500 726 ctarum
532 671 624 726 Dei
655 670 986 744 famularum.

370 883 502 958 Ibid.
556 882 624 942 In
667 887 917 958 feminas.
964 885 1058 942 Le-

295 954 527 1030 gendum
544 954 771 1030 essetin
800 954 1023 1030 feminis.

369 1024 501 1100 Ibid.
534 1021 815 1100 Fragilitai
842 1029 1060 1099 feminea

294 1111 399 1150 non
419 1097 624 1167 defecit.

381 1167 445 1230 Ν.
497 1169 552 1223 2.
610 1167 837 1226 Delectat
886 1178 1056 1224 autem

296 1239 437 1307 piam
468 1250 687 1294 mentem
721 1240 824 1295 tale
859 1253 1056 1310 specta-

293 1311 466 1387 culum
488 1311 739 1387 contueri,
780 1311 1056 1387 qualesibi
1079 1382 1084 1387 _

293 1379 440 1454 beata
478 1379 736 1452 Perpetua
763 1379 825 1436 de
851 1399 904 1438 se
940 1386 1051 1454 ipsa

290 1452 566 1511 revelatum
582 1470 688 1508 esse
716 1452 970 1518 narravit,
985 1457 1049 1507 vi-

289 1538 406 1598 rum
429 1540 482 1598 se
502 1527 688 1598 factam
705 1537 919 1598 certasse
930 1541 1046 1578 cum

289 1593 520 1668 diabolo.
563 1593 686 1668 Illa
709 1597 897 1668 quippe
938 1613 1049 1650 cer-

3450 346 3587 404 1182

1916 447 2244 532 Ainqualn,
2286 457 2498 532 angelus
2545 458 2751 519 Gabriel
2827 472 2902 517 ter
2951 463 3210 530 Joannis;
3283 462 3538 518 Elisabetlt
3564 505 3582 532 ,

1229 533 1400 595 Codd.
1459 536 1661 593 Nomen
1705 547 1869 594 sancta

2021 527 2082 606 id“
2120 523 2429 606 Zachariam
2458 573 2474 597 ,
2516 548 2624 606 non
2686 535 2754 588 ad
2815 533 2958 606 ’μετοι-
2982 537 3091 606 ejus
3115 579 3129 599 ,
3161 523 3322 606 niater
3345 523 3581 606 Joannis:

1141 603 1410 689 Victoria,
1427 608 1630 689 Domini
1653 611 1892 689 famulae;

1133 684 1187 730 et
1247 679 1326 759 sic
1380 679 1658 760 deinceps;
1691 690 1893 737 mutato

1133 751 1755 874 33⁸23¹ιξέὶῗὲἇ¹⁸⁰¹³τί⁴¹⁰⁶
1779 766 1893 807 ¹¹¹⁰“

1204 889 1297 944 Iid.
1337 889 1404 946 In
1430 889 1638 965 femina.

1201 1029 1298 1092 Iid.‘
1327 1029 1541 1094 Femina
1561 1046 1661 1086 non
1682 1032 1884 1103 defecit.

1198 1171 1293 1234 Iid.
1321 1171 1549 1239 Delectat
1563 1181 1732 1227 autem
1753 1174 1888 1240 piam

1129 1253 1343 1299 mentem
1387 1244 1489 1300 tale
1541 1247 1886 1314 spectaculum

1125 1317 1352 1372 contueri
1375 1356 1389 1380 ,
1451 1316 1650 1372 beatam
1712 1315 1887 1370 Victo-

1121 1388 1252 1458 riam
1303 1389 1355 1440 in
1402 1389 1564 1440 virum
1605 1390 1885 1458 perfectum

1121 1457 1660 1528 adversusaiabolum
1698 1457 1755 1512 in
1791 1458 1883 1514 illo

1120 1529 1393 1582 certamine
1421 1544 1623 1582 currere
1645 1571 1660 1600 ,
1687 1537 1792 1588 etc.

288 1667 479 1738 tamine
504 1667 745 1738 inyirum
766 1672 1045 1737 perfectum
1065 1671 1347 1738 etiamipsa
1375 1670 1642 1733 currebat,
1669 1677 1774 1724 etc.

361 1735 494 1792 Ibid.
531 1735 716 1792 Merito
742 1735 827 1792 ille
851 1735 1009 1792 uetus.

358 1806 490 1891 Ibid.
533 1805 635 1891 ξεν
679 1809 920 1879 feminam
957 1809 1046 1863 deo

283 1888 483 1948 ceperat
503 1888 684 1937 virum.

356 1948 485 2004 Ibid.
514 1947 618 2032 Per
642 1951 805 2032 virum
827 1969 940 2013 eam
959 1970 1044 2008 su-

283 2033 460 2087 perare
488 2031 713 2077 tentavit.

1190 1743 1286 1796 Iid.
1331 1741 1517 1796 Merito
1542 1750 1591 1795 et
1610 1741 1697 1794 ille
1715 1750 1876 1795 vetus.

1151 1885 1160 1893 _
1186 1812 1280 1868 lid.
1307 1809 1407 1866 Per
1429 1813 1668 1883 feminam
1693 1813 1878 1869 vicerat
1906 1839 1956 1902 Β

1113 1900 1296 1938 mrum.

1186 1954 1318 2008 Cod.
1338 1969 1409 2010 xu
1435 1962 1556 2021 post
1576 1954 1690 2009 hzec
1713 1954 1875 2013 verba

1115 2025 1291 2079 addit:
1313 2023 1417 2078 Per
1428 2026 1660 2096 judicem
1681 2025 1877 2096 scilicet

1114 2113 1327 2160 swvum,
1358 2095 1439 2148 cui
1469 2099 1611 2150 beata
1648 2095 1875 2150 Victoria

283 2175 374 2216 nec
400 2163 471 2214 ad
497 2171 691 2239 tempus
709 2167 912 2239 cessit;
944 2167 1289 2239 opitulabatur
1314 2167 1446 2224 enim
1476 2167 1520 2221 ei
1549 2183 1694 2239 quem
1730 2171 1872 2239 virgo

285 2244 562 2311 pepererat.
609 2233 677 2311 Et
701 2237 932 2292 ideo-illa
961 2233 1218 2311 inferioris
1250 2238 1471 2311 hominis
1490 2233 1793 2311 cautissimo
1807 2233 1873 2294 ἐι

283 2305 577 2382 firmissimo
601 2307 777 2382 robore
799 2324 968 2382 omnes
995 2305 1108 2382 ejus
1138 2309 1330 2362 obtudit
1361 2307 1602 2382 insidias,
1626 2309 1871 2374 impetus-

283 2388 380 2448 que
401 2379 672 2446 confregit.
715 2379 967 2442 Cod..xx,
999 2379 1164 2447 prima
1197 2379 1552 2448 praetermissa
1582 2383 1866 2444 sententia,

285 2443 525 2518 ultimth
558 2443 788 2516 phrasin!
818 2443 1009 2516 habet,
1037 2443 1259 2517 excepto
1286 2450 1425 2518 quod
1463 2450 1653 2502 horum
1680 2443 1870 2504 verbo?

284 2527 403 2586 rum
431 2517 570 2583 loco,
603 2518 667 2580 Et
696 2521 810 2580 ideo
837 2521 958 2586 illa,
995 2521 1215 2586 scribit,
1249 2517 1356 2582 seu
1381 2520 1494 2572 illa.
1531 2517 1734 2576 Deinde
1762 2520 1869 2574 duo

250 2626 252 2628 τ
287 2585 446 2657 c_odd.
487 2588 839 2657 fragmentum
873 2600 1093 2645 assuunt
1133 2585 1398 2645 sermonis
1428 2605 1668 2654 ccuxx,
1710 2606 1764 2645 ιι.
1802 2591 1826 2644 1

283 2651 353 2718 Et
381 2651 797 2734 uictore'vestigio
813 2703 827 2729 ,
863 2673 919 2717 ut
941 2662 1119 2718 videre
1141 2671 1226 2718 est
1253 2677 1433 2730 supra.

841 2778 1072 2834 διςΒΜο
1109 2777 1306 2833 CCXC.

353 2864 568 2934 Legitur
603 2868 658 2933 in
700 2869 820 2926 cod.
866 2868 1018 2932 Cass.
1053 2886 1136 2939 χι,
1196 2869 1287 2924 fol.
1339 2867 1441 2946 87,
1479 2868 1570 2925 ubi
1614 2869 1715 2924 hoc
1759 2883 1868 2924 uno

283 2957 494 3026 didert,
523 2962 663 3030 quod
684 3004 698 3028 ,
734 2979 788 3018 n.
811 2962 880 3028 4,
920 2979 1016 3034 pro
1047 2964 1126 3016 his
1159 2964 1430 3016 Editorum
1459 2960 1638 3024 verbis
1669 2979 1682 3016 :
1724 2960 1866 3026 Quo-

282 3053 436 3105 modo
463 3053 562 3119 ﬁet‘
579 3053 713 3107 istud
737 3097 752 3121 ,
784 3055 1031 3123 quoniam
1056 3055 1219 3109 cirum
1249 3070 1349 3106 non
1365 3055 1652 3123 cognosco?
1682 3052 1746 3106 Et
1771 3070 1866 3108 an-

283 3146 426 3218 gelus
469 3162 487 3199 :

539 3144 766 3216 Spiritus
816 3158 1020 3201 sanctus
1048 3147 1360 3220 superveniet
1402 3147 1456 3199 in
1499 3155 1584 3213 te,
1619 3153 1663 3199 et
1707 3146 1866 3202 virtus

285 3212 532 3296 ditissimi
551 3212 866 3306 ubumbrabit
891 3239 1001 3293 tibi.
1031 3212 1159 3304 Ecce
1183 3238 1456 3310 quomodo,
1479 3212 1609 3302 elc.;
1639 3252 1733 3306 pro
1758 3237 1866 3306 his,
1898 3212 1944 3278 Ο

285 3332 536 3402 inquam,
565 3332 744 3386 verbis
790 3332 980 3388 melius
1019 3331 1070 3386 in
1119 3331 1242 3387 cod.
1289 3332 1558 3391 habetur:
1590 3331 1859 3397 Quomodo

284 3422 370 3493 fiet
398 3425 538 3478 istud
560 3464 575 3489 ,
607 3423 732 3477 dum
761 3425 925 3477 virum
956 3439 1058 3477 non
1092 3425 1378 3496 cognosco?
1405 3421 1476 3477 Et
1505 3425 1716 3495 angelus
1746 3439 1859 3496 pro-

213 3545 218 3548 -
283 3517 449 3590 fessus
472 3525 547 3584 est
571 3518 752 3589 virgini
778 3533 797 3573 :
823 3517 953 3572 Ecce
972 3519 1224 3589 quomodo
1243 3559 1258 3584 ,
1288 3526 1392 3572 etc.

833 3610 1064 3666 SERMO
1102 3610 1327 3666 CCXCI.

359 3701 577 3771 Legitur
601 3717 653 3756 Ill
684 3701 804 3758 cod.
838 3701 986 3757 Cass.
1024 3718 1104 3757 xu
1125 3744 1139 3768 ,
1171 3704 1267 3758 fol.
1295 3703 1422 3757 251.

358 3794 501 3850 Edit.
531 3793 595 3849 N.
630 3796 679 3850 I.
716 3795 877 3860 Quem
907 3796 1043 3850 diem

285 3865 596 3922 celebramus
630 3866 929 3920 hodiernum
960 3884 1045 3929 uo-

286 3936 488 4000 bis-dici
516 3953 617 3990 non
644 3953 769 4008 Opus
794 3941 1046 4008 estLquia

287 4024 475 4071 omnes,
489 4023 601 4061 cum
619 4007 866 4076 legeretur
885 4007 1048 4062 Evan-

285 4080 496 4150 gelium,
516 4079 751 4132 audistis.
773 4079 942 4150 llodie
963 4097 1048 4133 ac-

287 4147 508 4222 cepimus
529 4160 756 4204 sanctum
767 4147 1044 4218 Joannem.

358 4289 493 4348 Ibid.
547 4290 798 4362 Impletur
846 4293 1049 4363 Spiritu

286 4372 427 4416 sanet
431 4379 480 4416 0.

360 4433 491 4488 Ibid.
533 4432 804 4505 Nascitur,
847 4433 936 4488 dat
963 4451 1047 4506 pa-

289 4505 357 4560 tri
380 4520 572 4561 vocem.

360 4573 491 4629 Ibid.
542 4575 678 4649 Quid
721 4576 853 4639 enim
904 4576 1047 4649 aliud

286 4662 438 4716 quam
509 4647 684 4702 ratia?
1001 4647 1005 4649 ⁷

349 4716 424 4790 ΑΝ.
556 4714 696 4790 Nam
735 4732 915 4790 manus
942 4716 1048 4784 Do-

287 4787 413 4842 mini
441 4804 557 4842 cum
584 4787 696 4842 illo.

365 4859 493 4913 Ibid.
534 4856 696 4912 Jacob
724 4867 887 4918 erant.
921 4857 1050 4920 Ante

287 4927 541 4984 Joannem
591 4939 721 4984 certe
772 4930 954 4984 calum
1003 4935 1050 4982 et

286 5009 423 5069 terra
461 5007 624 5054 erant.
669 5000 804 5066 Quid
846 5001 938 5054 erit
961 4998 1050 5069 qui

286 5067 342 5136 in
370 5072 620 5142 principio
642 5072 786 5126 erat?

357 5211 468 5267 Ibid
524 5210 607 5288 _El
644 5210 857 5266 Verbum
884 5220 1047 5288 erat,

286 5299 395 5408 non‘
413 5284 791 5408 q‘t’tale’cumque,
807 5283 893 5337 sed
910 5279 1047 5336 Deus

285 5371 374 5410 era
479 5369 532 5408 er
566 5368 672 5410 um.

363 5565 494 5624 Ibid.
529 5565 681 5638 Quid
719 5567 830 5638 ipsa
867 5578 1047 5618 manus

288 5637 542 5695 Domini?

360 5710 425 5763 Ν.
446 5709 498 5762 5.
537 5707 683 5779 Venit
709 5707 923 5779 angelus
943 5701 1050 5761 Ga-

293 5781 418 5834 briel
462 5781 528 5833 ad
558 5777 862 5832 Zachariam
887 5820 900 5842 ,
949 5793 1049 5830 non

294 5855 360 5904 ad
391 5850 644 5921 l€.isabeth
675 5865 878 5902 uxorem
903 5852 1012 5921 ejus
1033 5891 1045 5912 ,

295 5934 507 5978 matrem
554 5919 806 5986 Joannis;
872 5919 999 5972 venit
1030 5963 1045 5987 ,

1186 3795 1317 3852 Cod.
1371 3797 1531 3862 Quem
1571 3796 1705 3860 diem
1751 3798 1880 3854 cele—

1117 3867 1315 3922 bremus
1343 3867 1643 3922 hodiernum
1683 3887 1713 3938 ᾳ
1739 3870 1882 3924 nobis

1118 3939 1220 3994 dici
1270 3956 1370 3994 non
1423 3955 1550 4005 Opus
1596 3948 1667 3992 est
1700 3982 1713 4006 ,
1761 3942 1883 4010 quia

1119 4026 1307 4071 omnes,
1327 4025 1439 4062 cum
1461 4010 1706 4079 legeretur
1725 4010 1884 4063 Euan-

1117 4082 1308 4151 gelium
1331 4121 1346 4144 ,
1375 4081 1678 4134 audivimus.
1712 4080 1885 4134 Hodie

1119 4153 1402 4224 accepimus
1443 4161 1615 4212 natum
1653 4162 1886 4207 sanctum

1120 4220 1396 4277 Joannem.

1195 4294 1269 4346 Id.
1302 4289 1632 4364 Implebitur,
1689 4293 1883 4363 inquit,

1121 4361 1550 4436 Spiritu__sancto.

1191 4434 1263 4489 Id.
1309 4431 1548 4488 Nascitur
1577 4432 1752 4502 ﬁlius,
1793 4449 1886 4486 na-
1956 4477 1961 4482 .

1120 4516 1201 4572 tus
1223 4503 1391 4558 reddit
1425 4506 1559 4572 patri
1581 4503 1769 4558 vocem.

1999 593 2278 652 Elisabetlt.
2318 593 2490 667 Quare
2509 602 2534 656 .’

2827 605 2976 659 Venit
3005 605 3218 673 Gabriel
3268 607 3335 659 ad
3384 605 3586 662 Zacha-

2827 677 2958 730 riam
2985 717 3000 739 ,
3044 693 3146 731 non
3188 677 3256 732 ad
3299 677 3580 732 Elisabeth.

2825 747 2998 814 Quare
3017 748 3043 802 γ

2523 834 2757 892 SERMO
2794 835 3040 894 CCXCII.

2063 922 2279 995 Legitur
2326 926 2381 982 in
2423 927 2544 982 cod.
2573 928 2724 985 Cass.
2753 946 2841 986 si.
2875 931 2964 988 fol.
3002 931 3135 999 I925,
3187 941 3242 989 et
3288 932 3410 989 cod.
3435 947 3525 991 cxx
3557 970 3574 1000 ,

1991 1012 2085 1071 fol.
2115 1017 2201 1074 74.

2064 1112 2206 1168 Edit.
2233 1113 2299 1170 Ν.
2323 1113 2734 1184 5Jniquitatem.

1989 1182 2242 1241 Dominus
2302 1182 2535 1256 Christus
2591 1201 2745 1256 quare

1987 1264 2060 1325 est
2113 1255 2440 1325 baptizatus?
2494 1255 2743 1311 Dominus

1988 1324 2219 1382 Christus
2266 1327 2360 1383 Dei
2417 1327 2585 1382 Filius
2638 1330 2743 1380 uni-

1985 1399 2203 1470 genitus,
2237 1415 2392 1466 quare
2419 1409 2491 1455 est
2517 1399 2742 1468 baptiza-

1986 1465 2094 1541 tus?
2108 1465 2287 1524 Inveni
2304 1487 2462 1541 quare
2480 1479 2550 1524 est
2569 1465 2743 1535 natus,

1985 1547 2031 1610 et
2080 1540 2148 1594 ibi
2199 1540 2417 1596 invenies
2460 1558 2614 1610 quare
2667 1549 2742 1594 est

1983 1607 2282 1682 baptizatus.
2311 1610 2334 1664 I
2343 1610 2390 1666 bi
2410 1607 2615 1682 quippe,
2629 1621 2732 1672 etc.

2054 1681 2116 1736 N.
2151 1681 2205 1736 ιι.
2252 1683 2382 1750 Quia
2425 1681 2628 1746 Domini
2669 1691 2741 1738 est

1981 1755 2141 1818 salus.
2178 1752 2317 1810 Nam
2345 1770 2506 1820 vana,
2537 1765 2640 1812 etc.

2054 1893 2183 1950 Ibid.
2217 1893 2396 1966 Neque
2419 1895 2553 1949 enim
2577 1894 2740 1966 Joan-

1977 1966 2055 2020 nis
2081 1983 2180 2021 non
2201 1965 2560 2022 erat’Satvator
2585 1965 2732 2022 Chri-

1974 2046 2098 2096 stus.
2111 2036 2231 2092 Non
2247 2040 2337 2092 hoc
2354 2039 2474 2092 dicit
2492 2038 2729 2108 ipse,etc.

2046 2178 2108 2232 Ν.
2141 2178 2194 2234 5.
2236 2177 2368 2234 Ecce
2394 2179 2482 2248 qui
2512 2180 2734 2246 baptisat

1973 2247 2183 2331 inferior
2199 2261 2269 2304 est
2287 2247 2731 2331 ;quiba.ptizn.atur,

1972 2320 2200 2373 dicturus
2229 2337 2358 2389 sum,
2386 2320 2592 2374 melior?
2619 2321 2734 2386 Hoc

1971 2391 2103 2466 forte
2118 2433 2133 2458 ,
2164 2400 2267 2447 etc.

2885 1115 3018 1172 Cod.
3061 1134 3169 1192 cst.
3219 1119 3570 1192 Iniquitat‘em.

2816 1184 2967 1242 Dices
3035 1189 3161 1244 mihi
3232 1207 3252 1248 :
3320 1184 3576 1245 Dominus

2815 1255 3047 1331 Christus
3067 1278 3226 1331 quare
3249 1271 3317 1314 est
3349 1263 3576 1330 baptiza-

2816 1338 2892 1382 tus
2917 1329 2942 1384 ?
2974 1329 3215 1386 Dominus
3232 1331 3461 1386 Christus
3483 1350 3577 1386 na-

2816 1410 2896 1472 tus
2921 1416 2983 1453 ea:
3003 1402 3194 1468 virgine
3217 1403 3371 1464 venit,
3397 1405 3578 1472 quare?

2816 1468 2883 1544 Et
2921 1472 2990 1524 ibi
3024 1473 3214 1544 invenis
3257 1468 3416 1540 quare
3448 1475 3575 1544 bap-

2816 1542 3019 1602 tizatus.
3050 1543 3132 1598 lbi
3157 1545 3371 1618 quippe,
3401 1551 3506 1602 etc.

2881 1681 3011 1758 Cod.
3040 1701 3113 1758 xi.
3131 1685 3276 1758 Quia
3297 1703 3328 1740 a
3355 1684 3572 1740 Domino

2811 1765 2884 1810 est
2905 1757 3066 1819 salus,
3087 1757 3139 1810 id
3166 1757 3270 1820 est,
3297 1775 3328 1811 a
3355 1758 3574 1810 Domino

2813 1825 3137 1880 datursalus.
3151 1826 3282 1882 Nam
3301 1845 3450 1894 vana,
3465 1836 3571 1882 etc.

2885 1897 2958 1952 Id.
2989 1897 3166 1972 Neque
3178 1901 3324 1972 enim
3344 1897 3574 1972 Joannes

2807 1984 2907 2022 non
2958 1969 3402 2026 erat'salvaudus.
3447 1969 3572 2025 Sal-

2807 2048 2940 2111 uator
2996 2058 3112 2111 ergo
3152 2040 3399 2095 Christus.
3434 2039 3572 2095 Nam

2807 2108 2905 2162 hoc
2934 2108 3068 2164 dicit
3086 2115 3099 2163 i
3107 2129 3210 2178 pse,
3243 2124 3347 2168 etc.

2878 2182 3146 2254 Codscm.
3179 2183 3308 2242 Ecce
3331 2183 3417 2254 qui
3443 2181 3571 2254 bap-

2808 2251 2932 2306 tizat
2951 2253 3162 2323 inferior
3190 2263 3261 2308 est
3285 2269 3302 2319 ,'
3329 2251 3415 2322 qui
3445 2253 3571 2323 bap-

2807 2325 3010 2385 tizatur,
3032 2325 3268 2377 'dicturus
3295 2341 3426 2388 sum,
3459 2339 3570 2376 me-

2807 2395 2945 2450 lior?
2992 2394 3052 2450 Si
3091 2411 3183 2449 nec
3221 2398 3310 2464 qui
3347 2396 3570 2464 buptizat

2803 2464 3017 2536 inferior
3045 2477 3115 2518 est
3138 2507 3151 2530 ,
3177 2481 3266 2519 nec
3296 2468 3380 2536 qui
3406 2464 3569 2532 bapti-

2002 2541 2118 2588 atur
2137 2533 2346 2605 melior,
2360 2533 2589 2605 dicturus
2618 2549 2730 2588 sum
2758 2538 2877 2601 quia
2902 2535 3114 2594 Creator
3141 2533 3314 2605 quam
3333 2546 3564 2590 creatura

2041 2675 2103 2728 Ν.
2133 2674 2185 2728 8.
2221 2674 2326 2730 Sed
2357 2692 2455 2728 non
2481 2677 2531 2728 in
2560 2675 2655 2729 hoc
2680 2691 2733 2729 se

2042 3029 2171 3118 Ibid.
2199 3029 2268 3118 ‘Et
2300 3029 2461 3118 audit
2500 3047 2638 3118 eum,
2677 3038 2726 3096 et

1966 3101 2081 3157 ideo
2111 3095 2233 3169 stat,
2264 3113 2365 3168 etc.

1849 2549 1869 2574 ι
2002 2549 2118 2588 atur
2137 2549 2335 2598 metior,
2360 2549 2589 2599 arcturus
2618 2549 2730 2588 sum
2758 2551 2877 2601 quia
2902 2549 2908 2587 ι

1849 2632 1864 2657 9
1968 2549 2121 2676 {non}
2145 2603 2214 2676 sit
2235 2603 2441 2676 melior.
2477 2603 2594 2676 Hoc
2621 2606 2772 2670 forte,
2804 2617 2908 2660 etc.

2877 2676 2950 2731 Id.
2995 2677 3101 2733 Sed
3140 2694 3241 2732 non
3289 2677 3342 2732 in
3383 2677 3477 2732 hoc
3513 2694 3566 2734 se

1967 2746 2286 2820 discipulum
2345 2746 2727 2820 demonstrauit.
2803 2747 3116 2820 discipulum
3173 2745 3561 2805 demonstravit.

1969 2815 2074 2890 Qui
2101 2819 2163 2876 de
2193 2817 2339 2886 caelo,
2364 2815 2550 2889 inquit,
2582 2828 2688 2888 etc.

2807 2817 2869 2873 Et
2897 2817 2982 2878 ubi
3027 2837 3080 2873 se
3126 2819 3432 2890 discipulum
3476 2820 3566 2874 de-

2801 2892 3137 2973 monstravit?
3182 2891 3280 2958 Qui
3309 2891 3371 2944 de
3398 2893 3522 2948 cath
3542 2930 3562 2959 ,

2800 2972 2962 3031 inquit
2976 3004 2990 3026 ,
3025 2972 3128 3018 etc.

2868 3031 3044 3087 Codd.
3080 3033 3239 3088 ambo
3273 3051 3286 3088 :
3318 3031 3383 3086 Et
3413 3033 3565 3091 audit

2795 3119 2931 3178 eum.
2983 3102 3118 3178 Ergo
3148 3104 3447 3178 discipulus
3490 3110 3564 3178 est

2794 3175 2882 3247 qui
2943 3184 3058 3247 stat,
3092 3175 3143 3247 et
3172 3245 3177 3247 _
3207 3176 3351 3231 audit
3402 3177 3564 3246 magi-

2798 3245 2980 3299 strum.
3015 3245 3081 3299 Et
3125 3245 3238 3300 ideo
3285 3256 3406 3314 stat,
3454 3245 3562 3302 etc.

2497 3335 2727 3392 SERMO
2751 3335 3026 3394 CCXCIV.

2052 3429 2266 3501 Legitur
2297 3429 2350 3484 in
2374 3427 2498 3484 cod.
2530 3427 2683 3482 Cass.
2713 3443 2806 3496 vu,
2842 3428 2936 3484 fol.
2962 3427 3091 3495 280,
3117 3436 3172 3485 et
3198 3429 3251 3484 in
3287 3427 3405 3483 cod.
3438 3427 3564 3483 Flo-

1979 3522 2176 3577 rentia.
2211 3521 2344 3590 plut.
2378 3535 2507 3576 xvm
2536 3519 2711 3585 δοκι..
2753 3518 2878 3576 ood.
2907 3534 2962 3586 ν,
2993 3519 3087 3578 fol.
3121 3518 3210 3575 51.

2051 3615 2192 3670 Edit.
2223 3613 2285 3670 N.
2326 3617 2380 3670 t.
2412 3613 2734 3678 Disputatio-n

1984 3701 2066 3740 nes
2078 3686 2417 3756 quorumdam
2435 3702 2549 3755 qua:
2561 3687 2732 3749 modo,

1982 3769 2114 3881 cuii.
2148 3827 2201 3879 Ξ.
2235 3824 2520 3898 Parumper
2569 3836 2735 3892 atten-

1981 3899 2106 3960 dite.
2139 3898 2395 3960 Parvulas
2415 3938 2430 3966 ,
2477 3899 2734 3969 inquiunt,

1971 3971 2078 4028 .etsi
2092 3986 2193 4026 non
2209 3970 2516 4044 baptizatur,
2533 3970 2730 4036 merito,

1985 4052 2190 4167 e“Ibid.
2222 4109 2360 4177 Quid
2387 4109 2450 4176 de
2476 4110 2578 4168 vita
2593 4120 2734 4178 teter-

1985 4198 2054 4246 _na
2080 4183 2104 4238 ?
2136 4181 2435 4250 Habebunt,
2481 4183 2734 4250 inquiunt.

1991 4254 2164 4318 Quare
2224 4251 2535 4308 habebunt?
2602 4255 2738 4318 Quia

1986 4323 2190 4386 nullum
2235 4333 2493 4395 peccatum
2531 4324 2733 4386 habent.

2062 4467 2124 4521 N.
2158 4466 2212 4521 5.
2243 4463 2360 4520 Hac
2397 4481 2608 4536 regnum
2650 4481 2741 4524 no-

1992 4539 2186 4602 minat,
2232 4537 2326 4594 hac
2370 4552 2486 4598 cum
2536 4536 2741 4590 diabolo

1216 4577 1293 4632 ιρι.
1347 4576 1521 4664 ictu“
1545 4576 1686 4664 :m'm
1740 4575 1886 4629 ιιιεατι
1912 4588 1964 4648 n
1987 4575 2383 4664 succisae:

1118 4664 1271 4717 quam
1308 4649 1525 4716 gratiam
1543 4645 1566 4697 ?

1194 4718 1266 4771 Id.
1305 4712 1444 4784 Nam
1470 4731 1648 4768 manus
1674 4712 1883 4770 Domini

1120 4798 1190 4842 est
1215 4804 1328 4842 cum
1353 4787 1464 4840 illo.

1192 4858 1268 4912 Id.
1324 4855 1483 4909 Jacob
1539 4865 1702 4910 erant.
1751 4856 1882 4910 Ante

1121 4931 1376 4984 Joannem
1404 4928 1565 4980 Adam
1601 4937 1724 4980 erat.
1753 4929 1884 4981 Ante

1121 4999 1378 5056 Joannem
1439 5008 1568 5052 certe
1614 4999 1795 5051 caelum
1836 5007 1885 5051 et

1125 5080 1259 5126 terra
1296 5078 1458 5124 erant.
1497 5069 1633 5136 Quid
1671 5069 1763 5121 erit
1799 5069 1886 5136 qui

1123 5145 1175 5197 in
1207 5141 1594 5212 principiaerat
1629 5136 1886 5193 Verbum?

1211 5207 1286 5266 Id.
1338 5209 1407 5264 Et
1462 5207 1683 5263 Verbum
1733 5218 1882 5275 erat,

1121 5299 1221 5338 non
1249 5282 1547 5346 ubicumque
1570 5319 1584 5342 ,
1621 5279 1707 5332 sed
1743 5283 1884 5349 apud

1124 5353 1285 5406 Deum
1306 5369 1322 5414 ;
1340 5362 1384 5405 et
1414 5351 1632 5408 Verbum
1653 5357 1759 5403 erat
1783 5367 1884 5404 non

1121 5426 1480 5496 qualecumque
1510 5463 1524 5488 ,
1581 5423 1669 5474 sed
1749 5419 1887 5475 Deus

1121 5493 1228 5550 erat
1262 5493 1499 5550 Verbum.

1192 5565 1268 5621 Id.
1301 5565 1438 5632 Quid
1462 5571 1534 5617 est
1558 5563 1671 5634 ipsa
1699 5577 1883 5617 manus

1127 5637 1330 5689 Domini
1347 5635 1373 5690 ?

1193 5707 1268 5762 Id.
1325 5706 1462 5760 Veni!
1507 5705 1718 5776 angelus
1750 5705 1881 5768 (de-

1121 5788 1242 5832 sunt
1265 5777 1403 5832 male
1425 5777 1476 5830 in
1509 5775 1658 5846 cod.)
1676 5775 1880 5832 Gabriel

1121 5851 1186 5903 ad
1208 5847 1533 5910 Zachariam,
1554 5863 1652 5900 non
1680 5849 1747 5900 ad
1770 5846 1882 5901 Eli-

1120 5917 1312 5975 sabetlt.
1341 5917 1619 5972 Zacharias
1648 5929 1753 5974 erat
1789 5935 1882 5987 pa-

2062 4681 2193 4744 lbid.
2229 4678 2428 4734 llecede
2457 4679 2518 4730 de
2546 4675 2736 4746 medio,

1987 4751 2076 4805 sed
2105 4746 2212 4802 noli
2238 4749 2290 4800 in
2317 4748 2594 4801 sinistram.

2059 4821 2124 4876 Ν.
2163 4821 2232 4888 4.
2261 4817 2328 4870 Ει
2380 4819 2486 4872 ἠως
2535 4817 2738 4888 quidem

1990 4894 2180 4963 fuistis.
2205 4887 2271 4943 Et
2308 4891 2440 4950 unde
2476 4887 2596 4960 1am
2637 4905 2737 4952 non

1990 4973 2104 5018 sunt
2133 4964 2156 5018 2

1987 4973 2104 5019 sunt
2133 4973 2154 5018 κ

2060 5034 2126 5089 Ν.
2175 5032 2228 5085 ὓ.
2280 5029 2510 5092 Damnas
2567 5041 2735 5094 tamen

1985 5120 2132 5174 quem
2158 5118 2366 5174 separat
2398 5119 2430 5156 a
2459 5117 2612 5172 regno
2639 5118 2736 5158 cae-

1988 5173 2175 5230 lorum.
2207 5173 2433 5236 Damnat
2459 5188 2478 5230 .'
2500 5189 2600 5226 non
2622 5189 2736 5234 eum

1989 5247 2228 5315 percutis.

2058 5459 2124 5514 N.
2155 5460 2208 5522 7.
2242 5455 2354 5528 Ego
2379 5471 2586 5530 prorsus
2647 5470 2735 5510 ea;-

1987 5532 2172 5590 clamo.

2057 5601 2191 5657 Ibid.
2240 5599 2344 5656 Sed
2378 5600 2502 5662 scio,
2542 5597 2730 5667 inquis.

1992 5674 2140 5731 Unde
2158 5673 2254 5728 scis
2272 5673 2296 5725 ?
2322 5672 2452 5742 Quia
2483 5669 2734 5734 Dominus

1987 5746 2134 5801 dixit.

2878 3613 3011 3669 Cod.
3062 3628 3114 3667 γ.
3174 3611 3557 3680 Disputationes

2805 3684 3179 3753 quorumdam,
3245 3684 3334 3753 qui
3380 3685 3550 3749 modo,

2810 3765 2914 3814 etc.

2877 3825 3011 3880 Cod.
3036 3821 3127 3897 VII.
3167 3823 3452 3897 Parumper
3479 3834 3558 3880 at-

2809 3898 3015 3951 tendite.
3047 3895 3184 3962 Quid
3209 3895 3398 3964 dicant,
3418 3897 3554 3950 dico.

2809 3966 3089 4034 Parvulus,
3126 3969 3378 4036 inquiunt,
3406 3968 3557 4022 meri-

2811 4047 2881 4094 ιο.
2912 4049 3015 4092 etc.

3044 4126 3092 4168 ν.
3134 4109 3199 4162 Si
3241 4106 3444 4179 quidem
3484 4111 3558 4164 tti-

2810 4188 2911 4232 tam
2933 4192 3171 4234 (sternam
3195 4179 3464 4248 habt-bunt,
3487 4181 3560 4235 in-

2810 4253 3005 4320 quiunt.
3051 4250 3218 4318 Quare
3266 4251 3561 4306 habebunt?

2815 4323 2947 4400 Quia
2973 4321 3174 4388 nullum
3199 4332 3456 4400 peccatum
3479 4323 3561 4376 ha-

2811 4391 3046 4458 buerunt.

2885 4463 2958 4517 Id.
3000 4461 3132 4517 Hinc
3158 4479 3367 4534 regnum
3397 4465 3560 4518 nomi-

2812 4544 2919 4599 nat,
2936 4534 3052 4588 hinc
3069 4549 3181 4594 cum
3195 4533 3397 4586 diabolo
3413 4534 3560 4588 dam-

2813 4605 3087 4658 nationem.

2885 4675 2958 4744 Id.
3009 4673 3204 4730 Recede
3252 4673 3316 4728 de
3368 4673 3556 4744 medio,

2811 4743 2900 4798 sed
2924 4745 3029 4797 noli
3065 4745 3344 4798 sinistram.

2885 4815 2960 4870 Id.
2989 4815 3062 4884 Et
3097 4815 3191 4870 hoc
3230 4815 3430 4884 quidem
3458 4814 3558 4884 fui-

2809 4885 2923 4944 stis.
2977 4883 3044 4938 Et
3094 4883 3248 4952 vide,
3289 4887 3403 4956 jam
3457 4883 3558 4954 non

2809 4966 2944 5020 sunt.

2880 5027 3012 5084 Cod.
3037 5043 3128 5092 vn.
3168 5025 3394 5086 Damnas
3442 5041 3557 5080 eum

2843 5115 2956 5164 nem
2982 5115 3189 5164 separas
3213 5114 3245 5151 a
3271 5113 3426 5167 regno
3465 5112 3558 5151 cat-

2807 5114 2996 5221 YOrum.
3024 5165 3248 5221 Damnas
3275 5183 3425 5221 auem
3454 5167 3558 5220 dis-

2830 5187 2996 5224 orum.
3024 5165 3248 5221 Damnas
3275 5165 3425 5238 quem
3454 5167 3558 5220 dis-

2806 5241 2972 5303 sociat
3015 5257 3046 5300 a
3087 5243 3320 5300 societate
3357 5248 3558 5298 sancto-

2807 5327 2942 5366 rum.
2971 5309 3089 5364 Jam
3115 5326 3216 5373 non
3244 5325 3354 5372 eum
3377 5324 3557 5381 pereu-

2806 5382 2890 5436 tis.

2876 5450 3009 5508 Cod.
3049 5467 3102 5507 v.
3148 5449 3290 5521 Ergo
3346 5464 3553 5520 prorsus

2803 5526 3054 5578 exclamo.
3110 5580 3120 5591 ,

2876 5591 3222 5652 Cod.vn.Sed
3232 5591 3549 5660 scio,inquis.

2811 5664 2948 5732 Quid
2994 5664 3142 5719 scis?
3201 5663 3320 5720 Non
3366 5663 3555 5715 iturum

2804 5745 3086 5812 parvulun_t_
3121 5739 3173 5788 in
3208 5746 3554 5812 regnumhcae-

2807 5802 2994 5864 lorum.
3041 5807 3188 5862 Unde
3229 5802 3326 5864 siis
3351 5811 3376 5863 ?
3420 5802 3555 5869 Quid

2806 5883 3055 5946 Dominus
3080 5879 3227 5942 dicit.
