4012 6338
557 396 691 451 1183

625 509 691 566 Ν.
723 508 775 563 8.
809 508 953 564 Unde
980 508 1142 563 vicisti
1170 507 1300 562 bono

552 580 714 636 illius.

592 650 755 732 _Ibid.
805 650 944 706 Nam
1010 667 1160 722 quem
1231 651 1302 706 vi-

552 723 688 779 cisti.

624 793 688 848 N.
704 791 758 848 9.
782 792 866 847 Ita
885 792 1158 848 dividendo
1174 794 1303 849 duas

550 879 791 934 personas
817 865 1191 919 induceremus.

624 934 757 991 Ibid.
788 935 931 999 Noli,
956 936 1137 1005 inquit,
1165 951 1297 1005 sepa-

553 1147 778 1200 ambulat
808 1150 858 1200 in
891 1158 1041 1200 terra.

620 1216 684 1271 N.
720 1218 807 1271 10.
840 1216 955 1272 Hoc
990 1229 1107 1287 ergo
1138 1217 1301 1270 dicere

550 1288 728 1354 voluit,
752 1288 918 1343 Nemo
938 1288 1186 1355 ascendit,
1204 1288 1304 1341 nisi

554 1360 644 1427 qui
667 1360 946 1414 descendit.

622 1570 687 1625 N.
722 1574 807 1625 II.
849 1570 1045 1625 Fundit
1094 1571 1305 1641 sangui-

550 1656 662 1694 nem
690 1642 920 1697 Christus
959 1643 1010 1695 in
1042 1642 1299 1696 remissio-

548 1726 661 1765 rtem
684 1725 947 1770 veccatoru
956 1730 1023 1765 m.

617 1781 681 1864 Ν.
710 1785 793 1838 15.
820 1785 985 1837 Adam
1006 1783 1201 1851 primus
1222 1799 1301 1837 ac-

546 1863 679 1922 cepit
708 1871 955 1908 morsum.

616 1924 751 1979 Ibid.
823 1925 889 1981 Ut
955 1925 1019 1977 de
1089 1934 1292 1992 peccato

546 1994 811 2050 damnaret
894 2006 1153 2065 peccatum
1240 1996 1293 2049 in

544 2082 697 2120 carne
736 2083 756 2122 :
804 2067 867 2121 de
915 2077 1119 2136 peccato
1174 2082 1291 2136 pec-

546 2149 736 2193 catum.

618 2208 683 2262 N.
719 2209 803 2263 I4;
840 2206 960 2262 Nisi
984 2209 1070 2261 ille
1092 2208 1181 2277 qui
1206 2224 1299 2261 na-

547 2287 629 2333 tus
652 2290 724 2334 est
760 2280 869 2335 sine
905 2280 1044 2334 vitio.
1077 2279 1151 2332 Ab
1178 2279 1295 2347 hac,

549 2358 654 2405 etc.

612 2420 675 2475 Ν.
722 2422 809 2477 15.
877 2421 1049 2476 Unum
1104 2420 1299 2491 aliquid

543 2492 913 2547 acutissimum.

614 2561 746 2618 Ibid.
795 2562 1096 2633 Respondeo
1147 2578 1295 2633 pror-

544 2650 626 2690 sus
652 2650 669 2689 :
694 2633 816 2690 Non
844 2636 1039 2703 primus
1076 2635 1296 2703 peccavit

544 2704 728 2759 Adam.

613 2775 674 2829 Ν.
704 2776 789 2831 18.
826 2774 907 2829 Ibi
954 2784 1003 2829 et
1050 2778 1295 2829 maritum

545 2846 693 2901 habes
718 2848 998 2915 infidelem,
1022 2846 1091 2900 ibi
1115 2846 1290 2913 habes,

542 2927 647 2975 etc.

613 2988 746 3045 Ibid.
782 2988 1151 3058 Sanctiﬁcatur
1184 3005 1295 3042 mu-

542 3061 634 3115 lier
695 3060 915 3128 inﬁdelis
988 3061 1040 3113 in
1113 3058 1290 3127 fratre.

542 3131 831 3197 Numquid,
863 3142 970 3186 etc.

606 3201 677 3257 N:
706 3202 792 3273 19.
835 3202 967 3267 Quia
997 3202 1145 3257 veleri
1182 3201 1292 3274 lege

543 3288 644 3327 non
672 3274 876 3327 licebat.

610 3342 674 3397 Ν.
697 3343 787 3397 20.
817 3343 951 3412 Quia
990 3352 1165 3415 postea
1212 3342 1293 3398 di-

542 3414 763 3487 ligenda.

613 3430 763 3469 enaa.

1460 396 1834 454 SERMONUM
1873 394 2322 453 GENUINORUM
2360 396 2416 453 S.
2458 392 2827 453 AUGUSTINI

1444 508 1579 563 Cod.
1608 525 1659 564 ν.
1708 510 1856 565 Unde
1894 528 2010 565 eum
2047 511 2122 565 vi-
2148 514 2200 572 Α
2311 510 2457 564 Edit.
2487 510 2551 565 Ν.
2586 510 2633 563 1.
2662 510 2854 564 Recens
2873 522 2994 562 san-

1373 579 1485 634 cisti
1514 580 1644 633 bono
1674 581 1835 635 illius.

1410 721 1422 732 .
1444 649 1520 732 Id.
1555 651 1693 705 Nam
1717 668 1831 706 eum
1859 670 2005 722 quem
2042 653 2118 706 vi-

1375 722 1510 776 cisti.

1445 791 1522 847 Id.
1558 791 1643 845 Ita
1681 794 1953 849 dividendo
1993 795 2120 848 duos

1374 862 1746 919 induceremus.

1446 933 1521 988 Id.
1566 933 1711 1001 Noli,
1750 936 1931 1005 inquit,
1974 952 2119 1005 sepa-

1375 1020 1506 1068 rare,
1538 1007 1672 1073 quod
1712 1006 1825 1059 volo
1862 1010 2118 1071 copulare.

1448 1074 1708 1149 Id._Sedet
1754 1078 1807 1129 in
1850 1077 1995 1143 cwlo,
2036 1079 2123 1149 qui

1372 1146 1660 1201 ambulabat
1683 1149 1731 1200 in
1756 1158 1905 1201 terra.

1446 1216 1577 1271 Cod.
1613 1233 1704 1272 vu.
1737 1217 1851 1271 Hoc
1878 1219 2013 1272 enim
2043 1220 2125 1273 di-

1376 1302 1485 1340 cere
1499 1289 1675 1355 voluit,
1695 1288 1859 1342 Nemo
1874 1290 2123 1356 ascendit,

1373 1357 1472 1430 nisi
1534 1359 1622 1427 qui
1686 1361 1795 1430 ejus
1818 1429 1828 1430 ί
1847 1360 2126 1415 membrum

1375 1426 1551 1497 factus
1573 1426 1745 1499 fueril.
1776 1429 1945 1483 Nemo
1991 1434 2126 1485 enim

1370 1501 1616 1571 ascendit,
1630 1502 1728 1571 nisi
1742 1502 1828 1571 qui
1840 1504 2121 1557 descendit.

1449 1568 1584 1642 Cod.
1607 1587 1659 1624 γ.
1694 1568 1891 1625 Fundit
1919 1574 2128 1642 sangui-

1373 1655 1489 1693 nem
1525 1638 1755 1696 Christus
1788 1644 1840 1694 in
1871 1638 2122 1699 remissim

1370 1726 1483 1765 nem
1510 1713 1733 1766 omnium
1782 1722 2120 1781 peccatorum.

1444 1781 1520 1835 Id.
1549 1783 1715 1837 Adam
1743 1788 1906 1852 primo
1933 1788 2125 1857 accepit

1372 1868 1616 1908 morsum.

1439 1922 1517 1977 Id.
1552 1923 1619 1977 Ut
1648 1926 1711 1977 de
1743 1935 1947 1996 peccato
1974 1928 2122 1981 dam-

1366 2004 1510 2047 naret
1533 2005 1819 2065 peccantem
1844 1998 1898 2049 in
1925 2014 2077 2054 carne
2099 2015 2119 2053 :

1367 2065 1429 2119 de
1460 2074 1663 2135 peccato
1692 2076 1999 2138 peccantem.

1443 2206 1519 2261 Id.
1554 2206 1673 2262 Nisi
1717 2209 1805 2279 qui
1850 2219 1999 2264 natus
2048 2222 2121 2266 est

1372 2277 1479 2332 sine
1532 2280 1653 2333 vitio
1696 2277 1871 2337 homo.
1903 2281 1977 2333 Ab
2026 2281 2122 2337 hac

1372 2357 1475 2404 CIC.

1446 2419 1523 2475 Id.
1561 2419 1732 2475 Unum
1759 2422 1904 2476 aliud
1929 2423 2115 2478 acutis~

1367 2490 1571 2545 simum.

1436 2562 1515 2616 Id.
1540 2562 1841 2634 Respondeo
1863 2580 1880 2618 :
1900 2562 2121 2622 Prorsus

1368 2649 1469 2687 non
1490 2634 1682 2701 primus
1695 2636 1918 2705 peccavit
1931 2638 2117 2692 Adam.

1442 2775 1517 2829 Id.
1551 2776 1650 2830 Ubi
1678 2775 1827 2831 habes
1871 2788 1915 2832 et
1964 2780 2121 2833 mari-

1369 2856 1473 2899 tum
1504 2847 1786 2916 inﬁdelem,
1830 2848 1899 2902 ibi
1943 2847 2116 2913 habes,

1369 2925 1515 3043 clcIil.
1542 2987 1907 3059 Sanctiﬁcatur
1938 2990 2121 3045 mulier

1365 3060 1597 3140 inﬁdelis.
1626 3066 1696 3140 _in
1735 3061 1914 3140 fratre
1958 3062 2118 3130 ﬁdeli.

1368 3128 1658 3201 Numquid,
1692 3128 1798 3187 etc.
1959 3128 1967 3130 “

1437 3202 1686 3275 ἰὼριιὶα
1730 3203 1961 3258 iuveteri
2016 3203 2124 3275 lege

1365 3289 1474 3328 non
1504 3273 1703 3327 licebat.

1437 3345 1513 3400 Id.
1571 3344 1638 3399 Ut
1684 3346 1737 3399 in
1783 3360 1897 3400 var.
1947 3345 2117 3403 Maur.

1369 3416 1504 3483 Quia
1532 3424 1705 3485 postea
1733 3415 2019 3487 diligentia.

1074 3525 1313 3583 SERMO
1349 3524 1599 3582 CCXCV.

618 3620 831 3691 Legitur
858 3618 910 3673 in
941 3617 1072 3674 Cod.
1106 3619 1255 3674 Cass.
1284 3635 1377 3686 xu,
1407 3619 1501 3675 Iol.
1531 3617 1657 3675 255.

613 3713 753 3768 Edlt.
796 3712 860 3767 Ν.
907 3712 957 3765 1.
1019 3709 1112 3764 Vis
1153 3727 1303 3765 nosse

540 3785 603 3856 de
613 3801 714 3856 qua
728 3792 869 3851 petra
881 3782 1064 3856 Petrus
1078 3782 1304 3835 dicatur?

542 3854 769 3909 Paulum
788 3854 933 3908 audi.

609 3925 674 3981 N.
716 3925 771 3979 2.
802 3926 862 3981 Si
907 3940 994 3978 cor
1020 3924 1205 3995 tangit,
1235 3932 1292 3977 ut

540 3998 732 4069 peccati
765 4066 788 4069 ζ
818 3997 1070 4069 confessio
1151 3996 1293 4069 foras

539 4066 705 4129 exeat.
751 4066 854 4121 Sed
901 4082 1083 4131 parum
1122 4066 1292 4118 adhuc

539 4138 726 4207 ligatus
767 4147 858 4192 est.
890 4136 1157 4204 Dominus,
1185 4147 1289 4191 etc.

1434 3710 1571 3766 Cod.
1602 3710 1691 3765 Vis
1727 3728 1873 3767 nosse
1913 3714 1976 3768 de
2018 3730 2121 3779 qua

1366 3791 1510 3853 petra
1534 3781 1757 3838 Petrus?
1787 3782 1939 3837 Dicat
1971 3782 2118 3839 Pau-

1367 3854 1447 3906 lus
1470 3870 1487 3917 ;
1518 3854 1713 3909 audite.

1439 3924 1518 3980 Id.
1576 3923 1665 3980 Sic
1727 3924 1978 3982 Dominus
2031 3943 2119 3981 cor

1367 3997 1550 4066 tangit,
1572 4003 1627 4066 ut
1654 3998 1847 4065 peccati
1869 3997 2118 4066 confessio

1368 4065 1505 4131 {oras
1556 4065 1710 4139 (god.
1769 4073 1908 4123 male
1962 4065 2116 4139 foris)

1366 4145 1531 4191 exeat.
1574 4136 1680 4191 Sed
1730 4155 1909 4207 parum
1951 4136 2120 4193 adhuc

1364 4208 1571 4275 prodest
1624 4210 1871 4277 confessio
1923 4211 2121 4281 peccati

539 4280 761 4334 hominis
788 4278 954 4332 adhuc
986 4278 1153 4349 ligati.
1185 4276 1460 4341 Dominus,
1493 4288 1597 4334 etc.

608 4349 673 4405 Ν.
724 4350 775 4402 5.
834 4349 1101 4418 Numquid
1155 4349 1289 4401 enim

539 4419 737 4473 Paulus
766 4436 857 4490 pro
906 4422 1041 4474 vobis
1084 4419 1290 4486 cruciﬁ-

538 4492 770 4547 :cusest?

605 4562 672 4617 Ν.
724 4562 778 4618 6.
831 4559 902 4616 Te
944 4560 1087 4615 ltedis
1119 4603 1135 4629 ,
1169 4576 1288 4613 nam

537 4632 789 4697 Ecclesia,
814 4643 921 4687 etc.

536 4775 555 4830 ι
608 4704 740 4785 Ibid.
766 4701 1072 4774 Trepidabat
1096 4702 1291 4772 faniam

559 4792 669 4830 um.

715 4845 765 4899 8.
826 4843 960 4909 Quid
1009 4848 1291 4914 quterunt?

536 4915 715 4972 Minus
758 4916 980 4982 habent,
1032 4917 1075 4969 si
1122 4915 1290 4969 adhuc

534 4988 712 5042 laudes
742 4986 1006 5041 hominum
1032 4995 1285 5055 qua'runt.

539 5058 599 5115 Si
627 5059 799 5112 adhuc
830 5058 1005 5111 laudes
1030 5058 1291 5111 hominum

482 5197 493 5205 ι
534 5139 788 5197 ιιιιωηιηι,
804 5130 1027 5183 nondum
1044 5128 1285 5182 vicerunt.

482 5226 502 5343 ἲ
547 5269 737 5343 ___Ibid.
764 5270 877 5343 Sed
914 5270 1031 5343 quis
1053 5270 1127 5343 Ain
1167 5272 1284 5325 eis?

538 5336 773 5410 lllerqui
810 5336 941 5395 dixit
983 5355 1000 5393 :
1042 5339 1169 5395 Sine
1210 5358 1289 5396 me

487 5478 496 5489 Ι
537 5409 669 5465 nihil
695 5409 902 5481 potestis
934 5413 1124 5483 facere.

1430 4349 1507 4403 Id.
1545 4349 1815 4419 Numquid
1844 4352 1979 4405 enim
2017 4350 2119 4407 Pe-

1361 4428 1557 4492 trusiet
1608 4418 1805 4475 Paulus
1844 4437 1939 4492 pro
1979 4424 2117 4478 vobis

1361 4490 1638 4559 cruciﬁxus
1667 4499 1737 4545 est
1762 4493 1786 4545 Ρ

1433 4561 1508 4616 Id.
1543 4560 1618 4615 Te
1665 4561 1832 4631 ltedis,
1871 4579 1973 4617 non
2002 4580 2113 4632 me;

1362 4630 1622 4687 Ecclesia.
1654 4641 1758 4687 etc.

2148 1892 2198 1952 Β
2228 1857 2345 1912 tatis
2369 1859 2536 1911 cordis
2568 1857 2875 1926 negationes.

2304 1929 2345 1952 Kl
2394 1930 2423 1952 ⁸2
2476 1929 2868 1952 11..-----.ει-..

2144 3288 2192 3348 ﬁ
2223 3290 2356 3362 sent,
2384 3282 2706 3363 quisquisita
2735 3283 2974 3363 loqueris,

3691 383 3829 445 II8I

3135 504 3268 561 Cod.
3313 505 3550 562 Prwsens
3601 520 3827 575 cvange-

3068 578 3167 632 lica
3196 578 3367 633 lectio.

3131 648 3213 704 Id.
3258 649 3383 704 Tant
3431 656 3640 703 amator
3667 663 3827 717 qm

3063 729 3289 776 neaator.

3146 791 3201 873 d_.
3232 793 3339 847 Sed
3370 802 3493 847 tunc
3520 808 3626 847 non
3651 792 3828 863 potuit

3052 877 3194 929 sequi
3227 880 3453 946 passum.

3123 932 3201 987 Id.
3229 935 3480 989 Dominus
3503 946 3621 1004 post
3645 951 3824 988 resur-

3051 1005 3326 1059 rectionem
3381 1007 3526 1060 docet
3577 1004 3820 1058 Petrum.

3124 1074 3203 1133 Id.
3223 1075 3525 1131 lnordinate
3539 1087 3708 1142 amat,
3728 1076 3822 1130 sed

2226 589 2291 634 ctt
2315 580 2579 648 Evangelii
2609 582 2779 635 lectio.

2296 651 2427 707 Ibid.
2446 641 2617 722 Major
2631 662 2990 720 amatorquam

2223 736 2449 793 negator.

2295 794 2427 847 Ibid.
2446 792 2553 848 sed
2574 804 2691 846 tunc
2704 809 2803 846 non
2815 792 2979 863 potuit

2223 879 2365 933 sequi
2398 880 2659 930 passurus.

2296 935 2430 989 Ibid.
2452 933 2702 989 Dominus
2716 942 2980 1002 postquam

2225 1007 2517 1074 resurrexit,
2561 1006 2703 1059 docet
2748 1002 2976 1057 Petrum.

2299 1077 2433 1130 Ibid.
2460 1076 2760 1130 lnordinate
2779 1091 2978 1142 amans,

2226 1148 2430 1221 delecit.
2483 1216 2513 1221 _
2644 1217 2654 1221 Α
2689 1218 2699 1221 _
2911 1216 2922 1221 _
3057 1148 3119 1204 de
3125 1150 3252 1221 ﬁcit.

2297 1218 2427 1273 Ibid.
2475 1216 2719 1272 Promisit
2785 1216 2984 1288 passio-
3125 1216 3201 1278 Id.
3275 1218 3539 1274 Promittit
3613 1218 3823 1287 passio-

2459 1358 2579 1414 Non
2601 1358 2980 1427 dixisset,Proo
3254 1362 3368 1415 Non
3424 1362 3639 1426 diceret,
3683 1357 3821 1414 Pro-

2227 1441 2404 1504 pitius.
3052 1441 3229 1503 pitius.

2298 1502 2433 1558 lbid-
2461 1501 2529 1557 Ῑη
2577 1518 2674 1568 quo
2720 1511 2766 1557 ει
2812 1516 2981 1554 νεειιΐ·
3126 1506 3202 1562 Id.
3230 1506 3293 1559 In
3318 1520 3414 1573 quo
3436 1512 3545 1559 erat
3569 1514 3616 1557 et
3642 1518 3817 1556 resur-

2229 1584 2476 1628 recturus.
3056 1588 3307 1633 recturus.

2298 1643 2426 1699 Ibid.
2459 1645 2595 1701 Redi
2634 1654 2791 1711 retro,
2826 1644 2984 1700 Sata-
3125 1648 3205 1703 Id.
3238 1647 3370 1703 Redi
3400 1654 3559 1709 retro,
3590 1644 3812 1700 Salano.

2225 1731 2338 1769 nas.

3131 1790 3208 1845 Id.
3240 1789 3414 1857 Tergit
3438 1787 3679 1856 lacrgmis
3702 1788 3805 1856 pie-

3056 1862 3174 1915 tatis
3198 1862 3371 1915 sordes
3398 1858 3692 1929 negationis.

3126 1932 3201 1987 Id.
3266 1932 3331 1985 Ut
3381 1938 3457 1983 ter
3512 1930 3801 1995 conﬁteatur

3053 2018 3230 2068 amor;
3268 2004 3386 2073 quia
3430 2014 3505 2053 ter
3544 2006 3811 2070 negat-erat

3055 2086 3293 2199 ""IdT'Et
3311 2140 3688 2197 commendatis
3714 2138 3813 2191 Pe-

3054 2227 3136 2270 tro
3164 2217 3335 2298 ovibus
3365 2215 3496 2279 suis,
3533 2217 3653 2286 jam
3685 2228 3814 2282 prce-

3056 2298 3269 2342 ηκηιιαι.

2298 1786 2427 1858 Ibid.
2448 1786 2865 1858 Tergitlacrymis
2883 1802 2987 1856 pie-

2303 1929 2367 1982 N.
2394 1930 2447 1982 5.
2473 1929 2539 1983 Ut
2564 1940 2636 1982 ter
2656 1929 2981 1997 conﬁteretur

2224 2015 2386 2065 amor,
2430 2001 2567 2071 quod
2603 2011 2676 2054 ter
2716 2007 2981 2071 negaverat

2228 2081 2399 2123 ωπον.

2299 2140 2433 2197 Ibid.
2494 2140 2561 2195 Et
2621 2142 2981 2197 commendatis

2226 2210 2382 2267 Petro
2413 2215 2584 2267 ovibus
2611 2217 2735 2280 suis,
2769 2223 2815 2267 et
2840 2231 2979 2267 com-

2226 2284 2460 2337 mendato
2520 2285 2616 2338 sibi
2665 2284 2815 2337 Petro
2868 2301 2984 2337 cum

2222 2355 2392 2409 ovibus
2413 2355 2517 2408 suis
2528 2357 2635 2425 jam
2650 2357 2980 2424 praenuntiat.

2292 2425 2357 2480 N.
2384 2428 2436 2480 4.
2473 2425 2761 2493 Pretiosas,
2785 2436 2981 2496 emptas
3128 2430 3201 2486 Id.
3248 2429 3368 2483 Non
3399 2428 3571 2501 pretio
3600 2434 3814 2494 emptas,

2224 2513 2325 2551 non
2365 2514 2514 2550 auro.
3057 2518 3157 2557 non
3178 2518 3325 2556 auro.

2298 2566 2977 2641 Ibid.ldoneumessetpre-
3123 2574 3197 2629 Id.
3227 2571 3480 2627 Idoneum
3522 2580 3655 2624 esset
3701 2584 3813 2635 pre-

2232 2640 2379 2695 tium.
3052 2646 3142 2700 tio.

2293 2710 2359 2764 Ν.
2388 2710 2440 2767 5.
2470 2710 2553 2765 Ibi
2580 2722 2719 2765 certa
2743 2712 2974 2765 victoria.
3120 2716 3197 2771 1d.
3240 2714 3319 2769 Ibi
3359 2730 3546 2769 secum
3577 2710 3810 2767 victoria.

2257 2780 2356 2862 ΒΝ.
2385 2783 2439 2837 6.
2476 2784 2601 2850 Qua:
2645 2792 2762 2837 sunt
2791 2800 2974 2855 propo-
3123 2786 3197 2841 Id.
3234 2788 3358 2853 Qua:
3378 2787 3478 2839 sint
3514 2784 3809 2853 prOposita.

2224 2860 2344 2907 sita.

2297 2923 2430 2979 Ibid.
2458 2925 2701 2993 Qutelibet
2716 2926 2978 2996 quantali-

2226 2995 2304 3049 bet
2340 2998 2623 3051 tribulatio.

2300 3066 2430 3121 Ibid.
2464 3066 2546 3121 Ibi
2585 3077 2707 3122 sunt
2730 3068 2817 3122 sed
2849 3068 2901 3121 in
2934 3078 2980 3124 te

2226 3153 2337 3199 non.
2350 3148 2487 3192 sunt.

2299 3208 2431 3263 Ibid.
2468 3208 2677 3263 Utinam
2717 3212 2769 3264 in
2822 3219 2870 3264 te
2900 3228 2976 3266 es-

3122 2932 3199 2986 Id.
3231 2927 3478 2994 Qua'libet
3508 2935 3558 2979 et
3591 2934 3811 2994 quanta-

3052 3004 3170 3058 libet
3203 3000 3486 3055 tribulatio.

3120 3075 3195 3127 Id.
3213 3072 3290 3127 Ibi
3312 3081 3448 3133 sunt,
3466 3068 3536 3120 ibi
3555 3077 3705 3137 sunt,
3725 3066 3811 3121 sed

3049 3146 3102 3199 in
3133 3156 3179 3199 te
3208 3162 3307 3197 non
3333 3151 3470 3196 sunt.

3119 3216 3189 3270 Id.
3229 3214 3436 3271 Utinam
3465 3212 3520 3263 in
3545 3222 3595 3263 te
3619 3220 3808 3276 essent,

3048 3287 3272 3357 quisquis
3294 3287 3389 3357 ista
3407 3283 3811 3357 l_oqueris,Aquis_-

3046 3354 3157 3428 quis
3187 3360 3283 3411 ista
3321 3355 3536 3428 desipis,
3580 3354 3810 3428 quisquis

3049 3424 3252 3484 vocatus
3306 3428 3358 3479 in
3406 3426 3597 3491 spiritu
3638 3424 3809 3475 adhuc

3050 3516 3253 3554 carnem
3268 3498 3402 3567 sapis
3414 3495 3674 3564 ,Lquisquis
3691 3496 3812 3547 talis

3044 3574 3331 3633 es,utinam
3354 3568 3405 3619 in
3434 3580 3480 3620 te
3510 3575 3675 3618 essent
3699 3582 3814 3618 me-

3045 3645 3221 3696 moria:
3265 3637 3653 3710 apostolorum!
3694 3634 3811 3710 Utif

3045 3729 3160 3786 nam
3176 3722 3227 3766 tu
3246 3708 3497 3781 cogitares
3512 3708 3809 3786 apostolos!

3053 3784 3265 3840 Videres
3290 3794 3585 3836 utrumnam
3612 3784 3685 3830 eis
3709 3789 3808 3830 td-

3047 3871 3171 3909 reua
3188 3855 3404 3924 felicitas
3421 3852 3678 3924 promissa
3703 3851 3808 3924 [uc-

3048 3930 3115 3979 rit
3156 3921 3223 3979 an
3257 3935 3466 3978 a‘terua.
3498 3921 3641 3973 Audi
3677 3922 3807 3989 Apo-

3047 3999 3253 4061 stolum,
3274 3998 3313 4049 si
3339 3994 3456 4048 vivit
3480 3994 3529 4044 in
3556 4004 3605 4045 te
3626 4009 3809 4044 memo-

3047 4070 3126 4121 ria
3167 4067 3347 4135 ipsius.
3406 4064 3621 4117 Etenim
3684 4064 3808 4129 quid

3043 4140 3152 4194 est?
3178 4139 3327 4206 Quod
3350 4137 3493 4189 enim
3512 4135 3809 4202 temporale

2222 4208 2304 4254 est
2328 4200 2442 4255 leve
2465 4203 2819 4259 tribulationis
2840 4215 3056 4275 nostrm,
3081 4212 3133 4265 iu
3164 4200 3529 4265 iiicredibilem
3558 4200 3804 4268 modum,

2220 4278 2275 4348 et
2300 4287 2457 4339 supra
2490 4274 2855 4348 incredibilem
2894 4274 3128 4346 modum,
3158 4293 3412 4335 aeternum
3446 4278 3637 4348 gloriae
3661 4292 3807 4348 pou.

2220 4342 2319 4395 dus
2341 4354 2593 4419 operatur
2615 4346 2668 4399 in
2701 4346 2876 4419 nobis,
2903 4365 3008 4406 non
3032 4342 3595 4419 res-picientibus'qua:
3625 4342 3806 4401 viden-

2221 4420 2326 4478 tur,
2350 4416 2442 4492 ξφα
2467 4431 2587 4484 quae
2613 4433 2720 4471 non
2748 4418 3023 4489 videntur;
3052 4416 3169 4492 qua:
3190 4422 3330 4475 enim
3362 4416 3635 4485 videiitur,
3661 4429 3802 4471 tem‘

2218 4484 2421 4555 poi-alia
2466 4496 2609 4544 sunt.
2639 4504 2758 4555 quin
2799 4500 2973 4547 autem
3009 4484 3113 4547 utin
3146 4492 3412 4555 videntur,
3445 4484 3653 4543 aeterna
3685 4497 3807 4542 sunt

2221 4551 2308 4624 (II
2332 4554 2546 4634 Cor._iv,
2574 4551 2669 4621 l7,
2690 4558 2797 4627 I8).
2824 4557 2889 4634 In
2914 4564 3022 4634 ipso
3044 4563 3199 4618 Petro
3221 4551 3513 4634 temporalis
3537 4563 3638 4628 [uit
3663 4577 3806 4621 caro,

2218 4634 2265 4677 et
2295 4642 2395 4700 non
2428 4628 2499 4681 vis
2548 4637 2599 4700 ut
2631 4628 2941 4699 temporalis
2962 4636 3024 4688 sit
3063 4636 3194 4700 lupis
3222 4628 3435 4687 Romus?
3468 4631 3661 4684 Petrus
3684 4646 3807 4698 apo-

2225 3352 2453 3420 quisquis
2480 3353 2552 3405 ita
2596 3352 2805 3423 desipis,
2836 3354 2977 3423 quis-

2226 3424 2335 3488 quis
2404 3433 2607 3477 vocatus
2680 3424 2733 3477 in
2793 3426 2976 3492 spiritu

2225 3492 2504 3564 carnaliter
2546 3494 2705 3564 sapis.
2752 3494 2977 3550 Prorsus

2223 3563 2395 3617 adhuc
2443 3563 2739 3635 patientiam
2789 3570 2971 3634 doceo,

2222 3635 2453 3688 nondum
2492 3638 2811 3704 sapientiam.
2864 3636 2972 3690 Pa-

2224 3705 2353 3758 tiens
2384 3716 2508 3772 esto,
2552 3706 2802 3761 Dominus
2845 3710 2968 3763 vult.

2227 3774 2424 3841 Quwris
2450 3793 2607 3847 quare
2628 3780 2785 3833 velit?
2812 3778 2977 3846 Di/fer

2222 3859 2466 3900 secretum
2498 3850 2819 3918 cegnitionis,
2843 3862 2972 3904 stre-

2225 3918 2475 3971 nuitatem
2503 3920 2802 3974 obedientia:
2845 3938 2976 3988 pra:-

2222 4003 2370 4063 para_.
2404 3988 2563 4063 Ferie
2604 3999 2651 4045 te
2680 3992 2817 4057 vult;
2847 3993 2976 4063 ferto

2220 4059 2359 4126 quod
2389 4058 2514 4129 vult,
2542 4068 2646 4117 etc.

1434 4672 1895 4777 ἵζ”ἲνέξῖἕὲιαθαι
1970 4710 2112 4777 fama
2136 4672 2190 4733 Β
2215 4697 2374 4777 stolus
2406 4713 2518 4777 cum
2544 4672 2760 4777 Domini;
2789 4672 3660 4777 regiiatu;"cb;;iislapoiioli-Petriv
3685 4672 3807 4768 q'u'o-

1362 4772 1496 4845 lupi.

1433 4845 1509 4899 Id.
1557 4846 1695 4913 Quid
1733 4849 2013 4917 quterunt?
2055 4847 2116 4903 Si

1361 4917 1559 4987 aliquid
1619 4930 1854 4987 quierunt
1884 4961 1900 4985 ,
1951 4920 2116 4972 minus

1362 4988 1567 5043 habent.
1622 4988 1684 5043 Si
1725 4990 1895 5042 adhuc
1940 4988 2117 5044 laudes

1366 5056 1630 5112 hominum
1679 5069 1911 5127 quaerunt
1931 5101 1945 5127 ,
2016 5077 2118 5113 non

1362 5130 1612 5183 mundum
1678 5132 1919 5185 vicerunt.
1985 5131 2119 5186 Vide

1361 5214 1474 5255 var.
1504 5201 1668 5255 Maur.

1430 5271 1507 5327 Id.
1530 5272 1635 5325 Sed
1657 5273 1781 5341 quid
1802 5273 1854 5325 in
1874 5272 1946 5326 eis
1962 5273 1987 5325 ?
2008 5269 2117 5325 Do-

1359 5343 1528 5395 minus
1560 5351 1729 5396 noster
1774 5342 1927 5396 Jesus
1958 5342 2113 5396 Chri-

1358 5414 1590 5482 stus,qui
1611 5414 1739 5466 dixit
1764 5429 1780 5467 :
1804 5413 1928 5469 Sine
1944 5430 2021 5467 me
2035 5414 2115 5466 ni-

1359 5483 1433 5537 hil
1500 5486 1703 5551 potestis
1770 5488 1979 5555 facere;
2026 5484 2113 5553 qui

534 5550 653 5624 vii-it
696 5560 741 5603 et
782 5561 961 5619 regnat
995 5569 1107 5605 cum
1140 5551 1316 5620 Patre,
1356 5557 1407 5608 in
1438 5550 1633 5609 unitate
1671 5550 1897 5623 Spiritus
1924 5550 2108 5624 sancti,

536 5618 694 5687 Deus,
725 5636 816 5691 per
840 5618 1009 5677 omnia
1022 5626 1213 5679 swcula
1240 5618 1566 5683 siliculorum.
1587 5618 1765 5680 Amen.

1060 5716 1294 5774 SERMO
1324 5718 1596 5776 GCXCVI.

609 5800 823 5873 Legitur
844 5804 897 5859 in
919 5803 1039 5860 cod.
1077 5808 1229 5864 Cass.
1256 5826 1328 5877 si,
1354 5810 1443 5866 lol.
1467 5810 1593 5875 251,
1612 5810 1699 5865 ubi
1727 5809 1908 5865 titulus
1926 5810 2107 5879 habet,

547 5891 612 5946 De
643 5894 921 5966 Evangelia
964 5898 1015 5951 in
1047 5914 1146 5968 quo
1176 5902 1269 5969 ait,
1318 5902 1500 5958 Simon
1526 5901 1765 5971 Joannis,
1795 5904 1965 5969 diligis
1990 5906 2108 5962 me?
2212 5904 2324 5961 est?
2354 5904 2491 5973 Quid
2516 5905 2584 5960 ibi
2613 5906 2828 5962 cecidit?
2852 5905 2914 5965 Si
2935 5923 3140 5963 sursum
3161 5891 3312 5963 Italici
3343 5924 3451 5969 cor.
3478 5909 3563 5962 ubi
3590 5915 3666 5962 est
3686 5904 3797 5961 tlte-

2218 4766 2334 4819 dain
2352 4765 2464 4820 loco
2480 4770 2637 4838 jacet.
2658 4765 2907 4827 Memoria
2928 4765 3001 4830 est
3020 4765 3477 4830 excitansninorem
3500 4775 3569 4825 al
3593 4765 3804 4835 a'terna,

2219 4848 2405 4915 nonut
2445 4847 2591 4915 terra:
2636 4841 2905 4915 inhwreas,
2945 4850 3033 4900 sed
3079 4858 3133 4900 ut
3178 4862 3292 4899 cum
3329 4846 3579 4915 Apos'olo
3626 4844 3805 4896 calum

2218 4910 2430 4983 cogites.
2464 4909 2559 4963 Dic
2592 4911 2735 4975 mihi,
2769 4915 2812 4965 si
2843 4916 3013 4981 ﬁdelis
3053 4934 3126 4983 es,
3157 4917 3321 4971 recole
3351 4909 3631 4968 memorias
3680 4931 3805 4982 apo-

2218 4981 2495 5061 stolarum,
2510 4984 2809 5061 memoriam
2857 4989 3009 5041 etiam
3041 4981 3251 5042 Domini
3292 4985 3389 5038 Dei
3417 4986 3513 5049 tui,
3543 4994 3683 5061 certe
3697 4981 3803 5056 jam

2220 5049 2433 5129 sedentis
2478 5050 2529 5129 in
2569 5056 2711 5107 carlo.
2745 5056 2882 5129 {ludi
2910 5075 3008 5129 quo
3048 5069 3095 5112 te
3120 5060 3283 5111 mittat
3305 5059 3608 5123 Apostolus.
3641 5049 3801 5129 81ιό-

2226 5123 2537 5198 sui-resistis
2575 5139 2691 5177 cum
2730 5123 2975 5198 ACbiist'o,
3006 5145 3125 5198 quae
3172 5145 3379 5183 sursum
3428 5138 3554 5181 sunt
3612 5128 3800 5194 sapite,

2229 5192 2313 5245 ubi
2345 5191 2585 5267 Christus
2614 5206 2696 5249 est
2728 5196 2776 5248 in
2809 5191 3037 5254 dextera
3052 5200 3148 5255 Dei
3185 5199 3405 5267 sedens;
3438 5214 3560 5263 qua:
3595 5191 3795 5250 sursum

2224 5272 2350 5343 sunt
2391 5266 2631 5343 qumritc,
2674 5280 2777 5319 non
2830 5284 2948 5343 qua:
2994 5285 3155 5340 super
3184 5279 3399 5325 terram.
3434 5270 3631 5343 Mor-tui
3660 5271 3796 5343 cuitu

2222 5335 2373 5399 estis,
2397 5344 2450 5389 et
2489 5335 2591 5387 vita
2624 5347 2797 5390 vestra
2844 5335 3153 5395 abscondita
3199 5350 3282 5395 est
3306 5356 3427 5394 cum
3481 5339 3703 5394 Christo
3748 5337 3799 5391 in

2223 5402 2351 5457 Deo.
2396 5403 2527 5458 Cum
2578 5403 2821 5463 Christus
2867 5413 3193 5478 apparuerit,
3237 5411 3341 5465 vita
3371 5421 3574 5473 vestra,
3605 5420 3726 5462 tunc
3753 5416 3802 5461 ct

2222 5488 2313 5554 vos
2338 5480 2618 5554 eumipsa
2675 5485 2998 5554 apparebitis
3044 5484 3094 5537 in
3136 5482 3318 5554 gloria
3355 5480 3489 5553 (Col.
3528 5496 3582 5533 III
3610 5519 3628 5545 ,
3668 5480 3802 5548 I4).

2228 5544 2345 5599 Uno
2366 5544 2639 5601 verb’o'hoc
2669 5544 2818 5603 audis
2851 5568 2867 5603 .'
2897 5552 3120 5607 Sursum
3137 5544 3254 5607 'cor.
3292 5544 3444 5605 Doles
3476 5568 3600 5620 ergo
3633 5562 3680 5603 et
3702 5544 3801 5618 plo-

2222 5620 2715 5694 Tasr‘quia‘ruerunt
2741 5622 2881 5694 ligna
2906 5632 2954 5676 et
2985 5623 3203 5694 lapides,
3232 5635 3280 5676 et
3305 5626 3427 5693 quia
3455 5624 3647 5675 mortui
3686 5626 3801 5672 sunt

2219 5690 2491 5764 morituri?
2514 5690 2596 5743 Da
2626 5692 2750 5764 mihi
2775 5690 2993 5764 aliquem
3026 5690 3277 5749 mortuum
3301 5690 3499 5761 semper
3522 5694 3797 5764 victurum.

2218 5756 2371 5813 Doles
2400 5763 2521 5835 quia
2545 5763 2832 5835 ceciderunt
2858 5756 3001 5835 ligna
3029 5775 3076 5819 et
3106 5766 3321 5831 lapides,
3348 5756 3419 5819 et'
3444 5768 3565 5833 quia
3612 5762 3799 5816 mortui

2213 5841 2331 5905 sunt
2352 5833 2629 5905 morituri?
2659 5834 2719 5887 Si
2747 5833 2948 5889 sursum
2974 5835 3126 5890 habes
3147 5853 3253 5900 cor,
3278 5836 3402 5905 quid
3431 5838 3499 5889 ibi
3539 5845 3798 5905 mortqu
