4012 6338
309 394 449 457 1185

1536 376 1912 442 LECTIONES
1952 378 2366 441 VARIANTES.

298 512 478 551 saurus
516 502 655 561 tuus,
679 492 750 551 ibi
776 499 848 549 est
885 508 971 550 cor
1001 502 1163 550 tuum.
1194 492 1446 550 Deorsum
1483 513 1603 552 caro
1632 508 1721 553 tua
1769 508 1866 567 est,
1894 499 1942 559 Α
1973 514 2135 552 sciens
2162 498 2469 551 voluntatem
2515 494 2711 551 domini
2742 494 2851 567 sui,
2895 493 2943 547 et
2987 509 3087 549 non
3126 494 3330 567 faciens
3366 497 3545 567 digno,

296 576 342 621 et
363 568 407 619 si
438 569 713 637 expavescit
742 585 862 623 caro
901 577 1005 633 tua,
1030 584 1129 621 non
1159 575 1417 621 moveatur
1447 584 1535 623 cor
1567 579 1727 623 tuum.
1756 569 1862 624 Sed

296 646 487 708 tamen,
523 640 708 708 inquis,
741 640 987 694 nolebam.
1034 638 1173 704 Quid
1223 638 1470 692 nolebas?
1515 640 1763 694 Nolebam
1806 648 1863 694 ut

294 706 465 766 Roma
497 706 636 762 tanta
659 718 932 776 pateretur.
969 708 1307 778 lgnoscimus,
1334 711 1455 778 quia
1481 709 1706 765 nolebas.
1737 711 1864 765 Noli

292 787 347 850 t_u
382 778 488 832 Deo
515 780 685 850 irasci,
713 783 832 850 quia
869 781 1084 835 volebat.

1114 779 1194 832 Tu
1225 780 1371 832 homo
1401 797 1473 846 es,
1511 791 1557 835 et
1585 783 1675 835 ille
1706 782 1861 837 Deus.

292 848 371 903 Tu
393 851 539 918 dicis,
568 848 828 914 Nolo,ubi
854 851 942 905 ille
962 851 1105 916 dicit,
1140 849 1304 903 Volo?
1330 850 1450 903 Non
1476 862 1524 904 te
1552 853 1636 907 ille
1656 854 1864 906 damnat

292 930 501 991 propter
548 920 684 974 Nolo
715 932 901 987 tuum;
932 929 978 973 et
1001 931 1078 991 tu
1109 920 1425 990 blasphemas
1484 920 1606 991 Yolo
1660 924 1820 991 ipsius
1840 924 1866 977 ?

288 989 399 1044 Sed
427 1008 583 1059 quare
607 990 701 1046 hoc
747 992 883 1047 Deus
928 990 1123 1045 voluit?
1155 989 1327 1057 Quare
1352 991 1445 1044 hoc
1477 990 1614 1046 Deus
1662 989 1866 1049 voluit?

288 1059 508 1134 Interim
533 1064 660 1134 servi
688 1064 934 1134 voluntati
964 1061 1169 1134 Domini
1179 1061 1293 1134 Dei
1323 1063 1421 1127 tui;
1449 1064 1642 1117 amicus
1672 1066 1861 1134 factus,

287 1133 413 1186 scies
445 1132 711 1187 consilium
747 1132 950 1187 Domini
986 1131 1082 1187 Dei
1113 1132 1210 1186 tui.
1246 1133 1369 1197 Quis
1396 1145 1502 1186 tam
1530 1131 1773 1200 superbus
1800 1140 1867 1190 sit

287 1218 495 1269 servus,
524 1205 606 1257 cui
637 1203 884 1259 Dominus
917 1221 1032 1257 cum
1057 1203 1252 1273 aliquid
1280 1205 1481 1267 iusserit
1512 1214 1563 1256 ut
1593 1206 1703 1273 fiat,
1729 1206 1867 1260 dicat

287 1273 397 1337 ille,
424 1273 630 1340 Quare?
652 1274 899 1329 Dominus
928 1273 1068 1341 apud
1105 1290 1157 1327 se
1198 1274 1668 1341 habeticonsilium.
1709 1274 1867 1331 Paret

285 1342 607 1412 obsequium;
628 1346 670 1399 si
695 1347 987 1416 profecerit,
1006 1344 1050 1398 si
1070 1343 1199 1416 bene
1224 1340 1399 1416 egeri},
1421 1345 1465 1397 si
1490 1349 1552 1399 de
1574 1362 1715 1401 servo
1739 1349 1867 1402 ami-

287 1430 380 1467 cus
406 1417 567 1482 factus
602 1416 773 1481 fuerit,
793 1414 935 1470 sicut
969 1415 1098 1469 dixit
1127 1414 1525 1484 ipse'Dominus
1558 1431 1576 1469 :
1621 1416 1735 1471 .Iam
1772 1433 1867 1472 vos

286 1499 397 1539 non
420 1485 592 1562 dicam
615 1502 816 1562 servos,
835 1486 928 1562 sed
950 1486 1152 1562 amicos
1180 1483 1236 1562 (ζ
1262 1483 1417 1562 Joan.
1449 1501 1540 1549 xv,
1572 1486 1683 1559 I5),
1732 1492 1867 1562 forte

286 1563 333 1608 et
361 1556 629 1610 consilium
660 1557 863 1612 Domini
894 1560 973 1611 sui
995 1554 1420 1628 discet.'Intei:im
1448 1554 1716 1628 antequam
1734 1554 1867 1614 sciat

285 1628 581 1699 consilium,
612 1629 821 1682 libenter
853 1630 980 1698 ferat
1001 1627 1290 1682 arbitrium.
1327 1627 1549 1681 Prorsus
1574 1627 1743 1682 adhuc
1774 1648 1867 1699 pa-

285 1697 512 1751 tientiam
550 1698 722 1764 doceo,
752 1699 1526 1765 nondum‘sapientiamfpatieus
1548 1710 1669 1754 esto.
1691 1697 1868 1757 Domi-

284 1783 391 1842 nus
399 1769 524 1823 vult.
545 1770 739 1842 Quietis
752 1770 1068 1842 quarevelit?
1094 1767 1292 1838 Diﬂ'ero
1303 1771 1527 1823 studium
1539 1773 1862 1842 cognitionis,

285 1837 1112 1934 differo’streuuitatem.'Obedire
1140 1857 1295 1911 para;
1327 1844 1458 1912 ferre
1494 1850 1541 1896 te
1566 1837 1698 1912 valli,
1727 1845 1865 1914 quod
1893 1872 1943 1934 Β

284 1909 429 1981 vult;
471 1911 597 1979 ferto
633 1913 769 1981 quod
806 1913 931 1975 vult,
970 1918 1075 1967 etc.

359 1980 492 2035 Ibid.
528 1981 587 2037 Si
630 1990 701 2036 est
731 1984 782 2036 in
808 1985 943 2037 vobis
972 1984 1044 2036 le-

284 2051 364 2104 nis
394 2063 439 2106 et
465 2054 600 2107 mitis
633 2055 897 2119 patientia.

362 2122 492 2178 Ibid.
520 2122 838 2178 Dominicam
864 2124 1043 2179 volun-

285 2200 466 2267 tatem.
501 2194 661 2250 Lenia
706 2196 888 2267 quippe
940 2213 1042 2251 non

286 2262 517 2334 ferimus.

357 2335 486 2391 Ibid".
514 2338 703 2407 Aspera
728 2337 1037 2403 'toleramus,

286 2406 355 2459 ad
376 2408 513 2461 lenia
533 2406 829 2472 gaudemus.

356 2466 581 2532 lbid.E‘t
632 2482 872 2535 continuo
918 2497 1042 2536 con-

287 2550 429 2603 vertit
455 2551 680 2605 renisam
713 2552 778 2604 ad
800 2552 1040 2607 obedien-

286 2619 429 2673 tiam.

357 2690 489 2745 Ibid.
522 2691 612 2748 Sic
636 2701 684 2747 et
732 2702 785 2748 tu
836 2694 1039 2749 nolebas

287 2761 415 2833 forte
483 2765 712 2818 amittere
784 2767 1040 2834 peculium

286 2842 447 2900 tuum,
472 2836 606 2903 quod
643 2834 724 2887 hic
775 2838 1043 2891 relicturus

286 2918 399 2956 eras
429 2920 447 2958 :
475 2906 676 2959 attende
722 2923 781 2960 ne
827 2923 941 2961 cum
962 2924 1043 2962 re-

288 2972 559 3043 linquendo
586 2993 869 3032 remaneas.

354 3045 419 3101 N.
448 3048 500 3101 7.
532 3047 703 3102 Roma
733 3049 916 3119 afﬂicta
943 3058 1038 3104 est.

356 3188 489 3245 Ibid.
550 3190 674 3259 Quis
736 3190 831 3246 hoc
879 3192 1040 3245 dicit?

290 3257 630 3317 Christianus.

356 3331 493 3388 Ibid.
577 3332 797 3399 Quando
888 3334 1042 3390 voluit

291 3398 449 3459 Deus.

361 3474 491 3529 Ibid.
526 3473 593 3530 Ut
614 3474 707 3530 illo
740 3478 1009 3531 'careamus
1023 3496 1043 3543 ;

286 3553 523 3601 caeterum
546 3546 634 3600 tibi
658 3546 763 3602 alia
782 3548 1043 3603 meditatio

287 3627 379 3671 est.

357 3686 422 3740 Ν.
452 3684 505 3739 8.
531 3685 660 3740 Cum
683 3689 733 3740 in
756 3689 1044 3742 tentationi-

288 3756 380 3810 bus
414 3757 580 3809 variis‘
613 3757 912 3812 incideritis.
944 3758 1041 3811 Di-

286 3828 359 3881 cis
389 3827 575 3895 itaque.
608 3844 638 3880 o
687 3846 883 3898 pagane
913 3845 931 3883 :
960 3829 1046 3884 Dii

286 3898 528 3968 prtesides
542 3898 757 3952 Romam
774 3900 921 3953 modo
943 3917 1045 3955 non

286 3978 606 4023 servaverunt
624 4012 639 4036 ,
715 3975 835 4038 quia
943 3988 1043 4025 non

285 4048 435 4104 sunt;
512 4048 630 4092 tunc
693 4052 1039 4109 servaverunt,

285 4111 495 4180 quando
518 4120 683 4166 erant.

356 4180 501 4251 Ibid.
522 4181 647 4255 Non
682 4183 898 4239 audistis
924 4200 1041 4255 pro-

282 4250 501 4320 phetas,
527 4252 630 4308 nan
684 4255 900 4309 audistis
925 4250 933 4255 ⁷
961 4258 1042 4327 ip-

282 4337 415 4390 sum,
449 4331 553 4380 etc.

357 4394 488 4447 Ibid.
584 4394 730 4449 Mala
827 4398 1042 4465 futura?

286 4461 543 4527 Quantum
561 4466 751 4520 accedit
762 4461 883 4521 tetas
901 4484 1044 4522 mun-

282 4535 369 4616 do,
414 4545 617 4591 tantum
675 4534 1043 4609 propinquatur

282 4612 401 4672 fini.

353 4678 396 4730 N
411 4721 424 4734 .
450 4681 501 4735 9.
528 4680 663 4734 Audi
689 4696 845 4749 quare
890 4681 1040 4735 modo

282 4748 400 4817 plus
426 4761 671 4806 vastatur.

359 4820 490 4878 Ibid.
526 4820 742 4876 Oculum
761 4820 828 4875 ad
857 4836 970 4879 nos.

358 4964 491 5018 Ibid.
544 4962 877 5034 Evangelium
915 4978 1045 5032 pra:-

288 5034 488 5089 dicatur
509 5044 613 5089 toto
634 5037 849 5097 mundo;
872 5050 1044 5089 verum

288 5113 379 5158 est.
409 5108 711 5173 Antequam,
740 5114 843 5160 etc.

359 5176 489 5231 Ibid.
541 5176 812 5242 Vapulabit
854 5192 1040 5243 pauca.

356 5246 489 5301 Ibid.
542 5247 672 5301 Ecce
745 5247 868 5314 quid
941 5255 1047 5301 erat

286 5325 407 5371 ante
452 5319 698 5389 mundus.
738 5316 892 5371 Nunc
934 5333 1049 5389 vero

287 5388 451 5457 quid?
478 5388 665 5443 Servus
694 5388 860 5441 autem
886 5388 1047 5443 sciens

288 5460 604 5513 voluntatem
641 5459 833 5513 domini
871 5460 971 5523 sui,
1000 5469 1047 5513 et

292 5530 483 5595 faciens
529 5531 685 5599 digna
740 5530 928 5600 plagis,
960 5546 1045 5582 va.

287 5600 484 5668 pulabit
510 5602 692 5654 multa.
738 5599 804 5653 Et
847 5600 1042 5654 utinam

286 5670 447 5741 multa
492 5675 721 5741 vapulet,
762 5687 861 5725 non
888 5672 1041 5726 semel

287 5740 575 5795 damnetur.
598 5743 732 5807 Quid
746 5757 948 5796 recusas
964 5758 1043 5796 va-

286 5810 467 5881 pulare
486 5814 667 5882 multa,
700 5822 802 5869 etc.

1188 1980 1262 2036 Id.
1287 1983 1348 2038 Si
1394 1983 1591 2037 habitat
1628 1986 1683 2039 in
1731 1989 1870 2044 vobis

1115 2053 1240 2125 lenis
1268 2064 1315 2108 et
1328 2054 1469 2125 mitis
1493 2057 1758 2125 patientia.

1185 2123 1237 2185 Id
1250 2165 1262 2177 .
1313 2123 1633 2180 Dominicam
1688 2131 1866 2185 volun-

1115 2192 1288 2248 Iatem.
1322 2194 1443 2249 Non
1471 2196 1634 2251 solum
1672 2200 1867 2266 lenem;

1115 2267 1273 2319 lenem
1296 2267 1482 2335 quippe
1511 2285 1608 2321 non
1634 2269 1865 2336 ferimus.

1188 2337 1266 2409 Id.
1290 2338 1529 2407 Asperam
1571 2342 1864 2409 toleramus,

1114 2408 1369 2480 ad_lenem
1390 2411 1685 2480 gaudemus.

1185 2478 1260 2533 Id.
1289 2478 1354 2533 Et
1385 2478 1625 2536 convertit
1663 2498 1866 2539 sensum

1112 2549 1178 2603 ad
1205 2550 1562 2607 obedientiam.

1180 2689 1257 2746 Id.
1291 2690 1380 2748 Sic
1417 2702 1465 2747 et
1514 2702 1569 2747 tu
1625 2694 1867 2764 nolebas;

1110 2764 1271 2834 quid?
1299 2769 1428 2834 forte
1456 2765 1685 2820 amittere
1718 2783 1870 2834 pecu-

1113 2833 1238 2886 lium
1266 2833 1428 2903 tuum,
1474 2837 1612 2907 quod
1663 2838 1869 2893 relictu-

1112 2920 1200 2957 rus
1231 2922 1344 2961 eras
1373 2922 1392 2961 :
1416 2907 1615 2961 attende
1663 2924 1727 2962 ne
1751 2925 1868 2964 eum

1113 2976 1441 3047 relinquendo
1463 2994 1747 3033 remaneas.

1186 3047 1260 3120 Id.
1295 3048 1457 3104 Roma
1487 3050 1723 3120 affligitur
1742 3092 1757 3117 ,
1782 3060 1869 3106 aut

1113 3118 1297 3189 afﬂicta
1320 3130 1411 3175 est.

1186 3190 1263 3248 Id.
1336 3191 1462 3255 Quis
1540 3192 1634 3244 hoc
1699 3191 1869 3249 dicis?

1115 3258 1455 3316 Christianus.

1186 3332 1261 3386 Id.
1307 3332 1442 3400 Quia
1486 3333 1644 3387 voluit
1701 3332 1863 3389 Deus.

1188 3474 1263 3531 Id.
1301 3473 1366 3529 Ut
1386 3474 1477 3529 illo
1526 3491 1729 3541 careas;
1764 3492 1865 3530 ca:-

1118 3558 1280 3602 terum
1319 3546 1408 3600 tibi
1459 3546 1565 3601 alia
1606 3547 1869 3601 meditatio

1116 3620 1201 3671 sit.

1186 3688 1264 3741 Id.
1298 3686 1426 3741 Cum
1463 3688 1517 3740 in
1568 3686 1870 3742 tentationes

1117 3759 1283 3811 varias
1311 3758 1615 3810 incideritis.
1653 3758 1870 3823 Quando

1119 3829 1208 3881 tibi
1235 3829 1358 3881 talia
1380 3830 1431 3882 in
1457 3830 1643 3897 templo
1664 3830 1872 3882 recitata

1116 3909 1250 3962 sunt,
1285 3897 1371 3951 Dii
1425 3900 1666 3969 prtesules
1694 3899 1871 3953 Romce

1117 3987 1217 4023 non
1242 3979 1593 4036 servaverunt,
1623 3970 1744 4037 quia
1770 3987 1872 4024 non

1115 4050 1272 4106 sunt,
1319 4041 1545 4106 diceres,
1603 4050 1721 4095 tunc
1769 4057 1874 4097 ser-

1116 4121 1350 4165 vaverunt
1370 4112 1572 4177 quando
1592 4120 1755 4166 erant.
1821 4110 1825 4114 ’

1186 4183 1262 4237 Id.
1280 4182 1400 4237 Non
1423 4183 1635 4237 audistis
1654 4182 1872 4251 prophe-

1114 4260 1210 4316 tas,
1236 4254 1571 4324 nonaudistis
1591 4254 1868 4324 apostolos,

1114 4339 1215 4378 non
1241 4323 1458 4379 audistis
1480 4323 1667 4394 ipsum,
1692 4335 1797 4379 etc.

1185 4395 1264 4449 Id.
1290 4395 1433 4448 Mala
1447 4394 1639 4462 futura,
1667 4396 1870 4461 quando

1114 4467 1312 4520 accedet
1332 4477 1454 4520 anas
1474 4467 1683 4528 mundo,
1706 4482 1869 4535 quan-

1115 4538 1181 4592 do
1210 4537 1564 4607 propinquabit
1589 4537 1727 4606 finis.

1186 4678 1261 4733 Id.
1293 4678 1378 4732 Ait
1400 4678 1732 4749 quare’modo
1753 4680 1869 4749 plus
1900 4645 1949 4705 Β

1112 4758 1360 4804 vastatur.

1185 4820 1261 4873 Id.
1291 4819 1506 4874 Oculum
1533 4819 1601 4872 ad
1623 4836 1711 4874 nos
1740 4836 1868 4875 con-

1116 4900 1388 4945 vertamus.

1189 4961 1263 5016 Id.
1301 4960 1638 5033 Evangelium
1661 4963 1870 5033 praedi-

1114 5042 1289 5096 catur;
1334 5032 1465 5087 totus
1511 5032 1730 5087 mundus
1762 5033 1870 5101 ple-

1115 5120 1211 5158 nus
1239 5115 1330 5158 est.
1364 5105 1667 5169 Antequam,
1699 5112 1803 5158 etc.

1185 5173 1262 5229 Id.
1303 5174 1573 5243 I’apulabit
1600 5177 1799 5241 paucis.

1191 5245 1268 5300 Id.
1305 5244 1434 5299 Ecce
1470 5244 1597 5314 quid
1622 5255 1730 5299 erat
1758 5253 1875 5301 ante

1120 5318 1359 5372 mundus.
1415 5314 1603 5371 Servus
1651 5318 1877 5371 nesciens

1118 5389 1431 5443 voluntatem
1481 5387 1672 5440 domini
1706 5387 1809 5453 sui,
1832 5396 1879 5441 et

1119 5476 1219 5513 non
1250 5460 1438 5528 faciens
1486 5458 1642 5527 digna
1692 5459 1877 5528 plagis,

1120 5527 1383 5600 vapulabit
1437 5529 1641 5600 paucis.
1690 5527 1882 5584 Servus

1115 5599 1287 5655 autem
1338 5602 1498 5655 sciens
1564 5599 1877 5660 voluntatem

1115 5674 1312 5726 domini
1332 5674 1443 5735 sui;
1463 5686 1578 5724 ecce
1609 5671 1773 5737 qualis
1803 5680 1876 5723 est

1114 5745 1263 5797 modo
1296 5743 1537 5796 mundus.
1563 5740 1685 5794 Jam
1738 5741 1875 5810 quod

1116 5816 1344 5881 sequitur
1390 5813 1528 5868 vobis
1562 5814 1742 5878 dicite,
1772 5813 1876 5866 imo

1118 5886 1263 5942 nobis
1333 5885 1561 5940 dicamus
1610 5899 1629 5938 :
1689 5882 1877 5939 Servus

3411 376 3545 439 H86

1970 569 2138 641 plagis
2159 568 2415 641 vapulabit
2444 567 2637 641 multis.
2662 567 2734 641 βι
2779 566 2975 619 utinam
3024 566 3197 641 multis
3249 566 3470 641 vapulet,
3500 578 3548 624 et

1966 655 2068 693 non
2087 640 2238 692 semel
2255 640 2542 693 damnetur.

2036 710 2169 765 Ibid.
2199 708 2485 763 Thesauros
2506 710 2557 763 in
2571 710 2719 777 coelo,

1964 779 2053 834 ubi
2076 796 2232 851 neque
2250 796 2443 851 aerugo,
2473 788 2577 836 etc.

2035 922 2167 977 Ibid.
2191 921 2267 976 Tu
2284 922 2334 976 in
2357 929 2497 977 terra
2521 923 2720 976 thesau-

1965 993 2130 1056 nias,
2161 994 2251 1047 ille
2288 995 2341 1047 in
2390 994 2516 1048 caelo
2553 994 2721 1063 jubet,

1966 1064 2157 1119 dicens.

2036 1134 2169 1189 Ibid.
2223 1133 2361 1200 Quid
2419 1150 2589 1188 servas
2668 1134 2720 1187 in

1967 1206 2138 1258 terra?
2161 1204 2309 1272 Quod
2332 1205 2546 1259 custodit
2573 1202 2721 1259 Chri-

1966 1284 2096 1339 stus,
2125 1291 2226 1327 nou
2253 1276 2382 1329 tollit
2413 1274 2632 1330 Gothus.

2039 1346 2168 1400 Ibid.
2200 1343 2268 1398 Et
2305 1347 2582 1416 sapientior
2611 1344 2718 1400 Do-

1966 1416 2104 1470 mino
2134 1424 2238 1483 tuo,
2273 1417 2447 1470 condis
2487 1416 2540 1470 in
2565 1427 2718 1471 terra.

2038 1556 2170 1611 Ibid.
2229 1558 2447 1613 Sursum
2508 1557 2724 1612 condere

1966 1628 2145 1682 voluit.
2180 1627 2247 1682 Et
2270 1638 2346 1693 tu,
2380 1628 2490 1698 Ego
2512 1629 2562 1681 in
2589 1639 2722 1682 terra

1967 1699 2151 1753 condo.
2208 1698 2433 1753 Paratus
2472 1715 2591 1770 ergo
2621 1709 2724 1754 esto

1966 1771 2211 1836 vapulare
2239 1772 2420 1825 multa.

2043 1841 2173 1913 Ibid.
2206 1841 2345 1897 Dicis
2372 1840 2506 1911 quod
2527 1842 2617 1897 tibi
2646 1842 2723 1913 fa-

1969 1911 2035 1965 cit
2062 1909 2333 1968 Dominus.

2041 1982 2106 2037 N.
2138 1984 2225 2037 I0.
2270 1983 2336 2039 Ut
2380 1993 2434 2037 tu
2460 1986 2611 2054 fluas,
2643 1985 2730 2041 ille

1968 2055 2263 2109 mentiatur.

2046 2125 2177 2179 Ibid.
2223 2125 2590 2193 Iniquitatibus
2630 2144 2724 2181 no-

1969 2196 2109 2257 stris,
2133 2200 2382 2250 murmuri
2404 2207 2595 2252 nostro.

2044 2266 2176 2321 Ibid.
2238 2266 2556 2322 Paznitentia:
2597 2269 2730 2322 iram

1969 2346 2168 2391 exercet
2196 2354 2248 2391 In
2276 2355 2345 2393 δε.

2047 2407 2178 2462 Ibid.
2207 2409 2341 2473 Quia
2353 2409 2397 2462 si
2421 2418 2475 2462 tu
2500 2408 2720 2480 tibipar-

1970 2478 2063 2545 cis,
2101 2479 2188 2533 ille
2235 2481 2321 2532 tibi
2367 2496 2469 2533 non
2520 2478 2724 2546 parcet;

1969 2550 2091 2631 quia
2116 2551 2161 2602 si
2201 2559 2247 2603 et
2274 2550 2360 2604 ille
2386 2550 2475 2603 tibi
2502 2560 2680 2621 parcat
2704 2589 2721 2617 ,

1970 2635 2124 2689 peris.

2044 2689 2176 2747 Ibid.
2212 2689 2362 2749 Sicut
2399 2692 2531 2747 enim

1972 2771 2116 2831 ptum
2135 2772 2225 2817 est.

2046 2832 2174 2888 Ibid.
2216 2832 2354 2888 Vidit
2388 2834 2584 2905 felicem
2612 2850 2728 2903 pec-

1970 2912 2214 2970 catorem,
2244 2907 2468 2974 quotidie
2486 2905 2623 2960 mala
2645 2906 2723 2975 fa-

1970 2976 2205 3043 cientem,
2233 2985 2280 3030 et
2320 2976 2450 3031 nihil
2476 2979 2599 3031 mali
2634 2993 2728 3046 pa-

1972 3047 2207 3113 tientem,
2270 3056 2318 3101 et
2395 3050 2446 3102 in
2528 3047 2730 3115 Spiritu

1972 3120 2149 3189 sancto
2196 3119 2274 3189 (in
2326 3117 2563 3186 margine
2615 3118 2731 3187 suo)

1974 3188 2211 3255 horruit,
2256 3199 2302 3243 et
2359 3189 2545 3255 doluit,
2576 3198 2622 3243 et
2650 3189 2730 3242 di-

2595 2693 2723 2747 scri-

1897 3260 1943 3324 C
1972 3258 2068 3312 xit.
2098 3258 2356 3323 lrritavit,
2390 3269 2492 3315 etc.

2047 3328 2181 3385 Ibid.
2246 3330 2498 3385 Provocat
2547 3329 2728 3385 Domi-

1972 3416 2140 3474 num;
2206 3416 2299 3470 pro
2382 3402 2732 3474 magnitudine

1970 3471 2063 3525 ira:
2082 3487 2190 3526 sua:
2211 3489 2321 3526 non
2338 3471 2575 3543 requiret.
2603 3471 2731 3527 Ideo

1972 3557 2075 3596 non
2104 3544 2356 3614 exquiret,
2398 3553 2501 3600 etc.

2572 638 2710 706 Quid
2730 651 2932 691 recusas
2952 637 3198 706 vapulare
3218 639 3411 703 multis,
3433 648 3541 695 etc.

2866 708 2944 763 Id.
2976 708 3290 763 Thesaurum
3326 710 3376 763 in
3397 710 3544 779 ctzlo,

2794 778 2877 833 ubi
2949 795 3105 848 neque
3170 780 3338 849 tinea,
3389 778 3547 853 neque

2792 866 2987 921 teruga,
3017 859 3121 904 etc.

2864 921 2943 975 Id.
2977 920 3054 975 Tu
3083 923 3137 975 in
3175 930 3330 991 terra,
3358 921 3447 977 ille
3492 922 3547 977 in

2793 993 2937 1059 caelo,
2960 992 3155 1046 dicens.

2863 1133 2939 1189 Id.
2966 1128 3116 1203 ‘Quid
3166 1134 3371 1191 servas?
3403 1134 3550 1201 Quod

2794 1205 3011 1260 custodit
3085 1204 3341 1275 Christus,
3400 1222 3549 1260 nume

2792 1276 2916 1347 quid
2946 1277 3079 1347 tollit
3102 1277 3337 1332 Gothus?

2854 1346 2929 1401 Id.
2955 1346 3023 1401 Et
3036 1349 3309 1417 sapientior
3334 1348 3551 1401 Domino

2795 1421 2901 1482 tuo,
2924 1433 3034 1500 .non
3067 1420 3164 1500 nisi
3212 1422 3265 1474 in
3291 1429 3422 1487 leva
3445 1418 3553 1473 the-

2794 1502 3054 1542 saurtzare
3085 1504 3179 1543 υιε.

2867 1560 2944 1613 Id.
2976 1558 3192 1615 Sursum
3233 1568 3281 1613 te
3332 1561 3555 1615 condere

2795 1630 2953 1702 voluit
2995 1631 3101 1685 ille.
3138 1630 3273 1702 Ergo
3317 1632 3369 1684 in
3421 1641 3557 1685 terra

2798 1701 3049 1767 condens,
3077 1701 3290 1773 paratus
3319 1713 3425 1757 esto
3468 1719 3557 1757 va-

2797 1774 3200 1844 pulare_multis.

2866 1843 2942 1916 Id.
2972 1842 3113 1898 Dicis
3143 1844 3260 1915 quia
3310 1846 3445 1913 quod
3475 1849 3557 1916 fa-

2803 1915 2869 1967 cit
2896 1914 3163 1970 Dominus.

2876 1984 2949 2040 Id.
2984 1984 3050 2039 Ut
3092 1993 3147 2040 tu
3206 1987 3425 2057 defluas,
3470 1985 3559 2041 ille

2798 2070 2914 2111 vero
2944 2058 3237 2112 mentiatur.

2870 2127 2949 2181 Id.
2978 2126 3343 2197 Iniquitatibus
3372 2128 3557 2183 nostris

2798 2206 2844 2249 et
2874 2200 3124 2252 murmuri
3152 2209 3344 2253 nostro.

2874 2268 2953 2323 Id.
2983 2266 3239 2322 Paenitens
3261 2270 3393 2323 iram
3414 2284 3558 2323 exer-

2802 2347 2878 2393 cet
2900 2341 2953 2393 in
2978 2356 3051 2394 se.

2866 2410 2946 2465 Id.
2983 2410 3120 2477 Quia
3160 2412 3205 2464 si
3232 2420 3287 2464 tu
3315 2411 3403 2464 tibi
3436 2426 3559 2478 par-

2797 2482 2893 2563 cis,
2918 2490 2973 2535 ut
3003 2482 3090 2536 ille
3111 2482 3198 2535 tibi
3239 2492 3436 2553 parcat,
3469 2497 3557 2553 pe-

2795 2566 2888 2607 τις.

2871 2692 2947 2747 Id.
2992 2692 3080 2749 Sic
3120 2695 3253 2750 enim
3303 2694 3550 2764 scriptum

2799 2772 2893 2819 est.
3460 2792 3461 2795 η

2873 2835 2948 2891 Id.
2992 2834 3104 2893 Vidi
3143 2837 3339 2908 felicem
3370 2852 3553 2908 pecca-

2804 2915 2983 2979 torem,
3019 2909 3120 2962 vidi
3144 2907 3394 2979 quotidie
3421 2907 3560 2965 mala

2803 2978 3103 3049 facientem,
3163 2989 3210 3033 et
3258 2982 3310 3034 in
3357 2980 3559 3047 Spiritu

2803 3058 2975 3103 sancto
3094 3050 3557 3114 blasphemantem;

2805 3121 3011 3184 horrui,
3125 3119 3286 3177 dolui.
3374 3119 3560 3175 Irrita-

2805 3192 2895 3259 vit,
2923 3200 3030 3246 etc.

3125 3122 3286 3177 dolui.

2873 3330 2950 3387 Id.
3024 3329 3325 3388 Provocavit
3386 3332 3561 3387 Domi-

2802 3418 2971 3475 num;
3048 3419 3141 3472 pro
3207 3404 3561 3475 magnitudine

2801 3474 2892 3527 ira:
2917 3488 3024 3529 sua?
3044 3490 3143 3529 non
3171 3472 3410 3544 exquiret.
3448 3472 3562 3527 Hoc

2801 3546 3025 3612 sequitur
3060 3562 3079 3599 :
3114 3547 3335 3601 irritavit
3379 3544 3563 3599 Domi-

2803 3631 2927 3687 num
2975 3627 3251 3687 peccator;
3302 3632 3394 3685 pro
3444 3632 3560 3668 ma-

1973 3684 2245 3757 gnitudine
2260 3686 2351 3741 εγω
2372 3702 2479 3741 sum
2497 3701 2600 3739 non
2619 3686 2870 3755 exquiret.
2898 3684 3026 3741 Ideo
3052 3703 3150 3740 non
3172 3688 3419 3757 exquiret,
3448 3696 3555 3742 etc.

2045 3755 2175 3827 Ibid.
2194 3756 2334 3811 Nam
2355 3757 2400 3810 si
2429 3757 2729 3827 exquireret,

1972 3826 2261 3898 ﬂagellaret
2280 3846 2297 3891 ;

1974 3899 2285 3954 emendaret.

2045 3967 2110 4022 N.
2143 3969 2232 4024 II.
2276 3969 2414 4038 Quid
2459 3970 2732 4040 prtestabat

1976 4037 2200 4094 Petrus?

2047 4109 2110 4165 Ν.
2168 4110 2257 4166 12.
2304 4111 2434 4166 Dico
2495 4113 2734 4167 charitati

1975 4190 2173 4249 vestrm,
2223 4191 2356 4235 torta
2401 4192 2549 4247 sunt,
2600 4190 2735 4237 torta

1973 4261 2091 4305 sunt
2121 4268 2182 4307 ea:
2207 4253 2299 4307 hoc
2322 4254 2512 4308 viscera
2537 4260 2732 4308 nostra.

1975 4320 2227 4378 It'atemur
2272 4324 2430 4390 vobis,
2458 4342 2561 4379 non
2590 4324 2732 4379 nobis

1975 4393 2139 4466 placet
2161 4396 2279 4448 talis
2299 4395 2581 4466 diligentia.
2610 4396 2733 4449 Scio

2011 4464 2097 4516 uia
2122 4466 2230 4518 zelo
2289 4464 2409 4519 Dei'
2430 4468 2657 4533 fecerunt
2684 4474 2733 4520 et

2026 4536 2238 4590 cclesiaz.
2270 4534 2474 4590 Putatis
2508 4538 2629 4606 quia
2653 4537 2735 4590 ni-

1976 4606 2051 4658 hil
2078 4610 2270 4676 factum
2294 4618 2387 4671 est,
2407 4609 2528 4674 quia
2550 4608 2645 4661 hoc
2670 4607 2736 4660 ad

1976 4691 2148 4747 omnes
2202 4678 2412 4731 sonuit?
2438 4677 2583 4747 Iiogo
2626 4694 2733 4743 vos,

1978 4746 2127 4799 hodie
2154 4748 2377 4800 sonuerit
2409 4762 2504 4801 vom
2524 4746 2646 4813 ista,
2678 4756 2732 4800 ut

1977 4814 2111 4869 illud
2164 4819 2300 4885 quod
2356 4819 2489 4871 male
2540 4818 2730 4884 sonuit,

1980 4888 2159 4939 obruat
2212 4903 2271 4942 ea
2321 4905 2400 4943 res
2450 4904 2564 4957 qua:
2615 4891 2736 4943 bene

1977 4959 2162 5029 sonuit.
2198 4957 2350 5011 Hanc
2366 4975 2570 5029 operam
2595 4960 2729 5026 date,

1975 5028 2071 5081 hoc
2126 5039 2298 5097 sonet,
2335 5032 2429 5083 hoc
2484 5032 2733 5098 prtedice-

1977 5115 2113 5172 mus,
2184 5101 2279 5154 hoc
2365 5102 2728 5172 praedicamus.

1984 5168 2222 5238 Veniant,
2241 5168 2601 5240 admittantur,
2625 5184 2727 5229 etc.

2386 3836 2435 3881 et
2517 3829 2733 3898 fortasse

2877 3757 2954 3812 Id.
2990 3757 3130 3810 Nam
3165 3759 3208 3811 si
3255 3759 3557 3827 exquireret,

2803 3829 3088 3899 ﬂagellaret
3120 3845 3139 3883 :
3168 3829 3213 3882 si
3250 3829 3559 3899 flagellant,

2804 3901 3111 3953 emendaret.

2875 3970 2953 4025 Id.
3000 3970 3150 4037 Quod
3200 3970 3469 4041 pratstabat
3512 3975 3561 4024 et

2808 4039 3011 4095 Petrus.

2881 4112 2954 4168 Id.
2992 4111 3119 4167 Dico
3172 4111 3409 4165 charitati
3473 4125 3560 4165 ve-

2806 4193 2943 4248 stras,
2968 4192 3100 4238 torta
3128 4192 3243 4237 sunt
3263 4198 3327 4237 ex
3370 4183 3465 4235 hoc
3483 4182 3558 4236 vi-

2806 4269 2947 4309 scera
2976 4263 3169 4309 nostra.
3200 4254 3446 4307 Fatemur
3469 4269 3558 4307 vo—

2806 4324 2901 4389 bis,
2934 4342 3033 4379 non
3058 4326 3199 4380 nobis
3228 4326 3415 4396 placuit
3441 4323 3561 4396 talis

2806 4397 3090 4469 diligentia.
3131 4397 3251 4456 Scio
3281 4397 3399 4469 quia
3450 4395 3560 4450 zelo

2810 4467 2905 4520 Dei
2955 4467 3221 4536 fecerunt;
3278 4468 3403 4536 scio.
3457 4481 3560 4519 non

2808 4535 3003 4607 dubito,
3032 4540 3151 4609 quia
3204 4538 3311 4609 zele
3347 4535 3464 4609 _D_ei_
3487 4538 3560 4603 fe-

2807 4617 3004 4671 cerunt,
3036 4606 3124 4663 sed
3156 4616 3201 4660 et
3226 4607 3355 4659 illud
3385 4606 3560 4659 debent

2808 4679 3063 4731 attendere
3111 4677 3331 4745 apostoli
3375 4674 3558 4743 Pauli,

2805 4748 3059 4816 quomodo
3076 4748 3270 4817 plangit
3300 4762 3383 4800 eos
3407 4747 3559 4800 etiam

2805 4818 2891 4888 qui
2917 4819 3079 4873 zelum
3107 4819 3203 4871 Dei
3230 4816 3437 4881 habent,
3468 4817 3559 4870 sed

2805 4905 2907 4942 non
2963 4891 3241 4943 secundum
3295 4888 3555 4941 scientiam

2807 4959 2986 5031 (Rom.
3044 4976 3098 5026 κ,
3146 4959 3225 5030 2).
3276 4957 3405 5031 Ecce
3453 4975 3557 5015 non

2804 5029 2877 5086 est
2904 5029 3191 5097 admissus
3216 5029 3395 5094 hodie;
3445 5045 3559 5085 cras

2802 5102 3066 5157 morietur.
3097 5100 3170 5155 De
3221 5101 3369 5171 cujus
3390 5100 3558 5154 mani-

2804 5175 2896 5228 bus
2920 5172 3174 5242 exigitur?
3195 5171 3438 5225 Dicturus
3458 5185 3511 5226 es
3537 5187 3561 5228 :

2805 5244 2912 5299 Sed
2991 5244 3158 5315 ﬁngit.
3210 5242 3507 5315 Respondeo
3537 5258 3561 5299 :

1981 5310 2088 5386 Sed
2108 5314 2249 5386 petit.
2280 5312 2389 5385 Ego
2432 5316 2644 5369 ostendo
2688 5317 2824 5386 quod
2870 5310 3031 5385 petit;
3065 5310 3136 5368 'tu
3179 5310 3387 5386 ostende
3438 5315 3560 5384 quia

1981 5383 2147 5453 ﬁngit.
2173 5383 2479 5450 Christiane,
2531 5390 2636 5454 iam
2662 5383 2775 5443 valo
2804 5383 2998 5443 doceas
3046 5392 3094 5439 et
3144 5400 3245 5438 me.
3267 5383 3418 5439 Unde
3452 5383 3559 5440 scis

1982 5458 2102 5523 quia
2132 5457 2316 5528 fingit?
2346 5457 2478 5522 Quia
2500 5458 2646 5511 rebus
2667 5462 2773 5513 suis
2802 5460 2959 5512 timet.
2990 5455 3241 5528 Nouimus
3271 5455 3461 5510 multos
3490 5457 3555 5509 ti-

1984 5528 2173 5601 muisse
2198 5527 2343 5601 rebus
2370 5528 2495 5601 suis,
2522 5536 2568 5582 et
2596 5528 2710 5601 ideo
2756 5532 2916 5601 factos
2947 5527 3243 5601 catholicos;
3264 5541 3380 5580 cum
3414 5541 3560 5601 acce-

1985 5598 2181 5666 pissent
2208 5596 2516 5663 libertalem,
2546 5595 2807 5656 redierunt
2832 5600 2899 5654 ad
2927 5599 3045 5653 illos
3079 5597 3291 5667 quidam
3309 5637 3324 5663 ,
3351 5595 3561 5662 quidam

1981 5683 2098 5721 vero
2126 5677 2444 5723 manserunt.
2480 5670 2739 5737 Quamdiu
2775 5684 2875 5725 non
2913 5670 3246 5736 intraverunt,
3280 5667 3431 5721 rebus
3456 5667 3561 5721 suis

1983 5739 2278 5807 timuerunt,
2306 5750 2352 5791 et
2409 5755 2522 5793 cum
2550 5741 2894 5807 intraverunt,
2950 5740 3189 5796 discendo
3240 5746 3559 5792 manserunt.

1987 5808 2133 5884 Unde
2155 5813 2253 5884 scis
2281 5826 2419 5884 ergo,
2448 5827 2507 5863 ne
2528 5812 2621 5884 iste
2647 5814 2733 5884 qui
2761 5815 2899 5869 timet
2925 5812 3073 5867 rebus
3099 5810 3240 5884 suis,
3274 5812 3407 5863 inter
3437 5808 3557 5884 illos

1984 5882 2076 5937 erit
2104 5882 2190 5949 qui
2220 5882 2325 5950 ﬁcti
2350 5879 2931 5957 inventisunt,mao;ime
2950 5879 3232 5939 accedente
3271 5888 3418 5936 tanta
3448 5879 3563 5939 tm
