4012 6338
182 248 326 307 “89

258 361 338 417 Id.
381 362 511 418 ibid.
550 362 814 419 Obaudisti
842 378 934 418 oo-

173 445 289 487 ϐοτη
326 449 434 487 mea
441 450 507 488 m.
1008 451 1149 488 mete.

252 503 330 559 Id.
362 503 493 560 ibid.
516 500 736 559 Exhibet
758 522 929 562 verax.
1076 504 1206 560 Cod.
1255 502 1405 561 XXIII.
1482 504 1761 563 Exhibetur

1006 593 1179 631 verax.

249 642 324 702 Id.
362 645 489 703 ibid.
522 647 589 703 In
620 647 829 716 psalmis
871 648 935 703 ds

168 714 421 775 Domino.

248 787 324 843 Id.
352 788 415 843 Ν.
443 786 496 843 4.
523 788 643 845 Νοη
667 800 738 844 est
766 807 932 861 pecca-

171 864 283 940 tum
346 876 518 913 rerum
572 864 774 933 jurare.
830 862 937 919 Sed

169 944 320 997 quia,
349 940 451 984 etc.
804 994 807 997 _

246 998 323 1052 Id.
357 1000 487 1055 ibid.
528 998 734 1071 Jurare,
787 1004 933 1075 longe

172 1078 271 1132 est,
330 1081 435 1125 CIC.

252 1142 324 1193 Id.
371 1141 499 1195 ibid.
536 1142 640 1198 Sed
684 1143 927 1201 Dominus

165 1210 399 1282 iuravit,
425 1212 609 1282 inquit.

199 1352 210 1362 .
250 1282 324 1335 Id.
358 1280 422 1336 N.
453 1280 505 1340 5.
536 1283 603 1339 In
630 1286 742 1355 ipsa
767 1285 934 1341 lucta-

168 1359 331 1407 tione.

242 1423 410 1478 εειυι.
483 1432 695 1481 cccvut.
760 1428 823 1482 N.
878 1432 928 1482 t.

168 1490 379 1567 Temere
375 1495 601 1567 juravit
634 1512 650 1550 :
690 1500 802 1567 quis
842 1516 931 1551 ne-

166 1564 345 1645 sciat
372 1564 563 1621 Tamen
615 1564 790 1641 lapsus
832 1581 923 1642 est,

162 1638 383 1705 juravit.

240 1704 319 1759 Id.
348 1706 412 1761 Ν.
439 1702 494 1762 2.
546 1706 783 1767 Hominis
807 1728 927 1767 san-

163 1778 322 1847 guine
350 1780 579 1847 implere.

240 1848 320 1904 Id.
376 1848 505 1903 ibid.
577 1850 925 1909 Commemoro

163 1933 285 1990 ergo
323 1920 623 1974 charitatem
652 1934 884 1979 vestram.
998 1923 1237 1978 charitati
1279 1933 1475 1978 vestrce.

238 1989 315 2044 Id.
375 1991 504 2047 ibid.
546 1990 760 2061 Malam,
814 2010 919 2049 ma-
1073 1997 1143 2049 Id.
1208 1990 1446 2061 Malam,

163 2059 291 2183 iam,
321 2061 531 2129 malam,
571 2074 617 2117 et
649 2059 795 2120 valde
825 2082 925 2121 ma-
995 2068 1146 2121 valde
1184 2066 1397 2119 malam.

188 2146 295 2183 am.

188 2146 295 2187 am.

236 2200 317 2258 Id.
369 2202 542 2274 Νηῦ.
597 2203 732 2272 Quid
791 2209 921 2263 dixit
1061 2207 1141 2263 Id.
1175 2208 1312 2274 Quid
1335 2207 1467 2262 dixit
1504 2205 1758 2262 Dominus

162 2269 415 2328 Dominus
435 2269 636 2330 Iesus:
989 2269 1185 2333 Iesus?

236 2343 473 2417 Id.lbid.
508 2348 728 2414 Quando
772 2364 915 2405 ano-
1070 2348 1144 2403 Id.
1204 2347 1476 2417 Quomodo
1530 2365 1562 2403 a
1616 2348 1758 2403 nobis

163 2413 586 2492 bis_e_:rigerctur,
619 2428 740 2492 με.
805 2490 811 2492 Α
996 2413 1312 2492 exigeretur,
1368 2431 1472 2475 etc.

238 2486 318 2540 Id.
356 2486 451 2542 ίΝ.
504 2492 556 2543 4.
605 2488 675 2542 Et
735 2490 929 2561 falsum
1071 2486 1148 2547 Id.
1193 2492 1381 2562 falsum
1413 2508 1537 2546 esse.

162 2569 294 2611 esse.

233 2627 312 2682 Id.
344 2626 409 2683 N.
433 2627 486 2683 5.
512 2627 580 2683 Et
615 2647 781 2685 nonne
823 2649 927 2685 me-
1069 2632 1147 2688 Id.
1195 2631 1385 2687 Melius
1431 2648 1537 2687 rem
1593 2642 1752 2699 tuam,

162 2694 264 2751 lius
313 2710 443 2781 erat,
494 2709 549 2781 ut
622 2712 922 2781 rem_tuam
994 2720 1147 2781 quam
1183 2705 1437 2781 exigebas,
1498 2694 1754 2781 perderes,

162 2784 315 2836 quam
363 2772 594 2845 ecigebas
622 2776 915 2845 perderes,
994 2772 1145 2845 quam
1216 2772 1440 2827 animam
1536 2772 1756 2829 hominis

161 2842 565 2919 quam‘animam
608 2844 823 2919 hominis
852 2842 922 2900 is-
991 2842 1129 2917 falsa
1166 2846 1432 2919 juratione
1460 2846 1749 2916 perimeres.

163 2909 265 2964 tius
312 2912 447 2986 falsa
485 2915 749 2984 juratione
792 2918 926 2986 peri-
991 2909 1002 2917 ’
1166 2909 1184 2919 ’
1398 2920 1401 2921 ⁷

165 2994 325 3036 meres
342 2982 367 3036 i

235 3049 311 3106 Id.
343 3053 472 3110 ibid.
495 3054 841 3113 Abstuleritis.
1059 3058 1137 3114 Id.

1078 646 1379 721 Cod._xv.i
1430 646 1495 703 In
1552 649 1761 721 psalmis

1005 737 1117 775 vere
1144 724 1205 772 de
1229 717 1475 775 Domino.

1079 791 1246 844 Codd.
1280 792 1459 845 ambo.
1499 789 1617 844 Non
1641 794 1761 860 quia

1007 874 1078 917 est
1098 869 1358 933 peccatum
1377 864 1755 932 verumjurare,

999 934 1086 989 sed
1114 933 1254 1000 quia,
1279 946 1383 988 etc.

1078 1003 1170 1057 Iid.
1277 1001 1487 1060 Jurare.

1005 1084 1100 1138 est,
1125 1084 1228 1129 etc.

1078 1144 1210 1198 Cod.
1238 1160 1325 1198 xv.
1351 1145 1455 1201 Sed
1486 1145 1757 1216 Dominus,

1007 1217 1197 1286 inquis,
1222 1218 1439 1285 juravit.

1077 1286 1151 1341 Id.
1185 1286 1251 1341 In
1278 1288 1391 1357 ipsa
1420 1288 1578 1342 lucta.

1589 1002 1762 1077 Longe

1080 1426 1215 1483 Cod.
1249 1441 1399 1483 χχιιι.
1430 1426 1641 1483 Temere
1677 1430 1760 1483 iu-

1080 1448 1215 1483 t.ou.
1249 1448 1399 1483 χχιιι.
1432 1448 1455 1482 ι
1477 1448 1760 1553 emereq'u-

1002 1500 1147 1563 ravit,
1206 1502 1325 1569 quia
1371 1500 1596 1555 nescivit.
1703 1516 1762 1553 a-

1000 1571 1317 1642 men_lapsus
1341 1578 1434 1632 est,
1474 1572 1559 1638 qui
1597 1572 1765 1642 jura-

1000 1642 1087 1695 vit.
1117 1639 1239 1694 Vid.
1268 1656 1379 1695 var.
1413 1642 1580 1695 Maur.

1072 1710 1149 1785 Id.
1220 1710 1457 1767 Hominis
1515 1713 1764 1785 sanguine

998 1783 1257 1851 implesse.

1071 1854 1142 1928 Id2
1214 1853 1563 1928 Commemora
1638 1870 1759 1928 ergo

1519 1997 1709 2050 malum
1741 2036 1757 2064 ,

1227 3050 1553 3112 Abstuleritis
1622 3074 1749 3125 pra:-

990 3141 1157 3209 st_ante
1184 3128 1608 3209 Domino_n_ostro
1627 3128 1752 3184 Iesu
1780 3143 1828 3209 ρ

169 3175 505 3273 ςΞΙιήέωηᾳιιί
531 3215 649 3273 cum
677 3199 836 3254 Patre
865 3210 913 3254 et
1168 3175 1754 3273 sie-gan

167 3269 222 3316 in
248 3269 439 3322 swcula
478 3271 804 3325 steculorum.
829 3269 1011 3329 Amen.

713 3384 944 3443 SERﬂO
982 3385 1185 3443 CCCX.

232 3492 456 3565 Legitur
482 3496 535 3553 in
562 3498 685 3555 cod.
717 3499 871 3555 Cass.
916 3515 1030 3570 xu,
1058 3499 1154 3556 fol.
1185 3500 1312 3556 270.

210 3590 375 3651 .Edit.
441 3591 505 3643 N.
556 3590 608 3645 I.
680 3592 924 3652 'Spiritus
1068 3592 1203 3648 Cod.
1236 3591 1760 3647 Gloriosissimimar-

157 3674 367 3715 sanctus
397 3660 576 3713 doceat
626 3678 716 3714 nos
751 3663 803 3733 in
833 3665 925 3715 hac
998 3663 1123 3733 tyris
1180 3661 1423 3732 Cypriani
1474 3664 1759 3715 sacratissi-

154 3733 289 3784 lto'ra
317 3746 433 3801 qua:
455 3740 684 3798 oporteat
715 3732 882 3785 dicere
906 3746 927 3787 :
998 3732 1133 3784 mam
1162 3734 1447 3799 passionem
1472 3733 1524 3785 in
1564 3748 1756 3786 memo-

155 3804 351 3855 dicturi
411 3803 548 3855 enim
593 3817 767 3857 sumus
824 3804 924 3856 ali-
997 3805 1071 3856 ria
1110 3804 1253 3857 nobis
1279 3813 1476 3856 revocat
1510 3804 1757 3857 hodierna

155 3874 281 3943 quid
329 3874 391 3945 de
434 3873 612 3945 laude
676 3871 920 3945 Cypriani
990 3877 1303 3929 solemnitas.
1352 3874 1593 3928 Natalem
1612 3878 1759 3945 quip-

156 3944 513 4018 gloriosissimi
537 3947 800 4018 martyris,
826 3962 917 3999 cu-
995 3962 1054 4015 pe
1081 3949 1190 4018 ejus
1232 3944 1383 3999 hodie
1420 3944 1753 4000 celebramus.

156 4018 245 4088 jus
288 4016 513 4088 natalem
562 4016 735 4080 hodie,
792 4018 922 4071 sicut

157 4085 346 4150 isostt's,
376 4085 705 4139 celebramus.

231 4156 364 4210 Ibid.
412 4154 480 4209 Id
526 4168 621 4223 est,
680 4156 921 4226 Natales,

160 4235 214 4281 ut
258 4227 496 4281 Natales.
706 4267 715 4279 .

235 4298 372 4353 Ibid.
401 4298 540 4372 Alich
583 4316 767 4353 nomen
817 4301 922 4372 fre-

157 4378 366 4439 quentat
392 4367 645 4434 Ecclesia,
666 4383 740 4437 ut,
776 4367 880 4425 etc.

234 4438 369 4493 Ibid.
430 4439 534 4495 Sed
588 4441 738 4495 illum
788 4442 920 4496 diem

157 4527 262 4564 non
280 4509 664 4577 celebraremus,
683 4513 774 4567 etsi
806 4530 922 4567 nos-

158 4597 357 4637 semus.
385 4580 493 4636 Illo
519 4585 655 4637 enim
679 4586 784 4648 die,
811 4593 915 4638 etc.

1072 4159 1151 4215 Id.
1180 4155 1246 4212 Id
1271 4166 1365 4221 est,
1396 4166 1449 4210 ut
1485 4156 1715 4213 Natales.

1066 4300 1145 4356 Id.
1181 4298 1295 4353 Hoc
1326 4315 1435 4352 non.
1448 4314 1508 4351 cn
1529 4298 1759 4370 frequen-

994 4382 1086 4437 tat,
1117 4380 1195 4438 ut,
1224 4382 1331 4425 etc.

1066 4445 1142 4497 Id.
1202 4442 1307 4496 Sed
1348 4441 1557 4511 quando
1602 4452 1754 4497 natus

994 4586 1380 4638 celebraremus.
1406 4582 1472 4636 In
1493 4584 1583 4637 illo
1614 4586 1749 4636 enim

231 4721 368 4776 Ibid.
401 4720 510 4776 Isto
536 4731 706 4777 autem
733 4713 817 4779 die
847 4726 917 4779 ri-
993 4656 1279 4779 ώῖδῗιῗλιο
1309 4726 1389 4777 die
1416 4724 1579 4793 ﬁnivit
1600 4740 1747 4778 omne

150 4802 223 4848 est
236 4810 403 4865 fomite
422 4806 700 4864 peccatum.
989 4808 1269 4865 peccatum.

1063 4867 1138 4920 Id.
1173 4864 1256 4919 Ea:
1298 4865 1637 4919 occultissimo
1684 4880 1744 4917 ac

989 4937 1388 5008 profundissimo
1422 4936 1560 4988 sinu.

1062 5004 1135 5063 Id.
1198 5008 1261 5059 lu
1340 5008 1577 5059 honorem
1646 5004 1745 5075 Cy-

976 5080 1152 5152 priani
1181 5079 1320 5152 bibit.

1058 5151 1134 5205 Id.
1189 5148 1256 5202 Et
1278 5157 1417 5201 tanto
1436 5148 1741 5217 jucundius.

1056 5222 1134 5275 Id.
1164 5221 1412 5290 Cingatur
1444 5234 1476 5272 α
1497 5234 1741 5272 veneran-

986 5295 1141 5348 tibus.

1055 5364 1132 5417 Id.
1191 5361 1287 5416 Ubi
1338 5360 1433 5414 illa
1494 5359 1738 5426 surrexit,

983 5438 1075 5501 iste
1104 5442 1388 5499 prostratus
1416 5439 1510 5484 est.

1061 5498 1134 5559 Id.
1162 5504 1380 5570 Quando
1408 5503 1530 5572 (aut
1554 5498 1742 5572 melius

987 5578 1262 5648 quomodo)
1314 5570 1425 5630 nos
1455 5570 1739 5628 celebrare-

227 4864 293 4919 Ν.
327 4864 380 4917 ‘2.
442 4865 524 4918 Ex
575 4866 918 4923 occultissimo

149 4946 361 4989 natura
384 4936 523 4990 sinu.

226 5006 362 5060 Ibid.
414 5004 635 5077 Propter
673 5008 915 5064 Natalem

147 5078 558 5148 Cyprianibtbit.

224 5148 360 5201 Ibid.
389 5147 455 5201 Et
488 5158 629 5203 tanto
650 5150 877 5207 dulcius.

226 5218 359 5291 Ibid.
397 5217 647 5291 Cmgatur
674 5225 740 5275 ab
765 5224 911 5279 obse-

148 5290 445 5359 quentibus.

225 5361 359 5415 Ibid.
396 5360 495 5416 Ubi
521 5362 613 5416 illa
632 5373 795 5418 erecta
814 5374 907 5435 est,

144 5432 221 5486 ibi
252 5444 537 5502 prostratus
565 5444 658 5488 est.

226 5502 292 5556 N.
326 5503 378 5557 5.
415 5503 562 5561 Unde
582 5522 673 5561 nos
696 5506 913 5562 celebra-

146 5588 346 5629 remus.

223 5771 243 5808 ⁸
285 5773 421 5833 Vide
444 5791 610 5835 sem.
641 5791 853 5848 cccxvr,
878 5794 937 5839 α.
970 5777 1024 5833 3.

1436 251 1811 310 LECTIONES
1849 252 2241 312 VARIANIES

1077 362 1211 421 Cod.
1237 378 1321 419 xv.
1355 364 1623 421 Obaudisti
1652 370 1760 424 voci
1789 373 1841 431 Α
1937 368 1996 420 Ν.
2026 367 2076 421 4.
2127 368 2193 421 Et
2218 369 2285 421 ad
2314 370 2417 421 alia
2447 368 2582 422 loca.

1791 1763 1840 1825 Β
1940 1770 2003 1829 Ν.
2033 1772 2088 1828 2.
2114 1773 2331 1829 Cmcitas
2359 1772 2624 1844 cruciﬁge-

993 4515 1078 4578 sit,
1110 4514 1309 4567 etiamsi
1354 4504 1616 4577 iciremus,
1650 4528 1750 4566 non
1776 4504 1831 4567 D

3313 256 3451 313 I190

2767 369 2843 424 Id.
2867 371 2949 425 Ad
2977 371 3082 425 alia
3102 368 3236 428 loca.

1943 438 2072 492 Ibid.
2100 437 2389 494 Lectionis:
2428 442 2619 497 alacres
2766 440 2844 498 Id.
2899 436 3167 497 Lectionis.
3226 440 3433 501 Alacres

1864 510 2169 562 celebremus
2203 509 2337 562 hunc
2383 513 2535 575 diem,
2572 519 2616 563 it
2694 530 2809 581 ergo
2828 512 3444 582 celebremushuncdiem,

1864 581 1936 657 ita
1960 597 2131 634 omnes
2164 583 2469 657 unanimiter
2496 599 2618 657 sup-
2692 594 2739 637 et
2770 587 2915 657 cujus
2930 586 3256 657 triumphum
3293 581 3454 641 honoé-

1864 652 2135 719 plicemus.
2173 662 2226 704 ut
2284 652 2333 704 in
2393 652 2622 707 Ecclesia
2691 652 2867 708 ramus
2923 652 3168 723 interra,
3217 663 3454 714 meritum

1864 723 2059 796 majore
2084 738 2397 796 communem
2426 736 2621 790 patrem
2694 741 3056 796 cognoscamus
3080 726 3132 781 in
3164 730 3308 784 caelo.

1866 794 2043 845 audire
2099 803 2143 844 et
2206 794 2372 848 ridere
2428 813 2622 850 nterea-

1866 880 2016 940 mur,“
2049 863 2270 940 habituri
2300 873 2345 940 et
2370 870 2432 917 de
2452 883 2681 940 sermone
2709 870 2821 939 ejus
2845 871 3108 940 gaudium,
3153 880 3201 923 et
3241 872 3306 924 de
3334 890 3450 938 pas-

1864 935 2023 1007 sionis
2058 937 2168 1007 eius
2198 934 2361 1003 gloria
2409 934 2744 1005 profectum,'
2766 934 2865 1007 per'
2901 938 3179 997 Dominum
3220 934 3452 1000 nostrum

1864 1004 2046 1061 .lesum
2072 1004 2355 1061 Christum.
2390 1007 2571 1062 Amen.

2381 1118 2609 1174 SERIIO
2643 1118 2935 1176 CCCXVII.

1937 1230 2153 1301 Legitur
2183 1229 2565 1311 in‘cor‘llCass.
2604 1248 2677 1298 xt,
2711 1232 2804 1289 fol.
2829 1231 2957 1301 212,
3002 1244 3058 1292 et
3096 1236 3215 1294 cod.
3252 1210 3465 1311 pariter

1865 1296 2148 1369 Cassfxn,
2181 1296 2276 1357 fol.
2302 1301 2423 1358 127.
2664 1296 2671 1298 ’
2774 1342 2775 1345 η

1940 1414 2082 1471 Edit.
2119 1412 2183 1470 N.
2213 1388 2263 1480 Il,
2302 1414 2615 1482 Coronatus;

1866 1488 1987 1544 illas
2013 1496 2197 1551 terras,
2226 1492 2334 1542 etc.

2764 1417 2935 1491 Codd.
2960 1418 3263 1485 Coronatus,
3282 1424 3453 1491 factus

2694 1494 2765 1562 est
2787 1490 2838 1562 in
2860 1491 3109 1561 martyrio
3132 1490 3349 1559 primus,
3365 1495 3454 1562 qui

2692 1561 2957 1613 videbatur
3008 1563 3061 1615 in
3115 1561 3453 1619 ecclesiastico

2692 1633 2871 1686 ordine
2899 1648 3005 1687 esse
3036 1643 3345 1701 postremus.
3378 1636 3454 1691 ll-

2694 1704 2769 1756 las
2798 1713 2977 1767 terras,
3003 1716 3109 1758 etc.

2768 1772 2938 1829 Codd.
2973 1789 3069 1829 xu.
3114 1777 3247 1832 ϐατδ
3283 1778 3450 1832 cruci-

1868 1848 1951 1899 bat
1980 1857 2066 1901 :et
2118 1848 2395 1915 cruciﬁxus
2446 1848 2518 1918 eis
2552 1847 2624 1918 yde
2698 1845 2945 1914 ﬁgebant,
2999 1856 3045 1898 et
3088 1860 3262 1917 postea
3300 1866 3452 1918 quam

1864 1921 2114 1992 sanguine
2140 1935 2233 1972 suo
2255 1906 2524 1990 collyrium
2542 1906 2623 1988 ἴη-
2695 1906 3176 1992 ὲιῖιιεὶίῇπέιοηηιξάε
3202 1906 3452 1992 sanguine

1864 1986 2045 2043 ciebat.
2358 1986 2375 1990 ⁷
2542 1986 2550 1988 “
2658 2034 2661 2035 ν
2692 2004 2784 2041 suo
2816 1986 3045 2043 Christus
3072 1986 3346 2061 collyrium
3376 1993 3444 2047 il-

2693 2057 2759 2109 lis
2788 2059 2927 2109 fecit.

2716 2075 2759 2112 18
2788 2069 2927 2113 fecit.

2971 2126 3061 2184 Sic
3084 2130 3249 2186 luceat
3278 2132 3453 2189 lumen

2697 2212 2915 2253 vestrum
2944 2217 3118 2255 caram
3139 2203 3451 2260 hominibus.

2698 2268 2834 2323 Ecce
2864 2272 2995 2324 lucet
3022 2273 3191 2328 lumen
3229 2276 3453 2340 Stepha-

2695 2342 2767 2419 ni,
2802 2352 2855 2419 ut
2900 2342 3101 2398 videant
3147 2362 3321 2419 omnes
3365 2347 3452 2419 qui

2694 2412 2743 2464 in
2806 2414 2953 2491 domo
3022 2425 3160 2469 sunt.
3225 2412 3447 2491 Domus,

2692 2487 2910 2536 mundus
2939 2494 3031 2537 est.
3414 2510 3419 2511 ν

2764 2552 2950 2624 ΙάδΕε
2974 2571 3064 2624 ego
3087 2558 3300 2613 mundo.
3335 2559 3451 2616 Cm-

2691 2635 2801 2679 tera
2827 2622 3097 2693 differunt,
3127 2631 3220 2685 sed
3246 2632 3448 2693 incuria

2689 2696 3094 2751 amanuensium
3162 2715 3266 2755 non
3336 2704 3450 2759 tue-

2691 2776 2816 2839 runt
2847 2769 3187 2839 transcripta.

2756 2836 2887 2909 Cod.
2926 2854 2996 2892 xu
3040 2836 3162 2909 post
3192 2841 3305 2896 haec
3327 2858 3447 2899 ver-

2685 2910 2749 2983 ba
2760 2952 2784 2983 ,Α
2798 2905 3029 2983 Domino
3040 2905 3444 2983 commendavit,

2686 2979 2836 3035 addit
2897 2996 3016 3050 qtt:e
3083 2979 3440 3052 seqttunturi

1863 3071 1882 3104 ι
1917 3053 2119 3108 Dilexit
2143 3068 2270 3123 ergo
2293 3053 2597 3126 Stephanus
2620 3051 3036 3126 inimicos‘snos.
3060 3051 3194 3126 Ijlam
3224 3055 3311 3124 qui
3346 3071 3446 3126 pro

1858 3134 1917 3179 se
1948 3139 2141 3196 rogans
2172 3114 2341 3190 sietit,
2391 3114 2485 3193 pro
2530 3125 2631 3180 illis
2658 3138 2828 3195 genua
2859 3122 2982 3196 fixit
3003 3126 3041 3177 ί.
3070 3114 3264 3196 Utique
3304 3114 3448 3196 quod

1864 3194 2118 3265 scriptum
2151 3207 2253 3260 est,
2286 3198 2386 3251 hoc
2418 3194 2856 3262 implevit’verus
2900 3195 3138 3265 imitator
3165 3194 3448 3256 dominica:

1862 3264 2168 3339 passionis,
2197 3277 2253 3321 et
2285 3270 2546 3339 perfectus
2575 3277 2658 3322 est
2687 3265 2899 3339 Christi
2914 3264 3210 3339 discipulus
3252 3284 3450 3339 appro-

1862 3341 2049 3409 batus,
2082 3338 2205 3406 quia
2247 3338 2391 3406 quod
2420 3353 2488 3409 ex
2525 3342 2778 3408 magistro
2802 3336 3063 3404 audierat,
3099 3338 3150 3391 in
3180 3336 3301 3393 sua'
3322 3336 3449 3409 pas-

1862 3408 2015 3463 sione
2062 3410 2382 3478 complebat.
2438 3408 2692 3463 Dominus
2741 3410 2883 3463 enim
2932 3422 3052 3461 cum
3107 3408 3363 3478 penderet
3392 3413 3445 3468 in

1862 3481 2142 3551 cruce,gait
2172 3497 2184 3533 :
2219 3478 2398 3544 Pater,
2427 3480 2633 3551 ignosce
2654 3480 2778 3551 illis,
2822 3480 3199 3551 quiaAnesciunt
3219 3482 3342 3549 quid
3365 3483 3447 3551 [a—

1862 3497 2037 3543 cruce,
2069 3497 2142 3532 att
2172 3497 2184 3533 :
2219 3497 2398 3544 rater,
2426 3497 2633 3601 ggnosce
2654 3497 2778 3545 nus,
2822 3497 2942 3549 quia
2968 3497 3199 3533 nesciunt
3219 3497 3340 3549 quia
3365 3497 3444 3551 Ia-

1862 3554 2003 3622 cs'unt
2036 3549 2189 3622 (Luc.
2230 3566 2389 3610 χχιιι.
2426 3552 2539 3615 ιιι).
2580 3550 2643 3605 Ει
2697 3550 2881 3622 beatus
2930 3549 3268 3622 Stephanus,
3316 3568 3444 3622 cum

1856 3620 1966 3688 jam
2000 3618 2133 3687 pene
2158 3622 2422 3693 lapidibus
2449 3624 2786 3693 obrueretur,
2812 3621 2890 3674 sic
2922 3619 2994 3673 ait
3018 3637 3033 3693 ξ
3044 3618 3275 3693 Domine
3294 3621 3443 3693 Jesu,

1860 3706 1933 3763 ne
1952 3699 2148 3763 statuas
2169 3691 2400 3763 illisi/ioc
2427 3701 2686 3763 peccatum
2714 3692 2852 3763 (Act.
2884 3703 2991 3763 VII,
3021 3690 3136 3759 59).
3167 3692 3210 3745 0
3231 3690 3445 3760 θροειοὲ

1862 3760 2024 3832 licam
2052 3762 2250 3825 virum,
2278 3762 2386 3832 jam
2430 3760 2497 3816 ex
2536 3760 2801 3832 discipulo
2833 3762 3180 3830 magistrum!
3216 3764 3444 3832 Oporte-

1862 3830 1952 3885 bat
1980 3834 2120 3906 enim
2155 3830 2385 3906 primum
2416 3830 2704 3906 martyrem
2735 3832 2930 3887 Christi
2959 3830 3443 3906 doctrignam‘sequi

1860 3902 2120 3972 magistri.
2152 3904 2320 3972 Rogat
2368 3916 2464 3973 pro
2513 3902 2711 3971 impiis,
2764 3911 2915 3973 rogat
2955 3918 3052 3973 pro
3091 3902 3439 3974 blasphemis,

1861 3974 2375 4048 prolapidatoribus
2400 3974 2531 4030 suis.
2562 3976 2699 4048 Quia
2743 3988 2880 4048 ergo
2919 3974 3299 4048 difficileerat
3342 3992 3443 4048 pro

1864 4041 2057 4099 ialibus
2104 4044 2363 4107 exaudiri,
2421 4048 2647 4101 accessit
2688 4041 2988 4111 infirmitas,
3036 4052 3095 4099 ut
3135 4041 3441 4103 ﬁrmaretur

1859 4112 2112 4171 charitas.
2164 4114 2346 4184 Genua
2405 4116 2504 4169 lixa
2560 4118 2805 4171 extorsit.
2864 4115 3065 4169 Putatis
3124 4116 3272 4171 illum
3332 4132 3438 4173 non

1859 4186 2193 4251 exauditam,
2218 4188 2430 4257 quando
2465 4186 2541 4241 ait
2566 4204 2578 4239 :
2614 4186 2851 4250 Domine,
2882 4203 2945 4239 ne
2972 4196 3166 4242 statuas
3212 4189 3315 4243 illis
3344 4192 3441 4244 hoc

1860 4258 2164 4324 peccatum?
2188 4258 2479 4312 Exauditus
2506 4268 2608 4323 est,
2640 4259 2791 4312 multi
2822 4272 2888 4311 ex
2919 4258 3047 4324 ipsis
3074 4259 3438 4317 crediderunt.

1858 4330 1965 4384 Sed
1996 4342 2101 4382 non
2134 4343 2225 4381 vos
2256 4330 2409 4382 mitto
2439 4328 2614 4396 longe.
2644 4324 2832 4383 Saulus
2864 4325 2953 4382 ille
2985 4328 3072 4395 qui
3116 4330 3167 4383 in
3200 4329 3436 4386 omnium

1859 4400 2109 4453 manibus
2160 4398 2447 4467 Iapidabat,
2478 4401 2566 4468 qui
2596 4398 2944 4468 lapidantium
2975 4402 3290 4454 vestimenta
3319 4417 3435 4456 ser-

1858 4470 2039 4535 vabat,
2069 4472 2349 4525 exauditus
2378 4478 2459 4523 est
2487 4484 2583 4538 pro
2613 4470 2703 4526 illo
2753 4469 3077 4537 Stephanus.
3110 4471 3304 4535 Postea
3332 4487 3438 4526 εαξη

1856 4541 2035 4597 viebat
2060 4540 2296 4606 acceptis
2338 4539 2553 4611 scriptis
2580 4541 2631 4595 in
2661 4540 3025 4611 Christianos,
3057 4541 3308 4611 pergebat
3335 4556 3435 4597 sae-

1857 4613 2030 4679 viens,
2063 4613 2376 4680 sanguinem
2419 4609 2660 4673 sitiebat;
2691 4610 2868 4664 caedes
2904 4609 3220 4677 anhelabat;
3250 4620 3305 4665 et
3336 4611 3434 4667 Do-

1854 4684 2054 4747 minus,
2088 4686 2176 4750 qui
2211 4697 2304 4750 pro
2348 4680 2439 4733 illo
2474 4680 2793 4735 exaudiebat
2840 4680 3169 4749 Stephanum
3198 4699 3209 4732 :
3244 4680 3428 4748 Saule,

1854 4750 2035 4815 Saule,
2065 4752 2258 4819 inquit,
2280 4752 2403 4819 quid
2432 4766 2511 4803 me
2538 4752 2849 4821 persequeris
2875 4751 3010 4821 (Act.
3040 4766 3113 4817 ιι,
3142 4752 3237 4821 4)?
3262 4751 3430 4817 Quem

1852 4823 2113 4887 occidisti,
2146 4822 2354 4892 rogavit
2394 4836 2488 4890 pro
2518 4830 2587 4887 te,
2620 4830 2673 4876 et
2696 4820 2855 4891 eligo
2888 4820 3002 4892 te,
3027 4832 3082 4875 ut
3128 4820 3433 4879 cantitesris

1850 4909 1962 4959 me,
1993 4904 2042 4948 et
2074 4891 2319 4948 moriaris
2347 4907 2441 4959 pro
2473 4908 2574 4947 me.
2610 4894 2789 4947 Sancti
2818 4906 2945 4963 ergo
2982 4891 3240 4960 Stephani
3263 4894 3426 4948 Nata-

1932 2130 1997 2183 Ν.
2052 2131 2104 2185 4.
2166 2132 2333 2187 Nemo
2396 2132 2625 2186 accendit

1865 2202 2149 2266 lucernam,
2221 2214 2267 2256 et
2328 2206 2471 2272 ponit
2510 2218 2624 2255 eam

1861 2274 1953 2325 sub
1984 2274 2178 2337 modio,
2209 2275 2297 2327 sed
2324 2290 2475 2341 super
2502 2290 2623 2327 cun-

1864 2344 2150 2412 delabrum,
2180 2356 2233 2398 ut
2258 2346 2427 2398 luceat
2458 2347 2621 2397 omni-

1863 2412 1954 2467 bus
1981 2416 2067 2483 qui
2098 2416 2149 2467 in
2177 2416 2330 2469 domo
2357 2424 2497 2485 sunt.
2514 2413 2621 2469 Do-

1861 2491 1997 2549 mus‘,
2029 2488 2251 2541 mundus
2272 2497 2365 2539 est.

1931 2555 2068 2612 Ibid.
2107 2554 2178 2611 Et
2206 2572 2297 2629 ego
2333 2555 2542 2610 mundo.

1928 2820 1995 2893 rt.
2022 2837 2055 2892 5
2083 2838 2151 2894 ad
2180 2839 2402 2895 calcem.
2437 2840 2612 2896 Domi-

1857 2926 1928 2965 no
1947 2912 2340 2966 commendavit.

1854 4965 1959 5021 lem
1984 4981 2103 5019 cum
2138 4964 2312 5018 debita
2343 4963 2686 5019 veneratione
2728 4964 2984 5018 colamus.
3032 4963 3431 5020 Celebravimus
3521 4971 3524 4975 '

1852 5037 2092 5090 Natalem
2114 5034 2343 5102 Domini,
2360 5032 2691 5090 celebremus
2711 5044 2767 5090 et
2790 5034 2929 5089 servi
2950 5034 3430 5103 ;trequentavimus

1848 5108 2193 5162 l‘ativitatem
2241 5108 2557 5169 Salvatoris,
2628 5106 3027 5175 frequentemus
3075 5114 3130 5159 et
3186 5106 3427 5161 Natalem

1848 5179 2099 5248 martyris
2122 5195 2137 5241 ;
2173 5176 2451 5248 Dominum
2467 5177 2610 5231 enim
2634 5187 2871 5231 nostrum
2891 5175 3096 5246 peperit
3117 5176 3423 5248 incorrupta

1851 5247 2037 5317 Maria,
2066 5259 2120 5303 et
2149 5247 2475 5317 Stephanum
2516 5248 2805 5372 gloriosum
2832 5248 2899 5302 ad
2938 5248 3141 5318 palmas
3187 5247 3425 5318 martyrii

1851 5328 2030 5372 salicta
2059 5328 2229 5372 mater
2255 5319 2490 5372 provexit
2568 5317 2779 5372 cclesra.
2813 5334 2835 5370 s

1848 5328 2030 5376 Sancta
2059 5328 2229 5376 mater
2255 5319 2490 5390 provexit
2524 5317 2779 5372 Ecclesia.
2813 5334 2835 5370 s

2331 5433 2563 5491 SERMO
2597 5432 2941 5489 CCCXXV”.

1916 5531 2136 5603 Legitur
2162 5530 2215 5585 in
2240 5528 2362 5586 cod.
2392 5527 2544 5582 Cass.
2570 5543 2671 5592 xu,
2698 5527 2792 5582 fol.
2824 5528 2914 5583 34.

1915 5625 2059 5681 Edit.
2085 5621 2149 5679 Ν.
2183 5622 2231 5676 I.
2269 5620 2594 5677 Cantavimus
2735 5619 2869 5676 Cod.
2914 5612 3103 5676 Natale
3141 5618 3421 5677 beatissimi

1844 5695 1979 5764 Deo,
2003 5703 2289 5766 martyrum
2317 5710 2454 5747 voce.
2672 5702 2909 5766 martyris
2952 5694 3204 5762 Stephani
3242 5702 3421 5747 canta-

2670 5760 2831 5817 bimus
2852 5760 2962 5819 Deo
2981 5760 3099 5819 voce
3116 5772 3413 5833 martyrum.
