4012 6338
214 382 348 446 H93

280 505 413 560 Ibid.
465 502 684 559 Veritati
710 519 814 558 non
842 519 952 558 ονε-

211 577 379 631 dimus
403 576 468 630 de
487 574 687 630 Joanne
707 578 732 630 ?

215 718 245 730 ,λ
281 646 346 701 Ν.
378 645 431 701 5.
469 646 571 712 Qui
598 657 765 719 posset
793 647 962 702 dicere

209 728 346 843 "alii.
384 788 438 841 4.
490 788 573 844 Ne
609 806 762 845 sonus
796 788 967 844 inani-

211 867 417 1003 “tibid.
444 929 576 985 Ecce
594 948 686 1003 ego
716 932 858 1003 prius
877 929 966 985 tibi

213 998 353 1053 edidi
380 1011 584 1055 terram.

285 1069 418 1129 Ibid.
474 1072 784 1128 Subsecutus
836 1075 909 1127 ait
949 1088 968 1127 :

214 1138 380 1196 Facta
408 1153 517 1198 erat
541 1145 765 1215 quidem,
793 1155 897 1201 etc.

293 1353 428 1410 Ibid.
462 1355 616 1410 Nunc
639 1372 753 1409 vero
782 1356 966 1409 audis:

218 1423 288 1478 In
315 1427 567 1496 principio
588 1436 695 1480 erat
724 1425 964 1481 Verbum.

218 1496 354 1562 Quid
380 1498 587 1565 quwris,
611 1506 715 1552 etc.

232 1606 235 1609 μ
290 1566 424 1622 Ibid.
464 1566 678 1635 Vellem,
708 1568 752 1622 si
780 1568 970 1620 de'imo

215 1636 523 1705 loquereris,
565 1649 620 1692 ut
650 1654 853 1693 sursum
882 1653 970 1693 cor

215 1708 462 1763 tenderes.

1443 390 1817 451 LECTIONES
1854 392 2283 467 VARIANTES.‘

3338 394 3481 454 1194

1098 501 1176 559 Id.
1202 502 1415 559 Veritati
1435 508 1689 563 credimus
1717 509 1782 563 de
1806 514 1860 571 Α
1886 510 2021 565 redit
2042 510 2109 564 ad
2149 524 2289 564 serm
2315 522 2579 577 cccuxx,
2612 523 2667 562 n.
2702 505 2758 576 8,
2789 517 3097 578 praeceptum
3126 520 3347 578 namque
3360 512 3479 580 jsus

1030 572 1061 629 J
1069 590 1249 631 oanne.

1042 718 1069 729 ,ν
1108 645 1185 701 Id.
1236 646 1365 702 Cum
1409 658 1575 719 posset
1629 649 1799 705 dicere

1035 728 1193 845 “aid.
1224 788 1351 844 Non
1376 806 1531 846 sonus
1552 792 1794 847 inaniter.

1108 928 1186 1003 Id.
1242 927 1375 985 Ecce
1400 948 1493 1003 ego
1523 934 1665 1003 prius
1708 932 1797 988 tibi

1038 1002 1155 1057 dedi
1186 1012 1391 1056 terram.

1114 1072 1191 1127 Id.
1259 1072 1572 1128 Subsecutus
1640 1074 1714 1127 ait
1779 1090 1801 1129 :

1047 1142 1205 1198 Terra
1268 1153 1377 1196 erat
1435 1143 1702 1198 inrisibilis
1750 1152 1798 1198 et

1042 1215 1397 1283 incomposita.
1468 1212 1636 1267 Facta
1687 1224 1796 1269 erat

1042 1287 1267 1355 quidem,
1290 1295 1393 1339 etc.

1117 1357 1192 1410 Id.
1225 1356 1378 1408 Nunc
1409 1370 1528 1424 ergo
1556 1370 1792 1424 eumau-

1040 1426 1117 1479 dis
1145 1442 1163 1481 :
1194 1424 1260 1478 In
1284 1423 1535 1493 principio
1561 1423 1799 1480 eratVer-

1041 1496 1156 1551 bum
1175 1536 1191 1563 ,
1218 1512 1311 1549 cur
1338 1495 1520 1563 quaeris
1540 1534 1555 1559 ,
1584 1506 1689 1550 etc.

1114 1567 1189 1621 Id.
1244 1565 1439 1620 Vellem
1463 1606 1477 1629 ,
1546 1565 1796 1635 quidquid

1041 1638 1115 1692 sic
1144 1637 1291 1709 (cod.
1342 1638 1431 1704 sit)
1479 1636 1542 1709 de
1582 1637 1686 1709 imo
1716 1641 1794 1689 lo-

1040 1704 1287 1775 quereris,
1314 1716 1368 1760 ul
1390 1704 1535 1778 (cod.
1567 1708 1634 1775 et)
1684 1722 1798 1761 sur-

952 1792 955 1797 ‘
1042 1795 1155 1833 sum
1176 1793 1262 1832 cor
1294 1779 1543 1831 tenderes.

290 1848 427 1904 Ibid.
462 1849 600 1915 Quid
647 1850 709 1903 de
750 1850 972 1903 humana

216 1921 477 1974 acclivitate
535 1920 659 1974 dicit
711 1919 974 1973 Joannes?

216 1989 283 2043 Et
346 1988 565 2045 Verbum
610 2005 731 2044 caro
786 1991 975 2061 factum

218 2070 313 2116 est.
342 2061 492 2116 Dicat
518 2070 566 2116 et
600 2061 817 2115 Paulus.

285 2132 348 2203 Ν.
374 2132 426 2184 5.
458 2132 518 2187 Si
540 2142 735 2203 potero,
757 2132 925 2186 dicam
950 2146 970 2186 :

216 2203 260 2256 si
307 2202 473 2256 dicere
499 2202 600 2256 nan
632 2211 823 2269 potero,
865 2211 971 2256 etc.

290 2273 420 2327 Ibid.
461 2272 599 2340 Quid
628 2280 699 2327 est
730 2272 844 2335 hoc,
886 2272 976 2338 qui

223 2352 333 2410 post
369 2358 446 2397 me
472 2355 602 2409 erat,
632 2352 749 2397 ante
786 2358 866 2396 me
895 2342 977 2412 fa-

222 2423 330 2467 ctus
356 2415 468 2467 est?

226 2519 236 2524 -
294 2484 425 2537 Ibid.
442 2483 564 2539 Non
584 2484 827 2555 intelligis
841 2523 856 2549 ,
876 2484 977 2537 nisi

226 2556 499 2624 formatum
552 2570 658 2609 esse
717 2556 805 2624 qui
873 2570 976 2608 non

222 2636 346 2680 erat.

231 2768 243 2778 ἢ
304 2696 672 2779 1ὺξόηριιοιίςδ
688 2697 888 2761 factus?
909 2693 977 2748 Et

224 2774 332 2839 ipse
354 2774 472 2837 fecit
501 2774 693 2822 omnia.

232 2882 235 2885 .
299 2838 434 2893 Ibid.
482 2839 611 2893 Ante
654 2854 732 2891 me
772 2839 978 2908 factus,

229 2911 507 2963 secundum
536 2909 589 2962 id
606 2908 741 2979 quod
761 2910 980 2978 Aposto-

229 2981 308 3031 lus
335 2982 424 3031 ait.

250 2995 308 3033 us
335 2992 424 3036 atl.

292 3049 359 3132 .N.
410 3050 466 3107 6.
524 3050 809 3121 Sequitur,
858 3050 979 3120 quia

226 3131 365 3193 prior
386 3138 464 3176 me
498 3131 626 3177 erat.

298 3191 601 3258 Ibid-Quid
638 3192 775 3247 enim
811 3193 857 3245 si
904 3192 985 3247 di-

227 3273 359 3334 ceret
391 3263 599 3334 dignum
614 3263 661 3334 ἲς

297 3333 429 3389 Ibid.
451 3332 581 3390 'Sed
625 3332 853 3389 Joannes
892 3334 985 3388 ho-

227 3419 335 3471 mo,
370 3403 601 3460 Christus
643 3403 781 3458 Deus
814 3415 862 3459 et
892 3405 986 3459 ho-

227 3490 331 3529 rno.
384 3475 586 3529 Deinde
616 3475 986 3531 inveniebatur

225 3546 574 3615 Iranspositio
596 3545 827 3614 plurium
866 3562 985 3601 ver-

222 3624 403 3681 suum,
430 3616 625 3684 quosin
643 3615 817 3669 locum
832 3631 985 3671 suum

225 3686 531 3741 retulerunt
556 3685 904 3739 Benedictini.

297 3755 430 3809 Ibid.
480 3754 669 3808 Crescit
710 3757 843 3809 enim
885 3756 985 3810 ali-

224 3826 351 3898 quid
364 3834 432 3898 ut
456 3826 711 3898 proﬁciat.

302 3895 435 3967 Ibid.
466 3896 768 3966 Referamus
804 3898 991 3967 fortas-

225 3968 298 4023 sis
324 3966 391 4021 ad
440 3966 655 4039 gloriam
678 4008 695 4037 ,
724 3977 772 4023 et
800 3966 991 4024 intelli-

226 4053 429 4110 ραξηυεν

301 4108 368 4164 Ν.
398 4109 451 4163 7.
514 4107 615 4164 Vos
658 4109 779 4165 estis
807 4110 978 4167 lumen

228 4179 430 4235 mundi.

305 4249 436 4305 Ibid.
491 4249 859 4307 Testimonium
909 4267 991 4308 ve-

230 4322 400 4392 ritatis
435 4322 514 4392 de
564 4321 797 4392 Domino
849 4340 943 4377 suo
968 4368 983 4392 ,

233 4391 371 4464 quod
424 4390 635 4447 habebat
684 4410 716 4447 a
763 4390 987 4449 Domino

232 4480 347 4518 8110.

306 4534 439 4590 Ibid.
451 4532 648 4589 Tamen
667 4534 874 4589 lucerna
888 4552 989 4590 non

233 4614 354 4660 sunt
406 4604 528 4657 dicti
576 4606 835 4674 discipuli.
898 4608 990 4660 At-

233 4677 404 4742 tende,
438 4676 567 4743 forte
588 4679 729 4729 dicti.

310 4747 443 4802 Ibid.
515 4746 779 4813 Tanquam
841 4749 992 4818 cujus

232 4833 354 4884 vox,
383 4818 699 4889 vel,quorum
726 4834 822 4873 vox
859 4835 993 4889 pra:-

234 4900 473 4950 σεδεεναι,

313 4961 447 5016 Ibid.
506 4961 645 5029 Quas
676 4961 903 5017 tenebras
940 4961 994 5016 in

236 5034 527 5103 apostolis?
554 5030 773 5086 Fuimus
816 5041 863 5086 et
902 5049 995 5087 nos

232 5105 541 5175 aliquando,
574 5112 703 5169 etc.,
734 5102 821 5175 ubi
847 5103 998 5175 plura

526 5145 541 5167 ν
574 5142 677 5158 νυνι
687 5142 703 5169 ’

238 5172 434 5231 deesse
492 5174 725 5229 fatentur
774 5172 998 5229 Benedi-

231 5246 394 5305 ctiui.

1118 1847 1524 1943 Iﬂ.-..._Q“°ﬁ-..f‘e
1541 1847 1797 1943 fit???“
1826 1882 1875 1943 Β

1046 1920 1304 1974 nativitate
1352 1919 1475 1974 dicit
1526 1917 1753 1972 Joannes
1781 1958 1795 1983 ,

1045 2002 1092 2044 et
1151 1988 1366 2043 Verbum
1422 2004 1546 2059 caro,
1604 1990 1799 2059 factum

1045 2070 1140 2124 est,
1171 2061 1305 2113 dicat
1333 2070 1376 2113 et
1410 2058 1626 2114 Paulus.

1114 2132 1191 2186 Id.
1238 2130 1298 2185 Si
1336 2140 1545 2202 potuero
1585 2132 1754 2183 dicam
1778 2145 1798 2183 .'

1044 2202 1087 2257 si
1109 2204 1275 2255 dicere
1306 2217 1407 2254 non
1430 2209 1660 2269 potuero,
1691 2211 1797 2256 elc.

1122 2271 1200 2327 Id.
1248 2271 1387 2337 Quid
1432 2281 1504 2325 est
1540 2273 1665 2337 hoc,
1710 2271 1801 2340 qui

1048 2351 1159 2413 post
1188 2356 1267 2393 me
1308 2342 1472 2407 venit,
1502 2353 1551 2399 et
1578 2353 1693 2396 ante
1721 2355 1802 2395 me

1049 2414 1213 2483 factus
1241 2414 1352 2483 est?

1122 2482 1199 2536 Id.
1233 2481 1355 2537 Non
1395 2482 1671 2554 intelligis,
1704 2482 1801 2536 nisi

1049 2557 1328 2623 formatum
1374 2569 1481 2609 esse
1525 2555 1660 2624 quod
1699 2568 1803 2607 non

1047 2633 1175 2678 erat.

1121 2696 1199 2750 Id.
1251 2694 1422 2751 Toties
1468 2706 1544 2752 est
1597 2696 1798 2765 factus,

1049 2767 1157 2837 ipse
1178 2766 1269 2837 qui
1291 2767 1409 2833 fecit
1440 2767 1648 2822 omnia?

1124 2838 1201 2891 Id.
1244 2838 1375 2891 Ante
1412 2855 1492 2893 me
1538 2839 1704 2906 factus
1732 2842 1805 2889 est

1050 2908 1329 2961 secundum
1356 2909 1485 2963 illud
1504 2905 1640 2978 quod
1664 2905 1805 2976 Apo-

1051 2978 1211 3032 stolus
1240 2981 1330 3032 ait.

1121 3049 1199 3121 Id.
1225 3049 1471 3118 Sequitur
1482 3063 1662 3121 quare,
1683 3046 1807 3118 quia

1052 3120 1190 3190 prior
1219 3136 1299 3175 me
1328 3129 1455 3176 erat.

1127 3190 1203 3245 Id.
1235 3190 1372 3258 Quid
1400 3191 1533 3245 enim
1553 3192 1597 3246 si
1626 3206 1679 3245 se
1720 3190 1805 3244 di-

1055 3278 1213 3333 gnum
1225 3262 1460 3333 diceret?

1922 590 2083 644 uerat,
2119 591 2224 645 etc.

1899 581 2103 705 fuelrblib’.
2119 591 2653 719 elc’I‘ranspositionis
2796 649 2872 703 Id.
2906 647 3106 704 Paulus
3129 651 3383 716 quondam
3402 668 3475 706 re-

1897 722 2058 775 verba
2103 722 2271 787 prima
2318 730 2441 775 sunt.
2490 721 2650 777 hmo:
2730 721 2915 789 probus
2988 730 3038 773 et
3110 720 3479 789 blasphemus,

1901 791 2166 857 Quomodo
2188 792 2327 844 illius
2360 791 2561 859 reprobi
2607 802 2653 844 el
2724 792 2843 861 quia
2881 791 3011 861 sicut
3040 791 3148 860 ipse
3190 793 3262 844 ait
3290 791 3483 847 :Prius

1899 862 2225 930 blasphemi,
2268 863 2352 928 qui
2398 861 2538 930 prius
2577 862 2653 930 fui
2726 860 2805 930 fui
2826 860 3165 929 blasphemus,
3189 871 3294 918 etc.

1899 932 2244 1001 blasphemus,
2267 941 2372 988 etc.

1970 1003 2104 1058 Ibid.
2142 1003 2266 1057 Ilwc
2293 1004 2393 1057 duo
2434 1020 2454 1058 :
2483 1002 2659 1057 Domi-

1900 1089 1997 1127 nus
2021 1084 2067 1127 et
2097 1073 2343 1128 Joannes.
2581 1086 2589 1095 ‘

1973 1144 2107 1199 Ibid.
2142 1144 2211 1200 Ut
2239 1162 2342 1197 non
2370 1145 2497 1201 obsit
2540 1143 2658 1197 sibi.

1972 1215 2032 1267 N.
2068 1214 2119 1267 8.
2153 1214 2409 1269 Joannem
2450 1230 2661 1286 passum

1898 1286 2222 1356 martyrium.

1972 1355 2083 1409 Ibid
2095 1396 2107 1408 .
2171 1355 2492 1425 Prwceptum
2542 1358 2658 1427 jam

2802 1002 2875 1056 Id.
2930 1000 3062 1055 Ecce
3090 1004 3204 1057 duo
3241 1017 3261 1056 :
3303 1002 3483 1057 Domi-

2730 1088 2825 1126 nus
2854 1081 2899 1127 el
2932 1072 3177 1136 Joannes.

2806 1142 2882 1198 Id.
2920 1141 2987 1196 Ut
3016 1160 3117 1196 non
3146 1143 3335 1197 obesset
3364 1144 3481 1199 sibi.

2804 1213 2880 1267 Id.
2952 1212 3203 1267 Joannem
3276 1231 3485 1285 passum

2731 1293 3021 1353 martyrem.

2803 1351 2877 1407 Idi
2908 1351 3231 1425 Praeceptum
3269 1371 3487 1425 namque

1899 1428 2091 1494 fuerat,
2141 1438 2196 1479 ut
2222 1430 2265 1480 si
2292 1424 2402 1493 quis
2445 1424 2556 1479 sine
2582 1443 2659 1480 se-
2722 1427 2839 1495 jam
2885 1424 3093 1493 fuerat,
3124 1433 3179 1478 ut
3211 1424 3368 1494 frater
3396 1424 3487 1479 de-

1899 1498 2036 1549 mine
2058 1510 2354 1561 moreretur,
2386 1498 2473 1566 qui
2494 1498 2657 1566 magis
2731 1496 2895 1566 functi
2924 1496 3195 1565 acciperet,
3222 1504 3326 1551 etc.

1900 1568 2215 1637 propinquus
2255 1576 2399 1634 esset,
2452 1570 2657 1636 accipe-

1902 1646 2001 1701 ret,
2024 1648 2130 1693 CIC.

1974 1708 2108 1763 Ibid.
2144 1708 2510 1772 Suscitqndum
2547 1708 2659 1777 fra-
2802 1703 2879 1759 Id.
2931 1704 3298 1761 Suscilandum
3337 1705 3489 1774 fratri

1905 1778 1995 1836 tris
2023 1781 2090 1833 ad
2117 1780 2293 1849 fratris
2314 1795 2515 1834 nomen.
2732 1778 2799 1830 ad
2820 1777 2998 1845 fratris
3025 1792 3231 1831 nomen.

2385 1894 2616 1953 SERMO
2654 1892 3013 1950 CCCLXXXI.

1972 2015 2191 2086 Legitur
2216 2014 2271 2070 in
2295 2013 2419 2069 cod.
2451 2011 2664 2069 Cassio.
2694 2028 2803 2081 (ιιι,
2832 2010 2928 2065 l‘oI.
2953 2010 3043 2075 30,
3072 2009 3181 2075 ubi,
3210 2024 3267 2062 η.
3293 2010 3479 2074 unico,

1900 2107 2020 2163 loco
2046 2122 2230 2163 eorum
2243 2121 2359 2176 quae
2389 2105 2530 2161 edita
2558 2114 2680 2159 sunt
2706 2105 2772 2159 ab
2797 2104 2878 2157 his
2903 2102 3097 2166 verbis,
3123 2100 3246 2154 Non
3267 2115 3485 2154 sanare-

1904 2208 1984 2251 tur
2028 2196 2228 2266 inﬂatio
2270 2196 2620 2266 superborum,
2651 2208 2818 2262 usque
2856 2192 2923 2246 ad
2956 2193 3107 2245 huic:
3143 2207 3256 2243 cum
3287 2198 3480 2258 quanta

1902 2288 2071 2357 itaque
2098 2286 2294 2353 lretitia,
2328 2296 2453 2350 etc.,
2487 2284 2753 2339 habentur
2779 2283 3053 2351 sequentia
3079 2299 3091 2333 :
3121 2280 3292 2347 Quam
3311 2334 3319 2343 ,
3331 2280 3486 2349 facile

1903 2383 2089 2451 quippe
2113 2397 2174 2433 ac
2203 2379 2414 2449 proclivi
2445 2377 2619 2432 morbo
2648 2376 2807 2441 dives,
2838 2375 2883 2428 si
2903 2374 3046 2444 prius
3071 2372 3320 2425 aChristo
3336 2387 3491 2447 voca-

1904 2484 2064 2540 retur,
2086 2483 2287 2544 putaret
2302 2490 2361 2526 ac
2373 2474 2559 2527 diceret
2576 2472 2628 2525 in
2644 2487 2696 2526 se
2710 2472 2917 2524 electam
2941 2468 3277 2538 opulentiam,
3306 2466 3491 2520 nobilis

1905 2564 2305 2634 generositatem,
2366 2573 2568 2616 senator
2627 2560 2954 2632 dignitatem,
3008 2574 3101 2612 rex
3150 2556 3494 2626 potestatem!

1909 2652 2111 2719 Quanto
2128 2668 2249 2722 ergo
2266 2669 2400 2707 nunc
2420 2652 2621 2717 melius,
2656 2659 2795 2704 tanto
2828 2649 3133 2703 ordinatius.
3155 2647 3312 2702 Prius
3333 2648 3494 2701 erexit

1908 2747 1971 2799 de
1998 2756 2131 2800 terra
2156 2746 2360 2813 inopem
2381 2785 2395 2810 ,
2428 2752 2477 2799 et
2506 2743 2571 2797 de
2597 2752 2817 2796 stercore
2860 2754 3138 2809 pauperem
3167 2737 3491 2803 sublimauit,

1908 2847 1962 2894 ul
1993 2837 2259 2893 collocaret
2282 2852 2395 2890 eum
2426 2851 2541 2888 cum
2560 2833 2872 2905 principibus
2896 2832 3078 2901 papuli
3097 2832 3200 2897 sui,
3226 2839 3281 2884 ut
3306 2846 3495 2885 munus

1908 2929 2263 2999 intelligentia:
2288 2935 2337 2983 et
2366 2927 2613 2980 doctrinae
2634 2940 2738 2980 non
2762 2923 2931 2979 solum
2950 2920 3046 2978 Dei
3066 2912 3208 2989 esse,
3229 2921 3319 2977 sed
3346 2921 3500 2977 etiam

1910 3039 1975 3079 ex
2001 3021 2112 3077 Deo
2142 3037 2249 3077 esse
2272 3025 2561 3089 appareret.

2379 3131 2619 3193 SERMO
2654 3127 3041 3187 CCCLXXXII.

1833 3272 1881 3335 ρ
1987 3254 2203 3324 Legitur
2231 3251 2284 3306 in
2310 3250 2433 3305 cod.
2464 3247 2672 3303 Cassin.
2704 3259 2779 3309 st,
2807 3242 2904 3298 fol.
2932 3242 3058 3307 214,
3089 3240 3181 3335 ubi
3208 3256 3262 3335 ιι.
3291 3240 3368 3335 5A,
3398 3238 3499 3335 bo-

1128 3331 1261 3387 lbid-
1308 3332 1593 3412 ῌθρθτίίιπ
1621 3330 1809 3412 ead?!“
1845 3330 1881 3335 v
1913 3360 2032 3403 rum
2045 3341 2486 3409 verborumloco,
2508 3337 2705 3393 Didicit
2729 3332 3496 3406 legendo,perfecitimplendo.

1056 3402 1411 3472 interruptio,
1456 3418 1577 3474 quae
1608 3402 1810 3474 rverbis

1059 3472 1489 3544 praecedentibus
1514 3473 1662 3544 male
1694 3472 1811 3527 alli—

1056 3542 1281 3613 gabatur
1311 3546 1408 3599 hac
1438 3542 1754 3599 sententiola
1793 3557 1808 3594 :

1059 3616 1140 3668 hic
1187 3616 1339 3667 modo
1366 3614 1663 3668 imminutus
1702 3620 1806 3679 est,

1058 3696 1105 3738 et
1132 3686 1283 3737 crevit
1311 3685 1418 3737 ille.

1129 3753 1207 3807 Id.
1242 3753 1432 3808 Crescit
1461 3755 1596 3809 enim
1616 3752 1811 3821 aliquid

1057 3835 1113 3879 ul
1138 3824 1456 3893 perﬁciatur.

1134 3894 1210 3950 Id.
1251 3894 1531 3949 Redeamus
1576 3893 1813 3964 fortassis

1061 3967 1131 4021 ad
1174 3966 1410 4037 gloriam,
1457 3976 1513 4019 ut
1559 3964 1815 4036 intelliga-

1056 4054 1188 4093 mus.

1130 4109 1208 4164 Id.
1245 4106 1348 4162 Vos
1376 4107 1494 4161 estis
1512 4106 1601 4161 lux
1614 4107 1811 4161 mundi.

1133 4248 1211 4304 Id.
1248 4248 1610 4303 Testimonium
1633 4248 1818 4301 verita-

1064 4321 1126 4376 tis
1166 4318 1390 4374 Domino
1420 4335 1511 4373 suo
1559 4320 1695 4386 quod
1736 4317 1819 4370 ha-

1064 4391 1209 4447 bebat
1236 4392 1298 4445 de
1324 4390 1551 4445 Domino
1575 4405 1688 4443 suo.

1134 4534 1211 4590 Id.
1238 4533 1433 4589 Tamen
1470 4532 1682 4585 lucerna
1714 4547 1817 4585 non

1060 4603 1598 4704 ‘j‘f‘iffff‘fﬁEWW'
1642 4603 1819 4657 Aum'
1848 4645 1902 4704 ι)
1921 4603 2341 4704 ulla
2370 4619 2560 4685 species
2587 4631 2673 4669 vos

1074 4680 1135 4730 de
1166 4678 1294 4746 forte
1322 4676 1441 4728 dici.

1137 4743 1217 4800 Id.
1249 4745 1517 4815 Tanquam
1543 4743 1692 4813 cujus
1724 4756 1822 4796 vox

1067 4825 1412 4889 prwcesserat.

1137 4959 1216 5014 Id.
1239 4958 1379 5026 Quas
1396 4954 1627 5026 tenebras
1638 4954 1818 5026 (Cod.,

1069 5031 1207 5086 male
1262 5024 1491 5082 tenebitis
1512 5026 1531 5095 )
1590 5024 1823 5081 Christus

1068 5100 1375 5157 illuminavit
1402 5099 1458 5169 in
1482 5097 1748 5169 apostolis_.
1776 5105 1825 5151 et

1071 5188 1159 5240 per
1171 5170 1429 5241 apostolos
1442 5168 1495 5221 in
1512 5164 1675 5241 nobis.
1695 5164 1827 5241 Fui-

1069 5238 1183 5297 mus
1202 5238 1335 5295 enim
1360 5250 1405 5295 et
1430 5255 1523 5293 nos
1549 5238 1825 5306 aliquando

1064 5314 1118 5367 in
1149 5314 1362 5367 obscuro
1405 5310 1537 5363 loco.
1588 5310 1824 5377 Quapro-

239 5397 355 5455 pter
384 5386 733 5443 necessarium
772 5384 969 5439 videtur
996 5393 1042 5438 et
1060 5385 1284 5455 justum,
1314 5391 1370 5437 ut
1400 5380 1676 5455 secundum
1697 5395 1823 5455 apo-_

235 5450 364 5514 stoli
405 5456 550 5512 Petri
597 5457 826 5522 dictum,
870 5450 1204 5509 Attendamus
1260 5452 1554 5523 praphetico
1603 5450 1825 5523 sermoni

235 5532 392 5599 quasi
422 5530 643 5586 lucerna:
684 5526 875 5599 lucenti
902 5522 1421 5599 indobscuro,‘don_ec
1442 5523 1548 5599 dies
1577 5522 1823 5599 elucescat

235 5592 289 5656 et
319 5600 502 5670 lucifer
533 5600 725 5653 oriatur
753 5598 808 5670 in
828 5597 1061 5670 cordibus
1090 5596 1297 5670 nostris.
1331 5593 1535 5647 Deinde
1560 5592 1822 5670 sequitur,

241 5672 386 5730 utin
414 5662 575 5725 codd.
606 5668 988 5735 Benedictinis,
1006 5676 1063 5723 et
1090 5668 1335 5738 leguntur
1365 5664 1573 5719 numeri
1601 5662 1635 5714 2
1660 5670 1825 5738 e_t_se-

239 5750 475 5811 quentes
487 5756 655 5810 usque
670 5742 736 5795 ad
749 5739 917 5808 quinti
937 5732 1168 5795 mediani
1182 5746 1408 5811 partem,
1423 5747 1618 5801 nempe
1632 5732 1697 5811 and
1713 5732 1829 5786 haec

233 5802 414 5871 uerba
452 5802 836 5882 cont'emptur'us
880 5826 993 5866 eras
1023 5812 1154 5881 forte
1182 5802 1272 5880 qui
1298 5812 1610 5863 nasceretur.
1637 5802 1830 5862 Postea

604 5968 878 6031 Ρηιοι..
924 5963 1177 6031 XLVII.

1916 3436 2019 3505 Qui
2044 3444 2321 3502 cum,etc.,
2350 3433 2576 3487 habetur
2600 3471 2616 3498 ,
2641 3426 2821 3482 didicit
2853 3425 3089 3496 legendo,
3130 3424 3353 3492 implevit
3376 3423 3500 3477 dili-

1920 3528 2108 3600 gendo,
2134 3527 2252 3597 quia
2280 3541 2418 3590 cum,
2442 3534 2545 3579 etc.

2372 3614 2605 3674 SERMO
2639 3607 3061 3670 CCCLXXXIX.

1986 3734 2206 3805 Legitur
2235 3733 2288 3786 in
2317 3730 2442 3786 cod.
2473 3729 2679 3784 Cassin.
2710 3742 2907 3783 cum:
2928 3765 2945 3791 ,
2976 3724 3070 3779 fol.
3116 3722 3204 3789 71,
3238 3722 3322 3777 ubi
3352 3740 3406 3777 n.
3438 3722 3501 3788 1,

1916 3827 2109 3883 horum
2126 3824 2411 3880 verborum
2437 3822 2580 3888 loco,
2602 3818 2741 3889 Ergo
2753 3818 2892 3873 solus
2913 3816 3059 3887 panis
3080 3830 3185 3868 non
3214 3824 3322 3884 eget
3339 3829 3503 3883 pane;

1916 3918 2109 3977 melius
2139 3915 2384 3980 habetur,
2413 3912 2552 3967 Deus
2595 3926 2716 3982 ergo
2743 3908 2905 3975 solus,
2936 3908 3023 3978 qui
3052 3913 3125 3960 est
3166 3905 3301 3959 vivus
3330 3905 3500 3975 panis,

1915 4025 2020 4065 non
2049 4016 2157 4079 eget
2186 4022 2335 4078 pane.

2447 4073 2685 4131 SERMO
2721 4067 2983 4128 CCCXC].

1992 4176 2213 4245 Legitur
2242 4175 2297 4228 in
2326 4146 2448 4227 cod.
2481 4168 2689 4225 Cassin.
2725 4182 2801 4232 ιι,
2834 4166 2927 4220 l'ol.
2954 4162 3077 4219 ne.

1992 4268 2130 4323 Edit.
2153 4266 2216 4320 N.
2242 4267 2293 4321 1.
2323 4264 2449 4318 Mox
2466 4264 2600 4316 enim
2622 4272 2676 4315 ut
2818 4256 2950 4311 Cod.
2985 4254 3112 4333 Mox
3141 4254 3305 4333 enim,
3333 4260 3388 4305 ul
3418 4252 3510 4333 ho-

1918 4337 2073 4395 homo
2100 4338 2288 4393 sa’culo
2317 4335 2564 4389 nascitur.
2748 4346 2831 4383 mo
2851 4326 3127 4382 secundum
3152 4323 3317 4389 Adam
3344 4323 3509 4375 nascio

2750 4409 2855 4455 tur.

2821 4469 2893 4523 Id.
2926 4467 3131 4522 Veneno
3154 4464 3391 4519 suadenti
3412 4480 3510 4516 ser-

2750 4541 2917 4611 pentis
2933 4539 3152 4611 ,Jmiuus
3176 4536 3328 4611 bene.

2822 4610 2896 4662 Id.
2930 4607 3091 4659 Nulla
3116 4604 3305 4674 species
3328 4604 3406 4658 vel
3426 4620 3514 4658 cae-

2751 4682 2887 4734 lestis
2907 4677 3157 4743 corporis.

2822 4750 2898 4804 Id.
2947 4747 3141 4801 Nullus
3177 4743 3516 4811 quarumlibet

2754 4820 3000 4891 faucium,
3015 4816 3350 4887 quarumlibet
3365 4816 3514 4869 chor-

2753 4895 2959 4947 darum.

2830 4963 2910 5018 Id.
2952 4960 3192 5031 Voluptas
3212 4998 3227 5025 ,
3251 4958 3382 5011 nulli
3400 4972 3515 5010 am-

2762 5035 2963 5107 plexus.

2832 5105 2910 5160 Id.
2967 5100 3288 5158 Conversalio
3336 5098 3513 5161 illius,

2760 5193 2852 5231 nec
2906 5174 3113 5229 taedium
3162 5170 3417 5224 convictus
3453 5167 3518 5222 il-

2762 5249 2884 5302 lius.
2918 5245 2981 5301 Si
3009 5250 3283 5297 amatores.

2440 5366 2565 5423 SER
2574 5362 2669 5419 ΜΟ
2705 5357 3021 5417 CCCXCVI.

2006 5446 2222 5516 Legitur
2251 5442 2304 5497 in
2336 5440 2457 5495 cod.
2482 5437 2690 5491 Cassin.
2721 5446 2854 5498 xvn,
2888 5430 2983 5484 fol.
3013 5424 3138 5495 203,
3166 5439 3285 5481 cum
3320 5426 3422 5480 hoc
3453 5425 3521 5480 ti—

1930 5541 2042 5599 tulo
2068 5540 2159 5609 qui
2188 5533 2411 5603 deestjn
2440 5527 2713 5597 editis,De
2738 5523 3079 5581 consolatione
3105 5519 3375 5591 cujusdam
3402 5519 3516 5589 epi-

1930 5635 2072 5704 scopi
2102 5632 2170 5684 ad
2201 5626 2396 5699 plebem
2444 5627 2553 5695 ejus
2578 5663 2591 5687 ,
2636 5619 2839 5673 habitus
2878 5632 2946 5672 xv
2988 5615 3227 5669 calendas
3263 5612 3426 5704 maias
3461 5611 3517 5663 in

1935 5701 2147 5781 basilica
2170 5719 2439 5776 Florentia
2463 5714 2603 5786 apud
2629 5711 2926 5780 Hipponem
2956 5708 3280 5777 Diarrylum.
3315 5703 3391 5758 De
3413 5701 3516 5758 hac

1936 5826 2117 5875 autem
2134 5813 2272 5870 urbe
2290 5819 2349 5867 et
2372 5806 2679 5868 de‘basilica
2692 5800 2961 5863 Florentia
2972 5800 3095 5857 vide
3119 5811 3284 5855 serm.
3306 5809 3519 5863 cccux,

2989 5936 3067 5997 38

1992 4479 2145 4563 ιδιά..
2208 4478 2468 4533 Venenoso
2530 4476 2677 4529 dente

1920 4563 2192 4619 serpentis.

1927 4694 2195 4749 terrestris.

2000 4763 2133 4818 Ibid.
2173 4760 2367 4815 Nullus
2395 4758 2676 4829 quarumli-

1929 4836 2008 4891 bet
2028 4834 2355 4889 chordarum.

2001 4976 2135 5033 Ibid.
2160 4974 2421 5037 Suavitas,
2438 4970 2569 5024 nulli
2581 4984 2683 5023 am-
2750 5004 2761 5011 .

1931 5050 2134 5121 ριεπαεί·
2181 5116 2208 5121 _
2448 5112 2459 5121 .

2011 5120 2143 5174 Ibid.
2168 5112 2494 5171 Conversatio
2520 5109 2683 5165 illius.

1944 5192 2006 5249 Si
2036 5198 2309 5245 amatores.
