4012 6338
196 4858 201 4861 »
292 4826 469 4880 acutas
494 4843 512 4880 :
543 4843 643 4880 non
690 4842 776 4880 eos
819 4826 1049 4896 deﬁgunt

269 254 403 313 H97

1476 246 1856 307 LECTIONES
1898 246 2306 306 VARIANTES.

3392 250 3529 312 M98

267 369 539 426 luxuriosa
564 366 653 427 sed
680 365 831 421 etiam
871 362 1104 437 crudelia
1143 363 1512 437 oblectamenta
1560 368 1839 436 despicitis,
1871 368 1923 429 Α
1949 367 2067 420 tior.
2094 365 2155 422 Si
2176 368 2307 420 enim
2329 366 2446 420 illos
2469 373 2573 437 tam
2596 374 2800 437 sanctas
2820 365 2955 420 viros
2971 365 3179 421 incauta
3200 366 3533 437 familiaritas

268 442 520 510 castigare
542 454 626 492 eos
655 436 1074 510 etabundantius
1093 452 1184 510 pro
1210 436 1280 510 eis
1310 435 1533 510 Domino
1554 440 1846 509 supplicare

269 508 477 572 debetis,
511 511 629 578 quia
657 508 774 562 illos
802 509 1103 579 cognoscitis
1144 508 1219 560 ire
1245 508 1299 579 in
1338 508 1682 562 vanitatemet
1707 512 1845 561 insa-

270 583 383 636 nias
412 582 699 645 mendaces,
742 590 788 633 et
830 578 1082 649 negligere
1126 578 1260 647 quod
1300 579 1464 632 vocati
1506 589 1643 632 sunt.
1679 578 1781 647 Qui
1806 579 1850 632 si

272 653 403 719 forte
428 652 482 704 in
508 651 619 721 ipsa
647 652 782 704 circa
806 651 985 720 aliqua
1004 665 1067 703 ex
1094 664 1251 702 causa
1274 661 1626 716 ea‘pavescant,
1656 660 1702 703 et
1722 667 1847 721 can-

272 724 412 776 tinuo
441 738 496 776 se
519 720 749 791 signant,
780 732 823 773 et
852 730 983 775 stant
1012 721 1120 773 illic
1148 724 1491 791 portantesjn
1522 721 1686 791 fronte
1713 720 1850 775 unde

271 789 613 858 abscederent,
647 793 689 845 si
724 792 818 845 hoc
845 790 898 844 in
926 791 1079 844 corde
1100 798 1378 860 portarent.
1404 789 1581 845 Omnis
1610 792 1741 845 enim
1762 791 1851 861 qui

272 862 342 915 ad
367 862 576 932 aliquod
605 863 798 916 malum
829 878 952 932 opus
980 863 1160 928 currit,
1192 861 1235 914 si
1242 863 1398 984 ίῘοῖιε
1427 863 1608 932 pedem
1636 864 1851 933 impege-

298 933 360 984 it-
398 935 565 984 sianat
589 948 645 984 os
667 948 836 984 suum.
876 941 920 984 et
956 932 1115 984 nescit
1142 948 1238 984 auo
1297 933 1513 984 includit
1539 934 1706 984 potius
1745 936 1851 984 da:-

298 933 360 1000 it,
398 935 565 1004 signat
589 948 645 987 as
667 948 836 1004 suum,
876 941 920 1004 et
956 932 1115 1004 nescit
1142 932 1275 1000 quod
1297 933 1513 987 includit
1538 932 1713 1001 potius
1745 936 1851 987 dce-

271 998 495 1069 monern,
525 1020 678 1074 quam
708 998 953 1057 excludit.
984 998 1130 1074 Tunc
1150 998 1285 1057 enim
1313 1004 1434 1074 bene
1460 1021 1512 1057 se
1538 998 1782 1074 signaret,
1803 1014 1850 1058 et

271 1070 615 1146 diabolum'de
637 1075 904 1146 corde__suo
937 1070 1224 1146 repelleret,
1249 1074 1293 1126 si
1319 1090 1372 1126 se
1386 1072 1450 1127 ab
1479 1074 1571 1128 illo
1587 1070 1744 1146 bpere
1766 1091 1851 1128 ne~

271 1145 408 1216 [ario
436 1154 712 1200 revocaret.
744 1143 913 1216 Unde
941 1145 1125 1216 iterum
1170 1155 1324 1214 atque
1364 1146 1549 1200 iterum
1590 1143 1713 1214 rogo
1740 1162 1849 1208 vos,

273 1210 457 1287 fratres
502 1214 773 1287 carissimi,
809 1226 864 1287 ut
908 1230 1003 1283 pro
1048 1210 1282 1287 cistotis
1308 1215 1496 1270 viribus
1534 1210 1850 1287 supplicetis,

270 1284 521 1358 quatenus
567 1286 635 1339 ad
661 1286 761 1358 ista
801 1284 1095 1358 damnanda
1130 1284 1438 1358 intellectum
1486 1284 1713 1355 accipere
1748 1303 1854 1340 me-

271 1355 499 1421 reantur,
531 1366 578 1410 et
608 1355 845 1424 aﬁ'ectum
872 1358 937 1408 ad
969 1355 1232 1427 fugienda,
1256 1366 1307 1410 et
1347 1357 1748 1411 misericordiam
1786 1358 1853 1410 ad

272 1428 582 1500 ignoscenda
610 1428 752 1500 (cod.
784 1427 924 1500 male
945 1426 1459 1500 adfagnoscendum).
1496 1427 1854 1499 Opportunum

274 1496 367 1553 e'rit
397 1500 497 1569 (sic
525 1496 645 1553 cod.
680 1496 883 1563 Fesu|.;
929 1496 1275 1569 codJIugeI.
1313 1499 1447 1567 erat)
1471 1496 1680 1568 propter
1718 1501 1852 1552 assi-

272 1568 433 1623 duam
460 1569 899 1638 compunctionem
932 1568 1240 1637 paenitentia:
1269 1570 1522 1636 psalmum
1548 1571 1855 1638 quinquage-

271 1642 462 1695 simum
488 1640 632 1694 nobis
652 1638 803 1709 (cod.
828 1638 1010 1694 Fesul.
1036 1638 1194 1708 vobis)
1229 1641 1366 1694 omni
1396 1640 1478 1693 die
1502 1649 1730 1696 cantare.
1752 1638 1853 1695 La-

274 1725 495 1779 quamur
515 1720 681 1765 tamen
704 1720 751 1763 et
788 1710 856 1762 ad
884 1711 1004 1763 illos
1032 1724 1158 1778 quos
1199 1709 1487 1779 frequenter
1511 1713 1573 1765 ab
1611 1710 1857 1768 Ecclesia:

1953 436 2223 490 mulierum
2241 448 2287 509 et
2302 436 2587 509 perniciosa
2612 436 2956 509 blandimenta
2975 436 3223 503 vicerunt,
3259 440 3384 509 quid
3406 442 3469 494 de
3485 457 3538 495 se

1952 510 2175 577 cegitant
2196 507 2374 578 illiqui
2392 523 2508 561 cum
2526 508 2779 562 extraneis
2801 508 3093 561 mulieribus
3116 525 3216 563 non
3239 507 3402 564 solum
3425 529 3540 566 con-

1950 582 2164 643 versari,
2196 580 2285 631 sed
2305 580 2460 633 etiam
2480 580 2532 632 in
2558 594 2660 631 una
2687 578 2835 631 domo
2858 595 3081 645 manere,
3106 580 3330 633 convivio
3362 596 3539 635 earum

1953 658 2064 720 aut,
2083 649 2390 720 frequenter,
2422 661 2525 720 aut,
2548 664 2745 717 semper
2777 649 3017 702 interesse
3052 666 3139 703 nec
3167 661 3417 720 metuunt,
3450 670 3539 706 nec

1951 718 2279 793 erubescunt.
2313 719 2389 773 De
2418 719 2607 793 talibuc
2635 729 2681 793 et
2710 727 2878 793 potest
2903 720 3127 793 et__del_iet
3157 721 3281 787 dici,
3313 718 3450 793 quod
3478 725 3541 776 de

1953 789 2109 865 vidua
2130 788 2371 844 deliciasa
2397 791 2524 844 dixit
2536 787 2767 865 _[(}od.F
2771 790 2902 844 esui.
2927 788 3072 861 dicit]
3095 787 3389 863 Apostolus,
3419 795 3542 865 quia

1958 862 2127 915 vivens
2157 871 2361 914 mortua
2390 871 2484 914 est.
2512 859 2783 926 Admonet,
2808 871 2912 915 etc.

2024 930 2088 985 N.
2116 930 2171 985 4.
2192 930 2307 986 Hoc
2332 940 2591 1001 peccatum
2610 946 2712 984 non

1956 1003 2074 1072 fecit
2098 1001 2283 1071 David,
2308 1012 2411 1058 etc.

2027 1142 2161 1198 Ibid.
2221 1143 2382 1199 Tanto
2436 1147 2492 1198 in
2548 1140 2716 1197 Deum

1955 1213 2213 1281 intentior,
2241 1226 2435 1284 quanta
2484 1214 2717 1268 miserior

1955 1284 2241 1339 videbatur.
2293 1286 2427 1340 Utile
2472 1285 2716 1355 quiddam

1958 1365 2031 1410 est
2062 1357 2361 1422 tribulatio;
2392 1354 2516 1411 utile
2536 1354 2717 1409 medici

1956 1426 2357 1498 ferramentum,
2402 1445 2572 1498 quant
2603 1426 2719 1479 dia-

1960 1495 2060 1549 boli
2100 1495 2479 1552 tentamentum.
2527 1496 2720 1551 Factus

1963 1579 2059 1632 est,
2089 1579 2193 1624 etc.
2228 1569 2360 1624 Vide
2397 1585 2508 1624 var.
2548 1566 2718 1622 Maur.

2030 1638 2159 1694 Ibid.
2185 1638 2438 1694 Pressura
2466 1641 2649 1695 caruit.

2037 1710 2170 1766 Ibid.
2246 1710 2399 1767 Valet
2463 1711 2556 1766 hoc
2600 1725 2719 1782 ergo

276 1755 855 1854 asserenda.
882 1755 1185 1854 υιῖιῑρῖαδξα
1199 1755 1855 1854 ’ξςῑιῑῖιῑλῑηῖιιιῑνιςῖέῖιῖξζ
1886 1755 1937 1818 B
1964 1755 2269 1853 επέιῖίριήηιῑ

277 1859 473 1917 tamen,
494 1852 767 1923 carissimi,
797 1860 852 1905 ut
884 1850 1290 1923 quotiescumque
1316 1868 1402 1908 eos
1430 1855 1533 1909 tale
1560 1850 1756 1923 aliquid
1777 1859 1859 1922 fa-

277 1938 393 1994 cere
416 1922 644 1983 videritis
679 1923 749 1979 ad
789 1923 949 1978 vicem
985 1932 1212 1982 nostram
1248 1923 1558 1979 severissime
1581 1922 1857 1994 castigetis.

279 1992 363 2048 Sit
411 1993 480 2047 ad
509 2009 592 2048 eos
616 2009 737 2065 vox
774 2002 948 2065 nostra
990 1994 1235 2065 memoria
1262 2004 1446 2065 vestra.
1482 1992 1733 2065 Corrigite
1774 2011 1861 2047 ar-

278 2065 480 2135 guendo
508 2063 651 2135 (cod.
698 2063 878 2118 Fesul.
911 2062 1211 2135 corrigenda
1240 2064 1458 2135 arguite)
1480 2108 1492 2125 ,
1529 2062 1862 2119 consolaniini

278 2134 606 2204 alloquendo,
629 2135 918 2203 exemptum
947 2135 1163 2201 praebete
1187 2134 1311 2189 bene
1334 2135 1436 2203 (sic
1451 2136 1605 2202 edit.,
1635 2151 1734 2189 vox
1761 2136 1861 2191 iSIa

277 2203 433 2261 deest
454 2205 508 2260 in
534 2206 681 2275 eod.)
702 2205 933 2275 vivendo.
957 2203 1215 2259 Aderiteis
1247 2207 1337 2275 qui
1365 2207 1532 2274 adfuit
1552 2208 1708 2261 vobis.
1738 2205 1862 2261 Non

280 2278 417 2347 enim
444 2278 581 2330 vobis
601 2274 699 2331 ista
720 2274 946 2347 pericula
962 2274 1332 2347 pra‘tergressis
1359 2275 1473 2346 fau's
1498 2276 1864 2331 misericordiae

280 2344 381 2401 Dei
407 2348 649 2416 praecisus
670 2344 763 2401 est.
792 2346 904 2413 Qua
929 2344 1164 2409 venistis,
1189 2344 1418 2410 venient;
1460 2363 1559 2413 qua
1586 2348 1857 2413 transistis,

282 2418 592 2471 transibunt.
642 2416 918 2489 Molestum
940 2416 1243 2489 estquidem
1284 2426 1331 2489 et
1360 2417 1571 2471 nimium
1600 2420 1862 2489 periculo-

280 2502 415 2551 sum,
461 2499 508 2542 et
551 2504 642 2557 pro
671 2496 808 2542 certo
839 2485 1117 2553 exitiabile,
1154 2488 1293 2555 quod
1335 2504 1367 2541 a
1420 2488 1561 2541 nobis
1582 2485 1865 2557 frequenter

283 2559 557 2623 admoniti,
606 2576 707 2612 non
742 2560 1067 2630 ignorantes,
1094 2559 1183 2630 sed
1214 2559 1425 2630 scientes
1452 2571 1680 2629 peccant.
1706 2559 1865 2621 Aliter

279 2636 450 2701 autem
479 2630 566 2684 ille
590 2630 676 2700 qui
693 2627 953 2701 n'annovit
974 2627 1117 2701 quod
1134 2627 1318 2701 fugiat.
1343 2627 1462 2683 Sed
1479 2645 1569 2682 nec
1596 2629 1659 2683 de
1681 2630 1866 2683 talibus

282 2700 539 2767 desperari
570 2696 749 2771 (codd.
775 2696 1065 2771 desperare)
1084 2696 1265 2771 debere
1285 2701 1537 2754 evidenter
1557 2700 1774 2771 ostendit
1796 2701 1867 2753 di-

288 2772 421 2823 vina:
458 2767 817 2826 misericordia:
855 2767 1174 2840 magnitudo,
1205 2786 1320 2841 qua:
1361 2787 1463 2841 non
1502 2770 1611 2823 vult
1659 2781 1866 2825 mortem

282 2842 580 2912 peccatoris,
604 2842 692 2897 sed
718 2849 773 2896 ut
791 2839 1111 2912 convertatur
1142 2839 1357 2912 etrvivot.
1392 2839 1623 2911 Denique
1646 2843 1700 2895 in
1724 2842 1867 2895 beato

284 2908 453 2983 David
498 2914 593 2966 hoc
631 2913 1041 2983 manifestissime
1080 2908 1347 2979 impletum
1379 2927 1487 2966 esse
1519 2908 1867 2981 cognoscimus

288 2982 393 3053 (sic
420 2984 538 3038 cod.
573 2984 753 3058 Fesul,
776 2982 913 3058 cod.
955 2982 1103 3058 Mdg:
1130 2983 1487 3053 cognovimus)
1518 2985 1665 3055 cujus
1693 2999 1869 3058 pecca-

286 3050 391 3107 tum
420 3063 535 3107 cum
564 3056 742 3109 dolore
768 3053 975 3124 quidem
1002 3050 1220 3124 dicimus
1247 3061 1295 3107 et
1334 3050 1705 3116 tremorefelc.
1751 3056 1867 3110 (ιω-

287 3132 399 3195 ters
420 3135 715 3195 sequuntur
743 3118 798 3180 ui
822 3125 1014 3195 legitur
1038 3118 1096 3173 in
1123 3123 1254 3195 edit.
1284 3125 1434 3195 initio
1462 3140 1610 3180 num.
1645 3124 1702 3181 2.

350 3194 429 3269 Νη
456 3191 539 3269 2.:
565 3195 753 3269 Hujus
800 3191 1037 3269 mulieris
1178 3191 1277 3269 Iid.
1323 3193 1516 3269 Beatus
1552 3197 1689 3269 enim
1714 3196 1873 3251 David

282 3267 457 3320 Uxoris
474 3266 660 3321 aliena!
670 3266 1042 3337 pulchritudine
1110 3266 1287 3319 uxoris
1304 3266 1487 3321 aliena:
1507 3267 1882 3338 pulchritudine

282 3347 480 3407 captus,
513 3351 617 3393 etc.
1120 3345 1321 3403 captus,
1346 3344 1452 3391 etc.

354 3407 485 3465 Ibld.
522 3408 715 3464 Missus
737 3408 901 3466 estad
931 3423 1047 3462 eum
1188 3407 1285 3462 Iid.
1325 3406 1518 3463 Missus
1547 3418 1617 3462 est
1666 3409 1735 3462 ad
1767 3427 1882 3465 eum

287 3477 497 3552 lfathan
520 3480 765 3551 propheta
781 3526 794 3552 ,
816 3481 997 3535 missus
1016 3495 1050 3533 a
1124 3475 1338 3531 Nathan
1364 3479 1610 3551 propheta
1636 3496 1669 3535 a
1698 3481 1880 3535 Domi-

283 3546 529 3605 Domino.
615 3546 624 3551 ’
781 3546 791 3552 ’
1112 3563 1179 3601 no

356 3620 420 3674 Ν.
450 3622 501 3694 ὃ.
529 3620 651 3676 Νοη
677 3637 794 3694 ergo
822 3621 1043 3675 cadendi

282 3692 592 3761 exemplum.

360 3831 492 3887 Ibid.
518 3833 579 3889 Si
604 3830 794 3901 David,
827 3846 920 3886 cur
946 3844 1049 3886 non

285 3911 334 3957 et
369 3905 503 3977 ego?

1185 3589 1281 3674 Iid.
1338 3619 1464 3673 Non
1491 3622 1623 3675 enim
1669 3622 1884 3676 cadendi

1117 3689 1425 3772 exemplum.
1456 3690 1586 3745 Cod.
1616 3690 1794 3746 Fesul.
1826 3701 1883 3747 ut

1117 3759 1269 3825 edit.,
1296 3759 1417 3814 Non
1440 3776 1577 3831 ergo.

1190 3831 1285 3885 Iid.
1320 3833 1378 3885 Si
1399 3840 1571 3885 autem
1596 3832 1759 3886 David
1784 3833 1883 3885 ad-

1120 3901 1362 3955 ulterium
1418 3905 1668 3981 commisit
1694 3943 1708 3969 ,
1789 3919 1882 3957 cur

1121 3987 1223 4026 non
1245 3981 1289 4025 et
1315 3973 1443 4044 ego?
1580 3977 1588 3981 “

1190 4041 1290 4117 Iid.
1340 4044 1461 4097 Non
1511 4043 1729 4117 imitaris
1770 4046 1882 4117 ejus

359 4044 494 4099 Ibid.
530 4046 653 4101 Non
690 4048 901 4102 imitaris
929 4048 1040 4118 ejus

1111 4114 1455 4182 sanctitatem,
1477 4116 1565 4169 sed
1586 4114 1805 4169 ruinam.

285 4118 635 4196 sanctitatem,
687 4120 776 4173 sed
823 4119 1038 4173 imitaris

283 4199 504 4241 ruinam.

358 4255 487 4311 Ibid.
514 4262 616 4315 Alii
640 4276 755 4315 vero
778 4262 1043 4315 audientes

285 4328 573 4403 salubriter,
625 4333 677 4385 in
725 4348 845 4385 casu
901 4332 1046 4403 fortis

286 4399 561 4455 metiuntur
693 4399 1044 4468 inﬁrmitatem

290 4484 460 4543 suam;
480 4474 670 4543 etquod
691 4476 919 4540 damnat,
936 4481 1041 4529 etc.

289 4538 427 4594 Vide
448 4538 559 4598 var;
590 4544 759 4600 Maus.

1188 4255 1283 4309 Iid.
1320 4256 1425 4311 Sed
1469 4256 1586 4307 boni
1631 4256 1744 4318 viri,
1777 4253 1882 4308 Ec-

1118 4325 1284 4380 clesia:
1336 4327 1453 4395 filii,
1501 4336 1547 4377 et
1596 4328 1648 4378 in
1692 4325 1883 4380 Christi

1117 4411 1289 4451 amare
1329 4397 1575 4467 perfecti,
1616 4397 1880 4450 audientes

1118 4477 1222 4522 tam
1282 4469 1445 4522 sancti
1498 4468 1590 4519 viri
1649 4469 1853 4520 ruinam

1120 4619 1164 4663 et
1193 4610 1327 4680 quod
1352 4609 1583 4672 damnat,
1609 4617 1713 4680 etc.

1195 4678 1291 4734 Iid.
1322 4680 1558 4732 Devitare
1599 4678 1883 4747 cupientes,

1121 4753 1373 4807 abstinent
1420 4748 1627 4811 oculos,
1671 4764 1772 4803 non
1801 4767 1888 4805 eos

1121 4826 1349 4893 defigunt
1412 4821 1466 4873 in
1535 4817 1882 4888 pulchritudi-

1121 4912 1256 4961 nem,
1279 4901 1383 4947 etc.

1195 4964 1289 5021 Iid.
1347 4963 1413 5018 Ut
1465 4963 1607 5033 parvi
1650 4979 1751 5017 non
1799 4979 1885 5017 ca-

1122 5038 1278 5102 dant,
1324 5033 1423 5086 ima
1463 5035 1672 5087 timeant
1711 5035 1881 5088 videre

1122 5108 1257 5164 unde
1298 5105 1490 5175 possint
1539 5104 1738 5165 cadere.
1782 5105 1883 5159 Re.

1121 5180 1347 5251 primunt
1368 5190 1519 5251 ergo,
1540 5184 1645 5251 etc.

1188 5247 1320 5303 Cod.
1365 5244 1507 5315 Mdg.
1552 5244 1677 5299 Non
1716 5244 1885 5299 levant

1118 5320 1299 5389 oculos
1342 5314 1534 5389 facile,
1594 5314 1773 5371 Fesul.
1828 5324 1885 5371 ut

1121 5386 1248 5445 edit.
1274 5386 1472 5458 faciles.

1191 5456 1361 5515 Codd.
1396 5456 1625 5512 Attendis
1649 5472 1875 5511 securus.

358 4686 488 4740 Ibid.
518 4685 746 4739 Devitare
773 4685 1046 4750 cupientes,

282 4757 351 4810 ab
376 4768 580 4828 aspectu
606 4772 780 4810 secura
799 4755 1051 4828 abstinent

285 4897 343 4950 in
370 4897 772 4961 pulchritudine,
802 4906 907 4951 elc.

386 4970 493 5024 bid.
532 4967 598 5023 Ut
628 4970 770 5038 parvi
796 4968 956 5021 nolint
985 4968 1049 5023 vi-

286 5038 408 5093 dere
450 5040 583 5092 unde
618 5039 810 5109 possint
845 5040 1045 5094 cadere.

288 5110 589 5180 Reprimunt
618 5110 771 5174 enim,
801 5118 906 5165 etc.

362 5250 499 5309 Ibid.
537 5247 586 5303 Ν
593 5264 658 5302 0n
689 5249 849 5304 levant
871 5250 1045 5305 oculos

289 5328 484 5397 faciles.

365 5466 500 5522 Ibid.
527 5467 740 5521 Attende
769 5478 991 5521 securus.

318 5610 328 5618 '
363 5537 496 5593 Ibid.
534 5536 797 5620 Numquid
842 5546 899 5592 tu
904 5538 1047 5662 Αρπ-

318 5622 389 5662 tar
424 5624 577 5662 auam
609 5607 817 5662 David?
857 5609 901 5662 A
940 5625 1047 5662 mo-

292 5610 389 5663 tior
424 5624 577 5678 quam
609 5607 817 5663 David?
857 5607 1052 5665 Admo-

294 5688 407 5747 net,
433 5688 538 5738 etc.

1193 5530 1291 5585 Iid.
1325 5527 1576 5598 Nunquid
1614 5536 1669 5580 tu
1697 5529 1880 5598 fortior

1126 5601 1330 5660 David?
1381 5597 1506 5653 Dixi
1566 5597 1708 5651 enim
1747 5597 1881 5665 quod

1123 5692 1213 5732 nec
1241 5671 1413 5730 David
1441 5670 1643 5740 fortior,
1674 5684 1767 5722 nec
1792 5669 1884 5723 Sa-

1124 5748 1319 5802 lomone
1358 5751 1497 5815 potes
1535 5756 1641 5794 esse
1681 5740 1883 5809 sapien-

1990 1912 1991 1919 χ
2035 1852 2115 1907 Ν(
2143 1855 2197 1907 5.
2241 1852 2349 1908 Sed
2392 1852 2586 1923 factum
2610 1861 2719 1905 est:

1964 1924 2184 1978 dixerim
2232 1923 2342 1978 hac
2389 1924 2460 1978 eis
2496 1927 2587 1994 qui
2622 1937 2723 1977 non

1966 1995 2348 2048 commiserunt.
2503 2043 2511 2047 ς

2037 2064 2165 2118 Ibid.
2194 2064 2252 2119 Si
2274 2081 2389 2120 vero
2410 2064 2596 2135 aliquis
2610 2066 2725 2135 jam

1965 2133 2140 2204 lapsus
2180 2136 2290 2187 htec
2331 2133 2505 2199 audit,
2547 2133 2724 2188 et'ali-

2001 2206 2087 2256 uid
2139 2205 2195 2257 in
2238 2207 2548 2260 conscientia
2600 2204 2725 2258 ntali

1964 2221 2167 2328 yenens:
2191 2275 2340 2328 verba
2364 2276 2546 2328 psalmi
2570 2274 2724 2328 huius

1985 2289 2167 2339 enens;
2191 2275 2340 2328 verba
2363 2276 2546 2346 psalmi
2570 2274 2724 2346 hujus

1964 2347 2212 2399 advertati
2228 2359 2245 2398 :
2262 2345 2491 2401 attendat
2518 2345 2724 2415 quidem

1966 2417 2209 2480 vulneris,
2231 2426 2336 2472 etc.

2037 2486 2175 2541 Ibid.
2210 2486 2333 2541 Non
2362 2486 2592 2557 desperet
2622 2503 2724 2539 me-

1967 2558 2070 2628 dici
2105 2559 2442 2628 majestatem.

2039 2622 2196 2683 Ibidf
2222 2628 2388 2681 Nemo
2416 2643 2537 2698 ergo
2567 2627 2724 2693 dicat,

1965 2698 2029 2771 Si
2064 2702 2179 2771 jam
2232 2699 2432 2769 aliquid
2477 2700 2599 2752 mali
2628 2698 2729 2768 feci

1968 2770 2290 2824 damnandus
2327 2786 2459 2824 sum.

2042 2841 2177 2896 Ibid.
2211 2839 2385 2895 Fruar
2416 2842 2511 2893 hoc
2538 2840 2726 2894 stecula

1968 2910 2021 2965 in
2067 2912 2360 2980 voluptate,
2411 2912 2465 2964 in
2493 2908 2724 2977 lascivia,

1967 2983 2020 3035 in
2039 2983 2318 3051 cupiditate
2346 2983 2567 3051 nefaria.

2046 3053 2180 3108 Ibid.
2210 3051 2316 3107 Iste
2339 3069 2457 3125 ergo
2479 3054 2726 3125 psalmus,

1896 3128 1946 3193 α
1973 3123 2105 3178 sicut
2133 3136 2310 3179 cautas
2331 3123 2487 3193 facit,
2517 3134 2621 3179 etc.

2058 3196 2188 3251 Ibid.
2212 3198 2348 3250 Audi
2368 3199 2574 3266 flentem
2600 3207 2648 3252 et
2671 3196 2739 3250 la-

1983 3283 2183 3338 crymas
2197 3269 2389 3338 junge;
2423 3268 2547 3322 audi
2573 3283 2741 3324 corre-

1983 3349 2119 3391 ctum
2147 3348 2191 3393 et
2215 3339 2578 3392 condelectare.

2059 3409 2188 3463 Ibid.
2246 3408 2437 3463 Missus
2484 3417 2557 3463 est
2605 3409 2738 3463 enim

1983 3480 2051 3534 ad
2096 3480 2249 3534 istum
2316 3481 2480 3534 virum
2523 3480 2737 3533 Nathan

1986 3551 2229 3621 propheta
2274 3568 2293 3605 :
2351 3552 2551 3604 attende
2604 3549 2737 3619 regis

1986 3621 2346 3675 humilitatem.
2390 3622 2509 3674 Non
2548 3622 2739 3689 respuit

1984 3692 2132 3745 verba
2186 3693 2567 3759 praecipientis,
2639 3706 2739 3744 non

1984 3763 2156 3817 dixit:
2200 3763 2368 3815 Audes
2421 3763 2545 3816 mihi
2602 3761 2737 3828 loqui

1983 3834 2131 3903 regi?
2174 3832 2285 3887 Rex
2329 3834 2559 3887 sublimis
2602 3832 2739 3884 Pro-

1984 3907 2190 3983 phetam
2211 3905 2435 3983 audivit;
2466 3904 2606 3972 plebs
2626 3905 2737 3983 ejus

1986 3973 2194 4028 humilis
2232 3972 2493 4028 Christum
2534 3972 2733 4028 audiat.

1986 4116 2100 4171 Rex
2161 4116 2393 4171 sublimis
2446 4114 2749 4185 prophetam

1985 4186 2242 4242 Christum
2269 4186 2466 4240 audiat.

2056 4258 2117 4312 N.
2153 4255 2207 4312 6.
2236 4259 2370 4311 Audi
2392 4272 2508 4327 ergo
2541 4256 2669 4323 hac,
2693 4264 2739 4309 et

1985 4332 2066 4384 dic
2091 4345 2206 4384 eum
2229 4329 2341 4384 illo.

1118 4510 1704 4605 meluuvm'in'firmitatem
1716 4510 1880 4608 suam:
1908 4512 1966 4575 Β
2065 4541 2198 4596 Ibid.
2228 4539 2450 4596 Subveni
2471 4539 2611 4609 gravi
2634 4538 2742 4592 vul-

1993 4614 2105 4667 neri
2177 4611 2461 4665 secundum
2503 4624 2741 4680 magnam

1991 4683 2296 4737 medicinam
2321 4690 2484 4733 tuam.

2061 4752 2195 4807 Ibid.
2256 4749 2362 4804 Iste
2417 4748 2738 4821 Davidnon

1987 4831 2153 4893 posset
2193 4823 2380 4893 dicere.

2060 4893 2194 4948 Ibid.
2239 4901 2293 4947 et
2338 4892 2390 4945 7.
2449 4890 2556 4946 Sed
2624 4906 2737 4943 ma-

1987 4980 2141 5035 gnam
2170 4962 2591 5017 misericordiam.
2617 4959 2737 5015 Ha-

1985 5040 2064 5109 θίὲ
2082 5107 2090 5109 ᾗ
2107 5036 2392 5109 ’παρίεμεν
2433 5040 2539 5109 939:
2569 5046 2738 5109 Psqi'e

1986 5102 2052 5161 id
2082 5102 2386 5161 hmc'verba
2435 5102 2588 5158 Vide’
2604 5104 2740 5159 enim

1983 5192 2130 5246 quem
2165 5177 2382 5231 invaces.

2057 5387 2194 5444 Ibid.
2236 5386 2579 5455 Responderit
2624 5385 2733 5441 Da-

1981 5459 2066 5515 vid
2092 5500 2107 5523 ,
2155 5458 2513 5526 responderint
2556 5456 2694 5527 lapsi
2716 5496 2732 5522 ,

1981 5528 2338 5598 responderint
2382 5544 2499 5582 cum
2541 5526 2732 5591 David,

1981 5611 2038 5655 ut
2078 5600 2482 5663 misericordiam
2506 5615 2736 5654 merean-

1984 5679 2089 5729 tur.

2858 930 2953 985 Iid.
3006 933 3331 987 Adulterium
3407 936 3545 991 enim

2784 1002 2937 1055 simul
2980 1012 3025 1057 et
3073 1002 3405 1058 homicidiunt
3438 1024 3539 1060 non

2786 1072 2902 1139 fecit
2932 1072 3119 1139 David,
3146 1086 3251 1129 etc.

2861 1142 2955 1197 Iid.
3026 1143 3192 1199 Tanto
3251 1146 3302 1199 in
3339 1145 3549 1203 Domini

2790 1213 3195 1268 misericordiam
3285 1216 3542 1285 intentior,

2790 1295 2977 1352 quanta
3006 1286 3237 1338 miserior
3261 1287 3547 1345 videbatur.

2791 1355 2855 1407 At
2887 1354 2970 1408 ubi
2993 1357 3159 1427 factus
3182 1367 3276 1423 est,
3298 1369 3401 1414 elc.

2851 1634 2950 1691 Iid.
2987 1635 3252 1696 Pressuris
3282 1640 3471 1695 caruit.

2864 1706 2993 1785 Iid._
3026 1706 3212 1766 Valeat
3266 1716 3363 1765 hac
3433 1728 3552 1785 ergo

2791 1777 3100 1832 exemplum.

2865 1796 3241 1925 Iildtfmgiidiant
3302 1853 3414 1908 haec
3463 1855 3553 1925 qui

2794 1918 2891 1973 hoc
2921 1920 3110 1975 malum
3156 1940 3257 1978 non
3284 1918 3553 1981 commita-

2794 2000 2933 2044 runt.

2870 2060 2965 2115 Iid.
3010 2062 3076 2139 Si
3098 2081 3211 2118 vero
3240 2067 3424 2139 aliquis
3441 2069 3558 2139 jam

2798 2130 2973 2201 lapsus
3000 2132 3108 2187 htec
3143 2130 3367 2201 audivit,
3399 2130 3556 2190 et'ni-

2799 2204 2902 2254 mia
2942 2205 3149 2277 sceleris
3195 2207 3420 2277 pandere
3464 2223 3560 2275 ap-

2800 2288 3005 2350 pressus
3035 2275 3306 2350 desperare
3319 2279 3434 2350 jam
3459 2294 3559 2332 cte-

2799 2344 2894 2410 pit,
2915 2346 3146 2399 attendat
3170 2344 3417 2413 vulneris,
3446 2356 3552 2405 etc.

2876 2484 2970 2561 Iid.
3007 2485 3129 2542 Non
3176 2489 3405 2561 desperet
3444 2508 3555 2548 me-

2801 2555 2903 2608 dici
2933 2568 3251 2623 potestatem.

2872 2625 2967 2682 Iid.
2999 2628 3166 2683 Nemo
3192 2632 3352 2697 dicat,
3380 2630 3492 2697 Ego
3514 2634 3561 2688 st

2788 2700 2904 2771 fam
2972 2700 3172 2770 aliquid
3221 2704 3347 2757 mali
3418 2700 3581 2771 feci,-

2799 2768 3071 2824 damnatus
3107 2787 3239 2826 sum.

2874 2839 2971 2896 Iid.
2997 2838 3170 2895 Fruar
3190 2844 3377 2899 swculo
3402 2849 3456 2899 in
3484 2864 3560 2901 va-

2802 2909 3012 2986 (aptate
3036 2910 3244 2986 lasciva,
3274 2914 3329 2968 in
3359 2918 3535 2986 cupidi
3546 2947 3562 2959 -

2801 2990 2902 3052 tate
2923 2983 3141 3052 nefaria.

2872 3051 2967 3106 Iid.
2988 3051 2991 3052 ⁷
3016 3052 3152 3108 Deus
3178 3056 3324 3128 enim
3368 3067 3560 3128 noster,

2800 3123 2929 3175 sicut
2959 3134 3134 3179 cautos
3160 3126 3299 3194 facit,
3330 3139 3435 3183 etc.

2883 3194 2981 3250 Iid.
3048 3197 3186 3250 Audi
3229 3200 3471 3266 flentem,
3512 3210 3561 3257 et

2812 3266 3207 3337 collacrymare;
3236 3271 3359 3324 audi
3388 3287 3561 3326 corrc-

2814 3346 2956 3387 ctum
2983 3343 3029 3389 et
3060 3340 3336 3393 col/(ctare.

2856 3406 2978 3463 .Iid.
3012 3406 3206 3462 Missus
3232 3420 3303 3463 est
3328 3412 3464 3464 enim
3491 3412 3561 3465 ad

2810 3476 2979 3531 David
3007 3493 3177 3549 regem
3202 3479 3412 3535 Nathan
3444 3498 3562 3549 pro-

2812 3549 2986 3616 pheta.
3006 3546 3107 3600 Ille
3126 3559 3293 3603 autem
3321 3568 3422 3605 non
3442 3546 3562 3606 con-

2809 3619 3049 3671 sideravit
3071 3620 3214 3676 reani
3234 3622 3314 3673 sui
3334 3622 3561 3676 sublimi-

2813 3697 2987 3753 tatem,
3018 3693 3104 3744 sed
3126 3692 3337 3746 humilis
3358 3703 3403 3746 et
3428 3693 3563 3747 mitis

2809 3774 2936 3834 non.
2960 3762 3148 3834 respuit
3190 3761 3340 3834 verba
3384 3766 3562 3834 praeci-

2810 3832 3016 3900 pientis.
3041 3831 3167 3903 lV_on
3192 3832 3321 3885 dixit
3347 3831 3416 3887 ait
3444 3849 3563 3903 pra-

2810 3903 3052 3973 phetam;
3079 3901 3155 3955 Tu
3185 3918 3302 3955 cum
3341 3906 3409 3958 sis
3438 3901 3562 3973 pau-

2811 3989 2902 4041 per
2958 3983 3004 4028 et
3031 3972 3259 4040 humilis,
3305 3972 3563 4044 quomoda

2809 4060 2965 4098 ausus
3004 4060 3056 4097 es
3095 4045 3233 4113 loqui
3265 4046 3390 4098 mihi
3418 4046 3563 4115 regi?

2803 4116 3032 4179 audivit;
3085 4115 3309 4185 plebeius
3358 4117 3563 4171 humilis

2887 4256 2982 4309 Iid.
3008 4255 3143 4309 Audi
3166 4272 3288 4326 ergo
3310 4256 3439 4323 haec,
3463 4257 3564 4326 qui-

2813 4342 3027 4396 cumque
3097 4326 3310 4396 aliquad
3374 4328 3566 4383 crimen

2811 4398 3030 4467 capitale
3058 4398 3245 4467 fecisti,
3269 4407 3319 4451 et
3343 4397 3425 4452 dic
3445 4414 3566 4453 cum

2811 4468 2921 4522 illa.

2887 4537 2982 4592 Iid.
3017 4536 3237 4591 Subveni
3264 4538 3407 4606 gravi
3450 4541 3565 4592 vul-

2812 4608 2919 4680 neri
2971 4607 3258 4680 _secundum
3321 4624 3565 4680 magnam

2812 4676 3209 4731 misericordiam
3240 4688 3399 4733 tuam.

2882 4748 2977 4822 Iid.
3006 4746 3121 4802 Hoc
3138 4746 3305 4803 David
3325 4766 3427 4806 nan
3444 4767 3565 4822 pas-

2811 4828 2885 4874 set
2915 4819 3094 4874 dicere.

2882 4890 2979 4944 Iid.
3006 4889 3110 4946 Sed
3138 4906 3375 4961 magnam
3414 4893 3566 4948 mise-

2810 4961 3106 5033 ricordiam.
3139 4961 3234 5033 Dic
3273 4980 3422 5033 ergo,
3455 4963 3564 5019 Mi.

2810 5048 2973 5087 serere
3001 5032 3098 5087 mei
3125 5072 3140 5098 ,
3169 5032 3341 5100 Deus,
3381 5050 3564 5089 secun-

2812 5104 2935 5157 dum
2989 5120 3225 5173 magnam
3277 5105 3565 5161 misericor-

2812 5176 2952 5228 diam
3025 5181 3185 5229 tuam.
3272 5173 3380 5230 Sed
3449 5178 3564 5235 vide

2806 5261 2955 5315 quem
2982 5245 3199 5302 irwoces.
3225 5245 3449 5315 Cetera,
3471 5248 3565 5304 de-

2808 5324 2957 5371 sunt.

2880 5386 2974 5440 Iid.
3009 5384 3338 5459 Respondeat
3364 5389 3560 5459 David,

2808 5488 2822 5511 ι
2834 5458 3144 5529 espondeant
3164 5458 3317 5529 lapsi,
3348 5458 3560 5528 τειροηέ

2808 5527 2961 5582 deant
3013 5545 3129 5582 cum
3156 5527 3340 5596 David,
3379 5527 3439 5585 ut
3462 5532 3562 5585 mi-

2807 5598 3137 5672 sericordiam
3166 5613 3560 5672 consequantur.

2811 5667 2902 5726 Sic
2930 5669 3050 5724 cod.
3084 5671 3286 5739 Fesui.;
3308 5667 3428 5729 cod.
3450 5673 3563 5727 Mu-

2810 5739 2915 5810 εει.
2944 5751 3002 5797 ιιι
3028 5741 3085 5797 in
3110 5741 3241 5797 edit.
