4012 6338
522 322 661 390 1199

594 451 662 506 Ν.
711 448 786 503 8.·
813 447 1031 514 Quando
1081 446 1149 500 ad
1198 462 1277 509 me

522 522 711 577 missus
750 520 1121 600 est_propheta,
1145 525 1193 571 et
1216 519 1279 572 de
1348 532 1435 571 sus
1485 527 1558 570 est
1608 517 1871 600 propheta.
1905 516 1992 586 qui
2040 515 2102 567 de

523 608 612 647 ove
634 598 893 674 pauperis,
926 600 1029 643 etc.
1181 660 1190 670 ⁸
1351 598 1719 670 ovepauperis,
1746 598 1851 669 etc.
1944 657 1956 668 .

596 662 823 740 lbtd.At
839 661 931 740 ille
953 661 1144 730 profert
1175 676 1279 713 ιτα·
1423 660 1519 713 Ird.
1550 658 1773 740 _Profert
1815 658 1902 712 ille
1938 662 2103 711 iratus

523 743 604 787 tus
636 733 956 787 sententiam.
1351 733 1667 785 sententiam.

586 804 728 857 Ibid.
774 801 836 855 Et
876 818 1016 855 orem
1054 802 1274 856 redden-
1423 801 1517 855 Iid.
1543 800 1771 855 Etovem
1791 800 2103 855 reddendam

518 876 643 929 dam
689 875 743 927 in
778 872 1146 942 quadruplum.
1180 872 1275 926 Se-
1347 873 1401 925 in
1456 873 1818 942 quadruplum.
1877 870 2104 925 Seueris-

518 946 777 1004 verissime
796 954 946 1012 atque
969 945 1271 1013 justissime.

519 1016 626 1070 Sed
652 1023 931 1083 peccatum,
956 1025 1063 1070 etc.

1349 944 1473 1015 sime
1516 942 1976 1015 atqueijnstissime
2007 942 2102 1011 ju-

1350 1014 1552 1067 dicavit.
1640 1014 1746 1069 sed
1797 1023 2097 1082 peccatum,

1346 1094 1451 1139 etc.

1416 1155 1512 1210 Iid.
1556 1153 1950 1209 Ferramentum
1980 1154 2100 1224 fecit

1346 1226 1483 1281 Deus
1513 1228 1574 1280 de
1610 1227 1783 1297 lingua
1811 1229 1943 1297 ejus.
1978 1224 2104 1297 Cte-

1346 1306 1581 1352 terorum
1633 1294 1782 1360 loco,
1815 1294 1933 1364 duae
1958 1294 2101 1349 desi-

1344 1370 1598 1424 derantur
1622 1368 1671 1421 in
1695 1367 1881 1421 codice
1908 1366 2101 1420 haben-

510 1448 603 1495 tur
627 1440 942 1510 sequentia:
983 1438 1052 1494 Et
1091 1456 1184 1495 nos
1222 1455 1367 1511 ergo,
1412 1442 1595 1504 fratres
1625 1439 1897 1502 carissimi,
1940 1452 2099 1506 agno-

511 1520 706 1566 scentes
736 1512 1025 1580 iniquitates
1065 1520 1289 1574 nostras,
1316 1521 1563 1581 quantum
1598 1525 1891 1581 possumus,
1919 1518 2100 1581 contra

511 1582 679 1634 malas
718 1579 1154 1648 concupiscentiae
1177 1579 1516 1652 repugnemus
1551 1596 1571 1635 :
1605 1580 1843 1650 jejuniis,
1885 1579 2094 1652 vigiliis,

511 1652 827 1705 orationibus
857 1661 905 1704 et
936 1650 1243 1722 largioribus
1286 1650 1615 1722 e'leemosynis
1656 1652 1792 1703 mala
1819 1665 1933 1717 quw
1976 1650 2099 1722 feci-

508 1737 627 1775 mus
648 1724 981 1787 redimamus,
1010 1721 1057 1775 et
1082 1738 1196 1775 cum
1220 1722 1314 1776 Dei
1344 1721 1604 1792 adjutorio
1630 1722 1707 1775 ita
1745 1722 1890 1775 bonis
1918 1721 2089 1789 operi-

590 1156 724 1212 Ibid.
771 1154 1161 1211 Ferramentum
1200 1156 1273 1212 fe-

514 1229 583 1281 eit
629 1228 691 1281 de
738 1228 916 1299 lingua
962 1230 1094 1299 ejus.
1160 1228 1273 1281 Hoc

513 1299 654 1367 fecit,
687 1308 792 1354 etc.

507 1792 602 1845 bus
630 1793 917 1881 studeamus
946 1794 1198 1881 insistere,
1226 1802 1283 1846 ut
1302 1810 1400 1881 nos
1426 1794 1492 1881 ad
1519 1801 1729 1881 peccata
1752 1792 1969 1881 pristina
1990 1806 2095 1845 non
2121 1819 2171 1881 Β

508 1863 707 1930 possint
742 1864 1161 1934 concupiscentia:
1201 1874 1388 1919 nostra:
1414 1863 1705 1924 retrahere:
1729 1864 1835 1934 _sed
1867 1878 2095 1929 perseve-

502 1944 680 2006 rantes
708 1934 762 2006 in
789 1930 927 1987 omni
950 1950 1100 2004 Opere
1124 1936 1272 2001 bono,
1296 1951 1412 2006 cum
1446 1936 1693 2006 propheta
1718 1930 1939 2006 Domino
1967 1949 2094 2006 gra-_

504 2005 606 2056 tias
652 2005 925 2076 referentes
972 2006 1198 2076 dicamus
1239 2021 1259 2060 :
1283 2003 1779 2076 Dirupisti"uincula
1824 2019 1973 2070 mea;
2003 2003 2095 2059 tibi

501 2075 807 2144 sacriﬁcabo
841 2074 1062 2129 hostiam
1100 2075 1294 2130 laudis.

702 2186 1101 2242 ENARRA'I‘IO
1139 2186 1205 2242 IN
1244 2186 1571 2244 PSALMUM
1608 2187 1891 2244 LXXXIII.

573 2297 793 2369 Legitur
820 2298 939 2369 ejus
963 2313 1087 2369 pars
1131 2300 1337 2369 aliqua,
1370 2314 1564 2369 nempe
1592 2301 1803 2356 numeri
1835 2298 1937 2366 I6,
1971 2309 2095 2371 post

502 2392 780 2447 exordium
826 2407 892 2448 ex
936 2407 1186 2449 sermone
1230 2408 1503 2449 ccuxvut
1563 2395 1837 2461 eductum,
1868 2398 1922 2451 in
1949 2396 2090 2452 Bibl.

502 2483 700 2556 Mugel.
730 2484 851 2540 cod.
883 2499 971 2553 xv,
999 2484 1097 2541 fol.
1122 2484 1218 2553 2‘2,
1262 2485 1349 2540 ubi
1382 2485 1486 2541 hoc
1532 2486 1871 2542 solummodo
1925 2502 2093 2543 anno-

496 2576 721 2633 tandum
748 2578 1005 2645 occurrit,
1035 2577 1177 2647 quod
1210 2579 1403 2633 horum
1437 2578 1560 2635 loco
1591 2595 1605 2633 :
1640 2577 1775 2634 Ecce
1803 2580 1958 2635 habes
1992 2582 2091 2636 mi-

500 2667 854 2723 sericordiam.
906 2666 1094 2721 Noluit
1142 2676 1261 2721 tunc
1302 2665 1464 2733 Deus,
1516 2676 1620 2724 etc.
1657 2668 1884 2725 habetur
1914 2680 2092 2727 utrum

500 2758 715 2826 melius,
745 2758 1007 2829 iudicabit
1035 2759 1207 2814 lector
1237 2775 1253 2814 :
1286 2756 1422 2814 Ecce
1444 2760 1632 2816 habens
1662 2762 2089 2832 misericordiam,

500 2850 669 2907 noluit
698 2857 820 2906 tunc
842 2848 1145 2919 Deus,.etc.

748 2961 1147 3019 ENARRA'I'IO
1184 2962 1251 3020 IN
1290 2962 1653 3022 PSALMUM.’
1675 2965 1839 3028 CXV.

575 3079 792 3151 Legitur
838 3079 892 3134 in
932 3078 1055 3135 cod.
1100 3078 1313 3135 Cassin.
1363 3095 1626 3148 cuxvm,
1675 3081 1770 3140 fol.
1798 3050 1939 3159 n.5,
1970 3099 2091 3160 post

500 3172 619 3231 haec
644 3190 659 3228 :
687 3171 917 3227 Proinde
936 3173 1193 3228 uerissime
1212 3173 1409 3227 dictum
1428 3184 1500 3229 est
1532 3190 1550 3229 :
1586 3174 1765 3232 Omnis
1789 3180 1937 3237 homo
1952 3200 2093 3241 men-
2117 3194 2166 3258 ο

500 3266 624 3333 date,
658 3264 871 3320 additur
906 3282 921 3319 :
946 3264 1015 3319 In
1044 3273 1239 3319 tantum
1262 3265 1399 3319 enim
1425 3282 1526 3320 non
1551 3280 1699 3323 erunt
1726 3275 2015 3345 mendaces,
2037 3279 2092 3333 in

500 3368 749 3429 quantum
780 3372 883 3410 non
913 3364 1061 3411 erunt
1086 3356 1352 3424 homines;
1389 3358 1637 3427 quoniam
1679 3362 1751 3417 dii
1777 3378 1923 3421 erunt
1951 3378 1998 3424 et
2026 3371 2091 3440 fi-

502 3451 560 3505 lii
583 3450 853 3507 Altissimi.

736 3561 826 3619 DE
866 3560 1192 3621 SERMONE
1231 3560 1468 3619 DOMINI
1505 3564 1573 3622 IN
1609 3566 1861 3626 MONTE.

1097 3691 1253 3733 ιιιιιιι
1286 3692 1495 3733 ΡἎΙΙΠΘ.

574 3792 707 3850 Pars
746 3792 865 3864 ejus
907 3788 1123 3860 legitur,
1148 3800 1343 3857 nempe
1390 3804 1418 3841 a
1457 3804 1513 3843 n.
1539 3789 1572 3842 ἓ
1602 3794 1667 3847 ad
1700 3811 1754 3848 ιι.
1784 3795 1870 3861 15,
1905 3813 2088 3857 versus

502 3888 759 3952 medium,
798 3884 1019 3955 ingBibl.
1038 3880 1269 3953 ‘Mugell.
1291 3922 1306 3948 ,
1339 3884 1458 3939 cod.
1484 3902 1571 3953 xv,
1602 3889 1696 3945 fol.
1721 3890 1827 3944 248
1848 3902 1901 3949 et
1922 3893 2047 3952 249.

571 3973 1256 4057 ΕόξςηΝλκΡεςρνορζιε·
1346 4043 1363 4057 η
1400 3973 1532 4057 Cod.
1598 3979 1735 4035 Dicit
1802 3984 2083 4057 PrOpheta,

499 4060 606 4104 tam
639 4049 848 4115 dicitur,
881 4045 1121 4111 Iustitia,
1148 4052 1253 4099 etc.
1328 4043 1563 4113 Iustitia,
1596 4062 1701 4108 etc.

570 4119 632 4174 N.
664 4120 723 4193 Ἰ.
744 4120 998 4185 Quoniam
1026 4117 1256 4186 ipsorum
1395 4117 1476 4193 _l_d.
1508 4120 1641 4193 Quia
1674 4126 1901 4193 ipsorum
1934 4129 2082 4184 mise-

495 4190 830 4247 miserebitur.
1327 4188 1520 4243 rebitur
1574 4188 1727 4250 Deus.
1790 4197 1923 4253 Vide
1969 4214 2080 4255 var.

1328 4258 1513 4385 :Iat‘ia,
1557 4274 1611 4318 et
1659 4268 1735 4321 sic
1783 4267 2078 4341 deinceps,

1328 4345 1382 4383 Il.
1417 4345 1503 4386 12.

1399 4402 1473 4482 I_d.
1506 4405 1699 4482 Quibus
1747 4412 1894 4464 nodis
1936 4412 2077 4482 food.

492 4472 750 4528 carnalem
832 4474 1249 4527 consuetudinem
1322 4472 1459 4527 male
1484 4477 1669 4548 modis]
1695 4495 1785 4548 per
1814 4472 2078 4536 carnalem

491 4560 552 4599 ac
578 4553 786 4615 peccata
821 4554 1067 4599 teneatur.
1320 4549 1753 4623 consuetudinem,
1790 4568 1850 4605 ac
1887 4556 2078 4623 peccati

1319 4614 1511 4682 laqueis
1541 4628 1787 4674 teneatur.

1388 4685 1467 4740 Id.
1508 4690 1667 4765 Sexto
1705 4702 1872 4765 autem
1907 4698 2075 4765 gradu

1317 4765 1391 4809 est
1419 4762 1587 4815 cordis
1616 4764 1890 4818 munditia.

1388 4829 1463 4911 Id.
1498 4831 1775 4911 Postrema
1811 4844 1883 4889 est
1911 4839 2072 4909 septi-

1315 4915 1401 4973 ma
1425 4906 1535 4973 ipsa
1558 4906 1829 4973 sapientia.

1383 4970 1678 5046 ld._0ctaua
1692 4992 1807 5030 vero
1820 4994 1919 5046 qua
1934 4981 2068 5034 dici-

564 4402 629 4454 N.
655 4403 741 4457 10.
769 4401 963 4467 Quibus
988 4402 1137 4456 nodis
1160 4418 1249 4472 per

562 4686 692 4741 Ibid.
755 4686 916 4741 Sexto
958 4687 1121 4758 gradu
1171 4696 1245 4742 est

488 4758 655 4811 cordis
680 4758 953 4812 munditia.

560 4827 697 4882 Ibid.
731 4827 998 4883 Postremo
1040 4838 1112 4883 est
1157 4845 1240 4884 se-

484 4899 648 4967 ptima
674 4900 783 4968 ipsa
805 4900 1073 4968 sapientia.

555 4966 701 5023 Ibid.‘
750 4966 941 5022 Octava
996 4980 1238 5040 tanquam

482 5040 552 5094 ad
588 5050 742 5110 caput
771 5040 921 5093 redit.

1307 5128 1421 5166 nem
1446 5118 1709 5193 patiuntur
1737 5128 1941 5187 propter
1972 5126 2068 5193 ju-

480 5184 694 5308 stitiam,
711 5182 949 5311 ᾳιιιέἔξαηι
964 5182 1188 5253 ipsorum
1217 5196 1291 5241 est
1306 5182 1517 5265 regnum
1533 5182 1796 5257 calorum,
1824 5182 2066 5263 tanqu'am

480 5271 510 5307 α
576 5263 725 5311 caput
755 5271 781 5306 r
849 5263 905 5307 ιι.

478 5256 548 5308 ad
576 5263 725 5308 caput
755 5255 905 5308 redit.
1316 5258 1317 5265 ‘

490 5272 907 5405 iétiigi‘tixilé
960 5325 1225 5405 in_prima
1307 5398 1317 5405 _
1371 5328 1447 5381 Id.
1491 5328 1675 5400 Itaque
1717 5333 1770 5385 in
1807 5334 1975 5402 prima
2011 5344 2061 5389 et

480 5403 527 5445 et
574 5398 629 5447 in
678 5405 856 5451 octaua
907 5398 1225 5453 nominatum
1299 5398 1353 5450 in
1392 5398 1857 5457 octava‘sententia
1894 5406 2061 5459 nomi-

479 5471 573 5518 est.
1300 5479 1475 5523 uatum
1502 5480 1594 5525 est.

549 5535 679 5617 Ibid.
733 5535 859 5589 Cum
876 5540 991 5617 jam
1019 5540 1228 5617 dicitur,
1317 5610 1347 5617 ﬁ
1378 5541 1454 5617 l_d.
1489 5541 1614 5595 Cum
1644 5547 2057 5617 jamquteritur,

480 5605 607 5686 Qui:
636 5622 730 5686 nos
754 5605 1048 5686 serua-abit?
1211 5605 1222 5609 ⁷
1306 5610 1433 5686 Quis
1462 5629 1554 5686 nos
1578 5605 1873 5686 separabit?

548 5677 611 5730 Ν.
669 5678 753 5733 II.
818 5677 884 5731 Ut
914 5681 1229 5738 dimittamus
1373 5682 1449 5738 Id.
1490 5683 1557 5738 Ut
1604 5677 1917 5743 dimittamus
1945 5691 2062 5745 aliis

471 5748 601 5801 sicut
647 5749 793 5805 nobis
849 5750 1034 5807 dimitti
1090 5755 1233 5810 uolu-
1306 5756 1436 5809 sicut
1488 5756 1631 5813 nobis
1685 5758 1871 5815 dimitti
1918 5762 2061 5817 volu-

472 5833 605 5875 suus,
1305 5842 1436 5882 mus.

2101 4589 2158 4652 D

1453 325 1809 386 νΑιιιοιιυιι
1846 322 2349 384 οΡυδυυιιυιιυιι
2389 326 2453 385 S.
2496 326 2865 387 AUGUSTINI

1419 445 1516 500 Iid.
1546 444 1764 511 Quando
1791 445 1858 497 ad
1878 461 1955 499 me
1982 443 2103 496 mis-
2130 440 2186 500 Α
2278 442 2408 499 Ibid.
2447 443 2711 502 Tanquam
2747 452 2966 515 purgato

2207 515 2359 569 oculo
2381 532 2482 586 quo
2511 517 2649 571 cerni
2678 516 2857 584 possit.

2276 657 2339 723 N,
2368 657 2676 713 I2.Mitibus
2696 657 2967 714 hwreditas

2204 726 2326 780 data
2355 738 2446 784 est.

2277 798 2410 853 Ibid.
2446 800 2598 867 Quod
2636 801 2967 855 invalidiori-

2206 869 2297 923 bus
2325 870 2580 925 exhibent.

2278 940 2410 998 Ibid.
2460 941 2702 1009 Paci/Scis
2754 941 2851 998 Dei
2896 944 2968 997 si-

2205 1011 2443 1085 militudo
2473 1021 2714 1084 tanquam
2743 1015 2967 1085 perfecte

2203 1083 2516 1152 sapientibus
2576 1083 2582 1084 “
2609 1083 2962 1154 formamque,

2204 1161 2308 1209 CIC.

2273 1223 2337 1278 Ν.
2369 1224 2455 1278 14.
2482 1223 2610 1278 Cum
2638 1226 2960 1295 maledicere,

2204 1294 2301 1349 hoc
2325 1295 2393 1349 sit
2417 1298 2614 1350 malum
2640 1298 2828 1351 dicere.

3663 329 3803 393 I230

3110 444 3194 525 Id._
3244 445 3517 525 Tanquam
3581 463 3800 525 purgato

3037 517 3221 599 mentis
3282 520 3431 573 oculo
3495 536 3600 593 quo
3663 517 3804 580 ἆτ’κί

3038 598 3217 658 possit.

3112 659 3189 712 Id.
3226 660 3460 743 Δρίὶιὶιιιη
3511 662 3793 723 luereditas

3040 740 3295 799 competit.

3074 801 3191 885 "Id.
3220 801 3371 885 Quod
3402 806 3502 875 ipsi
3526 805 3803 862 inualidio-

3039 873 3179 926 ribus
3206 873 3460 927 exhibent.

3112 943 3187 996 Id.
3224 943 3439 1012 Paciﬁci
3464 946 3716 1003 dicuntur
3742 951 3804 1012 li-

3039 1015 3098 1068 lii
3125 1012 3240 1081 Dei,
3275 1016 3342 1068 ad
3381 1017 3799 1084 similitudinem,

3038 1095 3281 1161 tanquam
3331 1090 3546 1161 perfecti
3598 1092 3803 1161 sapien-

3038 1165 3132 1223 tes,
3167 1158 3400 1227 formati.
3426 1168 3531 1214 etc.

3111 1228 3184 1281 Id.
3216 1227 3346 1281 Cum
3374 1230 3687 1287 maledicere
3711 1232 3805 1289 hoc

3033 1298 3100 1351 sit
3126 1300 3262 1369 quod
3288 1300 3479 1354 malum
3505 1303 3695 1358 dicere.

2832 1383 2960 1423 ΙΒΕΙ
2998 1383 3177 1424 LIBER.

2273 1456 2406 1512 Pars
2434 1457 2552 1527 ejus
2580 1457 2774 1513 iterum
2816 1457 3010 1528 legitur
3039 1474 3068 1513 a
3116 1460 3223 1516 line
3275 1477 3329 1516 n.
3384 1460 3486 1529 2i,
3524 1462 3598 1519 ad
3638 1461 3801 1523 linem

2202 1562 2257 1603 ιι.
2288 1548 2359 1604 28
2381 1549 2435 1603 in
2468 1550 2606 1603 Bibl.
2638 1550 2917 1618 Laurent.,
2950 1552 3087 1621 plut.
3112 1567 3245 1619 xvu,
3269 1553 3365 1608 fol.
3391 1554 3521 1611 220.

2274 1642 2414 1696 Edit.
2444 1642 2509 1697 N.
2532 1640 2622 1695 ‘22.
2664 1641 2733 1695 Et
2770 1644 2883 1696 ideo
2912 1643 2957 1696 si

2203 1711 2359 1767 levius
2378 1722 2451 1768 est
2471 1729 2613 1767 reum
2633 1729 2739 1767 esse
2755 1714 2957 1784 judicio

2200 1798 2354 1850 quam
2394 1801 2540 1838 reum
2568 1800 2674 1839 esse
2704 1786 2955 1851 concilio;

2198 1852 2317 1909 item
2347 1855 2521 1916 levius,
2556 1865 2661 1910 etc.

2269 1925 2331 1980 N.
2366 1924 2457 1981 26.
2490 1925 2557 1979 Et
2599 1926 2725 1981 uade
2747 1966 2762 1991 ,
2817 1926 2961 1994 prius

2194 1996 2529 2052 reconciliare
2558 1997 2712 2067 fratri
2739 2006 2846 2052 tuo.

3098 1643 3231 1699 Cod.
3282 1643 3411 1700 Ideo
3459 1648 3595 1701 sicut
3635 1650 3795 1704 levius

3028 1724 3101 1769 est
3122 1732 3267 1769 reum
3286 1732 3396 1771 esse
3415 1719 3623 1789 judicio
3645 1736 3794 1787 quam

3028 1801 3171 1867 reum
3202 1803 3312 1843 esse
3338 1789 3588 1855 concilio,
3628 1792 3699 1845 ita
3722 1793 3794 1845 le-

3038 1872 3174 1923 vius,
3204 1867 3310 1913 etc.

3105 1926 3287 2002 ιάηει
3309 1931 3436 1984 vade
3456 1932 3604 2002 prius
3625 1948 3793 1988 recon-

3034 1999 3202 2053 ciliari
3230 2002 3385 2069 fratri
3413 1999 3522 2056 tuo.

2878 2104 3033 2144 LIBER
3072 2104 3131 2144 II.

2206 2148 2212 2156 '
2264 2181 2482 2254 Legitur
2501 2181 2746 2251 quaedam
2786 2182 2902 2251 ejus
2932 2196 3057 2252 pars
3077 2222 3094 2249 ,
3124 2197 3318 2254 nempe
3346 2200 3377 2240 a
3408 2202 3465 2241 ιι.
3506 2187 3578 2244 46
3606 2202 3793 2246 versus

2196 2273 2361 2328 ﬁnem
2387 2288 2558 2343 usque
2596 2275 2663 2329 ad
2709 2272 3055 2344 penultimam
3096 2277 3426 2332 sententiam
3471 2296 3527 2333 ιι.
3580 2280 3683 2348 58,
3740 2281 3792 2337 in

2195 2364 2337 2422 Bibl.
2366 2365 2621 2422 Laurent.
2657 2366 2787 2434 plut.
2820 2380 2946 2431 xvu,
2979 2364 3104 2420 cod.
3131 2382 3321 2435 xxxvr,
3353 2368 3449 2425 fol.
3481 2369 3617 2426 255.

2267 2458 2411 2513 Edit.
2436 2457 2500 2512 Ν.
2516 2457 2604 2513 49.
2629 2457 2751 2512 Νοη
2774 2458 2957 2512 habere

2194 2529 2599 2583 sollicitudinem
2640 2530 2826 2584 anima:
2871 2546 2955 2584 ve-

2193 2608 2334 2654 strte.

2266 2670 2400 2726 Ibid.
2435 2670 2501 2725 Et
2523 2673 2591 2726 ad
2612 2672 2724 2742 ipsa
2750 2673 2959 2742 conqui-

2194 2744 2356 2813 renda
2394 2754 2572 2798 nostra
2600 2746 2959 2813 detorquentur

2193 2812 2427 2868 intentio.

2265 2882 2330 2937 N.
2363 2883 2450 2937 5‘2.
2486 2884 2598 2940 Nec
2627 2886 2876 2942 Salomon
2900 2886 2954 2940 in

2194 2955 2332 3009 omni
2360 2956 2525 3028 gloria
2545 2973 2639 3011 sua
2659 2958 2733 3011 sic
2752 2958 2956 3011 vestitus

2266 3096 2328 3151 N.
2367 3095 2459 3154 56.
2510 3095 2689 3153 Nolite
2732 3097 2957 3167 cogitare

2196 3165 2261 3223 de
2284 3170 2527 3223 crastino.

2268 3239 2334 3294 Ν.
2380 3237 2471 3297 57.
2521 3240 2589 3295 1η
2636 3242 2741 3296 illis
2788 3249 2958 3294 autem

2196 3310 2369 3365 diebus
2400 3312 2765 3367 descenderunt
2790 3312 2853 3366 ab
2876 3309 2961 3367 Je-

2197 3382 2488 3452 rosolymis.

2266 3451 2399 3507 Ibid.
2456 3451 2670 3508 Famem
2717 3471 2957 3525 magnam

2194 3525 2424 3592 futuram
2450 3525 2504 3577 in
2531 3533 2766 3580 universo
2802 3542 2954 3581 mun-

2195 3592 2284 3663 do,
2327 3610 2441 3661 qute
2479 3604 2528 3649 et
2574 3596 2713 3663 facta
2749 3606 2823 3652 est
2859 3596 2952 3652 sub

2194 3661 2411 3718 Claudio
2473 3661 2692 3723 Caesare.
2741 3669 2953 3723 Discen-

2194 3735 2322 3807 tium
2334 3745 2501 3789 autem
2514 3745 2567 3788 ut
2581 3739 2789 3807 quisque
2800 3738 2952 3795 abun-

2192 3804 2361 3870 dabat,
2395 3804 2678 3862 statuerunt
2698 3804 2949 3880 unusqui-

2189 3891 2312 3945 sque
2336 3892 2509 3931 eorum
2537 3880 2591 3931 in
2616 3881 2950 3935 ministerium

2191 3950 2385 4019 mittere
2396 3948 2696 4019 presbyteris
2712 3953 2948 4006 habitan-

2189 4016 2319 4091 tibus
2347 4020 2401 4071 in
2424 4016 2615 4091 Judea
2664 4023 2908 4091 fratribus
2926 4064 2942 4090 ,

3106 2458 3238 2514 Cod.
3266 2460 3388 2515 Non
3420 2461 3609 2516 habere
3650 2463 3794 2518 solli-

3030 2529 3309 2585 citudinem
3349 2535 3405 2585 in
3448 2534 3683 2589 animam
3720 2551 3792 2591 ue-

3031 2611 3215 2655 stram.

3102 2672 3178 2725 Id.
3211 2672 3278 2726 Et
3291 2675 3358 2727 ad
3378 2674 3481 2728 ista
3500 2681 3793 2742 conquiren-

3031 2741 3100 2796 da
3126 2743 3488 2804 detorqueatur
3509 2741 3753 2805 intentio.

3102 2883 3180 2940 Id.
3206 2884 3320 2942 Nec
3342 2886 3597 2944 Salomon
3623 2892 3673 2943 in
3699 2908 3783 2946 om

3030 2956 3085 3007 ui
3106 2956 3273 3026 gloria
3301 2974 3398 3013 sua
3418 2962 3491 3013 sic
3518 2974 3792 3033 coopertus

3028 3036 3125 3080 est.

3103 3098 3179 3154 Id.
3206 3097 3384 3154 Nolite
3422 3118 3542 3169 ergo
3584 3104 3792 3160 solliciti

3029 3185 3140 3223 esse
3166 3170 3232 3223 de
3256 3172 3502 3227 crastino.

3103 3240 3180 3296 Id.
3204 3239 3270 3294 In
3292 3242 3396 3295 illis
3421 3252 3591 3297 autem
3613 3247 3790 3302 diebus

3028 3324 3426 3382 superuenerunt
3450 3316 3515 3368 ab
3526 3313 3785 3389 Jerosoly-

3028 3398 3133 3437 ma.

3100 3454 3180 3510 Id.
3214 3454 3413 3529 amen
3442 3474 3681 3529 magnam
3706 3464 3788 3529 fl-

3027 3536 3199 3581 turam
3246 3528 3300 3580 in
3348 3528 3583 3582 uniuerso
3633 3528 3786 3598 orbe,

3024 3614 3140 3668 qua:
3165 3608 3211 3651 et
3240 3599 3380 3667 facta
3407 3610 3483 3653 est
3510 3603 3602 3654 sub
3630 3600 3782 3656 Clau-

3024 3671 3132 3724 dio.
3152 3669 3410 3731 Discipuli
3424 3680 3617 3739 autem,
3634 3685 3783 3739 prout

3022 3742 3234 3823 quisque
3252 3740 3486 3823 habebat,
3500 3750 3782 3823 statuerunt

3021 3811 3077 3867 in
3100 3811 3437 3865 ministerium
3465 3814 3661 3866 mittere
3688 3815 3782 3867 ha-

3023 3882 3298 3937 bitantibus
3320 3881 3373 3935 in
3393 3881 3580 3937 Iudaea
3604 3886 3782 3953 fratri-

3020 3953 3136 4019 bus,
3162 3954 3299 4024 quod
3322 3962 3370 4006 et
3397 3959 3622 4024 fecerunt
3657 3956 3782 4008 mit-

3020 4022 3183 4079 tentes
3196 4040 3288 4091 per
3313 4022 3493 4079 manus
3522 4022 3781 4083 Barnaba

2186 4089 2276 4161 qui
2302 4090 2604 4161 etmiserunt
2617 4089 2705 4161 per
2734 4089 2946 4149 manum
3017 4106 3066 4150 et
3096 4089 3265 4152 Sauli.

2185 4156 2439 4215 Barnabte
2468 4170 2514 4215 et
2548 4156 2720 4216 Sauli.

2262 4230 2393 4285 Ibid.
2454 4231 2525 4287 Ut
2576 4233 2756 4288 habeat
2810 4236 2947 4292 unde

2186 4300 2402 4356 tribuere
2427 4304 2511 4357 cui
2548 4319 2676 4374 opus
2705 4316 2798 4360 est.

2180 4441 2391 4569 mf’bid.
2420 4443 2675 4516 Respicite
2713 4448 2943 4505 volatilia

3094 4237 3171 4294 Id.
3200 4236 3268 4293 Ut
3306 4237 3491 4293 habeat
3518 4240 3655 4295 unde
3682 4242 3776 4295 tri-

3019 4311 3137 4364 buat
3151 4311 3235 4364 cui
3252 4325 3382 4379 opus
3402 4322 3494 4365 est.
3514 4309 3632 4365 Vid.
3656 4326 3771 4368 var.

3016 4381 3184 4436 Maur.

3088 4451 3166 4525 Id.
3187 4451 3456 4522 Respicite,
3482 4454 3663 4525 inquit,
3684 4469 3775 4509 vo-

3014 4523 3179 4578 latilia
3209 4526 3319 4579 caeli
3326 4565 3338 4577 .

2528 4632 2595 4688 IN
2633 4633 2911 4694 JOANNIS
2950 4638 3417 4697 EVANGELIUII.

2701 4743 3005 4786 TRAC'I'A'I‘US
3042 4748 3253 4788 ιδιιιιιυε.

2255 4816 2468 4892 Legitur
2497 4819 2547 4872 in
2582 4820 2717 4892 Bibl.
2752 4820 2938 4889 Laur.,
2966 4824 3098 4892 plut.
3134 4841 3243 4879 xxx
3273 4826 3479 4891 sinist.,
3511 4825 3605 4881 fol.
3633 4826 3703 4881 60
3728 4829 3761 4882 ι

2179 4902 2211 4943 ιι
2232 4903 2287 4943 ιι.
2322 4889 2349 4944 1
2384 4903 2572 4945 versus
2600 4890 2806 4947 initium
2834 4889 3003 4964 usque
3025 4894 3093 4950 ad
3118 4911 3178 4951 ιι.
3207 4897 3265 4951 11
3294 4889 3481 4951 versus
3503 4898 3763 4957 medium.

2251 4980 2396 5057 Edit.
2423 4981 2487 5036 N.
2510 4981 2564 5038 2.
2598 4982 2727 5057 Qui:
2750 4995 2822 5041 est
2838 4990 2932 5057 ju-

2175 5122 2322 5192 piunt
2340 5124 2365 5177 Ρ

2247 5193 2379 5249 Ibid.
2409 5196 2484 5249 Ab
2519 5197 2635 5266 ipsa
2676 5198 2929 5268 sapientia

2174 5263 2577 5321 illustrarentur.

2240 5336 2305 5391 N.
2336 5338 2388 5391 3.
2425 5337 2539 5404 Quo
2581 5341 2791 5406 quisque
2833 5356 2927 5395 na-

3075 4989 3210 5043 Cod.
3250 4990 3377 5056 Qum
3397 4999 3469 5044 est
3494 4992 3591 5043 ista
3616 4993 3769 5059 justi-

1311 5050 1414 5107 tur,
1455 5043 1601 5131 Beati
1634 5050 1723 5131 qui
1769 5043 2072 5131 persecutio-
2178 5052 2318 5131 stitia
2344 5069 2527 5131 -quam
2582 5043 2736 5111 colles
2796 5043 2931 5112 ἀεὶ·
3003 5059 3076 5115 tia
3101 5043 3438 5131 quam~colles
3461 5043 3765 5131 excipiunt?

3071 5201 3148 5256 Id.
3162 5202 3238 5255 Ab
3251 5203 3362 5273 ipsa
3372 5203 3627 5274 sapientia
3642 5203 3760 5259 illu-

3001 5272 3339 5329 minarentur.

3072 5342 3151 5397 Id.
3195 5344 3308 5408 Quo
3351 5346 3560 5415 quisque
3586 5348 3759 5399 norim

2167 5408 2269 5461 vim
2299 5422 2417 5461 cum
2455 5410 2744 5479 impulerit,
2772 5410 2928 5466 solvi-
3000 5429 3115 5469 cum
3142 5408 3424 5486 impulerit,
3444 5408 3682 5471 solvetur.

2166 5486 2305 5604 ΜΝ.
2357 5547 2410 5603 4.
2473 5549 2596 5605 Non
2642 5552 2925 5608 ualentibus

2164 5620 2424 5691 percipere
2445 5636 2559 5691 qua:
2583 5632 2700 5678 sunt
2730 5622 2848 5678 Dei.

2326 5761 2381 5817 7.
2409 5762 2518 5821 Sed
2548 5768 2681 5835 forte
2707 5764 2804 5822 hoc
2837 5767 2918 5821 di-

2164 5841 2307 5890 cetis.

3071 5555 3148 5610 Id.
3179 5554 3301 5611 Non
3332 5556 3615 5627 valentibus
3641 5573 3758 5627 per-

2994 5626 3162 5749 cDipere
3200 5643 3317 5698 qum
3361 5637 3478 5683 sunt
3524 5626 3757 5698 Spiritus

3046 5712 3111 5749 ei.

3046 5712 3111 5752 ει.

3020 5838 3033 5849 ⁸
3067 5768 3145 5826 Id.
3178 5768 3285 5827 Sed
3311 5769 3443 5841 forte
3482 5771 3577 5825 hoc
3622 5768 3754 5822 dici-

2993 5848 3077 5895 ιιι.
