4012 6338
307 411 436 469 1201

378 526 513 585 Ibid.
570 526 734 593 Quale
775 540 862 579 eor
908 524 1063 588 levet,

306 602 476 664 videat
502 614 521 662 ;
548 599 671 669 quia
695 595 763 649 ad
788 594 1067 650 Dominum

305 672 457 727 levat.

378 742 445 796 Ν.
477 741 531 796 8.
561 739 701 811 Ergo
728 750 775 793 et
806 737 904 792 Dei
932 735 1066 790 Ver-

308 812 426 866 bum
474 810 652 866 sonuit
697 818 744 863 et
807 816 1064 878 peractum

309 883 426 937 est?
451 880 716 947 Quomodo
737 880 926 942 omnia,
956 886 1060 933 etc.

380 950 515 1007 Ibid.
557 950 753 1018 Manet,
776 951 871 1004 hoo
900 961 1067 1002 trans-

309 1024 544 1078 euntibus
571 1023 728 1076 sonis.

376 1092 442 1148 N.
492 1093 544 1148 9.
602 1092 795 1147 Videtis
833 1108 946 1161 quae
986 1099 1061 1145 ta-

307 1180 469 1231 ceam,
493 1181 557 1219 ne
584 1165 692 1230 diu,
721 1170 827 1218 etc.

1542 404 1922 464 LECTIONES
1962 406 2373 465 VABIANTES.

1209 522 1287 578 Id.
1322 524 1486 589 Quale
1506 539 1618 599 _cor
1658 524 1780 599 levet
1821 523 1895 599 υἱτ
1920 519 1972 579 Δ
1999 532 2111 577 cata
2138 522 2385 594 gemenda
2405 561 2421 588 ,
2439 524 2754 595 jejunande.
2832 524 3078 599 gemenda
3102 566 3117 592 ,
3148 524 3461 597 ptenitendo,
3499 544 3589 599 je-

1138 594 1274 657 deat,
1302 605 1347 649 et
1371 611 1469 664 quo
1497 595 1656 660 levet;
1677 594 1799 665 quia
1821 595 1887 647 ad

1138 665 1418 719 Dominum
1437 666 1585 721 levat.

1211 736 1288 791 Id.
1328 736 1468 807 Ergo
1506 738 1551 791 si
1589 747 1638 792 et
1672 737 1894 791 Verbum

1138 805 1237 860 Dei
1292 805 1458 862 sonuit
1484 848 1499 873 ,
1533 818 1580 862 et
1629 820 1893 878 peractum

1137 886 1240 943 est,
1271 881 1527 949 quomodo
1550 882 1752 945 omnia,
1785 891 1888 934 etc.

1205 949 1283 1003 Id.
1324 949 1535 1004 Manent
1582 950 1691 1005 haec
1726 961 1895 1006 trans-

1135 1022 1367 1074 euntibus
1395 1022 1554 1075 sonis.

1208 1092 1282 1144 Id.
1298 1089 1597 1161 Jubetisque
1609 1101 1664 1147 ut
1678 1102 1868 1149 taceam
1877 1137 1891 1162 ,

1134 1177 1198 1216 ue
1217 1163 1328 1230 diu,
1358 1170 1461 1219 etc.

892 1270 1202 1311 TBACTA'I'US
1240 1270 1311 1310 IV.

382 1351 603 1421 Legitur
632 1351 688 1405 in
716 1348 853 1405 Bibl.
880 1347 1068 1413 Laur.,
1100 1348 1236 1417 plut.
1277 1364 1381 1403 xxx
1401 1390 1417 1417 ,
1448 1348 1651 1417 sinist.,
1677 1349 1799 1406 eod.
1831 1351 1893 1417 I,

308 1442 402 1498 t'ol.
435 1444 526 1511 97,
555 1458 585 1499 a
617 1460 673 1499 η.
706 1444 776 1499 10
795 1457 964 1513 usque
995 1442 1061 1497 ad
1085 1441 1266 1497 linem.

380 1538 525 1593 Edit.
564 1539 625 1592 Ν.
660 1537 749 1592 10.
787 1535 1065 1591 Peccatum

308 1611 508 1663 mundi.
541 1609 663 1664 Jam
689 1607 953 1663 intendite.

1184 1578 1196 1590 .
1208 1536 1342 1593 Cod.
1409 1539 1625 1594 Peccata
1695 1539 1895 1594 mundi.

1145 1605 1295 1662 Unde
1324 1612 1429 1671 iam
1473 1612 1744 1665 intendite.
1771 1610 1893 1663 Vid.

1139 1693 1252 1735 var.
1290 1681 1457 1735 Maur.
1493 1682 1670 1736 Codex
1715 1690 1898 1736 noster

313 1748 476 1807 habet
496 1765 710 1822 semper
742 1758 947 1821 peccata
990 1764 1087 1820 pro
1115 1761 1398 1819 peccatum,
1423 1752 1565 1822 quod
1597 1752 1821 1807 habetur
1842 1753 1897 1808 in

310 1822 511 1948 edIIiid.
535 1892 641 1975 Sed
660 1895 772 1964 quis
786 1895 1027 1975 innocens
1041 1892 1067 1945 .’

309 1974 557 2034 quantum
585 1966 866 2019 innocens?

383 2034 513 2089 Ibid.
545 2034 731 2091 Omnes
759 2052 821 2091 ea:
842 2036 934 2090 illa
956 2045 1063 2088 tra-

309 2105 458 2160 duce.
479 2163 482 2166 ,

381 2176 517 2261 Ibid.
586 2177 801 2233 Carnem
869 2188 1065 2235 tantum

637 2321 764 2376 Cum
804 2323 870 2375 sit
915 2304 1065 2375 homo

306 2390 417 2459 ipse
442 2390 619 2461 plenus
645 2402 870 2464 peccato.

379 2461 442 2514 N.
477 2463 562 2517 12.
605 2460 845 2517 Intendat
890 2464 1061 2517 modi-

308 2502 903 2589 ευῖιίὀὶιῖιὲίὶάὲ’ἷνὲἔι“ἓὶι.’

379 2601 442 2657 Ν.
483 2603 566 2658 it.
606 2605 673 2659 Ut
701 2607 819 2659 auia
845 2605 907 2659 ill

429 2642 446 2686 ε
483 2621 566 2658 ιιι.
606 2621 673 2659 Ut
701 2622 819 2676 quia
845 2621 933 2659 tlle
970 2621 1061 2659 su-

306 2682 466 2744 scepit
495 2691 525 2727 (ι
553 2692 717 2732 servo.

315 2822 326 2828 Δ
384 2745 517 2828 Ibid.
548 2746 678 2828 Quis
710 2756 941 2802 nostrum
973 2763 1065 2815 po-

307 2822 485 2890 testea;
500 2819 679 2890 aliqua
700 2830 842 2890 parte
864 2836 1065 2887 compa-

309 2888 419 2940 rari
447 2887 647 2943 Christo
661 2887 709 2944 ?'
1036 2925 1041 2934 ι

382 2958 515 3032 Ibid.
547 2959 630 3014 Ne
658 2962 838 3015 melior
881 2961 1065 3032 baptis-

312 3043 424 3082 mus
452 3027 669 3084 Joannis
693 3027 967 3086 videretur.

380 3099 444 3154 N.
476 3100 563 3155 16.
596 3101 656 3156 Si
683 3106 813 3157 enim
841 3121 944 3158 nou
976 3121 1066 3159 no-

308 3180 450 3245 verat
490 3188 601 3245 eum
642 3189 673 3227 a
723 3191 821 3245 quo
869 3175 1066 3230 volebat

310 3239 578 3309 baptizari.

318 3322 323 3329 ‘
382 3312 518 3387 Ibid.
534 3313 593 3370 Si
615 3317 729 3387 jam
752 3315 1065 3386 baptizatum

310 3386 561 3455 cognovit.

875 3521 1187 3563 TRAGTATUS

1459 1895 1595 1984 “quis
1624 1896 1884 1984 innocens,
1919 1924 1968 1984 Β

1136 1974 1226 2019 aut
1247 1979 1489 2031 quantum
1517 1968 1759 2021 innocens
1773 1967 1799 2018 ?

1209 2036 1287 2090 Id.
1336 2038 1521 2092 Omnes
1562 2054 1626 2092 ea:
1671 2037 1766 2091 illa
1810 2055 1896 2092 ra-

1138 2107 1267 2160 dice.

1176 2123 1267 2161 Ife.

1209 2179 1284 2233 Id.
1315 2178 1532 2235 Carnem
1569 2188 1771 2234 tantum
1806 2195 1893 2235 as-

1136 2250 1369 2320 sumpsit.

1168 2371 1180 2383 ,
1209 2320 1281 2374 Id.
1336 2321 1463 2376 Cum
1502 2324 1567 2376 sit
1620 2323 1708 2378 ille
1746 2323 1895 2378 homo

1139 2393 1314 2462 plenus
1334 2403 1559 2462 peccato.

1174 2518 1185 2529 ,
1211 2463 1288 2518 Id.
1320 2460 1569 2519 lntendat
1598 2460 1749 2521 modo
1771 2466 1894 2519 cha-

1136 2536 1260 2588 ritas
1286 2546 1466 2591 vestra.

1209 2606 1285 2659 Id.
1314 2605 1380 2661 Ut
1404 2607 1544 2677 quod
1565 2608 1653 2663 ille
1675 2609 1897 2680 suscepit

1135 2693 1167 2730 a
1194 2692 1357 2732 servo.

1209 2747 1285 2822 Id.
1328 2748 1453 2822 Quis
1480 2760 1702 2806 vestrum
1731 2759 1897 2822 potest

1135 2820 1373 2884 exaltari,
1388 2831 1475 2874 aut
1485 2839 1551 2893 ea;
1569 2820 1741 2890 aliqua
1754 2834 1897 2893 parte

1139 2893 1426 2958 comparari
1454 2892 1693 2947 Christo?

1204 2962 1306 3046 Id.'
1347 2961 1431 3016 Ne
1452 2966 1646 3046 .maj‘or
1700 2965 1895 3033 baptis-

1139 3050 1252 3088 mus
1271 3031 1490 3088 Joannis
1514 3031 1792 3091 videretur.

1214 3105 1290 3159 Id.
1313 3104 1373 3160 Si
1400 3108 1536 3159 enim
1562 3123 1664 3160 non
1690 3116 1896 3161 noverat

1137 3191 1254 3258 eum
1305 3192 1337 3229 a
1382 3193 1482 3245 quo
1524 3175 1683 3231 voluit
1731 3178 1899 3249 bapti-

1137 3263 1246 3301 κατι
1254 3284 1268 3299 ο

1212 3317 1290 3392 Id.
1340 3318 1401 3373 Si
1430 3319 1546 3391 jam
1583 3318 1897 3392 baptizatum
1926 3321 1972 3384 C

1143 3388 1416 3444 Dominum
1431 3388 1695 3460 cognovit.

385 3595 604 3666 Legitur
623 3598 674 3653 in
703 3597 842 3655 Bibl.
875 3600 1068 3669 Mugel.
1099 3599 1222 3654 cod.
1251 3615 1339 3653 xv:
1367 3641 1382 3667 ,
1418 3600 1511 3653 fol.
1544 3600 1633 3666 57,
1672 3615 1700 3654 a
1732 3617 1788 3657 n.
1832 3600 1895 3657 11

312 3702 500 3745 versus
532 3690 689 3746 ﬁnem
714 3708 884 3762 usque
910 3694 977 3747 ad
1000 3692 1269 3748 sermonis
1302 3694 1617 3748 terminum.

318 3830 319 3833 η
384 3780 527 3837 Edit.
568 3781 635 3836 N.
676 3784 764 3841 11.
812 3784 1069 3838 Επαιιαυῐι

311 3863 595 3921 serpentem
630 3853 686 3907 in
728 3870 895 3908 eremo
918 3896 933 3920 ,
995 3855 1070 3908 ita

311 3930 416 3979 CIC.

382 3992 517 4050 Ibid.
550 3993 655 4050 Hic
697 4005 864 4051 autem
907 3998 979 4050 ait
1016 4005 1070 4051 ut

312 4057 531 4118 habeant
560 4068 711 4120 vitam
732 4078 994 4123 azternam.

382 4135 447 4190 Ν.
463 4135 547 4211 1-2.
566 4136 766 4192 Sanare
776 4142 904 4193 venit
921 4156 1075 4211 agro-

312 4214 441 4262 tum.
470 4206 593 4277 Ipse
612 4227 692 4273 se,
720 4219 825 4265 etc.

387 4278 519 4333 Ibid.
541 4279 678 4346 Quid
700 4282 1075 4349 dicturumspe—

311 4364 399 4422 ras
438 4350 560 4415 nisi,
596 4352 904 4422 judicatur?
926 4351 1069 4419 lam,

313 4421 500 4490 inquit,
517 4422 787 4491 judicatus
810 4435 904 4478 est.

388 4562 520 4619 Ibid.
534 4563 709 4646 .Novit
733 4567 868 4646 enim
896 4566 1077 4646 Domi-

308 4650 418 4761 ’ἔω
458 4639 545 4703 qui
588 4645 709 4691 sunt
736 4639 884 4708 ejus;
914 4640 1071 4702 novit,

371 4722 419 4762 c.

392 4848 524 4906 Ibid.
563 4850 737 4919 Quare
756 4851 1028 4921 judicatus
1051 4855 1076 4907 ?

322 4922 446 4993 quia
475 4938 578 4975 non
606 4922 850 4979 credidit.

388 5063 453 5118 N.
505 5062 588 5118 15.
646 5063 911 5129 Quomodo
960 5066 1075 5134 qui-

320 5134 441 5189 dam
462 5151 591 5206 opus
624 5135 808 5189 bonum
824 5139 1073 5206 fecerunt,

317 5215 374 5260 ut
401 5204 642 5259 venirent.
826 5204 831 5206 ⁷
899 5262 903 5266 ,

390 5275 521 5329 Ibid.
538 5274 643 5329 Eos
660 5286 805 5330 sanat
820 5279 908 5348 qui
922 5280 1077 5335 morsi

319 5348 542 5418 fuerant.

390 5418 524 5500 Ibid.
550 5416 620 5500 Si.
655 5426 718 5500 et
729 5428 783 5472 tu
825 5436 1036 5477 accusas
1057 5463 1073 5490 ,

323 5488 647 5572 coniungeris
674 5488 803 5544 Deo.

393 5559 528 5615 Ibid.
561 5560 682 5615 Non
712 5568 760 5615 te
784 5563 988 5618 adulas.

394 5771 455 5858 Pl.
513 5771 615 5855 14..
659 5772 923 5858 Paulatim
988 5795 1077 5858 per

322 5853 570 5899 sentinam
598 5853 774 5900 intrat.

398 5913 530 5968 Ibid.
579 5912 663 5970 Ne
708 5916 922 5973 obruant
956 5935 1075 5991 pee-

1216 3782 1351 3838 Cod.
1379 3782 1652 3856 Ercultavit
1691 3800 1902 3856 serpen-

1147 3861 1244 3907 tem
1269 3856 1324 3907 in
1353 3854 1574 3922 deserto,
1604 3857 1676 3910 sic
1697 3854 1803 3912 etc.

1219 3996 1293 4052 Id.
1327 3997 1399 4051 Ηὶ
1421 4006 1589 4052 autem
1613 4006 1664 4051 ut
1684 3997 1904 4053 habeant

1144 4067 1299 4120 vitam
1318 4078 1580 4125 aeternam.

1219 4137 1294 4192 Id.
1342 4139 1542 4195 Sanare
1576 4142 1708 4196 venit
1737 4156 1906 4210 aegro-

1145 4216 1273 4264 tum.
1297 4210 1401 4266 Sed
1425 4212 1532 4276 ipse
1554 4229 1626 4277 se,
1658 4222 1762 4267 etc.

1217 4281 1293 4335 Id.
1323 4282 1460 4347 Quid
1497 4283 1750 4337 dicturum
1791 4299 1907 4350 spe-

1145 4368 1250 4417 ras,
1280 4354 1399 4418 nisi,
1415 4354 1717 4423 judicetur?
1742 4355 1909 4408 Addi-

1147 4432 1293 4496 turus
1341 4432 1480 4490 erat;
1512 4426 1660 4496 jam,
1702 4426 1905 4494 inquit,

1147 4495 1406 4564 judicatus
1430 4495 1523 4550 est.

2068 664 2201 719 Ibid.
2220 664 2301 739 “In
2328 666 2473 722 rebus
2497 667 2755 739 prosperis

1998 751 2062 789 ne
2090 737 2325 793 extollat.

3452 412 3587 470 I202

2819 598 3079 666 junando.

2902 669 2977 723 Id.
3009 667 3075 721 In
3104 668 3253 741 rebus
3287 668 3545 741 prosperis
3563 708 3583 735 ,

2826 755 2888 793 ne
2908 748 2954 793 te
2979 740 3201 797 extollat.

2561 844 2875 886 TRAC'I'ATUS
2913 845 3023 885 XVI.

2071 920 2285 992 Legitur
2311 922 2363 977 in
2390 921 2529 978 Bibl.
2553 922 2718 979 Laur.
2745 924 2880 994 plut.
2914 940 3050 991 xvu,
3075 938 3194 980 con.
3222 941 3312 993 XL,
3340 926 3430 980 fol.
3457 926 3582 992 121,

1998 1022 2050 1067 et
2078 1013 2213 1081 plut.
2248 1028 2408 1083 xvm,
2452 1013 2573 1068 cod.
2623 1030 2784 1083 xxw,

2836 1015 2930 1069 fol.
2962 1017 3065 1071 159
3095 1016 3149 1082 b,
3178 1032 3209 1071 a
3242 1032 3296 1071 n.
3330 1017 3364 1071 '5
3392 1033 3583 1073 versus

1999 1104 2231 1158 medium
2267 1118 2436 1173 usque
2481 1105 2548 1158 ad
2589 1104 2750 1159 linem
2790 1106 2967 1175 quoad
3004 1107 3125 1162 cod.
3158 1124 3255 1175 3L;
3289 1110 3408 1164 cod.
3438 1110 3585 1165 enim

1998 1289 2233 1343 conditus
2263 1296 2358 1355 est,
2389 1297 2492 1343 etc.

2072 1379 2212 1434 Edit.
2260 1378 2323 1434 N.
2371 1377 2424 1432 5.
2478 1378 2576 1435 Cor
2624 1380 2761 1450 vim.

1999 1451 2165 1504 dentis
2191 1466 2292 1503 non
2312 1450 2561 1504 videmus.

2069 1520 2203 1575 Ibid.
2229 1519 2296 1574 Et
2336 1522 2521 1575 invenit
2546 1538 2607 1578 ea
2631 1522 2761 1578 hora

2000 1604 2259 1647 sanatum.

2072 1663 2202 1717 Ibid.
2224 1662 2293 1716 Et
2314 1662 2496 1718 domus
2524 1665 2656 1733 ejus.
2679 1665 2761 1721 Ad

1998 1735 2162 1789 solum
2182 1750 2487 1800 sermonem,
2520 1746 2625 1791 etc.

2074 1877 2206 1933 Ibid.
2285 1877 2615 1948 Appellatum
2686 1890 2761 1934 est

1994 1951 2140 2020 quasi
2180 1950 2546 2018 porrodicium.

2069 2090 2199 2147 Ibid.
2281 2091 2403 2146 Nisi
2476 2093 2758 2147 secundum

1878 1260 1890 1271 ς
1998 1209 2125 1249 xxxv
2146 1195 2425 1250 concludit
2452 1205 2577 1250 ante
2605 1196 2721 1251 huic
2765 1198 2925 1253 verba
2949 1214 3098 1255 num.
3123 1201 3155 1254 7
3180 1241 3196 1267 ,
3232 1200 3304 1255 1n
3333 1200 3428 1255 illa
3452 1203 3588 1257 enim

2901 1382 3043 1456 Cod.
3066 1401 3155 1440 xc.
3188 1385 3288 1440 Cor
3317 1385 3589 1456 diﬁidentis

2830 1468 2933 1507 non
2960 1455 3201 1509 vidimus.

2902 1524 2980 1579 Id.
3032 1526 3101 1579 Et
3141 1527 3328 1581 invenit
3375 1544 3489 1582 eum
3525 1543 3589 1582 ea

2833 1595 2960 1660 hora
2988 1608 3245 1652 sanatum.

2905 1667 2982 1740 Id.
3015 1667 3084 1722 Et
3113 1674 3293 1724 domus
3320 1672 3432 1740 ejus
3463 1678 3588 1725 tota.

2832 1736 2915 1864 ad
2958 1740 3122 1794 solum
3145 1744 3255 1813 ejus
3281 1736 3587 1809 sermonem,

2890 1824 2940 1864 c.

2832 1823 2940 1864 θιο.

2903 1881 2983 1936 Id.
3054 1881 3402 1949 Prodicium;
3467 1883 3591 1939 cod.

2835 1967 2967 2007 xxw
2988 2024 3001 2026 _
3017 1956 3405 2026 _porrodigium.
3468 1953 3591 2011 Vid.

2834 2037 2948 2078 var.
2986 2024 3152 2082 Maur.

2902 2094 3034 2150 Cod.
3054 2114 3144 2152 XL.
3168 2097 3288 2151 Nisi
3305 2097 3590 2151 secundum

1996 2178 2202 2216 carnem
2250 2178 2405 2233 quam
2457 2165 2648 2233 accepit
2702 2165 2756 2219 in
2828 2180 3033 2238 carnem
3054 2184 3212 2238 quam
3234 2168 3591 2237 accepitano-

1996 2240 2151 2287 terra.

2067 2301 2207 2357 Ibid.’
2221 2302 2450 2372 Denique
2478 2303 2557 2357 illi
2585 2306 2757 2359 ambu-

1999 2372 2186 2427 lantem
2243 2373 2523 2427 Dominum
2576 2374 2608 2427 ,Ι
2615 2391 2754 2430 esum

1996 2444 2051 2499 in
2086 2454 2224 2498 terra
2257 2445 2622 2514 facientemque
2656 2451 2757 2501 mi-

1996 2516 2288 2571 racula.....
2319 2516 2575 2581 viderunt,
2592 2526 2638 2569 et
2652 2518 2755 2586 vix,

1998 2594 2104 2641 etc.
2161 2586 2169 2596 '

2075 2656 2206 2711 Ibid.
2235 2657 2363 2711 Tam
2411 2658 2556 2711 multi
2595 2660 2761 2714 credi-

1999 2727 2192 2793 dimus,
2217 2744 2328 2798 qua:
2353 2729 2501 2799 signa
2517 2729 2756 2785 vidimus.

2828 2236 2922 2292 bis.

2899 2308 3072 2364 Codd.
3117 2310 3275 2364 ambo
3289 2351 3305 2377 ,
3359 2307 3592 2380 Denique

2827 2378 2908 2432 illi
2959 2380 3192 2435 viderunt
3242 2378 3588 2434 ambulantem

2835 2450 3109 2505 Dominum
3171 2452 3349 2506 Jesum
3399 2452 3591 2519 facien-

2831 2529 3028 2590 temque
3076 2524 3397 2587 miracula..;
3447 2523 3585 2577 vide-

2830 2602 2948 2645 runt
2978 2602 3023 2644 et
3055 2594 3158 2653 vix.
3185 2602 3289 2650 etc.

2904 2662 3035 2721 Cod.
3081 2681 3229 2720 xx1v.
3277 2664 3398 2717 lam
3441 2664 3590 2718 multi

2832 2734 3174 2801 credidimus,
3202 2737 3264 2790 de
3290 2736 3448 2806 signis
3486 2752 3590 2789 non

2832 2806 3153 2876 satagimus;
3178 2808 3242 2862 de
3283 2807 3443 2878 signis
3485 2822 3589 2859 non

2000 2871 2360 2946 conquerimur
2384 2888 2402 2936 ;
2448 2881 2538 2946 aut
2574 2874 2872 2946 _qute_signa
2903 2871 3167 2930 vidimus?
3189 2878 3257 2931 Et
3281 2871 3473 2931 deinde
3498 2891 3603 2946 sug

1999 2942 2145 3019 hilo,
2164 2943 2375 3019 exteris
2401 2942 2635 3019 omissis,
2665 2942 2948 3019 Evangelii)
2975 2948 3304 3016 credidimus,
3330 2957 3442 3019 etc.

2072 3012 2202 3067 Ibid.
2243 3012 2408 3085 Nulla
2434 3017 2583 3085 signa
2626 3016 2759 3070 vidi-

1999 3100 2135 3153 mus,
2169 3082 2317 3137 uulla
2347 3082 2618 3153 exigimus.

2070 3227 2132 3283 N.
2164 3228 2222 3282 4.
2258 3224 2336 3281 De
2380 3237 2527 3298 gente
2570 3230 2765 3284 scilicet

2003 3297 2232 3352 Domini.
2386 3297 2390 3298 ⁷
2696 3350 2705 3365 ,

2074 3370 2206 3425 Ibid.
2238 3368 2308 3423 Et
2344 3372 2483 3441 quod
2507 3370 2760 3426 Dominus

2004 3452 2120 3495 ante
2163 3442 2411 3507 laudavit,
2444 3452 2490 3495 et
2518 3444 2571 3496 in
2618 3444 2760 3498 nobis

2003 3511 2216 3582 implere
2242 3513 2488 3582 dignatus
2519 3522 2612 3568 est.

2076 3584 2141 3637 N.
2176 3583 2229 3638 5.
2273 3583 2386 3655 Ego
2426 3586 2575 3638 venio
2599 3595 2645 3639 et
2674 3602 2764 3639 cu-

2005 3655 2128 3709 rabo
2154 3670 2289 3709 eum.

2079 3793 2213 3850 Ibid.
2270 3795 2419 3862 Quod
2468 3797 2599 3850 dixit
2644 3795 2764 3851 huic

2008 3867 2207 3937 regulo:
2244 3864 2412 3933 Vade,
2443 3876 2547 3922 etc.

2044 3936 2215 4019 Ibid.
2259 3936 2329 3990 Et
2384 3938 2468 3991 ubi
2521 3936 2647 3991 isti?
2697 3937 2761 3994 In

2008 4024 2200 4077 requie.

2083 4078 2215 4133 Ibid.
2256 4077 2321 4132 Ut
2357 4079 2411 4131 in
2438 4078 2658 4133 Abrahae
2696 4080 2765 4133 si-

2011 4166 2135 4204 num
2154 4152 2366 4221 adjutus
2386 4148 2492 4213 ille,
2516 4160 2620 4205 etc.

2083 4291 2147 4346 N.
2203 4289 2255 4344 6.
2315 4290 2448 4356 Quia
2500 4292 2649 4346 multi
2704 4293 2766 4347 ab

2013 4363 2205 4417 oriente
2230 4374 2276 4417 et
2309 4364 2583 4418 occidente.

2085 4505 2219 4561 Ibid.
2254 4504 2393 4560 Doce
2430 4506 2551 4576 quia
2594 4507 2766 4577 princi-

1217 4566 1294 4620 Id.
1344 4565 1501 4620 Novit
1550 4570 1681 4621 enim
1732 4567 1912 4620 Domi—
2014 4576 2215 4631 demur,

1148 4653 1241 4690 nus
1270 4638 1357 4706 qui
1388 4648 1507 4693 sunt
1527 4640 1659 4708 ejus,
1689 4654 1816 4707 quos
1840 4637 1909 4689 ad

1148 4711 1304 4761 vitam
1352 4710 1715 4773 prwordinavit
1761 4718 1907 4761 teter-
1934 4710 1988 4769 D

1149 4794 1297 4843 nam;
1321 4780 1476 4844 novit,
1503 4790 1610 4833 etc.

1220 4849 1297 4903 Id.
1325 4849 1494 4915 Quare
1505 4850 1766 4918 judicatus
1790 4858 1860 4902 est
1882 4851 1905 4903 ?

1155 4920 1291 4986 Quia
1314 4936 1414 4974 non
1444 4920 1623 4977 credit.
1650 4919 1902 4975 Vid.var.

1154 4992 1320 5047 Maur.

1224 5064 1297 5118 Id.
1368 5061 1634 5127 Quomodo
1694 5064 1905 5132 quidam

1150 5136 1339 5189 bonum
1360 5150 1485 5204 Opus
1512 5138 1738 5203 fecerunt
1763 5145 1810 5188 et
1831 5150 1905 5189 ve-

1149 5214 1350 5262 nerunt.

1221 5278 1297 5332 Id.
1329 5275 1525 5348 zEgros
1569 5277 1782 5332 sanabat
1820 5276 1907 5345 qui

1148 5348 1307 5404 marsi
1336 5351 1556 5418 fuerant.

1220 5420 1295 5475 Id.
1355 5420 1417 5473 Si
1465 5431 1511 5474 et
1562 5430 1616 5473 tu
1660 5434 1903 5484 accuses,

1152 5492 1476 5562 conjungeris
1500 5490 1630 5545 Deo.

1228 5563 1304 5617 Id.
1352 5561 1475 5615 Non
1515 5563 1603 5615 tibi
1652 5561 1900 5615 adularis.

1152 5634 1244 5691 Sic
1269 5642 1325 5688 et
1361 5642 1570 5687 veteres
1598 5632 1751 5688 editi.
1782 5632 1900 5686 Vid.

1149 5720 1264 5761 var.
1298 5705 1466 5759 Maur.

1225 5776 1299 5830 Id.
1328 5774 1590 5828 Paulatim
1612 5776 1796 5844 ﬂuctus
1816 5790 1906 5844 per

1148 5849 1400 5905 sentinam
1428 5847 1602 5901 intrat.

1222 5918 1299 5975 id.
1329 5916 1411 5973 Ne
1437 5917 1651 5972 obruant
1694 5925 1902 5989 peccata

2085 4648 2150 4701 N.
2199 4649 2252 4701 7.
2314 4648 2538 4713 Quidam
2592 4646 2762 4711 homo,

2012 4720 2262 4772 mediator
2293 4717 2385 4769 Dei
2427 4726 2473 4770 et
2503 4717 2767 4770 hominum

2010 4789 2193 4852 homo,
2233 4798 2393 4840 mater
2438 4785 2567 4841 Sion
2614 4787 2760 4841 dicit.

2014 4859 2203 4926 Quare,
2231 4868 2334 4912 etc.

2903 3016 3073 3073 Codd.
3108 3020 3285 3087 umbo,
3314 3018 3481 3072 Nulla
3507 3032 3588 3069 vi-

2831 3090 3002 3144 dimus
3040 3090 3222 3159 signa,
3244 3090 3388 3144 nulla
3428 3088 3590 3161 exigi-

2840 3176 2952 3215 mus
2983 3161 3249 3215 miracula.

2909 3232 3041 3303 Cod.
3074 3249 3163 3286 ιι.
3187 3231 3266 3286 De
3289 3247 3467 3303 genere
3492 3229 3592 3284 sci-

2832 3302 2949 3357 licet
2981 3302 3207 3357 Domini.

2903 3374 3075 3429 Coild.
3114 3374 3290 3431 ambo.
3345 3374 3412 3427 Et
3457 3371 3592 3441 quod

2832 3445 3086 3499 Dominus
3116 3456 3233 3500 ante
3261 3444 3507 3507 laudavit,
3536 3443 3595 3496 in

2832 3517 2977 3570 nobis
2998 3518 3208 3587 implere
3233 3518 3472 3587 dignatus
3494 3521 3590 3567 est.

2907 3585 3075 3640 Codd.
3121 3585 3311 3653 ambo,
3350 3586 3460 3653 Ego
3509 3598 3594 3637 ve-

2836 3657 2977 3711 niam
3004 3666 3053 3709 et
3082 3659 3270 3711 curabo
3298 3673 3431 3711 eum.
3465 3654 3589 3709 Vid.

2840 3742 2951 3781 var.
2982 3726 3149 3782 Maur.

2908 3798 3041 3852 Cod.
3074 3813 3215 3852 xxw.
3251 3795 3401 3862 Quod
3449 3795 3593 3848 dixe-

2838 3878 2919 3923 rat
2943 3869 3061 3921 huic
3078 3868 3253 3939 regulo
3272 3867 3464 3939 :Vade,
3485 3875 3592 3920 etc.

2906 3938 3264 3994 Codd.aml)0.
3287 3938 3349 3992 Et
3370 3938 3455 3990 ubi
3477 3943 3596 3988 sunt

2835 4011 2958 4065 isti?
2983 4009 3010 4063 Ι
3018 4028 3050 4063 η
3079 4011 3271 4079 requie.

2909 4081 3041 4136 Cod.
3067 4076 3156 4135 XL.
3185 4080 3252 4135 Ut
3291 4081 3343 4133 in
3374 4076 3595 4132 Abrahtz

2839 4153 3009 4206 sinum
3022 4155 3197 4215 justus
3217 4151 3327 4215 ille,
3347 4160 3432 4204 etc
3469 4148 3593 4203 για.

2840 4239 2961 4278 var.
2989 4239 3153 4276 maur.

2911 4293 3079 4349 Codd.
3093 4293 3272 4355 ambo,
3289 4291 3424 4357 Quia
3446 4289 3599 4343 mults

2839 4367 2901 4419 ab
2931 4367 3121 4420 oriente
3159 4376 3205 4417 et
3235 4364 3490 4417 occidente
3514 4377 3596 4414 ve-

2839 4438 2998 4492 nient.

2911 4508 3007 4562 Iid.
3041 4506 3209 4561 Doceo
3237 4517 3303 4572 te,
3324 4505 3446 4577 quia
3470 4523 3600 4576 prat-

2840 4580 3085 4633 cidentur.

2910 4648 3040 4703 Cod.
3077 4665 3165 4703 XL.
3222 4648 3361 4712 Quid
3406 4647 3598 4705 homo?

2838 4720 3087 4773 mediator
3111 4719 3208 4773 Dei
3230 4728 3275 4773 et
3305 4721 3592 4774 hominum.

2840 4790 3011 4844 Homo
3029 4830 3046 4857 ,
3071 4798 3231 4843 mater
3261 4788 3389 4844 Sion
3425 4790 3600 4845 dicet?

2843 4862 3030 4929 Quare,
3056 4869 3161 4916 etc.

2370 4974 2680 5019 TBACTA'I‘US
2707 4977 2848 5029 XVII,
2882 4977 3007 5017 XVIII
3035 4977 3101 5016 ET
3128 4977 3240 5016 XIX.

2080 5076 2298 5148 Legitur
2326 5091 2508 5131 eorum
2551 5091 2672 5146 pars
2702 5078 2756 5131 in
2800 5078 2935 5133 Bibl.
2978 5078 3260 5146 Laurent.,
3290 5079 3423 5149 plut.
3452 5096 3596 5150 xm,

2011 5173 2132 5227 cod.
2166 5188 2264 5237 χι,
2300 5171 2392 5225 l'oI.
2429 5169 2564 5235 209,
2600 5180 2655 5226 et
2694 5172 2746 5226 in
2793 5171 2929 5230 Bibl.
2965 5172 3157 5237 lEdiL,
3200 5171 3324 5227 cod.
3351 5189 3452 5228 cxi.
3498 5173 3589 5229 fol.

2015 5262 2116 5319 I83
2141 5263 2191 5318 b.
2224 5263 2488 5333 Incipiunt
2520 5278 2704 5318 versus
2733 5263 2942 5320 initium
2971 5281 3026 5322 η.
3060 5265 3146 5332 IS,
3186 5275 3340 5322 tract.
3380 5284 3507 5336 xm,
3542 5279 3597 5324 et

2012 5358 2325 5429 quibusdam
2355 5359 2642 5427 assumptis
2664 5374 2730 5414 ex
2760 5374 2814 5412 n.
2838 5357 2892 5424 5,
2921 5358 3104 5414 Tract.
3129 5374 3287 5426 xvm,
3318 5368 3598 5416 transeunt

2011 5452 2077 5506 ad
2109 5468 2162 5505 n.
2195 5452 2248 5517 8,
2282 5461 2610 5521 perguntque
2642 5467 2809 5522 usque
2834 5451 2900 5505 ad
2933 5452 3113 5506 linem.
3146 5453 3363 5521 Legitur
3394 5455 3600 5522 pariter

2010 5545 2063 5600 in
2105 5542 2339 5614 quinque
2365 5544 2480 5597 aliis
2523 5543 2705 5609 codd.,
2748 5559 2939 5613 nempe
2967 5544 3103 5599 Bibl.
3145 5544 3425 5613 Laurent.,
3461 5545 3596 5613 plut.

2015 5652 2170 5701 xvm,
2202 5635 2322 5689 cod.
2372 5649 2489 5699 xu,
2532 5634 2623 5689 fol.
2655 5635 2751 5690 I9I
2780 5653 2793 5700 ;
2828 5637 2959 5705 plut.
2987 5652 3109 5701 XXI,
3138 5637 3260 5691 cod.
3285 5653 3339 5702 κ,
3371 5634 3466 5688 fol.
3496 5634 3599 5690 I67

2013 5727 2073 5793 b;
2127 5727 2259 5796 plut.
2286 5741 2391 5780 xxx
2422 5728 2621 5792 sinisL,
2649 5727 2771 5782 cod.
2807 5727 2869 5793 1,
2908 5727 3001 5782 fol.
3032 5727 3171 5793 250;
3207 5727 3342 5780 Bibl.
3388 5724 3555 5780 Edit.
3580 5766 3598 5791 ,

2012 5823 2131 5879 eod.
2173 5838 2459 5888 cxxxvm;
2483 5820 2577 5878 fol.
2616 5822 2716 5879 2H
2748 5823 2807 5888 b;
2839 5831 2894 5879 et
2931 5823 3087 5889 ibid.,
3119 5821 3240 5876 cod.
3284 5836 3462 5885 cxw,
3500 5819 3596 5875 fol.

2012 5916 2199 5983 I55b;
2228 5916 2323 5972 sed
2351 5916 2423 5972 ita
2453 5924 2512 5972 ut
2559 5917 2647 5987 alii
2690 5916 2958 5988 longiores
2997 5916 3135 5981 sint,
3165 5913 3253 5968 alii
3300 5911 3595 5977 breviores.
