  <div class='ocr_page' id='page_1' title='image "/cluster/home/n/w/nwhite01/storage/ocr_20150623/47/hvd.32044015471527/607.png"; bbox 0 0 4012 6338; ppageno 0'>
   <div class='ocr_carea' id='block_1_1' title="bbox 460 378 596 433">
    <p class='ocr_par' dir='ltr' id='par_1_1' title="bbox 460 378 596 433">
     <span class='ocr_line' id='line_1_1' title="bbox 460 378 596 433; baseline -0.007 -1"><span class='ocrx_word' id='word_1_1' title='bbox 460 378 596 433; x_wconf 71' lang='lat'><strong><em>1203</em></strong></span> 
     </span>
    </p>
   </div>
   <div class='ocr_carea' id='block_1_2' title="bbox 462 857 1156 922">
    <p class='ocr_par' dir='ltr' id='par_1_2' title="bbox 462 857 1156 922">
     <span class='ocr_line' id='line_1_2' title="bbox 462 857 1156 922; baseline -0.007 -9"><span class='ocrx_word' id='word_1_2' title='bbox 462 857 559 913; x_wconf 87' lang='lat' dir='ltr'><strong><em>fol.</em></strong></span> <span class='ocrx_word' id='word_1_3' title='bbox 586 857 703 922; x_wconf 82' lang='grc'><strong><em>116,</em></strong></span> <span class='ocrx_word' id='word_1_4' title='bbox 745 858 881 911; x_wconf 84' lang='lat' dir='ltr'><strong><em>Bibl.</em></strong></span> <span class='ocrx_word' id='word_1_5' title='bbox 911 857 1156 912; x_wconf 84' lang='lat' dir='ltr'><strong><em>Floreat.</em></strong></span> 
     </span>
    </p>
   </div>
   <div class='ocr_carea' id='block_1_3' title="bbox 537 947 1219 1015">
    <p class='ocr_par' dir='ltr' id='par_1_3' title="bbox 537 947 1219 1015">
     <span class='ocr_line' id='line_1_3' title="bbox 537 947 1219 1015; baseline -0.003 -12"><span class='ocrx_word' id='word_1_6' title='bbox 537 948 681 1003; x_wconf 84' lang='lat' dir='ltr'><strong><em>Edit.</em></strong></span> <span class='ocrx_word' id='word_1_7' title='bbox 734 947 911 1002; x_wconf 84' lang='lat' dir='ltr'><strong><em>Tract.</em></strong></span> <span class='ocrx_word' id='word_1_8' title='bbox 974 964 1113 1015; x_wconf 83' lang='lat' dir='ltr'><strong><em>xvu,</em></strong></span> <span class='ocrx_word' id='word_1_9' title='bbox 1164 963 1219 1001; x_wconf 89' lang='grc' dir='ltr'>ιι.</span> 
     </span>
    </p>
   </div>
   <div class='ocr_carea' id='block_1_4' title="bbox 469 1016 1031 1072">
    <p class='ocr_par' dir='ltr' id='par_1_4' title="bbox 469 1016 1031 1072">
     <span class='ocr_line' id='line_1_4' title="bbox 469 1016 1031 1072; baseline 0 -2"><span class='ocrx_word' id='word_1_10' title='bbox 469 1016 558 1072; x_wconf 77' lang='grc'><strong>15.</strong></span> <span class='ocrx_word' id='word_1_11' title='bbox 594 1017 698 1072; x_wconf 87' lang='lat' dir='ltr'><strong><em>Sed</em></strong></span> <span class='ocrx_word' id='word_1_12' title='bbox 724 1018 810 1072; x_wconf 86' lang='lat' dir='ltr'><strong><em>aui</em></strong></span> <span class='ocrx_word' id='word_1_13' title='bbox 842 1018 1031 1071; x_wconf 91' lang='lat' dir='ltr'><strong><em>turbat.</em></strong></span> 
     </span>
    </p>
   </div>
   <div class='ocr_carea' id='block_1_5' title="bbox 536 1087 1221 1144">
    <p class='ocr_par' dir='ltr' id='par_1_5' title="bbox 536 1087 1221 1144">
     <span class='ocr_line' id='line_1_5' title="bbox 536 1087 1221 1144; baseline 0.001 -2"><span class='ocrx_word' id='word_1_14' title='bbox 536 1087 672 1144; x_wconf 90' lang='lat' dir='ltr'><strong><em>Ibid.</em></strong></span> <span class='ocrx_word' id='word_1_15' title='bbox 724 1087 918 1142; x_wconf 81' lang='lat' dir='ltr'><strong><em>Tamen</em></strong></span> <span class='ocrx_word' id='word_1_16' title='bbox 958 1091 1221 1143; x_wconf 87' lang='lat' dir='ltr'><strong><em>sanandus</em></strong></span> 
     </span>
    </p>
   </div>
   <div class='ocr_carea' id='block_1_6' title="bbox 465 1160 949 1229">
    <p class='ocr_par' dir='ltr' id='par_1_6' title="bbox 465 1160 949 1229">
     <span class='ocr_line' id='line_1_6' title="bbox 465 1160 949 1229; baseline 0.004 -15"><span class='ocrx_word' id='word_1_17' title='bbox 465 1167 541 1214; x_wconf 79' lang='lat' dir='ltr'><strong><em>est</em></strong></span> <span class='ocrx_word' id='word_1_18' title='bbox 567 1160 769 1215; x_wconf 76' lang='lat' dir='ltr'><strong><em>turbata</em></strong></span> <span class='ocrx_word' id='word_1_19' title='bbox 798 1176 949 1229; x_wconf 86' lang='lat' dir='ltr'><strong><em>aqua.</em></strong></span> 
     </span>
    </p>
   </div>
   <div class='ocr_carea' id='block_1_7' title="bbox 538 1369 1229 1441">
    <p class='ocr_par' dir='ltr' id='par_1_7' title="bbox 538 1369 1229 1441">
     <span class='ocr_line' id='line_1_7' title="bbox 538 1369 1229 1441; baseline -0.001 -15"><span class='ocrx_word' id='word_1_20' title='bbox 538 1369 604 1426; x_wconf 84' lang='grc' dir='ltr'><strong><em>Ν.</em></strong></span> <span class='ocrx_word' id='word_1_21' title='bbox 639 1369 725 1426; x_wconf 75' lang='grc'><strong><em>14.</em></strong></span> <span class='ocrx_word' id='word_1_22' title='bbox 763 1369 949 1425; x_wconf 83' lang='lat' dir='ltr'><strong><em>Verum</em></strong></span> <span class='ocrx_word' id='word_1_23' title='bbox 978 1382 1051 1426; x_wconf 88' lang='lat' dir='ltr'><strong><em>est</em></strong></span> <span class='ocrx_word' id='word_1_24' title='bbox 1093 1373 1229 1441; x_wconf 91' lang='lat' dir='ltr'><strong><em>quod</em></strong></span> 
     </span>
    </p>
   </div>
   <div class='ocr_carea' id='block_1_8' title="bbox 469 1442 1227 1513">
    <p class='ocr_par' dir='ltr' id='par_1_8' title="bbox 469 1442 1227 1513">
     <span class='ocr_line' id='line_1_8' title="bbox 469 1442 1227 1513; baseline 0.001 -17"><span class='ocrx_word' id='word_1_25' title='bbox 469 1444 712 1509; x_wconf 75' lang='lat' dir='ltr'><strong><em>requievit</em></strong></span> <span class='ocrx_word' id='word_1_26' title='bbox 743 1442 880 1495; x_wconf 82' lang='lat' dir='ltr'><strong><em>Deus</em></strong></span> <span class='ocrx_word' id='word_1_27' title='bbox 905 1443 966 1496; x_wconf 89' lang='lat' dir='ltr'><strong><em>ab</em></strong></span> <span class='ocrx_word' id='word_1_28' title='bbox 994 1443 1227 1513; x_wconf 87' lang='lat' dir='ltr'><strong><em>aperibus</em></strong></span> 
     </span>
    </p>
   </div>
   <div class='ocr_carea' id='block_1_9' title="bbox 474 1513 1228 1639">
    <p class='ocr_par' dir='ltr' id='par_1_9' title="bbox 474 1513 1228 1639">
     <span class='ocr_line' id='line_1_9' title="bbox 474 1513 603 1568; baseline 0 -1"><span class='ocrx_word' id='word_1_29' title='bbox 474 1513 603 1568; x_wconf 86' lang='lat' dir='ltr'><strong><em>suis.</em></strong></span> 
     </span>
     <span class='ocr_line' id='line_1_10' title="bbox 544 1583 1228 1639; baseline -0.003 0"><span class='ocrx_word' id='word_1_30' title='bbox 544 1583 608 1639; x_wconf 87' lang='grc' dir='ltr'><strong><em>Ν.</em></strong></span> <span class='ocrx_word' id='word_1_31' title='bbox 657 1585 743 1638; x_wconf 84' lang='grc'><strong><em>15.</em></strong></span> <span class='ocrx_word' id='word_1_32' title='bbox 802 1584 1072 1637; x_wconf 87' lang='lat' dir='ltr'><strong><em>Dominum</em></strong></span> <span class='ocrx_word' id='word_1_33' title='bbox 1122 1583 1228 1637; x_wconf 84' lang='lat' dir='ltr'><strong><em>sal-</em></strong></span> 
     </span>
    </p>
   </div>
   <div class='ocr_carea' id='block_1_10' title="bbox 478 1663 985 1707">
    <p class='ocr_par' dir='ltr' id='par_1_10' title="bbox 478 1663 985 1707">
     <span class='ocr_line' id='line_1_11' title="bbox 478 1663 985 1707; baseline -0.002 0"><span class='ocrx_word' id='word_1_34' title='bbox 478 1663 707 1707; x_wconf 73' lang='lat' dir='ltr'><strong><em>patorem</em></strong></span> <span class='ocrx_word' id='word_1_35' title='bbox 740 1663 985 1707; x_wconf 86' lang='lat' dir='ltr'><strong><em>nostrum.</em></strong></span> 
     </span>
    </p>
   </div>
   <div class='ocr_carea' id='block_1_11' title="bbox 548 1722 1229 1779">
    <p class='ocr_par' dir='ltr' id='par_1_11' title="bbox 548 1722 1229 1779">
     <span class='ocr_line' id='line_1_12' title="bbox 548 1722 1229 1779; baseline 0.004 -3"><span class='ocrx_word' id='word_1_36' title='bbox 548 1722 677 1778; x_wconf 89' lang='lat' dir='ltr'><strong>Ibld.</strong></span> <span class='ocrx_word' id='word_1_37' title='bbox 716 1724 925 1779; x_wconf 88' lang='lat' dir='ltr'><strong><em>Sabbati</em></strong></span> <span class='ocrx_word' id='word_1_38' title='bbox 953 1725 1061 1778; x_wconf 86' lang='lat' dir='ltr'><strong><em>dies</em></strong></span> <span class='ocrx_word' id='word_1_39' title='bbox 1090 1722 1229 1779; x_wconf 89' lang='lat' dir='ltr'><strong><em>vobis</em></strong></span> 
     </span>
    </p>
   </div>
   <div class='ocr_carea' id='block_1_12' title="bbox 473 1795 1230 1871">
    <p class='ocr_par' dir='ltr' id='par_1_12' title="bbox 473 1795 1230 1871">
     <span class='ocr_line' id='line_1_13' title="bbox 473 1795 1230 1871; baseline -0.001 -21"><span class='ocrx_word' id='word_1_40' title='bbox 473 1795 543 1850; x_wconf 83' lang='lat' dir='ltr'><strong><em>ad</em></strong></span> <span class='ocrx_word' id='word_1_41' title='bbox 568 1796 697 1864; x_wconf 83' lang='lat' dir='ltr'><strong><em>signi</em></strong></span> <span class='ocrx_word' id='word_1_42' title='bbox 702 1796 988 1871; x_wconf 83' lang='lat' dir='ltr'><strong><em>[icationem</em></strong></span> <span class='ocrx_word' id='word_1_43' title='bbox 1009 1811 1230 1866; x_wconf 76' lang='lat' dir='ltr'><strong><em>prwcep-</em></strong></span> 
     </span>
    </p>
   </div>
   <div class='ocr_carea' id='block_1_13' title="bbox 472 1872 1225 1992">
    <p class='ocr_par' dir='ltr' id='par_1_13' title="bbox 472 1872 1225 1992">
     <span class='ocr_line' id='line_1_14' title="bbox 472 1872 671 1920; baseline 0 -2"><span class='ocrx_word' id='word_1_44' title='bbox 472 1872 554 1920; x_wconf 84' lang='lat' dir='ltr'><strong><em>tus</em></strong></span> <span class='ocrx_word' id='word_1_45' title='bbox 577 1874 671 1919; x_wconf 89' lang='lat' dir='ltr'><strong><em>est.</em></strong></span> 
     </span>
     <span class='ocr_line' id='line_1_15' title="bbox 542 1934 1225 1992; baseline 0.004 -3"><span class='ocrx_word' id='word_1_46' title='bbox 542 1934 609 1989; x_wconf 93' lang='grc' dir='ltr'><strong><em>Ν.</em></strong></span> <span class='ocrx_word' id='word_1_47' title='bbox 644 1935 727 1990; x_wconf 83' lang='grc'><strong>16.</strong></span> <span class='ocrx_word' id='word_1_48' title='bbox 762 1934 826 1990; x_wconf 82' lang='lat' dir='ltr'><strong><em>Et</em></strong></span> <span class='ocrx_word' id='word_1_49' title='bbox 854 1936 975 1989; x_wconf 86' lang='lat' dir='ltr'><strong><em>inde</em></strong></span> <span class='ocrx_word' id='word_1_50' title='bbox 1019 1936 1225 1992; x_wconf 81' lang='lat' dir='ltr'><strong><em>hceresis</em></strong></span> 
     </span>
    </p>
   </div>
   <div class='ocr_carea' id='block_1_14' title="bbox 473 2005 1099 2077">
    <p class='ocr_par' dir='ltr' id='par_1_14' title="bbox 473 2005 1099 2077">
     <span class='ocr_line' id='line_1_16' title="bbox 473 2005 1099 2077; baseline 0.002 -16"><span class='ocrx_word' id='word_1_51' title='bbox 473 2015 549 2061; x_wconf 88' lang='lat' dir='ltr'><strong><em>est</em></strong></span> <span class='ocrx_word' id='word_1_52' title='bbox 579 2005 728 2077; x_wconf 86' lang='lat' dir='ltr'><strong><em>pulsa</em></strong></span> <span class='ocrx_word' id='word_1_53' title='bbox 756 2008 821 2062; x_wconf 91' lang='lat' dir='ltr'><strong><em>de</em></strong></span> <span class='ocrx_word' id='word_1_54' title='bbox 846 2006 1099 2063; x_wconf 74' lang='lat' dir='ltr'><strong><em>Ecclesia.</em></strong></span> 
     </span>
    </p>
   </div>
   <div class='ocr_carea' id='block_1_15' title="bbox 547 2217 1227 2284">
    <p class='ocr_par' dir='ltr' id='par_1_15' title="bbox 547 2217 1227 2284">
     <span class='ocr_line' id='line_1_17' title="bbox 547 2217 1227 2284; baseline 0.003 -13"><span class='ocrx_word' id='word_1_55' title='bbox 547 2217 679 2273; x_wconf 87' lang='lat' dir='ltr'><strong>Ibid.</strong></span> <span class='ocrx_word' id='word_1_56' title='bbox 724 2218 826 2284; x_wconf 94' lang='lat' dir='ltr'><strong><em>Qui</em></strong></span> <span class='ocrx_word' id='word_1_57' title='bbox 856 2218 1066 2272; x_wconf 90' lang='lat' dir='ltr'><strong><em>Patrem</em></strong></span> <span class='ocrx_word' id='word_1_58' title='bbox 1092 2218 1227 2273; x_wconf 84' lang='lat' dir='ltr'><strong><em>indi-</em></strong></span> 
     </span>
    </p>
   </div>
   <div class='ocr_carea' id='block_1_16' title="bbox 474 2287 837 2345">
    <p class='ocr_par' dir='ltr' id='par_1_16' title="bbox 474 2287 837 2345">
     <span class='ocr_line' id='line_1_18' title="bbox 474 2287 837 2345; baseline 0.003 -3"><span class='ocrx_word' id='word_1_59' title='bbox 474 2288 623 2344; x_wconf 81' lang='lat' dir='ltr'><strong><em>cabat</em></strong></span> <span class='ocrx_word' id='word_1_60' title='bbox 649 2287 837 2345; x_wconf 88' lang='lat' dir='ltr'><strong><em>Deum.</em></strong></span> 
     </span>
    </p>
   </div>
   <div class='ocr_carea' id='block_1_17' title="bbox 547 2428 1227 2503">
    <p class='ocr_par' dir='ltr' id='par_1_17' title="bbox 547 2428 1227 2503">
     <span class='ocr_line' id='line_1_19' title="bbox 547 2428 1227 2503; baseline 0.003 -20"><span class='ocrx_word' id='word_1_61' title='bbox 547 2428 679 2503; x_wconf 87' lang='lat' dir='ltr'><strong>Ibid.</strong></span> <span class='ocrx_word' id='word_1_62' title='bbox 712 2430 776 2486; x_wconf 85' lang='lat' dir='ltr'><strong><em>Si</em></strong></span> <span class='ocrx_word' id='word_1_63' title='bbox 812 2447 865 2503; x_wconf 91' lang='lat' dir='ltr'><strong><em>s_e</em></strong></span> <span class='ocrx_word' id='word_1_64' title='bbox 905 2431 1014 2503; x_wconf 89' lang='lat' dir='ltr'><strong><em>ipse</em></strong></span> <span class='ocrx_word' id='word_1_65' title='bbox 1055 2446 1227 2501; x_wconf 61' lang='lat' dir='ltr'><strong><em>aqua-</em></strong></span> 
     </span>
    </p>
   </div>
   <div class='ocr_carea' id='block_1_18' title="bbox 476 2500 948 2571">
    <p class='ocr_par' dir='ltr' id='par_1_18' title="bbox 476 2500 948 2571">
     <span class='ocr_line' id='line_1_20' title="bbox 476 2500 948 2571; baseline 0 -16"><span class='ocrx_word' id='word_1_66' title='bbox 476 2500 573 2555; x_wconf 88' lang='lat' dir='ltr'><strong><em>lem</em></strong></span> <span class='ocrx_word' id='word_1_67' title='bbox 603 2502 788 2571; x_wconf 76' lang='lat' dir='ltr'><strong><em>faceret</em></strong></span> <span class='ocrx_word' id='word_1_68' title='bbox 822 2500 948 2556; x_wconf 70' lang='lat' dir='ltr'><strong><em>Deo.</em></strong></span> 
     </span>
    </p>
   </div>
   <div class='ocr_carea' id='block_1_19' title="bbox 546 2569 1222 2643">
    <p class='ocr_par' dir='ltr' id='par_1_19' title="bbox 546 2569 1222 2643">
     <span class='ocr_line' id='line_1_21' title="bbox 546 2569 1222 2643; baseline 0.001 -18"><span class='ocrx_word' id='word_1_69' title='bbox 546 2569 678 2628; x_wconf 90' lang='lat' dir='ltr'><strong>Ibid.</strong></span> <span class='ocrx_word' id='word_1_70' title='bbox 702 2572 831 2627; x_wconf 87' lang='lat' dir='ltr'><strong><em>Esse</em></strong></span> <span class='ocrx_word' id='word_1_71' title='bbox 850 2574 1064 2643; x_wconf 71' lang='lat' dir='ltr'><strong><em>aequalis</em></strong></span> <span class='ocrx_word' id='word_1_72' title='bbox 1093 2569 1222 2627; x_wconf 91' lang='lat' dir='ltr'><strong><em>Deo.</em></strong></span> 
     </span>
    </p>
   </div>
   <div class='ocr_carea' id='block_1_20' title="bbox 548 2712 1226 2770">
    <p class='ocr_par' dir='ltr' id='par_1_20' title="bbox 548 2712 1226 2770">
     <span class='ocr_line' id='line_1_22' title="bbox 548 2712 1226 2770; baseline 0.006 -6"><span class='ocrx_word' id='word_1_73' title='bbox 548 2713 679 2770; x_wconf 90' lang='lat' dir='ltr'><strong>Ibid.</strong></span> <span class='ocrx_word' id='word_1_74' title='bbox 714 2712 817 2770; x_wconf 90' lang='lat' dir='ltr'><strong><em>Sed</em></strong></span> <span class='ocrx_word' id='word_1_75' title='bbox 845 2722 952 2767; x_wconf 87' lang='lat' dir='ltr'><strong><em>erat</em></strong></span> <span class='ocrx_word' id='word_1_76' title='bbox 977 2714 1031 2768; x_wconf 92' lang='lat' dir='ltr'><strong><em>in</em></strong></span> <span class='ocrx_word' id='word_1_77' title='bbox 1058 2712 1153 2769; x_wconf 89' lang='lat' dir='ltr'><strong><em>illa</em></strong></span> <span class='ocrx_word' id='word_1_78' title='bbox 1174 2714 1226 2768; x_wconf 87' lang='lat' dir='ltr'><strong><em>in</em></strong></span> 
     </span>
    </p>
   </div>
   <div class='ocr_carea' id='block_1_21' title="bbox 474 2783 1224 2850">
    <p class='ocr_par' dir='ltr' id='par_1_21' title="bbox 474 2783 1224 2850">
     <span class='ocr_line' id='line_1_23' title="bbox 474 2783 1224 2850; baseline 0.004 -14"><span class='ocrx_word' id='word_1_79' title='bbox 474 2798 575 2849; x_wconf 88' lang='lat' dir='ltr'><strong><em>qua</em></strong></span> <span class='ocrx_word' id='word_1_80' title='bbox 621 2792 773 2839; x_wconf 89' lang='lat' dir='ltr'><strong><em>natus</em></strong></span> <span class='ocrx_word' id='word_1_81' title='bbox 825 2795 949 2839; x_wconf 90' lang='lat' dir='ltr'><strong><em>erat.</em></strong></span> <span class='ocrx_word' id='word_1_82' title='bbox 1001 2783 1071 2839; x_wconf 83' lang='lat' dir='ltr'><strong><em>Et</em></strong></span> <span class='ocrx_word' id='word_1_83' title='bbox 1112 2802 1224 2850; x_wconf 89' lang='lat' dir='ltr'><strong><em>nos,</em></strong></span> 
     </span>
    </p>
   </div>
   <div class='ocr_carea' id='block_1_22' title="bbox 474 2863 579 2909">
    <p class='ocr_par' dir='ltr' id='par_1_22' title="bbox 474 2863 579 2909">
     <span class='ocr_line' id='line_1_24' title="bbox 474 2863 579 2909; baseline 0 0"><span class='ocrx_word' id='word_1_84' title='bbox 474 2863 579 2909; x_wconf 75' lang='grc' dir='ltr'><strong>οῑο.</strong></span> 
     </span>
    </p>
   </div>
   <div class='ocr_carea' id='block_1_23' title="bbox 544 2925 1229 2993">
    <p class='ocr_par' dir='ltr' id='par_1_23' title="bbox 544 2925 1229 2993">
     <span class='ocr_line' id='line_1_25' title="bbox 544 2925 1229 2993; baseline 0.003 -13"><span class='ocrx_word' id='word_1_85' title='bbox 544 2925 725 2980; x_wconf 86' lang='lat' dir='ltr'><strong><em>Tract.</em></strong></span> <span class='ocrx_word' id='word_1_86' title='bbox 750 2942 907 2993; x_wconf 79' lang='grc' dir='ltr'>χνιιι,</span> <span class='ocrx_word' id='word_1_87' title='bbox 933 2943 985 2981; x_wconf 88' lang='grc' dir='ltr'>ιι.</span> <span class='ocrx_word' id='word_1_88' title='bbox 1012 2926 1100 2981; x_wconf 87' lang='grc'><strong><em>10.</em></strong></span> <span class='ocrx_word' id='word_1_89' title='bbox 1128 2925 1229 2982; x_wconf 81' lang='lat' dir='ltr'><strong><em>Re-</em></strong></span> 
     </span>
    </p>
   </div>
   <div class='ocr_carea' id='block_1_24' title="bbox 474 2995 1030 3065">
    <p class='ocr_par' dir='ltr' id='par_1_24' title="bbox 474 2995 1030 3065">
     <span class='ocr_line' id='line_1_26' title="bbox 474 2995 1030 3065; baseline 0.004 -15"><span class='ocrx_word' id='word_1_90' title='bbox 474 2995 642 3051; x_wconf 86' lang='lat' dir='ltr'><strong><em>dimus</em></strong></span> <span class='ocrx_word' id='word_1_91' title='bbox 670 2998 799 3065; x_wconf 81' lang='lat' dir='ltr'><strong><em>forte</em></strong></span> <span class='ocrx_word' id='word_1_92' title='bbox 822 2999 892 3051; x_wconf 91' lang='lat' dir='ltr'><strong><em>ad</em></strong></span> <span class='ocrx_word' id='word_1_93' title='bbox 921 3013 1030 3052; x_wconf 88' lang='lat' dir='ltr'><strong><em>nos.</em></strong></span> 
     </span>
    </p>
   </div>
   <div class='ocr_carea' id='block_1_25' title="bbox 548 3066 1225 3134">
    <p class='ocr_par' dir='ltr' id='par_1_25' title="bbox 548 3066 1225 3134">
     <span class='ocr_line' id='line_1_27' title="bbox 548 3066 1225 3134; baseline -0.001 -13"><span class='ocrx_word' id='word_1_94' title='bbox 548 3066 677 3122; x_wconf 87' lang='lat' dir='ltr'><strong>Ibid.</strong></span> <span class='ocrx_word' id='word_1_95' title='bbox 708 3068 843 3134; x_wconf 82' lang='lat' dir='ltr'><strong><em>Quid</em></strong></span> <span class='ocrx_word' id='word_1_96' title='bbox 860 3069 946 3124; x_wconf 87' lang='lat' dir='ltr'><strong><em>itis</em></strong></span> <span class='ocrx_word' id='word_1_97' title='bbox 993 3067 1225 3123; x_wconf 82' lang='lat' dir='ltr'><strong><em>solitudi-</em></strong></span> 
     </span>
    </p>
   </div>
   <div class='ocr_carea' id='block_1_26' title="bbox 478 3139 1221 3211">
    <p class='ocr_par' dir='ltr' id='par_1_26' title="bbox 478 3139 1221 3211">
     <span class='ocr_line' id='line_1_28' title="bbox 478 3139 1221 3211; baseline -0.001 -19"><span class='ocrx_word' id='word_1_98' title='bbox 478 3139 567 3211; x_wconf 84' lang='lat' dir='ltr'><strong><em>nis_</em></strong></span> <span class='ocrx_word' id='word_1_99' title='bbox 573 3139 690 3211; x_wconf 82' lang='lat' dir='ltr'><strong><em>vias</em></strong></span> <span class='ocrx_word' id='word_1_100' title='bbox 702 3139 934 3211; x_wconf 56' lang='lat' dir='ltr'><strong><em>[erratis</em></strong></span> <span class='ocrx_word' id='word_1_101' title='bbox 968 3140 1221 3211; x_wconf 87' lang='lat' dir='ltr'><strong><em>vagando.</em></strong></span> 
     </span>
    </p>
   </div>
   <div class='ocr_carea' id='block_1_27' title="bbox 546 3208 1225 3282">
    <p class='ocr_par' dir='ltr' id='par_1_27' title="bbox 546 3208 1225 3282">
     <span class='ocr_line' id='line_1_29' title="bbox 546 3208 1225 3282; baseline 0.001 -18"><span class='ocrx_word' id='word_1_102' title='bbox 546 3208 678 3264; x_wconf 87' lang='lat' dir='ltr'><strong>Ibid.</strong></span> <span class='ocrx_word' id='word_1_103' title='bbox 710 3210 919 3266; x_wconf 78' lang='lat' dir='ltr'><strong><em>Dimitte</em></strong></span> <span class='ocrx_word' id='word_1_104' title='bbox 957 3221 1003 3263; x_wconf 86' lang='lat' dir='ltr'><strong><em>et</em></strong></span> <span class='ocrx_word' id='word_1_105' title='bbox 1035 3208 1225 3282; x_wconf 73' lang='lat' dir='ltr'><strong><em>corpus</em></strong></span> 
     </span>
    </p>
   </div>
   <div class='ocr_carea' id='block_1_28' title="bbox 475 3282 1184 3347">
    <p class='ocr_par' dir='ltr' id='par_1_28' title="bbox 475 3282 1184 3347">
     <span class='ocr_line' id='line_1_30' title="bbox 475 3282 1184 3347; baseline 0.001 -14"><span class='ocrx_word' id='word_1_106' title='bbox 475 3289 616 3333; x_wconf 85' lang='lat' dir='ltr'><strong><em>tuum</em></strong></span> <span class='ocrx_word' id='word_1_107' title='bbox 633 3323 647 3347; x_wconf 88' lang='lat'><strong><em>,</em></strong></span> <span class='ocrx_word' id='word_1_108' title='bbox 672 3282 783 3336; x_wconf 90' lang='lat' dir='ltr'><strong><em>redi</em></strong></span> <span class='ocrx_word' id='word_1_109' title='bbox 810 3283 878 3334; x_wconf 91' lang='lat' dir='ltr'><strong><em>ad</em></strong></span> <span class='ocrx_word' id='word_1_110' title='bbox 908 3298 993 3335; x_wconf 90' lang='lat' dir='ltr'><strong><em>cor</em></strong></span> <span class='ocrx_word' id='word_1_111' title='bbox 1022 3291 1184 3335; x_wconf 89' lang='lat' dir='ltr'><strong><em>tuum.</em></strong></span> 
     </span>
    </p>
   </div>
   <div class='ocr_carea' id='block_1_29' title="bbox 547 3350 1222 3435">
    <p class='ocr_par' dir='ltr' id='par_1_29' title="bbox 547 3350 1222 3435">
     <span class='ocr_line' id='line_1_31' title="bbox 547 3350 1222 3435; baseline 0.001 0"><span class='ocrx_word' id='word_1_112' title='bbox 547 3350 612 3435; x_wconf 71' lang='grc' dir='ltr'><strong>Ν·</strong></span> <span class='ocrx_word' id='word_1_113' title='bbox 636 3352 753 3435; x_wconf 60' lang='grc' dir='ltr'><strong>..υς</strong></span> <span class='ocrx_word' id='word_1_114' title='bbox 826 3351 1191 3435; x_wconf 56' lang='lat' dir='ltr'><strong><em>Pretium“</em></strong></span> <span class='ocrx_word' id='word_1_115' title='bbox 1208 3393 1222 3416; x_wconf 70' lang='grc' dir='ltr'><strong><em>υ</em></strong></span> 
     </span>
    </p>
   </div>
   <div class='ocr_carea' id='block_1_30' title="bbox 471 3420 1061 3495">
    <p class='ocr_par' dir='ltr' id='par_1_30' title="bbox 471 3420 1061 3495">
     <span class='ocr_line' id='line_1_32' title="bbox 471 3420 1061 3495; baseline 0.003 -21"><span class='ocrx_word' id='word_1_116' title='bbox 471 3420 758 3495; x_wconf 58' lang='lat' dir='ltr'><strong><em>intendisti,</em></strong></span> <span class='ocrx_word' id='word_1_117' title='bbox 774 3420 1061 3495; x_wconf 12' lang='lat' dir='ltr'><strong><em>rpalpitasti.</em></strong></span> 
     </span>
    </p>
   </div>
   <div class='ocr_carea' id='block_1_31' title="bbox 512 3490 1229 3574">
    <p class='ocr_par' dir='ltr' id='par_1_31' title="bbox 512 3490 1229 3574">
     <span class='ocr_line' id='line_1_33' title="bbox 512 3490 1229 3574; baseline 0.001 -28"><span class='ocrx_word' id='word_1_118' title='bbox 512 3564 522 3574; x_wconf 39' lang='grc' dir='ltr'><strong><em>ο</em></strong></span> <span class='ocrx_word' id='word_1_119' title='bbox 551 3490 684 3548; x_wconf 88' lang='lat' dir='ltr'><strong>Ibid.</strong></span> <span class='ocrx_word' id='word_1_120' title='bbox 720 3490 792 3548; x_wconf 79' lang='lat' dir='ltr'><strong><em>Si</em></strong></span> <span class='ocrx_word' id='word_1_121' title='bbox 825 3490 994 3547; x_wconf 81' lang='lat' dir='ltr'><strong><em>curari</em></strong></span> <span class='ocrx_word' id='word_1_122' title='bbox 1022 3494 1229 3548; x_wconf 82' lang='lat' dir='ltr'><strong><em>destite-</em></strong></span> 
     </span>
    </p>
   </div>
   <div class='ocr_carea' id='block_1_32' title="bbox 477 3578 569 3618">
    <p class='ocr_par' dir='ltr' id='par_1_32' title="bbox 477 3578 569 3618">
     <span class='ocr_line' id='line_1_34' title="bbox 477 3578 569 3618; baseline 0.033 -3"><span class='ocrx_word' id='word_1_123' title='bbox 477 3578 569 3618; x_wconf 66' lang='grc' dir='ltr'><strong><em>τις.</em></strong></span> 
     </span>
    </p>
   </div>
   <div class='ocr_carea' id='block_1_33' title="bbox 547 3633 1227 3701">
    <p class='ocr_par' dir='ltr' id='par_1_33' title="bbox 547 3633 1227 3701">
     <span class='ocr_line' id='line_1_35' title="bbox 547 3633 1227 3701; baseline -0.003 -12"><span class='ocrx_word' id='word_1_124' title='bbox 547 3634 723 3689; x_wconf 87' lang='lat' dir='ltr'><strong><em>Tract.</em></strong></span> <span class='ocrx_word' id='word_1_125' title='bbox 757 3648 874 3696; x_wconf 81' lang='grc' dir='ltr'>χιχ,</span> <span class='ocrx_word' id='word_1_126' title='bbox 907 3650 963 3687; x_wconf 87' lang='grc' dir='ltr'>ιι.</span> <span class='ocrx_word' id='word_1_127' title='bbox 993 3633 1045 3688; x_wconf 92' lang='grc'><strong>1.</strong></span> <span class='ocrx_word' id='word_1_128' title='bbox 1092 3633 1227 3701; x_wconf 80' lang='lat' dir='ltr'><strong><em>Quid</em></strong></span> 
     </span>
    </p>
   </div>
   <div class='ocr_carea' id='block_1_34' title="bbox 477 3704 1229 3760">
    <p class='ocr_par' dir='ltr' id='par_1_34' title="bbox 477 3704 1229 3760">
     <span class='ocr_line' id='line_1_36' title="bbox 477 3704 1229 3760; baseline 0.001 -3"><span class='ocrx_word' id='word_1_129' title='bbox 477 3705 811 3760; x_wconf 76' lang='lat' dir='ltr'><strong><em>demonstrari</em></strong></span> <span class='ocrx_word' id='word_1_130' title='bbox 840 3704 1023 3759; x_wconf 87' lang='lat' dir='ltr'><strong><em>Verbo.</em></strong></span> <span class='ocrx_word' id='word_1_131' title='bbox 1044 3704 1229 3759; x_wconf 83' lang='lat' dir='ltr'><strong><em>Omnia</em></strong></span> 
     </span>
    </p>
   </div>
   <div class='ocr_carea' id='block_1_35' title="bbox 476 3775 1231 3918">
    <p class='ocr_par' dir='ltr' id='par_1_35' title="bbox 476 3775 1231 3918">
     <span class='ocr_line' id='line_1_37' title="bbox 476 3775 1231 3845; baseline 0.004 -17"><span class='ocrx_word' id='word_1_132' title='bbox 476 3777 665 3845; x_wconf 86' lang='lat' dir='ltr'><strong><em>quippe</em></strong></span> <span class='ocrx_word' id='word_1_133' title='bbox 690 3777 822 3830; x_wconf 86' lang='lat' dir='ltr'><strong><em>dicta</em></strong></span> <span class='ocrx_word' id='word_1_134' title='bbox 842 3784 960 3829; x_wconf 86' lang='lat' dir='ltr'><strong><em>sunt</em></strong></span> <span class='ocrx_word' id='word_1_135' title='bbox 986 3775 1088 3841; x_wconf 83' lang='lat' dir='ltr'><strong><em>hic;</em></strong></span> <span class='ocrx_word' id='word_1_136' title='bbox 1117 3792 1231 3845; x_wconf 68' lang='lat' dir='ltr'><strong><em>quia</em></strong></span> 
     </span>
     <span class='ocr_line' id='line_1_38' title="bbox 477 3847 1056 3918; baseline 0.007 -18"><span class='ocrx_word' id='word_1_137' title='bbox 477 3848 521 3900; x_wconf 88' lang='lat' dir='ltr'><strong><em>si</em></strong></span> <span class='ocrx_word' id='word_1_138' title='bbox 550 3847 921 3918; x_wconf 86' lang='lat' dir='ltr'><strong><em>intelligantur,</em></strong></span> <span class='ocrx_word' id='word_1_139' title='bbox 951 3855 1056 3904; x_wconf 90' lang='lat' dir='ltr'><strong><em>etc.</em></strong></span> 
     </span>
    </p>
   </div>
   <div class='ocr_carea' id='block_1_36' title="bbox 482 3982 1280 4058">
    <p class='ocr_par' dir='ltr' id='par_1_36' title="bbox 482 3982 1280 4058">
     <span class='ocr_line' id='line_1_39' title="bbox 482 3982 1280 4058; baseline -0.003 -15"><span class='ocrx_word' id='word_1_140' title='bbox 482 3987 619 4058; x_wconf 63' lang='lat' dir='ltr'><strong><em>male</em></strong></span> <span class='ocrx_word' id='word_1_141' title='bbox 647 3988 735 4058; x_wconf 71' lang='lat' dir='ltr'><strong><em>[tie</em></strong></span> <span class='ocrx_word' id='word_1_142' title='bbox 760 3988 873 4058; x_wconf 88' lang='lat' dir='ltr'><strong><em>quis</em></strong></span> <span class='ocrx_word' id='word_1_143' title='bbox 913 3982 1280 4057; x_wconf 81' lang='lat' dir='ltr'><strong><em>intelligatur),</em></strong></span> 
     </span>
    </p>
   </div>
   <div class='ocr_carea' id='block_1_37' title="bbox 532 4054 1231 4141">
    <p class='ocr_par' dir='ltr' id='par_1_37' title="bbox 532 4054 1231 4141">
     <span class='ocr_line' id='line_1_40' title="bbox 532 4054 1231 4141; baseline 0.004 -31"><span class='ocrx_word' id='word_1_144' title='bbox 532 4054 681 4141; x_wconf 67' lang='lat' dir='ltr'><strong>Ibid.</strong></span> <span class='ocrx_word' id='word_1_145' title='bbox 703 4054 781 4112; x_wconf 83' lang='lat' dir='ltr'><strong><em>De</em></strong></span> <span class='ocrx_word' id='word_1_146' title='bbox 800 4054 1231 4131; x_wconf 43' lang='lat' dir='ltr'><strong><em>pectoribus&#39;chri-</em></strong></span> 
     </span>
    </p>
   </div>
   <div class='ocr_carea' id='block_1_38' title="bbox 478 4137 680 4184">
    <p class='ocr_par' dir='ltr' id='par_1_38' title="bbox 478 4137 680 4184">
     <span class='ocr_line' id='line_1_41' title="bbox 478 4137 680 4184; baseline 0.015 -3"><span class='ocrx_word' id='word_1_147' title='bbox 478 4137 680 4184; x_wconf 84' lang='lat' dir='ltr'><strong><em>stianis.</em></strong></span> 
     </span>
    </p>
   </div>
   <div class='ocr_carea' id='block_1_39' title="bbox 548 4268 1224 4342">
    <p class='ocr_par' dir='ltr' id='par_1_39' title="bbox 548 4268 1224 4342">
     <span class='ocr_line' id='line_1_42' title="bbox 548 4268 1224 4342; baseline 0.001 -19"><span class='ocrx_word' id='word_1_148' title='bbox 548 4268 613 4325; x_wconf 91' lang='grc' dir='ltr'><strong>Ν.</strong></span> <span class='ocrx_word' id='word_1_149' title='bbox 642 4269 695 4325; x_wconf 71' lang='grc' dir='ltr'><strong><em>ὅ.</em></strong></span> <span class='ocrx_word' id='word_1_150' title='bbox 723 4269 1004 4342; x_wconf 59' lang='lat' dir='ltr'><strong><em>Antequam</em></strong></span> <span class='ocrx_word' id='word_1_151' title='bbox 1038 4271 1224 4342; x_wconf 79' lang='lat' dir='ltr'><strong><em>faciat,</em></strong></span> 
     </span>
    </p>
   </div>
   <div class='ocr_carea' id='block_1_40' title="bbox 480 4338 975 4395">
    <p class='ocr_par' dir='ltr' id='par_1_40' title="bbox 480 4338 975 4395">
     <span class='ocr_line' id='line_1_43' title="bbox 480 4338 975 4395; baseline 0.008 -4"><span class='ocrx_word' id='word_1_152' title='bbox 480 4340 788 4394; x_wconf 80' lang='lat' dir='ltr'><strong><em>demonstrat</em></strong></span> <span class='ocrx_word' id='word_1_153' title='bbox 814 4338 975 4395; x_wconf 86' lang='lat' dir='ltr'><strong><em>Filio.</em></strong></span> 
     </span>
    </p>
   </div>
   <div class='ocr_carea' id='block_1_41' title="bbox 549 4410 1232 4477">
    <p class='ocr_par' dir='ltr' id='par_1_41' title="bbox 549 4410 1232 4477">
     <span class='ocr_line' id='line_1_44' title="bbox 549 4410 1232 4477; baseline 0.001 -13"><span class='ocrx_word' id='word_1_154' title='bbox 549 4410 614 4465; x_wconf 84' lang='lat' dir='ltr'><strong><em>N.</em></strong></span> <span class='ocrx_word' id='word_1_155' title='bbox 663 4412 714 4465; x_wconf 84' lang='lat'><strong><em>5.</em></strong></span> <span class='ocrx_word' id='word_1_156' title='bbox 762 4410 988 4466; x_wconf 81' lang='lat' dir='ltr'><strong><em>Multum</em></strong></span> <span class='ocrx_word' id='word_1_157' title='bbox 1035 4420 1232 4477; x_wconf 84' lang='lat' dir='ltr'><strong><em>movet;</em></strong></span> 
     </span>
    </p>
   </div>
   <div class='ocr_carea' id='block_1_42' title="bbox 478 4482 859 4536">
    <p class='ocr_par' dir='ltr' id='par_1_42' title="bbox 478 4482 859 4536">
     <span class='ocr_line' id='line_1_45' title="bbox 478 4482 859 4536; baseline -0.008 0"><span class='ocrx_word' id='word_1_158' title='bbox 478 4482 659 4536; x_wconf 82' lang='lat' dir='ltr'><strong><em>intenti</em></strong></span> <span class='ocrx_word' id='word_1_159' title='bbox 685 4491 859 4536; x_wconf 88' lang='lat' dir='ltr'><strong><em>estote.</em></strong></span> 
     </span>
    </p>
   </div>
   <div class='ocr_carea' id='block_1_43' title="bbox 551 4551 1232 4618">
    <p class='ocr_par' dir='ltr' id='par_1_43' title="bbox 551 4551 1232 4618">
     <span class='ocr_line' id='line_1_46' title="bbox 551 4551 1232 4618; baseline -0.001 -12"><span class='ocrx_word' id='word_1_160' title='bbox 551 4551 615 4606; x_wconf 91' lang='grc' dir='ltr'><strong><em>Ν.</em></strong></span> <span class='ocrx_word' id='word_1_161' title='bbox 648 4554 702 4607; x_wconf 88' lang='lat'><strong>6.</strong></span> <span class='ocrx_word' id='word_1_162' title='bbox 754 4552 855 4618; x_wconf 90' lang='lat' dir='ltr'><strong><em>Qui</em></strong></span> <span class='ocrx_word' id='word_1_163' title='bbox 900 4553 1034 4606; x_wconf 88' lang='lat' dir='ltr'><strong><em>enim</em></strong></span> <span class='ocrx_word' id='word_1_164' title='bbox 1088 4552 1232 4607; x_wconf 84' lang='lat' dir='ltr'><strong><em>aliud</em></strong></span> 
     </span>
    </p>
   </div>
   <div class='ocr_carea' id='block_1_44' title="bbox 480 4622 1167 4679">
    <p class='ocr_par' dir='ltr' id='par_1_44' title="bbox 480 4622 1167 4679">
     <span class='ocr_line' id='line_1_47' title="bbox 480 4622 1167 4679; baseline 0.004 -4"><span class='ocrx_word' id='word_1_165' title='bbox 480 4622 571 4676; x_wconf 83' lang='lat' dir='ltr'><strong>tibi</strong></span> <span class='ocrx_word' id='word_1_166' title='bbox 594 4624 791 4677; x_wconf 86' lang='lat' dir='ltr'><strong><em>videtur</em></strong></span> <span class='ocrx_word' id='word_1_167' title='bbox 816 4625 890 4676; x_wconf 90' lang='lat' dir='ltr'><strong><em>ita</em></strong></span> <span class='ocrx_word' id='word_1_168' title='bbox 915 4624 1167 4679; x_wconf 74' lang='lat' dir='ltr'><strong><em>sentienti.</em></strong></span> 
     </span>
    </p>
   </div>
   <div class='ocr_carea' id='block_1_45' title="bbox 550 4762 1229 4820">
    <p class='ocr_par' dir='ltr' id='par_1_45' title="bbox 550 4762 1229 4820">
     <span class='ocr_line' id='line_1_48' title="bbox 550 4762 1229 4820; baseline 0.001 -2"><span class='ocrx_word' id='word_1_169' title='bbox 550 4764 614 4818; x_wconf 83' lang='grc' dir='ltr'><strong>Ν.</strong></span> <span class='ocrx_word' id='word_1_170' title='bbox 666 4765 719 4820; x_wconf 87' lang='lat'><strong>9.</strong></span> <span class='ocrx_word' id='word_1_171' title='bbox 791 4762 857 4817; x_wconf 88' lang='lat' dir='ltr'><strong><em>Et</em></strong></span> <span class='ocrx_word' id='word_1_172' title='bbox 922 4766 1109 4819; x_wconf 85' lang='lat' dir='ltr'><strong><em>mortui</em></strong></span> <span class='ocrx_word' id='word_1_173' title='bbox 1174 4767 1229 4819; x_wconf 92' lang='lat' dir='ltr'><strong><em>in</em></strong></span> 
     </span>
    </p>
   </div>
   <div class='ocr_carea' id='block_1_46' title="bbox 481 4835 1191 4906">
    <p class='ocr_par' dir='ltr' id='par_1_46' title="bbox 481 4835 1191 4906">
     <span class='ocr_line' id='line_1_49' title="bbox 481 4835 1191 4906; baseline 0.003 -17"><span class='ocrx_word' id='word_1_174' title='bbox 481 4835 685 4906; x_wconf 67' lang='lat' dir='ltr'><strong><em>Christo</em></strong></span> <span class='ocrx_word' id='word_1_175' title='bbox 715 4846 975 4906; x_wconf 75' lang='lat' dir='ltr'><strong><em>resurgent</em></strong></span> <span class='ocrx_word' id='word_1_176' title='bbox 1000 4838 1191 4906; x_wconf 87' lang='lat' dir='ltr'><strong><em>primo.</em></strong></span> 
     </span>
    </p>
   </div>
   <div class='ocr_carea' id='block_1_47' title="bbox 549 4904 1231 4962">
    <p class='ocr_par' dir='ltr' id='par_1_47' title="bbox 549 4904 1231 4962">
     <span class='ocr_line' id='line_1_50' title="bbox 549 4904 1231 4962; baseline 0.003 -2"><span class='ocrx_word' id='word_1_177' title='bbox 549 4904 613 4960; x_wconf 87' lang='lat' dir='ltr'><strong><em>N.</em></strong></span> <span class='ocrx_word' id='word_1_178' title='bbox 646 4906 726 4959; x_wconf 84' lang='lat' dir='ltr'><strong>I0.</strong></span> <span class='ocrx_word' id='word_1_179' title='bbox 760 4904 904 4959; x_wconf 87' lang='lat' dir='ltr'><strong><em>Nam</em></strong></span> <span class='ocrx_word' id='word_1_180' title='bbox 932 4904 1030 4961; x_wconf 84' lang='lat' dir='ltr'><strong><em>ista</em></strong></span> <span class='ocrx_word' id='word_1_181' title='bbox 1059 4924 1231 4962; x_wconf 85' lang='lat' dir='ltr'><strong><em>resur—</em></strong></span> 
     </span>
    </p>
   </div>
   <div class='ocr_carea' id='block_1_48' title="bbox 478 4978 1233 5042">
    <p class='ocr_par' dir='ltr' id='par_1_48' title="bbox 478 4978 1233 5042">
     <span class='ocr_line' id='line_1_51' title="bbox 478 4978 1233 5042; baseline 0.003 -13"><span class='ocrx_word' id='word_1_182' title='bbox 478 4979 719 5042; x_wconf 84' lang='lat' dir='ltr'><strong><em>rectione,</em></strong></span> <span class='ocrx_word' id='word_1_183' title='bbox 751 4978 794 5030; x_wconf 84' lang='lat' dir='ltr'><strong><em>si</em></strong></span> <span class='ocrx_word' id='word_1_184' title='bbox 832 4986 965 5031; x_wconf 89' lang='lat' dir='ltr'><strong><em>recte</em></strong></span> <span class='ocrx_word' id='word_1_185' title='bbox 1007 4978 1233 5031; x_wconf 85' lang='lat' dir='ltr'><strong><em>credidi-</em></strong></span> 
     </span>
    </p>
   </div>
   <div class='ocr_carea' id='block_1_49' title="bbox 478 5060 609 5102">
    <p class='ocr_par' dir='ltr' id='par_1_49' title="bbox 478 5060 609 5102">
     <span class='ocr_line' id='line_1_52' title="bbox 478 5060 609 5102; baseline 0.008 -1"><span class='ocrx_word' id='word_1_186' title='bbox 478 5060 609 5102; x_wconf 82' lang='lat' dir='ltr'><strong><em>mus.</em></strong></span> 
     </span>
    </p>
   </div>
   <div class='ocr_carea' id='block_1_50' title="bbox 550 5117 1233 5190">
    <p class='ocr_par' dir='ltr' id='par_1_50' title="bbox 550 5117 1233 5190">
     <span class='ocr_line' id='line_1_53' title="bbox 550 5117 1233 5190; baseline 0.004 -17"><span class='ocrx_word' id='word_1_187' title='bbox 550 5118 680 5174; x_wconf 83' lang='lat' dir='ltr'><strong>Ibid.</strong></span> <span class='ocrx_word' id='word_1_188' title='bbox 720 5117 857 5190; x_wconf 79' lang='lat' dir='ltr'><strong><em>Non,</em></strong></span> <span class='ocrx_word' id='word_1_189' title='bbox 890 5120 1080 5189; x_wconf 79' lang='lat' dir='ltr'><strong><em>inquit,</em></strong></span> <span class='ocrx_word' id='word_1_190' title='bbox 1112 5122 1233 5190; x_wconf 87' lang='lat' dir='ltr'><strong><em>quia</em></strong></span> 
     </span>
    </p>
   </div>
   <div class='ocr_carea' id='block_1_51' title="bbox 478 5189 942 5255">
    <p class='ocr_par' dir='ltr' id='par_1_51' title="bbox 478 5189 942 5255">
     <span class='ocr_line' id='line_1_54' title="bbox 478 5189 942 5255; baseline 0 -13"><span class='ocrx_word' id='word_1_191' title='bbox 478 5190 675 5255; x_wconf 82' lang='lat' dir='ltr'><strong><em>vivunt,</em></strong></span> <span class='ocrx_word' id='word_1_192' title='bbox 704 5189 942 5243; x_wconf 88' lang='lat' dir='ltr'><strong><em>audiunt.</em></strong></span> 
     </span>
    </p>
   </div>
   <div class='ocr_carea' id='block_1_52' title="bbox 394 5260 1230 5333">
    <p class='ocr_par' dir='ltr' id='par_1_52' title="bbox 394 5260 1230 5333">
     <span class='ocr_line' id='line_1_55' title="bbox 394 5260 1230 5333; baseline 0.008 -22"><span class='ocrx_word' id='word_1_193' title='bbox 394 5294 401 5319; x_wconf 60' lang='grc' dir='ltr'><strong><em>ς</em></strong></span> <span class='ocrx_word' id='word_1_194' title='bbox 551 5260 682 5333; x_wconf 82' lang='lat' dir='ltr'><strong>Ibid.</strong></span> <span class='ocrx_word' id='word_1_195' title='bbox 740 5260 857 5333; x_wconf 81' lang='lat' dir='ltr'><strong><em>Non</em></strong></span> <span class='ocrx_word' id='word_1_196' title='bbox 917 5278 1087 5315; x_wconf 89' lang='lat' dir='ltr'><strong><em>omnes</em></strong></span> <span class='ocrx_word' id='word_1_197' title='bbox 1142 5265 1230 5333; x_wconf 87' lang='lat' dir='ltr'><strong><em>qui</em></strong></span> 
     </span>
    </p>
   </div>
   <div class='ocr_carea' id='block_1_53' title="bbox 388 5330 913 5393">
    <p class='ocr_par' dir='ltr' id='par_1_53' title="bbox 388 5330 913 5393">
     <span class='ocr_line' id='line_1_56' title="bbox 388 5330 913 5393; baseline 0.008 -13"><span class='ocrx_word' id='word_1_198' title='bbox 477 5330 707 5393; x_wconf 84' lang='lat' dir='ltr'><strong><em>audient,</em></strong></span> <span class='ocrx_word' id='word_1_199' title='bbox 736 5332 913 5386; x_wconf 81' lang='lat' dir='ltr'><strong><em>vivent.</em></strong></span> 
     </span>
    </p>
   </div>
   <div class='ocr_carea' id='block_1_54' title="bbox 386 5400 1227 5474">
    <p class='ocr_par' dir='ltr' id='par_1_54' title="bbox 386 5400 1227 5474">
     <span class='ocr_line' id='line_1_57' title="bbox 386 5400 1227 5474; baseline 0.008 -22"><span class='ocrx_word' id='word_1_200' title='bbox 386 5416 406 5464; x_wconf 67' lang='lat'><strong><em>_:</em></strong></span> <span class='ocrx_word' id='word_1_201' title='bbox 549 5400 613 5474; x_wconf 77' lang='grc' dir='ltr'><strong>Ν.</strong></span> <span class='ocrx_word' id='word_1_202' title='bbox 668 5401 756 5474; x_wconf 78' lang='lat' dir='ltr'><strong>II.</strong></span> <span class='ocrx_word' id='word_1_203' title='bbox 812 5401 965 5456; x_wconf 85' lang='lat' dir='ltr'><strong><em>Nunc</em></strong></span> <span class='ocrx_word' id='word_1_204' title='bbox 1017 5407 1227 5474; x_wconf 77' lang='lat' dir='ltr'><strong><em>percipit</em></strong></span> 
     </span>
    </p>
   </div>
   <div class='ocr_carea' id='block_1_55' title="bbox 384 5472 897 5541">
    <p class='ocr_par' dir='ltr' id='par_1_55' title="bbox 384 5472 897 5541">
     <span class='ocr_line' id='line_1_58' title="bbox 384 5472 897 5541; baseline 0.008 -19"><span class='ocrx_word' id='word_1_205' title='bbox 384 5474 407 5539; x_wconf 58' lang='grc' dir='ltr'><strong><em>ξίν</em></strong></span> <span class='ocrx_word' id='word_1_206' title='bbox 474 5472 612 5541; x_wconf 87' lang='lat' dir='ltr'><strong><em>quod</em></strong></span> <span class='ocrx_word' id='word_1_207' title='bbox 639 5472 897 5541; x_wconf 79' lang='lat' dir='ltr'><strong><em>amiserat.</em></strong></span> 
     </span>
    </p>
   </div>
   <div class='ocr_carea' id='block_1_56' title="bbox 381 5540 1228 5617">
    <p class='ocr_par' dir='ltr' id='par_1_56' title="bbox 381 5540 1228 5617">
     <span class='ocr_line' id='line_1_59' title="bbox 381 5540 1228 5617; baseline 0.014 -28"><span class='ocrx_word' id='word_1_208' title='bbox 487 5540 495 5541; x_wconf 27' lang='grc' dir='ltr'>ί</span> <span class='ocrx_word' id='word_1_209' title='bbox 548 5540 682 5595; x_wconf 86' lang='lat' dir='ltr'><strong>Ibid.</strong></span> <span class='ocrx_word' id='word_1_210' title='bbox 721 5540 990 5596; x_wconf 83' lang='lat' dir='ltr'><strong><em>Iiemotum</em></strong></span> <span class='ocrx_word' id='word_1_211' title='bbox 1019 5545 1081 5598; x_wconf 90' lang='lat' dir='ltr'><strong><em>ab</em></strong></span> <span class='ocrx_word' id='word_1_212' title='bbox 1111 5547 1228 5617; x_wconf 84' lang='lat' dir='ltr'><strong><em>igne</em></strong></span> 
     </span>
    </p>
   </div>
   <div class='ocr_carea' id='block_1_57' title="bbox 478 5621 777 5681">
    <p class='ocr_par' dir='ltr' id='par_1_57' title="bbox 478 5621 777 5681">
     <span class='ocr_line' id='line_1_60' title="bbox 478 5621 777 5681; baseline 0.003 -18"><span class='ocrx_word' id='word_1_213' title='bbox 478 5621 777 5681; x_wconf 81' lang='lat' dir='ltr'><strong><em>torpescere.</em></strong></span> 
     </span>
    </p>
   </div>
   <div class='ocr_carea' id='block_1_58' title="bbox 544 5682 1225 5755">
    <p class='ocr_par' dir='ltr' id='par_1_58' title="bbox 544 5682 1225 5755">
     <span class='ocr_line' id='line_1_61' title="bbox 544 5682 1225 5755; baseline 0.007 -18"><span class='ocrx_word' id='word_1_214' title='bbox 544 5684 677 5755; x_wconf 76' lang='lat' dir='ltr'><strong>Ibid.</strong></span> <span class='ocrx_word' id='word_1_215' title='bbox 713 5682 819 5739; x_wconf 87' lang='lat' dir='ltr'><strong><em>Sed</em></strong></span> <span class='ocrx_word' id='word_1_216' title='bbox 873 5684 927 5737; x_wconf 86' lang='lat' dir='ltr'><strong><em>in</em></strong></span> <span class='ocrx_word' id='word_1_217' title='bbox 970 5685 1123 5755; x_wconf 88' lang='lat' dir='ltr'><strong><em>luna,</em></strong></span> <span class='ocrx_word' id='word_1_218' title='bbox 1172 5689 1225 5742; x_wconf 90' lang='lat' dir='ltr'><strong><em>in</em></strong></span> 
     </span>
    </p>
   </div>
   <div class='ocr_carea' id='block_1_59' title="bbox 475 5751 718 5810">
    <p class='ocr_par' dir='ltr' id='par_1_59' title="bbox 475 5751 718 5810">
     <span class='ocr_line' id='line_1_62' title="bbox 475 5751 718 5810; baseline 0.016 -4"><span class='ocrx_word' id='word_1_219' title='bbox 475 5751 718 5810; x_wconf 85' lang='lat' dir='ltr'><strong><em>lucernis.</em></strong></span> 
     </span>
    </p>
   </div>
   <div class='ocr_carea' id='block_1_60' title="bbox 545 5824 1226 5884">
    <p class='ocr_par' dir='ltr' id='par_1_60' title="bbox 545 5824 1226 5884">
     <span class='ocr_line' id='line_1_63' title="bbox 545 5824 1226 5884; baseline 0.007 -6"><span class='ocrx_word' id='word_1_220' title='bbox 545 5825 612 5878; x_wconf 86' lang='lat' dir='ltr'><strong>N.</strong></span> <span class='ocrx_word' id='word_1_221' title='bbox 658 5824 743 5881; x_wconf 69' lang='grc'><strong><em>12.</em></strong></span> <span class='ocrx_word' id='word_1_222' title='bbox 798 5824 1003 5882; x_wconf 86' lang='lat' dir='ltr'><strong><em>Pascua</em></strong></span> <span class='ocrx_word' id='word_1_223' title='bbox 1046 5831 1226 5884; x_wconf 88' lang='lat' dir='ltr'><strong><em>mentis</em></strong></span> 
     </span>
    </p>
   </div>
   <div class='ocr_carea' id='block_1_61' title="bbox 478 5905 1081 5948">
    <p class='ocr_par' dir='ltr' id='par_1_61' title="bbox 478 5905 1081 5948">
     <span class='ocr_line' id='line_1_64' title="bbox 478 5905 1081 5948; baseline 0.007 -4"><span class='ocrx_word' id='word_1_224' title='bbox 478 5905 618 5948; x_wconf 82' lang='lat' dir='ltr'><strong><em>sunt.</em></strong></span> <span class='ocrx_word' id='word_1_225' title='bbox 1078 5908 1081 5911; x_wconf 32' lang='grc' dir='ltr'><strong><em>λ</em></strong></span> 
     </span>
    </p>
   </div>
   <div class='ocr_carea' id='block_1_62' title="bbox 1298 350 2783 429">
    <p class='ocr_par' dir='ltr' id='par_1_62' title="bbox 1298 350 2783 429">
     <span class='ocr_line' id='line_1_65' title="bbox 1298 350 2783 429; baseline -0.007 -4"><span class='ocrx_word' id='word_1_226' title='bbox 1298 392 1301 393; x_wconf 48' lang='grc' dir='ltr'><em>ν</em></span> <span class='ocrx_word' id='word_1_227' title='bbox 1384 370 1737 427; x_wconf 72' lang='grc' dir='ltr'>νΑιιιοῐιυιι</span> <span class='ocrx_word' id='word_1_228' title='bbox 1774 366 2276 429; x_wconf 68' lang='grc' dir='ltr'><strong><em>ΟΡῢὸϐυῐιΟΒυΜ</em></strong></span> <span class='ocrx_word' id='word_1_229' title='bbox 2316 366 2375 426; x_wconf 89' lang='lat' dir='ltr'><strong><em>S.</em></strong></span> <span class='ocrx_word' id='word_1_230' title='bbox 2418 350 2783 422; x_wconf 83' lang='lat' dir='ltr'><strong>AUGUSTINI</strong></span> 
     </span>
    </p>
   </div>
   <div class='ocr_carea' id='block_1_63' title="bbox 461 470 2906 565">
    <p class='ocr_par' dir='ltr' id='par_1_63' title="bbox 461 470 2906 565">
     <span class='ocr_line' id='line_1_66' title="bbox 461 470 2906 565; baseline -0.01 -17"><span class='ocrx_word' id='word_1_231' title='bbox 461 492 628 548; x_wconf 77' lang='lat' dir='ltr'><strong>Codd.</strong></span> <span class='ocrx_word' id='word_1_232' title='bbox 655 503 771 557; x_wconf 81' lang='grc' dir='ltr'>χιι,</span> <span class='ocrx_word' id='word_1_233' title='bbox 800 496 856 545; x_wconf 86' lang='lat' dir='ltr'><strong><em>et</em></strong></span> <span class='ocrx_word' id='word_1_234' title='bbox 890 500 1128 546; x_wconf 78' lang='lat' dir='ltr'><strong><em>cxxxvm</em></strong></span> <span class='ocrx_word' id='word_1_235' title='bbox 1166 485 1486 555; x_wconf 75' lang='lat' dir='ltr'><strong><em>principium</em></strong></span> <span class='ocrx_word' id='word_1_236' title='bbox 1515 494 1735 565; x_wconf 81' lang='lat' dir='ltr'><strong><em>sumunt</em></strong></span> <span class='ocrx_word' id='word_1_237' title='bbox 1766 499 1953 540; x_wconf 82' lang='lat' dir='ltr'><strong><em>versus</em></strong></span> <span class='ocrx_word' id='word_1_238' title='bbox 1985 484 2047 536; x_wconf 75' lang='grc' dir='ltr'><strong><em>Ιί-</em></strong></span> <span class='ocrx_word' id='word_1_239' title='bbox 2071 484 2127 545; x_wconf 69' lang='grc' dir='ltr'><strong>Α</strong></span> <span class='ocrx_word' id='word_1_240' title='bbox 2158 551 2189 565; x_wconf 26' lang='grc' dir='ltr'><strong><em>Α.</em></strong></span> <span class='ocrx_word' id='word_1_241' title='bbox 2224 476 2482 565; x_wconf 71' lang='lat' dir='ltr'><strong><em>lbid._Qui</em></strong></span> <span class='ocrx_word' id='word_1_242' title='bbox 2508 470 2906 565; x_wconf 46' lang='lat' dir='ltr'><strong><em>sapiat.</em></strong></span> 
     </span>
    </p>
   </div>
   <div class='ocr_carea' id='block_1_64' title="bbox 464 579 2046 650">
    <p class='ocr_par' dir='ltr' id='par_1_64' title="bbox 464 579 2046 650">
     <span class='ocr_line' id='line_1_67' title="bbox 464 579 2046 650; baseline -0.004 -10"><span class='ocrx_word' id='word_1_243' title='bbox 464 600 581 640; x_wconf 88' lang='lat' dir='ltr'><strong><em>nem</em></strong></span> <span class='ocrx_word' id='word_1_244' title='bbox 598 600 652 637; x_wconf 92' lang='lat' dir='ltr'><strong><em>n.</em></strong></span> <span class='ocrx_word' id='word_1_245' title='bbox 681 581 769 650; x_wconf 76' lang='lat' dir='ltr'><strong><em>I5,</em></strong></span> <span class='ocrx_word' id='word_1_246' title='bbox 793 590 868 648; x_wconf 85' lang='lat' dir='ltr'><strong><em>et,</em></strong></span> <span class='ocrx_word' id='word_1_247' title='bbox 894 579 1095 636; x_wconf 84' lang='lat' dir='ltr'><strong><em>omisso</em></strong></span> <span class='ocrx_word' id='word_1_248' title='bbox 1122 586 1276 633; x_wconf 84' lang='lat' dir='ltr'><strong><em>tract.</em></strong></span> <span class='ocrx_word' id='word_1_249' title='bbox 1305 594 1459 645; x_wconf 79' lang='grc' dir='ltr'>χνιιι,</span> <span class='ocrx_word' id='word_1_250' title='bbox 1480 588 1754 633; x_wconf 87' lang='lat' dir='ltr'><strong><em>transeunt</em></strong></span> <span class='ocrx_word' id='word_1_251' title='bbox 1776 579 1842 633; x_wconf 89' lang='lat' dir='ltr'><strong><em>ad</em></strong></span> <span class='ocrx_word' id='word_1_252' title='bbox 1859 586 2046 635; x_wconf 85' lang='lat' dir='ltr'><strong><em>tracta-</em></strong></span> 
     </span>
    </p>
   </div>
   <div class='ocr_carea' id='block_1_65' title="bbox 463 671 2048 743">
    <p class='ocr_par' dir='ltr' id='par_1_65' title="bbox 463 671 2048 743">
     <span class='ocr_line' id='line_1_68' title="bbox 463 671 2048 743; baseline -0.003 -12"><span class='ocrx_word' id='word_1_253' title='bbox 463 684 571 732; x_wconf 89' lang='lat' dir='ltr'><strong><em>tum</em></strong></span> <span class='ocrx_word' id='word_1_254' title='bbox 600 692 695 731; x_wconf 87' lang='grc' dir='ltr'><strong><em>χιχ</em></strong></span> <span class='ocrx_word' id='word_1_255' title='bbox 718 718 733 743; x_wconf 86' lang='grc'><strong><em>,</em></strong></span> <span class='ocrx_word' id='word_1_256' title='bbox 762 675 906 731; x_wconf 87' lang='lat' dir='ltr'><strong><em>unde</em></strong></span> <span class='ocrx_word' id='word_1_257' title='bbox 946 688 1066 730; x_wconf 85' lang='lat' dir='ltr'><strong><em>sese</em></strong></span> <span class='ocrx_word' id='word_1_258' title='bbox 1091 671 1384 727; x_wconf 82' lang='lat' dir='ltr'><strong><em>extendunt</em></strong></span> <span class='ocrx_word' id='word_1_259' title='bbox 1410 686 1578 741; x_wconf 90' lang='lat' dir='ltr'><strong><em>usque</em></strong></span> <span class='ocrx_word' id='word_1_260' title='bbox 1605 672 1669 726; x_wconf 83' lang='lat' dir='ltr'><strong><em>ad</em></strong></span> <span class='ocrx_word' id='word_1_261' title='bbox 1699 689 1752 726; x_wconf 87' lang='grc' dir='ltr'>ιι.</span> <span class='ocrx_word' id='word_1_262' title='bbox 1778 671 1867 726; x_wconf 87' lang='grc'><strong>19.</strong></span> <span class='ocrx_word' id='word_1_263' title='bbox 1892 673 2048 738; x_wconf 65' lang='lat' dir='ltr'><strong><em>Quee-</em></strong></span> 
     </span>
    </p>
   </div>
   <div class='ocr_carea' id='block_1_66' title="bbox 464 761 2043 836">
    <p class='ocr_par' dir='ltr' id='par_1_66' title="bbox 464 761 2043 836">
     <span class='ocr_line' id='line_1_69' title="bbox 464 761 2043 836; baseline -0.002 -15"><span class='ocrx_word' id='word_1_264' title='bbox 464 766 586 821; x_wconf 80' lang='lat' dir='ltr'><strong><em>dsm</em></strong></span> <span class='ocrx_word' id='word_1_265' title='bbox 613 767 773 821; x_wconf 86' lang='lat' dir='ltr'><strong><em>etiam</em></strong></span> <span class='ocrx_word' id='word_1_266' title='bbox 807 766 1002 836; x_wconf 87' lang='lat' dir='ltr'><strong><em>passim</em></strong></span> <span class='ocrx_word' id='word_1_267' title='bbox 1028 763 1293 818; x_wconf 82' lang='lat' dir='ltr'><strong><em>habentur</em></strong></span> <span class='ocrx_word' id='word_1_268' title='bbox 1318 761 1373 816; x_wconf 92' lang='lat' dir='ltr'><strong><em>in</em></strong></span> <span class='ocrx_word' id='word_1_269' title='bbox 1395 761 1516 823; x_wconf 82' lang='lat' dir='ltr'><strong><em>cod.</em></strong></span> <span class='ocrx_word' id='word_1_270' title='bbox 1541 779 1729 829; x_wconf 76' lang='grc' dir='ltr'>χχχνι,</span> <span class='ocrx_word' id='word_1_271' title='bbox 1757 764 1892 833; x_wconf 85' lang='lat' dir='ltr'><strong><em>plut.</em></strong></span> <span class='ocrx_word' id='word_1_272' title='bbox 1916 779 2043 829; x_wconf 81' lang='lat' dir='ltr'><strong><em>xvn,</em></strong></span> 
     </span>
    </p>
   </div>
   <div class='ocr_carea' id='block_1_67' title="bbox 1362 945 2051 1019">
    <p class='ocr_par' dir='ltr' id='par_1_67' title="bbox 1362 945 2051 1019">
     <span class='ocr_line' id='line_1_70' title="bbox 1362 945 2051 1019; baseline -0.003 -17"><span class='ocrx_word' id='word_1_273' title='bbox 1362 947 1494 1019; x_wconf 81' lang='lat' dir='ltr'><strong>Cod.</strong></span> <span class='ocrx_word' id='word_1_274' title='bbox 1524 963 1578 1003; x_wconf 89' lang='grc' dir='ltr'>χ.</span> <span class='ocrx_word' id='word_1_275' title='bbox 1622 946 1727 1003; x_wconf 86' lang='lat' dir='ltr'><strong><em>Sed</em></strong></span> <span class='ocrx_word' id='word_1_276' title='bbox 1763 945 1901 1016; x_wconf 89' lang='lat' dir='ltr'><strong><em>quod</em></strong></span> <span class='ocrx_word' id='word_1_277' title='bbox 1941 955 2051 1001; x_wconf 86' lang='lat' dir='ltr'><strong><em>tur-</em></strong></span> 
     </span>
    </p>
   </div>
   <div class='ocr_carea' id='block_1_68' title="bbox 1294 1018 1397 1071">
    <p class='ocr_par' dir='ltr' id='par_1_68' title="bbox 1294 1018 1397 1071">
     <span class='ocr_line' id='line_1_71' title="bbox 1294 1018 1397 1071; baseline 0.029 -3"><span class='ocrx_word' id='word_1_278' title='bbox 1294 1018 1397 1071; x_wconf 90' lang='lat' dir='ltr'><strong><em>bat.</em></strong></span> 
     </span>
    </p>
   </div>
   <div class='ocr_carea' id='block_1_69' title="bbox 1365 1085 2048 1143">
    <p class='ocr_par' dir='ltr' id='par_1_69' title="bbox 1365 1085 2048 1143">
     <span class='ocr_line' id='line_1_72' title="bbox 1365 1085 2048 1143; baseline 0.001 -2"><span class='ocrx_word' id='word_1_279' title='bbox 1365 1086 1495 1141; x_wconf 90' lang='lat' dir='ltr'><strong>Cod.</strong></span> <span class='ocrx_word' id='word_1_280' title='bbox 1528 1103 1634 1141; x_wconf 79' lang='lat' dir='ltr'><strong><em>xu.</em></strong></span> <span class='ocrx_word' id='word_1_281' title='bbox 1665 1085 1857 1142; x_wconf 79' lang='lat' dir='ltr'><strong><em>Tamen</em></strong></span> <span class='ocrx_word' id='word_1_282' title='bbox 1887 1104 2048 1143; x_wconf 88' lang='lat' dir='ltr'><strong><em>sanus</em></strong></span> 
     </span>
    </p>
   </div>
   <div class='ocr_carea' id='block_1_70' title="bbox 1291 1160 2053 1228">
    <p class='ocr_par' dir='ltr' id='par_1_70' title="bbox 1291 1160 2053 1228">
     <span class='ocr_line' id='line_1_73' title="bbox 1291 1160 2053 1228; baseline 0.004 -17"><span class='ocrx_word' id='word_1_283' title='bbox 1291 1168 1364 1211; x_wconf 88' lang='lat' dir='ltr'><strong><em>est</em></strong></span> <span class='ocrx_word' id='word_1_284' title='bbox 1412 1162 1610 1212; x_wconf 72' lang='lat' dir='ltr'><strong><em>turbata</em></strong></span> <span class='ocrx_word' id='word_1_285' title='bbox 1651 1175 1817 1228; x_wconf 85' lang='lat' dir='ltr'><strong><em>aqua;</em></strong></span> <span class='ocrx_word' id='word_1_286' title='bbox 1865 1160 1989 1214; x_wconf 91' lang='lat' dir='ltr'><strong>cod.</strong></span> <span class='ocrx_word' id='word_1_287' title='bbox 2033 1173 2053 1213; x_wconf 85' lang='grc' dir='ltr'><strong><em>ι</em></strong></span> 
     </span>
    </p>
   </div>
   <div class='ocr_carea' id='block_1_71' title="bbox 1291 1230 2055 1298">
    <p class='ocr_par' dir='ltr' id='par_1_71' title="bbox 1291 1230 2055 1298">
     <span class='ocr_line' id='line_1_74' title="bbox 1291 1230 2055 1298; baseline 0.009 -17"><span class='ocrx_word' id='word_1_288' title='bbox 1291 1239 1499 1283; x_wconf 77' lang='lat' dir='ltr'><strong><em>sanatus</em></strong></span> <span class='ocrx_word' id='word_1_289' title='bbox 1550 1239 1659 1295; x_wconf 86' lang='lat' dir='ltr'><strong><em>est;</em></strong></span> <span class='ocrx_word' id='word_1_290' title='bbox 1712 1230 1834 1286; x_wconf 90' lang='lat' dir='ltr'><strong><em>cod.</em></strong></span> <span class='ocrx_word' id='word_1_291' title='bbox 1879 1247 1943 1298; x_wconf 88' lang='grc' dir='ltr'>χ,</span> <span class='ocrx_word' id='word_1_292' title='bbox 1992 1237 2055 1289; x_wconf 75' lang='grc' dir='ltr'>ιιι</span> 
     </span>
    </p>
   </div>
   <div class='ocr_carea' id='block_1_72' title="bbox 1299 1301 1428 1354">
    <p class='ocr_par' dir='ltr' id='par_1_72' title="bbox 1299 1301 1428 1354">
     <span class='ocr_line' id='line_1_75' title="bbox 1299 1301 1428 1354; baseline -0.008 0"><span class='ocrx_word' id='word_1_293' title='bbox 1299 1301 1428 1354; x_wconf 90' lang='lat' dir='ltr'><strong><em>edit.</em></strong></span> 
     </span>
    </p>
   </div>
   <div class='ocr_carea' id='block_1_73' title="bbox 1370 1368 2053 1426">
    <p class='ocr_par' dir='ltr' id='par_1_73' title="bbox 1370 1368 2053 1426">
     <span class='ocr_line' id='line_1_76' title="bbox 1370 1368 2053 1426; baseline 0.004 -3"><span class='ocrx_word' id='word_1_294' title='bbox 1370 1369 1503 1424; x_wconf 90' lang='lat' dir='ltr'><strong>Cod.</strong></span> <span class='ocrx_word' id='word_1_295' title='bbox 1556 1384 1662 1423; x_wconf 83' lang='lat' dir='ltr'><strong><em>xu.</em></strong></span> <span class='ocrx_word' id='word_1_296' title='bbox 1729 1368 1915 1424; x_wconf 85' lang='lat' dir='ltr'><strong><em>Verum</em></strong></span> <span class='ocrx_word' id='word_1_297' title='bbox 1978 1380 2053 1426; x_wconf 91' lang='lat' dir='ltr'><strong><em>est</em></strong></span> 
     </span>
    </p>
   </div>
   <div class='ocr_carea' id='block_1_74' title="bbox 1298 1439 2052 1511">
    <p class='ocr_par' dir='ltr' id='par_1_74' title="bbox 1298 1439 2052 1511">
     <span class='ocr_line' id='line_1_77' title="bbox 1298 1439 2052 1511; baseline 0.001 -16"><span class='ocrx_word' id='word_1_298' title='bbox 1298 1443 1436 1511; x_wconf 90' lang='lat' dir='ltr'><strong><em>quod</em></strong></span> <span class='ocrx_word' id='word_1_299' title='bbox 1498 1442 1740 1511; x_wconf 88' lang='lat' dir='ltr'><strong><em>requievit</em></strong></span> <span class='ocrx_word' id='word_1_300' title='bbox 1794 1439 1932 1496; x_wconf 83' lang='lat' dir='ltr'><strong><em>Deus</em></strong></span> <span class='ocrx_word' id='word_1_301' title='bbox 1989 1442 2052 1496; x_wconf 90' lang='lat' dir='ltr'><strong><em>ab</em></strong></span> 
     </span>
    </p>
   </div>
   <div class='ocr_carea' id='block_1_75' title="bbox 1302 1511 1956 1581">
    <p class='ocr_par' dir='ltr' id='par_1_75' title="bbox 1302 1511 1956 1581">
     <span class='ocr_line' id='line_1_78' title="bbox 1302 1511 1956 1581; baseline 0.008 -17"><span class='ocrx_word' id='word_1_302' title='bbox 1302 1511 1534 1564; x_wconf 86' lang='lat' dir='ltr'><strong><em>omnibus</em></strong></span> <span class='ocrx_word' id='word_1_303' title='bbox 1565 1513 1800 1581; x_wconf 84' lang='lat' dir='ltr'><strong><em>operibus</em></strong></span> <span class='ocrx_word' id='word_1_304' title='bbox 1830 1513 1956 1569; x_wconf 83' lang='lat' dir='ltr'><strong><em>suis.</em></strong></span> 
     </span>
    </p>
   </div>
   <div class='ocr_carea' id='block_1_76' title="bbox 1369 1582 2055 1637">
    <p class='ocr_par' dir='ltr' id='par_1_76' title="bbox 1369 1582 2055 1637">
     <span class='ocr_line' id='line_1_79' title="bbox 1369 1582 2055 1637; baseline -0.003 0"><span class='ocrx_word' id='word_1_305' title='bbox 1369 1584 1538 1637; x_wconf 79' lang='lat' dir='ltr'><strong>Codd.</strong></span> <span class='ocrx_word' id='word_1_306' title='bbox 1568 1598 1581 1634; x_wconf 93' lang='lat' dir='ltr'><strong>l</strong></span> <span class='ocrx_word' id='word_1_307' title='bbox 1612 1590 1667 1636; x_wconf 89' lang='lat' dir='ltr'><strong><em>et</em></strong></span> <span class='ocrx_word' id='word_1_308' title='bbox 1692 1598 1743 1636; x_wconf 80' lang='grc' dir='ltr'>χ.</span> <span class='ocrx_word' id='word_1_309' title='bbox 1777 1582 2055 1637; x_wconf 86' lang='lat' dir='ltr'><strong><em>Dominum</em></strong></span> 
     </span>
    </p>
   </div>
   <div class='ocr_carea' id='block_1_77' title="bbox 1299 1655 1955 1711">
    <p class='ocr_par' dir='ltr' id='par_1_77' title="bbox 1299 1655 1955 1711">
     <span class='ocr_line' id='line_1_80' title="bbox 1299 1655 1955 1711; baseline -0.002 -5"><span class='ocrx_word' id='word_1_310' title='bbox 1299 1661 1343 1706; x_wconf 87' lang='lat' dir='ltr'><strong><em>et</em></strong></span> <span class='ocrx_word' id='word_1_311' title='bbox 1375 1655 1677 1706; x_wconf 75' lang='lat' dir='ltr'><strong><em>salvatorem</em></strong></span> <span class='ocrx_word' id='word_1_312' title='bbox 1705 1662 1955 1711; x_wconf 85' lang='lat' dir='ltr'><strong><em>nostrum.</em></strong></span> 
     </span>
    </p>
   </div>
   <div class='ocr_carea' id='block_1_78' title="bbox 1370 1723 2054 1778">
    <p class='ocr_par' dir='ltr' id='par_1_78' title="bbox 1370 1723 2054 1778">
     <span class='ocr_line' id='line_1_81' title="bbox 1370 1723 2054 1778; baseline -0.001 0"><span class='ocrx_word' id='word_1_313' title='bbox 1370 1724 1504 1778; x_wconf 90' lang='lat' dir='ltr'><strong>Cod.</strong></span> <span class='ocrx_word' id='word_1_314' title='bbox 1532 1739 1569 1776; x_wconf 85' lang='grc' dir='ltr'>ι.</span> <span class='ocrx_word' id='word_1_315' title='bbox 1605 1723 1817 1778; x_wconf 82' lang='lat' dir='ltr'><strong><em>Sabbati</em></strong></span> <span class='ocrx_word' id='word_1_316' title='bbox 1848 1725 1929 1777; x_wconf 90' lang='lat' dir='ltr'><strong><em>die</em></strong></span> <span class='ocrx_word' id='word_1_317' title='bbox 1962 1741 2054 1777; x_wconf 90' lang='lat' dir='ltr'><strong><em>va-</em></strong></span> 
     </span>
    </p>
   </div>
   <div class='ocr_carea' id='block_1_79' title="bbox 1300 1794 2052 1865">
    <p class='ocr_par' dir='ltr' id='par_1_79' title="bbox 1300 1794 2052 1865">
     <span class='ocr_line' id='line_1_82' title="bbox 1300 1794 2052 1865; baseline -0.001 -15"><span class='ocrx_word' id='word_1_318' title='bbox 1300 1812 1415 1851; x_wconf 87' lang='lat' dir='ltr'><strong><em>care</em></strong></span> <span class='ocrx_word' id='word_1_319' title='bbox 1443 1795 1578 1848; x_wconf 86' lang='lat' dir='ltr'><strong><em>vobis</em></strong></span> <span class='ocrx_word' id='word_1_320' title='bbox 1621 1794 1688 1846; x_wconf 88' lang='lat' dir='ltr'><strong><em>ad</em></strong></span> <span class='ocrx_word' id='word_1_321' title='bbox 1716 1795 2052 1865; x_wconf 76' lang='lat' dir='ltr'><strong><em>signiﬁcatio-</em></strong></span> 
     </span>
    </p>
   </div>
   <div class='ocr_carea' id='block_1_80' title="bbox 1302 1874 1939 1936">
    <p class='ocr_par' dir='ltr' id='par_1_80' title="bbox 1302 1874 1939 1936">
     <span class='ocr_line' id='line_1_83' title="bbox 1302 1874 1939 1936; baseline -0.008 -14"><span class='ocrx_word' id='word_1_322' title='bbox 1302 1883 1414 1921; x_wconf 85' lang='lat' dir='ltr'><strong><em>nem</em></strong></span> <span class='ocrx_word' id='word_1_323' title='bbox 1445 1874 1725 1936; x_wconf 76' lang='lat' dir='ltr'><strong><em>prwceptus</em></strong></span> <span class='ocrx_word' id='word_1_324' title='bbox 1752 1876 1847 1918; x_wconf 89' lang='lat' dir='ltr'><strong><em>est.</em></strong></span> <span class='ocrx_word' id='word_1_325' title='bbox 1936 1882 1939 1885; x_wconf 86' lang='lat'>&#39;</span> 
     </span>
    </p>
   </div>
   <div class='ocr_carea' id='block_1_81' title="bbox 1372 1937 2053 2005">
    <p class='ocr_par' dir='ltr' id='par_1_81' title="bbox 1372 1937 2053 2005">
     <span class='ocr_line' id='line_1_84' title="bbox 1372 1937 2053 2005; baseline 0 -14"><span class='ocrx_word' id='word_1_326' title='bbox 1372 1937 1537 1991; x_wconf 86' lang='lat' dir='ltr'><strong>Codd.</strong></span> <span class='ocrx_word' id='word_1_327' title='bbox 1570 1950 1756 1989; x_wconf 89' lang='lat' dir='ltr'><strong><em>omnes</em></strong></span> <span class='ocrx_word' id='word_1_328' title='bbox 1770 1974 1786 1999; x_wconf 94' lang='lat'><strong><em>,</em></strong></span> <span class='ocrx_word' id='word_1_329' title='bbox 1830 1944 2053 2005; x_wconf 81' lang='lat' dir='ltr'><strong><em>excepto</em></strong></span> 
     </span>
    </p>
   </div>
   <div class='ocr_carea' id='block_1_82' title="bbox 1297 2004 2053 2072">
    <p class='ocr_par' dir='ltr' id='par_1_82' title="bbox 1297 2004 2053 2072">
     <span class='ocr_line' id='line_1_85' title="bbox 1297 2004 2053 2072; baseline -0.003 -9"><span class='ocrx_word' id='word_1_330' title='bbox 1297 2023 1560 2072; x_wconf 80' lang='lat' dir='ltr'><strong><em>cxxxvm,</em></strong></span> <span class='ocrx_word' id='word_1_331' title='bbox 1590 2004 1657 2059; x_wconf 88' lang='lat' dir='ltr'><strong><em>Et</em></strong></span> <span class='ocrx_word' id='word_1_332' title='bbox 1701 2007 1817 2060; x_wconf 82' lang='lat' dir='ltr'><strong><em>inde</em></strong></span> <span class='ocrx_word' id='word_1_333' title='bbox 1846 2004 2053 2061; x_wconf 81' lang='lat' dir='ltr'><strong><em>hteresis</em></strong></span> 
     </span>
    </p>
   </div>
   <div class='ocr_carea' id='block_1_83' title="bbox 1299 2076 2048 2150">
    <p class='ocr_par' dir='ltr' id='par_1_83' title="bbox 1299 2076 2048 2150">
     <span class='ocr_line' id='line_1_86' title="bbox 1299 2076 2048 2150; baseline 0.003 -18"><span class='ocrx_word' id='word_1_334' title='bbox 1299 2079 1473 2150; x_wconf 76' lang='lat' dir='ltr'><strong><em>pulsat</em></strong></span> <span class='ocrx_word' id='word_1_335' title='bbox 1486 2148 1502 2150; x_wconf 80' lang='lat'><strong><em>_</em></strong></span> <span class='ocrx_word' id='word_1_336' title='bbox 1557 2076 1853 2131; x_wconf 82' lang='lat' dir='ltr'><strong><em>Ecclesium.</em></strong></span> <span class='ocrx_word' id='word_1_337' title='bbox 1933 2079 2048 2134; x_wconf 87' lang='lat' dir='ltr'><strong>Vid.</strong></span> 
     </span>
    </p>
   </div>
   <div class='ocr_carea' id='block_1_84' title="bbox 1302 2148 1623 2203">
    <p class='ocr_par' dir='ltr' id='par_1_84' title="bbox 1302 2148 1623 2203">
     <span class='ocr_line' id='line_1_87' title="bbox 1302 2148 1623 2203; baseline 0.003 -4"><span class='ocrx_word' id='word_1_338' title='bbox 1302 2148 1420 2203; x_wconf 63' lang='lat' dir='ltr'><strong><em>&#39;var.</em></strong></span> <span class='ocrx_word' id='word_1_339' title='bbox 1454 2148 1623 2202; x_wconf 83' lang='lat' dir='ltr'><strong><em>Maur.</em></strong></span> 
     </span>
    </p>
   </div>
   <div class='ocr_carea' id='block_1_85' title="bbox 1369 2218 2053 2283">
    <p class='ocr_par' dir='ltr' id='par_1_85' title="bbox 1369 2218 2053 2283">
     <span class='ocr_line' id='line_1_88' title="bbox 1369 2218 2053 2283; baseline 0.001 -10"><span class='ocrx_word' id='word_1_340' title='bbox 1369 2219 1501 2273; x_wconf 87' lang='lat' dir='ltr'><strong>Cod.</strong></span> <span class='ocrx_word' id='word_1_341' title='bbox 1531 2236 1617 2273; x_wconf 85' lang='grc' dir='ltr'>χι..</span> <span class='ocrx_word' id='word_1_342' title='bbox 1661 2218 1795 2283; x_wconf 82' lang='lat' dir='ltr'><strong><em>Quia</em></strong></span> <span class='ocrx_word' id='word_1_343' title='bbox 1846 2219 2053 2276; x_wconf 88' lang='lat' dir='ltr'><strong><em>Patrem</em></strong></span> 
     </span>
    </p>
   </div>
   <div class='ocr_carea' id='block_1_86' title="bbox 1298 2289 2054 2355">
    <p class='ocr_par' dir='ltr' id='par_1_86' title="bbox 1298 2289 2054 2355">
     <span class='ocr_line' id='line_1_89' title="bbox 1298 2289 2054 2355; baseline 0.005 -13"><span class='ocrx_word' id='word_1_344' title='bbox 1298 2290 1558 2343; x_wconf 84' lang='lat' dir='ltr'><strong><em>indicabat</em></strong></span> <span class='ocrx_word' id='word_1_345' title='bbox 1589 2289 1783 2355; x_wconf 88' lang='lat' dir='ltr'><strong><em>Deum;</em></strong></span> <span class='ocrx_word' id='word_1_346' title='bbox 1810 2291 1929 2345; x_wconf 88' lang='lat' dir='ltr'><strong><em>cod.</em></strong></span> <span class='ocrx_word' id='word_1_347' title='bbox 1959 2299 2054 2346; x_wconf 82' lang='lat' dir='ltr'><strong><em>let</em></strong></span> 
     </span>
    </p>
   </div>
   <div class='ocr_carea' id='block_1_87' title="bbox 1303 2361 1810 2423">
    <p class='ocr_par' dir='ltr' id='par_1_87' title="bbox 1303 2361 1810 2423">
     <span class='ocr_line' id='line_1_90' title="bbox 1303 2361 1810 2423; baseline 0 -10"><span class='ocrx_word' id='word_1_348' title='bbox 1303 2375 1336 2413; x_wconf 82' lang='grc' dir='ltr'><strong><em>χ</em></strong></span> <span class='ocrx_word' id='word_1_349' title='bbox 1356 2402 1368 2423; x_wconf 92' lang='grc'><em>,</em></span> <span class='ocrx_word' id='word_1_350' title='bbox 1399 2362 1593 2414; x_wconf 87' lang='lat' dir='ltr'><strong><em>dicebat</em></strong></span> <span class='ocrx_word' id='word_1_351' title='bbox 1629 2361 1810 2414; x_wconf 86' lang='lat' dir='ltr'><strong><em>Deum.</em></strong></span> 
     </span>
    </p>
   </div>
   <div class='ocr_carea' id='block_1_88' title="bbox 1367 2430 2051 2487">
    <p class='ocr_par' dir='ltr' id='par_1_88' title="bbox 1367 2430 2051 2487">
     <span class='ocr_line' id='line_1_91' title="bbox 1367 2430 2051 2487; baseline -0.001 -1"><span class='ocrx_word' id='word_1_352' title='bbox 1367 2430 1497 2486; x_wconf 90' lang='lat' dir='ltr'><strong>Cod.</strong></span> <span class='ocrx_word' id='word_1_353' title='bbox 1530 2447 1595 2483; x_wconf 82' lang='grc' dir='ltr'>χι.</span> <span class='ocrx_word' id='word_1_354' title='bbox 1626 2443 1680 2485; x_wconf 91' lang='lat' dir='ltr'><strong><em>et</em></strong></span> <span class='ocrx_word' id='word_1_355' title='bbox 1726 2447 1830 2485; x_wconf 83' lang='lat' dir='ltr'><strong><em>xu.</em></strong></span> <span class='ocrx_word' id='word_1_356' title='bbox 1865 2430 1925 2487; x_wconf 91' lang='lat' dir='ltr'><strong><em>Si</em></strong></span> <span class='ocrx_word' id='word_1_357' title='bbox 1954 2432 2051 2485; x_wconf 88' lang='lat' dir='ltr'><strong><em>sei-</em></strong></span> 
     </span>
    </p>
   </div>
   <div class='ocr_carea' id='block_1_89' title="bbox 1297 2501 2048 2571">
    <p class='ocr_par' dir='ltr' id='par_1_89' title="bbox 1297 2501 2048 2571">
     <span class='ocr_line' id='line_1_92' title="bbox 1297 2501 2048 2571; baseline 0.003 -16"><span class='ocrx_word' id='word_1_358' title='bbox 1297 2517 1443 2571; x_wconf 90' lang='lat' dir='ltr'><strong><em>psum</em></strong></span> <span class='ocrx_word' id='word_1_359' title='bbox 1456 2502 1703 2571; x_wconf 65' lang='lat' dir='ltr'><strong><em>aqualem</em></strong></span> <span class='ocrx_word' id='word_1_360' title='bbox 1718 2503 1905 2571; x_wconf 77' lang='lat' dir='ltr'><strong><em>faceret</em></strong></span> <span class='ocrx_word' id='word_1_361' title='bbox 1918 2501 2048 2557; x_wconf 93' lang='lat' dir='ltr'><strong><em>Deo.</em></strong></span> 
     </span>
    </p>
   </div>
   <div class='ocr_carea' id='block_1_90' title="bbox 1371 2572 2051 2643">
    <p class='ocr_par' dir='ltr' id='par_1_90' title="bbox 1371 2572 2051 2643">
     <span class='ocr_line' id='line_1_93' title="bbox 1371 2572 2051 2643; baseline -0.001 -16"><span class='ocrx_word' id='word_1_362' title='bbox 1371 2572 1501 2643; x_wconf 80' lang='lat' dir='ltr'><strong>Cod.</strong></span> <span class='ocrx_word' id='word_1_363' title='bbox 1528 2588 1634 2626; x_wconf 81' lang='lat' dir='ltr'><strong><em>xu.</em></strong></span> <span class='ocrx_word' id='word_1_364' title='bbox 1664 2572 1787 2626; x_wconf 85' lang='lat' dir='ltr'><strong><em>Esse</em></strong></span> <span class='ocrx_word' id='word_1_365' title='bbox 1805 2590 1856 2628; x_wconf 90' lang='lat' dir='ltr'><strong><em>se</em></strong></span> <span class='ocrx_word' id='word_1_366' title='bbox 1880 2589 2051 2643; x_wconf 72' lang='lat' dir='ltr'><strong><em>(equa-</em></strong></span> 
     </span>
    </p>
   </div>
   <div class='ocr_carea' id='block_1_91' title="bbox 1298 2641 1557 2697">
    <p class='ocr_par' dir='ltr' id='par_1_91' title="bbox 1298 2641 1557 2697">
     <span class='ocr_line' id='line_1_94' title="bbox 1298 2641 1557 2697; baseline 0 -2"><span class='ocrx_word' id='word_1_367' title='bbox 1298 2642 1397 2696; x_wconf 89' lang='lat' dir='ltr'><strong><em>lem</em></strong></span> <span class='ocrx_word' id='word_1_368' title='bbox 1428 2641 1557 2697; x_wconf 90' lang='lat' dir='ltr'><strong><em>Deo.</em></strong></span> 
     </span>
    </p>
   </div>
   <div class='ocr_carea' id='block_1_92' title="bbox 1369 2713 2049 2768">
    <p class='ocr_par' dir='ltr' id='par_1_92' title="bbox 1369 2713 2049 2768">
     <span class='ocr_line' id='line_1_95' title="bbox 1369 2713 2049 2768; baseline 0 -1"><span class='ocrx_word' id='word_1_369' title='bbox 1369 2713 1443 2767; x_wconf 91' lang='lat' dir='ltr'><strong><em>Id.</em></strong></span> <span class='ocrx_word' id='word_1_370' title='bbox 1476 2714 1581 2768; x_wconf 91' lang='lat' dir='ltr'><strong><em>Sed</em></strong></span> <span class='ocrx_word' id='word_1_371' title='bbox 1618 2724 1725 2767; x_wconf 89' lang='lat' dir='ltr'><strong><em>erat</em></strong></span> <span class='ocrx_word' id='word_1_372' title='bbox 1764 2714 1818 2766; x_wconf 89' lang='lat' dir='ltr'><strong><em>in</em></strong></span> <span class='ocrx_word' id='word_1_373' title='bbox 1860 2714 1950 2767; x_wconf 91' lang='lat' dir='ltr'><strong><em>illa</em></strong></span> <span class='ocrx_word' id='word_1_374' title='bbox 1994 2716 2049 2767; x_wconf 88' lang='lat' dir='ltr'><strong><em>in</em></strong></span> 
     </span>
    </p>
   </div>
   <div class='ocr_carea' id='block_1_93' title="bbox 1335 2786 2050 2855">
    <p class='ocr_par' dir='ltr' id='par_1_93' title="bbox 1335 2786 2050 2855">
     <span class='ocr_line' id='line_1_96' title="bbox 1335 2786 2050 2855; baseline 0.004 -19"><span class='ocrx_word' id='word_1_375' title='bbox 1335 2801 1399 2837; x_wconf 91' lang='lat' dir='ltr'><strong><em>ua</em></strong></span> <span class='ocrx_word' id='word_1_376' title='bbox 1451 2795 1599 2855; x_wconf 85' lang='lat' dir='ltr'><strong><em>natus</em></strong></span> <span class='ocrx_word' id='word_1_377' title='bbox 1661 2797 1769 2838; x_wconf 90' lang='lat' dir='ltr'><strong><em>erat</em></strong></span> <span class='ocrx_word' id='word_1_378' title='bbox 1839 2786 2050 2855; x_wconf 71' lang='lat' dir='ltr'><strong><em>aqualis</em></strong></span> 
     </span>
    </p>
   </div>
   <div class='ocr_carea' id='block_1_94' title="bbox 1350 2854 1797 2921">
    <p class='ocr_par' dir='ltr' id='par_1_94' title="bbox 1350 2854 1797 2921">
     <span class='ocr_line' id='line_1_97' title="bbox 1350 2854 1797 2921; baseline -0.004 -12"><span class='ocrx_word' id='word_1_379' title='bbox 1350 2870 1428 2909; x_wconf 91' lang='lat' dir='ltr'><strong><em>eo.</em></strong></span> <span class='ocrx_word' id='word_1_380' title='bbox 1458 2854 1526 2908; x_wconf 85' lang='lat' dir='ltr'><strong><em>Et</em></strong></span> <span class='ocrx_word' id='word_1_381' title='bbox 1556 2872 1667 2921; x_wconf 87' lang='lat' dir='ltr'><strong><em>nos,</em></strong></span> <span class='ocrx_word' id='word_1_382' title='bbox 1694 2864 1797 2911; x_wconf 86' lang='lat' dir='ltr'><strong><em>etc.</em></strong></span> 
     </span>
    </p>
   </div>
   <div class='ocr_carea' id='block_1_95' title="bbox 1368 2925 2049 2982">
    <p class='ocr_par' dir='ltr' id='par_1_95' title="bbox 1368 2925 2049 2982">
     <span class='ocr_line' id='line_1_98' title="bbox 1368 2925 2049 2982; baseline 0 -1"><span class='ocrx_word' id='word_1_383' title='bbox 1368 2927 1499 2982; x_wconf 90' lang='lat' dir='ltr'><strong>Cod.</strong></span> <span class='ocrx_word' id='word_1_384' title='bbox 1587 2943 1671 2981; x_wconf 86' lang='grc' dir='ltr'>χι..</span> <span class='ocrx_word' id='word_1_385' title='bbox 1758 2925 2049 2981; x_wconf 80' lang='lat' dir='ltr'><strong><em>Redeamus</em></strong></span> 
     </span>
    </p>
   </div>
   <div class='ocr_carea' id='block_1_96' title="bbox 1300 2997 1655 3067">
    <p class='ocr_par' dir='ltr' id='par_1_96' title="bbox 1300 2997 1655 3067">
     <span class='ocr_line' id='line_1_99' title="bbox 1300 2997 1655 3067; baseline -0.003 -16"><span class='ocrx_word' id='word_1_386' title='bbox 1300 2998 1430 3067; x_wconf 81' lang='lat' dir='ltr'><strong><em>forte</em></strong></span> <span class='ocrx_word' id='word_1_387' title='bbox 1450 2997 1517 3050; x_wconf 89' lang='lat' dir='ltr'><strong><em>ad</em></strong></span> <span class='ocrx_word' id='word_1_388' title='bbox 1544 3013 1655 3051; x_wconf 89' lang='lat' dir='ltr'><strong><em>nos.</em></strong></span> 
     </span>
    </p>
   </div>
   <div class='ocr_carea' id='block_1_97' title="bbox 1367 3068 2048 3134">
    <p class='ocr_par' dir='ltr' id='par_1_97' title="bbox 1367 3068 2048 3134">
     <span class='ocr_line' id='line_1_100' title="bbox 1367 3068 2048 3134; baseline 0 -12"><span class='ocrx_word' id='word_1_389' title='bbox 1367 3069 1443 3122; x_wconf 86' lang='lat' dir='ltr'><strong><em>Id.</em></strong></span> <span class='ocrx_word' id='word_1_390' title='bbox 1470 3068 1569 3134; x_wconf 84' lang='lat' dir='ltr'><strong><em>Qui</em></strong></span> <span class='ocrx_word' id='word_1_391' title='bbox 1586 3069 1737 3121; x_wconf 83' lang='lat' dir='ltr'><strong><em>aditis</em></strong></span> <span class='ocrx_word' id='word_1_392' title='bbox 1757 3068 2048 3122; x_wconf 86' lang='lat' dir='ltr'><strong><em>solitudinis</em></strong></span> 
     </span>
    </p>
   </div>
   <div class='ocr_carea' id='block_1_98' title="bbox 1295 3139 1919 3210">
    <p class='ocr_par' dir='ltr' id='par_1_98' title="bbox 1295 3139 1919 3210">
     <span class='ocr_line' id='line_1_101' title="bbox 1295 3139 1919 3210; baseline 0 -19"><span class='ocrx_word' id='word_1_393' title='bbox 1295 3139 1422 3210; x_wconf 86' lang='lat' dir='ltr'><strong><em>vias,</em></strong></span> <span class='ocrx_word' id='word_1_394' title='bbox 1444 3141 1624 3210; x_wconf 76' lang='lat' dir='ltr'><strong><em>erratis</em></strong></span> <span class='ocrx_word' id='word_1_395' title='bbox 1650 3140 1919 3210; x_wconf 86' lang='lat' dir='ltr'><strong><em>vagando?</em></strong></span> 
     </span>
    </p>
   </div>
   <div class='ocr_carea' id='block_1_99' title="bbox 1296 3280 1863 3335">
    <p class='ocr_par' dir='ltr' id='par_1_99' title="bbox 1296 3280 1863 3335">
     <span class='ocr_line' id='line_1_102' title="bbox 1296 3280 1863 3335; baseline 0.005 -4"><span class='ocrx_word' id='word_1_396' title='bbox 1296 3280 1407 3334; x_wconf 87' lang='lat' dir='ltr'><strong><em>redi</em></strong></span> <span class='ocrx_word' id='word_1_397' title='bbox 1427 3289 1475 3335; x_wconf 89' lang='lat' dir='ltr'><strong><em>et</em></strong></span> <span class='ocrx_word' id='word_1_398' title='bbox 1499 3286 1565 3335; x_wconf 80' lang='lat' dir='ltr'><strong><em>ad</em></strong></span> <span class='ocrx_word' id='word_1_399' title='bbox 1595 3297 1677 3335; x_wconf 88' lang='lat' dir='ltr'><strong><em>cor</em></strong></span> <span class='ocrx_word' id='word_1_400' title='bbox 1704 3290 1863 3334; x_wconf 90' lang='lat' dir='ltr'><strong><em>tuum.</em></strong></span> 
     </span>
    </p>
   </div>
   <div class='ocr_carea' id='block_1_100' title="bbox 1371 3350 2049 3421">
    <p class='ocr_par' dir='ltr' id='par_1_100' title="bbox 1371 3350 2049 3421">
     <span class='ocr_line' id='line_1_103' title="bbox 1371 3350 2049 3421; baseline 0.006 -19"><span class='ocrx_word' id='word_1_401' title='bbox 1371 3351 1447 3407; x_wconf 93' lang='lat' dir='ltr'><strong><em>Id.</em></strong></span> <span class='ocrx_word' id='word_1_402' title='bbox 1522 3350 1887 3421; x_wconf 87' lang='lat' dir='ltr'><strong><em>Propinquasti</em></strong></span> <span class='ocrx_word' id='word_1_403' title='bbox 1905 3393 1920 3417; x_wconf 94' lang='lat'><strong><em>,</em></strong></span> <span class='ocrx_word' id='word_1_404' title='bbox 1968 3353 2049 3406; x_wconf 89' lang='lat' dir='ltr'><strong><em>in-</em></strong></span> 
     </span>
    </p>
   </div>
   <div class='ocr_carea' id='block_1_101' title="bbox 1298 3422 1806 3495">
    <p class='ocr_par' dir='ltr' id='par_1_101' title="bbox 1298 3422 1806 3495">
     <span class='ocr_line' id='line_1_104' title="bbox 1298 3422 1806 3495; baseline 0.002 -21"><span class='ocrx_word' id='word_1_405' title='bbox 1298 3422 1535 3495; x_wconf 69' lang='lat' dir='ltr'><strong><em>tendisti,</em></strong></span> <span class='ocrx_word' id='word_1_406' title='bbox 1565 3422 1806 3495; x_wconf 82' lang='lat' dir='ltr'><strong><em>palpasti.</em></strong></span> 
     </span>
    </p>
   </div>
   <div class='ocr_carea' id='block_1_102' title="bbox 1370 3492 2022 3549">
    <p class='ocr_par' dir='ltr' id='par_1_102' title="bbox 1370 3492 2022 3549">
     <span class='ocr_line' id='line_1_105' title="bbox 1370 3492 2022 3549; baseline 0.006 -4"><span class='ocrx_word' id='word_1_407' title='bbox 1370 3492 1445 3545; x_wconf 91' lang='lat' dir='ltr'><strong><em>Id.</em></strong></span> <span class='ocrx_word' id='word_1_408' title='bbox 1478 3492 1539 3548; x_wconf 91' lang='lat' dir='ltr'><strong><em>Si</em></strong></span> <span class='ocrx_word' id='word_1_409' title='bbox 1567 3492 1737 3546; x_wconf 80' lang='lat' dir='ltr'><strong><em>curari</em></strong></span> <span class='ocrx_word' id='word_1_410' title='bbox 1764 3494 2022 3549; x_wconf 89' lang='lat' dir='ltr'><strong><em>restiteris.</em></strong></span> 
     </span>
    </p>
   </div>
   <div class='ocr_carea' id='block_1_103' title="bbox 1371 3633 2051 3690">
    <p class='ocr_par' dir='ltr' id='par_1_103' title="bbox 1371 3633 2051 3690">
     <span class='ocr_line' id='line_1_106' title="bbox 1371 3633 2051 3690; baseline 0 -2"><span class='ocrx_word' id='word_1_411' title='bbox 1371 3633 1502 3688; x_wconf 88' lang='lat' dir='ltr'><strong>Cod.</strong></span> <span class='ocrx_word' id='word_1_412' title='bbox 1550 3650 1656 3690; x_wconf 84' lang='lat' dir='ltr'><strong><em>xu.</em></strong></span> <span class='ocrx_word' id='word_1_413' title='bbox 1702 3634 2051 3688; x_wconf 84' lang='lat' dir='ltr'><strong><em>Demonstrari</em></strong></span> 
     </span>
    </p>
   </div>
   <div class='ocr_carea' id='block_1_104' title="bbox 1300 3704 2052 3774">
    <p class='ocr_par' dir='ltr' id='par_1_104' title="bbox 1300 3704 2052 3774">
     <span class='ocr_line' id='line_1_107' title="bbox 1300 3704 2052 3774; baseline 0.003 -19"><span class='ocrx_word' id='word_1_414' title='bbox 1300 3704 1555 3759; x_wconf 88' lang='lat' dir='ltr'><strong><em>resVerbo</em></strong></span> <span class='ocrx_word' id='word_1_415' title='bbox 1580 3722 1680 3759; x_wconf 92' lang='lat' dir='ltr'><strong><em>non</em></strong></span> <span class='ocrx_word' id='word_1_416' title='bbox 1712 3715 1870 3774; x_wconf 83' lang='lat' dir='ltr'><strong><em>potest</em></strong></span> <span class='ocrx_word' id='word_1_417' title='bbox 1893 3722 1913 3771; x_wconf 88' lang='lat'><em>;</em></span> <span class='ocrx_word' id='word_1_418' title='bbox 1942 3722 2052 3758; x_wconf 88' lang='lat' dir='ltr'><strong><em>om-</em></strong></span> 
     </span>
    </p>
   </div>
   <div class='ocr_carea' id='block_1_105' title="bbox 1300 3776 2049 3846">
    <p class='ocr_par' dir='ltr' id='par_1_105' title="bbox 1300 3776 2049 3846">
     <span class='ocr_line' id='line_1_108' title="bbox 1300 3776 2049 3846; baseline 0 -18"><span class='ocrx_word' id='word_1_419' title='bbox 1300 3776 1388 3828; x_wconf 90' lang='lat' dir='ltr'><strong><em>nia</em></strong></span> <span class='ocrx_word' id='word_1_420' title='bbox 1413 3777 1617 3846; x_wconf 83' lang='lat' dir='ltr'><strong><em>quippe,</em></strong></span> <span class='ocrx_word' id='word_1_421' title='bbox 1652 3785 1706 3830; x_wconf 90' lang='lat' dir='ltr'><strong><em>ut</em></strong></span> <span class='ocrx_word' id='word_1_422' title='bbox 1732 3776 1926 3829; x_wconf 85' lang='lat' dir='ltr'><strong><em>dictum</em></strong></span> <span class='ocrx_word' id='word_1_423' title='bbox 1955 3786 2049 3842; x_wconf 76' lang='lat' dir='ltr'><strong><em>est,</em></strong></span> 
     </span>
    </p>
   </div>
   <div class='ocr_carea' id='block_1_106' title="bbox 1302 3845 2053 3917">
    <p class='ocr_par' dir='ltr' id='par_1_106' title="bbox 1302 3845 2053 3917">
     <span class='ocr_line' id='line_1_109' title="bbox 1302 3845 2053 3917; baseline 0 -19"><span class='ocrx_word' id='word_1_424' title='bbox 1302 3863 1390 3917; x_wconf 86' lang='lat' dir='ltr'><strong><em>per</em></strong></span> <span class='ocrx_word' id='word_1_425' title='bbox 1412 3845 1578 3917; x_wconf 88' lang='lat' dir='ltr'><strong><em>ipsum</em></strong></span> <span class='ocrx_word' id='word_1_426' title='bbox 1598 3847 1737 3916; x_wconf 81' lang='lat' dir='ltr'><strong><em>facta</em></strong></span> <span class='ocrx_word' id='word_1_427' title='bbox 1759 3857 1896 3900; x_wconf 87' lang='lat' dir='ltr'><strong><em>sunt.</em></strong></span> <span class='ocrx_word' id='word_1_428' title='bbox 1931 3845 1975 3899; x_wconf 93' lang='grc' dir='ltr'><em>Η</em></span> <span class='ocrx_word' id='word_1_429' title='bbox 1982 3862 2053 3899; x_wconf 76' lang='lat' dir='ltr'><strong><em>(rc</em></strong></span> 
     </span>
    </p>
   </div>
   <div class='ocr_carea' id='block_1_107' title="bbox 1301 3916 2050 3988">
    <p class='ocr_par' dir='ltr' id='par_1_107' title="bbox 1301 3916 2050 3988">
     <span class='ocr_line' id='line_1_110' title="bbox 1301 3916 2050 3988; baseline 0.004 -21"><span class='ocrx_word' id='word_1_430' title='bbox 1301 3916 1347 3968; x_wconf 89' lang='lat' dir='ltr'><strong><em>si</em></strong></span> <span class='ocrx_word' id='word_1_431' title='bbox 1399 3916 1512 3985; x_wconf 86' lang='lat' dir='ltr'><strong><em>quis</em></strong></span> <span class='ocrx_word' id='word_1_432' title='bbox 1582 3917 1831 3987; x_wconf 86' lang='lat' dir='ltr'><strong><em>intelligat</em></strong></span> <span class='ocrx_word' id='word_1_433' title='bbox 1897 3917 2050 3988; x_wconf 87' lang='lat' dir='ltr'><strong><em>(cod.</em></strong></span> 
     </span>
    </p>
   </div>
   <div class='ocr_carea' id='block_1_108' title="bbox 1304 3994 1411 4041">
    <p class='ocr_par' dir='ltr' id='par_1_108' title="bbox 1304 3994 1411 4041">
     <span class='ocr_line' id='line_1_111' title="bbox 1304 3994 1411 4041; baseline -0.009 0"><span class='ocrx_word' id='word_1_434' title='bbox 1304 3994 1411 4041; x_wconf 87' lang='lat' dir='ltr'><strong><em>etc.</em></strong></span> 
     </span>
    </p>
   </div>
   <div class='ocr_carea' id='block_1_109' title="bbox 1374 4028 2097 4123">
    <p class='ocr_par' dir='ltr' id='par_1_109' title="bbox 1374 4028 2097 4123">
     <span class='ocr_line' id='line_1_112' title="bbox 1374 4028 2097 4123; baseline 0.004 -13"><span class='ocrx_word' id='word_1_435' title='bbox 1374 4028 1505 4111; x_wconf 76' lang='lat' dir='ltr'><strong>Cod.</strong></span> <span class='ocrx_word' id='word_1_436' title='bbox 1549 4072 1655 4114; x_wconf 80' lang='lat' dir='ltr'><strong><em>xu.</em></strong></span> <span class='ocrx_word' id='word_1_437' title='bbox 1690 4058 1756 4111; x_wconf 86' lang='lat' dir='ltr'><strong><em>In</em></strong></span> <span class='ocrx_word' id='word_1_438' title='bbox 1777 4059 2055 4123; x_wconf 79' lang='lat' dir='ltr'><strong><em>cordibus;</em></strong></span> <span class='ocrx_word' id='word_1_439' title='bbox 2086 4028 2097 4036; x_wconf 35' lang='lat'><em>.</em></span> 
     </span>
    </p>
   </div>
   <div class='ocr_carea' id='block_1_110' title="bbox 1302 4128 2054 4193">
    <p class='ocr_par' dir='ltr' id='par_1_110' title="bbox 1302 4128 2054 4193">
     <span class='ocr_line' id='line_1_113' title="bbox 1302 4128 2054 4193; baseline 0.004 -12"><span class='ocrx_word' id='word_1_440' title='bbox 1302 4128 1421 4181; x_wconf 91' lang='lat' dir='ltr'><strong><em>cod.</em></strong></span> <span class='ocrx_word' id='word_1_441' title='bbox 1447 4143 1702 4193; x_wconf 82' lang='lat' dir='ltr'><strong><em>cxxxvm,</em></strong></span> <span class='ocrx_word' id='word_1_442' title='bbox 1734 4131 1797 4183; x_wconf 90' lang='lat' dir='ltr'><strong><em>de</em></strong></span> <span class='ocrx_word' id='word_1_443' title='bbox 1817 4130 2054 4184; x_wconf 86' lang='lat' dir='ltr'><strong><em>cordibus</em></strong></span> 
     </span>
    </p>
   </div>
   <div class='ocr_carea' id='block_1_111' title="bbox 1301 4198 1612 4254">
    <p class='ocr_par' dir='ltr' id='par_1_111' title="bbox 1301 4198 1612 4254">
     <span class='ocr_line' id='line_1_114' title="bbox 1301 4198 1612 4254; baseline 0.016 -6"><span class='ocrx_word' id='word_1_444' title='bbox 1301 4198 1612 4254; x_wconf 80' lang='lat' dir='ltr'><strong><em>christianis.</em></strong></span> 
     </span>
    </p>
   </div>
   <div class='ocr_carea' id='block_1_112' title="bbox 1371 4268 2057 4342">
    <p class='ocr_par' dir='ltr' id='par_1_112' title="bbox 1371 4268 2057 4342">
     <span class='ocr_line' id='line_1_115' title="bbox 1371 4268 2057 4342; baseline 0.001 -19"><span class='ocrx_word' id='word_1_445' title='bbox 1371 4268 1540 4325; x_wconf 87' lang='lat' dir='ltr'><strong>Codd.</strong></span> <span class='ocrx_word' id='word_1_446' title='bbox 1572 4270 1749 4325; x_wconf 88' lang='lat' dir='ltr'><strong><em>ambo.</em></strong></span> <span class='ocrx_word' id='word_1_447' title='bbox 1776 4270 2057 4342; x_wconf 80' lang='lat' dir='ltr'><strong><em>Antequam</em></strong></span> 
     </span>
    </p>
   </div>
   <div class='ocr_carea' id='block_1_113' title="bbox 1304 4336 1911 4407">
    <p class='ocr_par' dir='ltr' id='par_1_113' title="bbox 1304 4336 1911 4407">
     <span class='ocr_line' id='line_1_116' title="bbox 1304 4336 1911 4407; baseline 0.01 -16"><span class='ocrx_word' id='word_1_448' title='bbox 1304 4336 1481 4407; x_wconf 77' lang='lat' dir='ltr'><strong><em>faciat,</em></strong></span> <span class='ocrx_word' id='word_1_449' title='bbox 1514 4342 1823 4395; x_wconf 87' lang='lat' dir='ltr'><strong><em>demonstrat</em></strong></span> <span class='ocrx_word' id='word_1_450' title='bbox 1848 4343 1911 4397; x_wconf 89' lang='lat' dir='ltr'><strong><em>ei.</em></strong></span> 
     </span>
    </p>
   </div>
   <div class='ocr_carea' id='block_1_114' title="bbox 1375 4410 2053 4477">
    <p class='ocr_par' dir='ltr' id='par_1_114' title="bbox 1375 4410 2053 4477">
     <span class='ocr_line' id='line_1_117' title="bbox 1375 4410 2053 4477; baseline 0.004 -15"><span class='ocrx_word' id='word_1_451' title='bbox 1375 4410 1474 4466; x_wconf 88' lang='lat' dir='ltr'><strong>Iid.</strong></span> <span class='ocrx_word' id='word_1_452' title='bbox 1510 4410 1732 4465; x_wconf 77' lang='lat' dir='ltr'><strong><em>Multum</em></strong></span> <span class='ocrx_word' id='word_1_453' title='bbox 1764 4428 1842 4465; x_wconf 88' lang='lat' dir='ltr'><strong><em>me</em></strong></span> <span class='ocrx_word' id='word_1_454' title='bbox 1866 4422 2053 4477; x_wconf 87' lang='lat' dir='ltr'><strong><em>movet,</em></strong></span> 
     </span>
    </p>
   </div>
   <div class='ocr_carea' id='block_1_115' title="bbox 1302 4482 1693 4537">
    <p class='ocr_par' dir='ltr' id='par_1_115' title="bbox 1302 4482 1693 4537">
     <span class='ocr_line' id='line_1_118' title="bbox 1302 4482 1693 4537; baseline 0.01 -4"><span class='ocrx_word' id='word_1_455' title='bbox 1302 4482 1487 4535; x_wconf 86' lang='lat' dir='ltr'><strong><em>intenti</em></strong></span> <span class='ocrx_word' id='word_1_456' title='bbox 1515 4491 1693 4537; x_wconf 89' lang='lat' dir='ltr'><strong><em>estote.</em></strong></span> 
     </span>
    </p>
   </div>
   <div class='ocr_carea' id='block_1_116' title="bbox 1375 4551 1468 4607">
    <p class='ocr_par' dir='ltr' id='par_1_116' title="bbox 1375 4551 1468 4607">
     <span class='ocr_line' id='line_1_119' title="bbox 1375 4551 1468 4607; baseline 0.043 -4"><span class='ocrx_word' id='word_1_457' title='bbox 1375 4551 1468 4607; x_wconf 86' lang='lat' dir='ltr'><strong>Iid.</strong></span> 
     </span>
    </p>
   </div>
   <div class='ocr_carea' id='block_1_117' title="bbox 2154 546 2762 615">
    <p class='ocr_par' dir='ltr' id='par_1_117' title="bbox 2154 546 2762 615">
     <span class='ocr_line' id='line_1_120' title="bbox 2154 546 2762 615; baseline -0.012 -12"><span class='ocrx_word' id='word_1_458' title='bbox 2154 551 2246 612; x_wconf 80' lang='lat' dir='ltr'><strong><em>tia,</em></strong></span> <span class='ocrx_word' id='word_1_459' title='bbox 2279 549 2497 615; x_wconf 79' lang='lat' dir='ltr'><strong><em>iustitia.</em></strong></span> <span class='ocrx_word' id='word_1_460' title='bbox 2531 546 2762 599; x_wconf 80' lang='lat' dir='ltr'><strong><em>claritas.</em></strong></span> 
     </span>
    </p>
   </div>
   <div class='ocr_carea' id='block_1_118' title="bbox 2221 612 2907 685">
    <p class='ocr_par' dir='ltr' id='par_1_118' title="bbox 2221 612 2907 685">
     <span class='ocr_line' id='line_1_121' title="bbox 2221 612 2907 685; baseline -0.009 -12"><span class='ocrx_word' id='word_1_461' title='bbox 2221 612 2287 673; x_wconf 78' lang='grc' dir='ltr'><strong>Ν.</strong></span> <span class='ocrx_word' id='word_1_462' title='bbox 2319 620 2405 672; x_wconf 68' lang='lat' dir='ltr'><strong><em>II.</em></strong></span> <span class='ocrx_word' id='word_1_463' title='bbox 2466 618 2674 670; x_wconf 80' lang='lat' dir='ltr'><strong><em>Amicus</em></strong></span> <span class='ocrx_word' id='word_1_464' title='bbox 2732 612 2907 685; x_wconf 75' lang='lat' dir='ltr'><strong><em>sponsi</em></strong></span> 
     </span>
    </p>
   </div>
   <div class='ocr_carea' id='block_1_119' title="bbox 2148 686 2796 761">
    <p class='ocr_par' dir='ltr' id='par_1_119' title="bbox 2148 686 2796 761">
     <span class='ocr_line' id='line_1_122' title="bbox 2148 686 2796 761; baseline -0.012 -15"><span class='ocrx_word' id='word_1_465' title='bbox 2148 701 2271 756; x_wconf 88' lang='lat' dir='ltr'><strong><em>stat,</em></strong></span> <span class='ocrx_word' id='word_1_466' title='bbox 2296 700 2343 745; x_wconf 85' lang='lat' dir='ltr'><strong><em>et</em></strong></span> <span class='ocrx_word' id='word_1_467' title='bbox 2370 688 2559 761; x_wconf 80' lang='lat' dir='ltr'><strong><em>gaudio</em></strong></span> <span class='ocrx_word' id='word_1_468' title='bbox 2585 686 2796 757; x_wconf 82' lang='lat' dir='ltr'><strong><em>gaudet.</em></strong></span> 
     </span>
    </p>
   </div>
   <div class='ocr_carea' id='block_1_120' title="bbox 2219 829 2904 913">
    <p class='ocr_par' dir='ltr' id='par_1_120' title="bbox 2219 829 2904 913">
     <span class='ocr_line' id='line_1_123' title="bbox 2219 829 2904 913; baseline -0.015 -27"><span class='ocrx_word' id='word_1_469' title='bbox 2219 830 2352 913; x_wconf 78' lang='lat' dir='ltr'><strong>Ibid.</strong></span> <span class='ocrx_word' id='word_1_470' title='bbox 2389 830 2570 911; x_wconf 80' lang='lat' dir='ltr'><strong><em>Fidem</em></strong></span> <span class='ocrx_word' id='word_1_471' title='bbox 2620 829 2682 881; x_wconf 92' lang='lat' dir='ltr'><strong><em>de</em></strong></span> <span class='ocrx_word' id='word_1_472' title='bbox 2727 840 2904 883; x_wconf 86' lang='lat' dir='ltr'><strong><em>resur-</em></strong></span> 
     </span>
    </p>
   </div>
   <div class='ocr_carea' id='block_1_121' title="bbox 2150 912 2587 958">
    <p class='ocr_par' dir='ltr' id='par_1_121' title="bbox 2150 912 2587 958">
     <span class='ocr_line' id='line_1_124' title="bbox 2150 912 2587 958; baseline 0 -3"><span class='ocrx_word' id='word_1_473' title='bbox 2150 912 2376 958; x_wconf 80' lang='lat' dir='ltr'><strong><em>rectione</em></strong></span> <span class='ocrx_word' id='word_1_474' title='bbox 2400 916 2587 956; x_wconf 83' lang='lat' dir='ltr'><strong><em>canus.</em></strong></span> 
     </span>
    </p>
   </div>
   <div class='ocr_carea' id='block_1_122' title="bbox 2225 1039 2909 1110">
    <p class='ocr_par' dir='ltr' id='par_1_122' title="bbox 2225 1039 2909 1110">
     <span class='ocr_line' id='line_1_125' title="bbox 2225 1039 2909 1110; baseline -0.009 -13"><span class='ocrx_word' id='word_1_475' title='bbox 2225 1039 2361 1097; x_wconf 78' lang='lat' dir='ltr'><strong>Ibid.</strong></span> <span class='ocrx_word' id='word_1_476' title='bbox 2394 1042 2559 1109; x_wconf 87' lang='lat' dir='ltr'><strong><em>Quem</em></strong></span> <span class='ocrx_word' id='word_1_477' title='bbox 2595 1053 2909 1110; x_wconf 81' lang='lat' dir='ltr'><strong><em>opponemus</em></strong></span> 
     </span>
    </p>
   </div>
   <div class='ocr_carea' id='block_1_123' title="bbox 2156 1111 2657 1168">
    <p class='ocr_par' dir='ltr' id='par_1_123' title="bbox 2156 1111 2657 1168">
     <span class='ocr_line' id='line_1_126' title="bbox 2156 1111 2657 1168; baseline -0.004 -1"><span class='ocrx_word' id='word_1_478' title='bbox 2156 1112 2613 1168; x_wconf 81' lang='lat' dir='ltr'><strong><em>contradictoribus</em></strong></span> <span class='ocrx_word' id='word_1_479' title='bbox 2633 1111 2657 1165; x_wconf 71' lang='grc' dir='ltr'>Ρ</span> 
     </span>
    </p>
   </div>
   <div class='ocr_carea' id='block_1_124' title="bbox 2227 1180 2912 1249">
    <p class='ocr_par' dir='ltr' id='par_1_124' title="bbox 2227 1180 2912 1249">
     <span class='ocr_line' id='line_1_127' title="bbox 2227 1180 2912 1249; baseline -0.006 -11"><span class='ocrx_word' id='word_1_480' title='bbox 2227 1185 2358 1239; x_wconf 75' lang='lat' dir='ltr'><strong>Ibid.</strong></span> <span class='ocrx_word' id='word_1_481' title='bbox 2414 1184 2542 1249; x_wconf 69' lang='lat' dir='ltr'><strong><em>Quae</em></strong></span> <span class='ocrx_word' id='word_1_482' title='bbox 2588 1198 2642 1235; x_wconf 91' lang='lat' dir='ltr'><strong><em>se</em></strong></span> <span class='ocrx_word' id='word_1_483' title='bbox 2690 1180 2912 1248; x_wconf 87' lang='lat' dir='ltr'><strong><em>aliquam</em></strong></span> 
     </span>
    </p>
   </div>
   <div class='ocr_carea' id='block_1_125' title="bbox 2153 1251 2910 1326">
    <p class='ocr_par' dir='ltr' id='par_1_125' title="bbox 2153 1251 2910 1326">
     <span class='ocr_line' id='line_1_128' title="bbox 2153 1251 2910 1326; baseline -0.007 -18"><span class='ocrx_word' id='word_1_484' title='bbox 2153 1255 2450 1326; x_wconf 84' lang='lat' dir='ltr'><strong><em>religionem</em></strong></span> <span class='ocrx_word' id='word_1_485' title='bbox 2472 1251 2759 1306; x_wconf 86' lang='lat' dir='ltr'><strong><em>hominibus</em></strong></span> <span class='ocrx_word' id='word_1_486' title='bbox 2781 1252 2910 1304; x_wconf 86' lang='lat' dir='ltr'><strong><em>inse-</em></strong></span> 
     </span>
    </p>
   </div>
   <div class='ocr_carea' id='block_1_126' title="bbox 2154 1329 2746 1395">
    <p class='ocr_par' dir='ltr' id='par_1_126' title="bbox 2154 1329 2746 1395">
     <span class='ocr_line' id='line_1_129' title="bbox 2154 1329 2746 1395; baseline -0.012 -14"><span class='ocrx_word' id='word_1_487' title='bbox 2154 1342 2265 1381; x_wconf 88' lang='lat' dir='ltr'><strong><em>rere</em></strong></span> <span class='ocrx_word' id='word_1_488' title='bbox 2294 1329 2746 1395; x_wconf 77' lang='lat' dir='ltr'><strong><em>prmumpserunt.</em></strong></span> 
     </span>
    </p>
   </div>
   <div class='ocr_carea' id='block_1_127' title="bbox 2227 1465 2915 1522">
    <p class='ocr_par' dir='ltr' id='par_1_127' title="bbox 2227 1465 2915 1522">
     <span class='ocr_line' id='line_1_130' title="bbox 2227 1465 2915 1522; baseline -0.004 -1"><span class='ocrx_word' id='word_1_489' title='bbox 2227 1467 2287 1521; x_wconf 87' lang='lat' dir='ltr'><strong><em>N.</em></strong></span> <span class='ocrx_word' id='word_1_490' title='bbox 2340 1466 2425 1522; x_wconf 77' lang='lat' dir='ltr'><strong><em>I5.</em></strong></span> <span class='ocrx_word' id='word_1_491' title='bbox 2478 1465 2619 1520; x_wconf 85' lang='lat' dir='ltr'><strong><em>Nam</em></strong></span> <span class='ocrx_word' id='word_1_492' title='bbox 2653 1467 2758 1519; x_wconf 89' lang='lat' dir='ltr'><strong><em>scio</em></strong></span> <span class='ocrx_word' id='word_1_493' title='bbox 2806 1480 2915 1519; x_wconf 87' lang='lat' dir='ltr'><strong><em>esse</em></strong></span> 
     </span>
    </p>
   </div>
   <div class='ocr_carea' id='block_1_128' title="bbox 2157 1535 2913 1608">
    <p class='ocr_par' dir='ltr' id='par_1_128' title="bbox 2157 1535 2913 1608">
     <span class='ocr_line' id='line_1_131' title="bbox 2157 1535 2913 1608; baseline -0.004 -16"><span class='ocrx_word' id='word_1_494' title='bbox 2157 1554 2371 1607; x_wconf 89' lang='lat' dir='ltr'><strong><em>corpora</em></strong></span> <span class='ocrx_word' id='word_1_495' title='bbox 2393 1538 2443 1591; x_wconf 89' lang='lat' dir='ltr'><strong><em>in</em></strong></span> <span class='ocrx_word' id='word_1_496' title='bbox 2471 1535 2804 1591; x_wconf 85' lang='lat' dir='ltr'><strong><em>monumentis</em></strong></span> <span class='ocrx_word' id='word_1_497' title='bbox 2823 1538 2913 1608; x_wconf 86' lang='lat' dir='ltr'><strong><em>ja-</em></strong></span> 
     </span>
    </p>
   </div>
   <div class='ocr_carea' id='block_1_129' title="bbox 2159 1612 2342 1667">
    <p class='ocr_par' dir='ltr' id='par_1_129' title="bbox 2159 1612 2342 1667">
     <span class='ocr_line' id='line_1_132' title="bbox 2159 1612 2342 1667; baseline -0.027 0"><span class='ocrx_word' id='word_1_498' title='bbox 2159 1612 2342 1667; x_wconf 79' lang='lat' dir='ltr'><strong><em>centia.</em></strong></span> 
     </span>
    </p>
   </div>
   <div class='ocr_carea' id='block_1_130' title="bbox 2230 1678 2912 1735">
    <p class='ocr_par' dir='ltr' id='par_1_130' title="bbox 2230 1678 2912 1735">
     <span class='ocr_line' id='line_1_133' title="bbox 2230 1678 2912 1735; baseline -0.006 -1"><span class='ocrx_word' id='word_1_499' title='bbox 2230 1678 2295 1735; x_wconf 88' lang='grc' dir='ltr'><strong>Ν.</strong></span> <span class='ocrx_word' id='word_1_500' title='bbox 2322 1680 2406 1734; x_wconf 86' lang='grc'><strong><em>17.</em></strong></span> <span class='ocrx_word' id='word_1_501' title='bbox 2440 1678 2639 1733; x_wconf 76' lang='lat' dir='ltr'><strong><em>Anima:</em></strong></span> <span class='ocrx_word' id='word_1_502' title='bbox 2662 1693 2765 1731; x_wconf 91' lang='lat' dir='ltr'><strong><em>non</em></strong></span> <span class='ocrx_word' id='word_1_503' title='bbox 2794 1686 2912 1731; x_wconf 85' lang='lat' dir='ltr'><strong><em>sunt</em></strong></span> 
     </span>
    </p>
   </div>
   <div class='ocr_carea' id='block_1_131' title="bbox 2159 1750 2914 1819">
    <p class='ocr_par' dir='ltr' id='par_1_131' title="bbox 2159 1750 2914 1819">
     <span class='ocr_line' id='line_1_134' title="bbox 2159 1750 2914 1819; baseline -0.003 -16"><span class='ocrx_word' id='word_1_504' title='bbox 2159 1750 2213 1804; x_wconf 91' lang='lat' dir='ltr'><strong><em>in</em></strong></span> <span class='ocrx_word' id='word_1_505' title='bbox 2242 1750 2602 1816; x_wconf 87' lang='lat' dir='ltr'><strong><em>monumentis,</em></strong></span> <span class='ocrx_word' id='word_1_506' title='bbox 2632 1764 2724 1802; x_wconf 92' lang='lat' dir='ltr'><strong><em>nec</em></strong></span> <span class='ocrx_word' id='word_1_507' title='bbox 2741 1750 2914 1819; x_wconf 84' lang='lat' dir='ltr'><strong><em>justo-</em></strong></span> 
     </span>
    </p>
   </div>
   <div class='ocr_carea' id='block_1_132' title="bbox 2160 1821 2745 1889">
    <p class='ocr_par' dir='ltr' id='par_1_132' title="bbox 2160 1821 2745 1889">
     <span class='ocr_line' id='line_1_135' title="bbox 2160 1821 2745 1889; baseline -0.005 -14"><span class='ocrx_word' id='word_1_508' title='bbox 2160 1837 2294 1885; x_wconf 88' lang='lat' dir='ltr'><strong><em>rum,</em></strong></span> <span class='ocrx_word' id='word_1_509' title='bbox 2324 1826 2414 1873; x_wconf 77' lang='lat' dir='ltr'><strong><em>nec</em></strong></span> <span class='ocrx_word' id='word_1_510' title='bbox 2438 1821 2745 1889; x_wconf 87' lang='lat' dir='ltr'><strong><em>iniquorum.</em></strong></span> 
     </span>
    </p>
   </div>
   <div class='ocr_carea' id='block_1_133' title="bbox 2081 1871 2914 1961">
    <p class='ocr_par' dir='ltr' id='par_1_133' title="bbox 2081 1871 2914 1961">
     <span class='ocr_line' id='line_1_136' title="bbox 2081 1871 2914 1961; baseline 0.008 -23"><span class='ocrx_word' id='word_1_511' title='bbox 2081 1871 2132 1933; x_wconf 72' lang='grc' dir='ltr'><strong>Β</strong></span> <span class='ocrx_word' id='word_1_512' title='bbox 2161 1871 2170 1874; x_wconf 37' lang='grc'>⁷</span> <span class='ocrx_word' id='word_1_513' title='bbox 2189 1871 2375 1947; x_wconf 43' lang='lat'><strong><em>.—</em></strong></span> <span class='ocrx_word' id='word_1_514' title='bbox 2705 1871 2914 1961; x_wconf 89' lang='lat' dir='ltr'><strong><em>quando</em></strong></span> 
     </span>
    </p>
   </div>
   <div class='ocr_carea' id='block_1_134' title="bbox 2160 1971 2906 2087">
    <p class='ocr_par' dir='ltr' id='par_1_134' title="bbox 2160 1971 2906 2087">
     <span class='ocr_line' id='line_1_137' title="bbox 2160 1971 2906 2087; baseline -0.004 -1"><span class='ocrx_word' id='word_1_515' title='bbox 2160 1971 2358 2087; x_wconf 45' lang='lat' dir='ltr'><strong><em>aul&#39;bid.</em></strong></span> <span class='ocrx_word' id='word_1_516' title='bbox 2391 2030 2499 2086; x_wconf 88' lang='lat' dir='ltr'><strong><em>Sed</em></strong></span> <span class='ocrx_word' id='word_1_517' title='bbox 2514 2048 2613 2084; x_wconf 88' lang='lat' dir='ltr'><strong><em>non</em></strong></span> <span class='ocrx_word' id='word_1_518' title='bbox 2630 2046 2799 2085; x_wconf 83' lang='lat' dir='ltr'><strong><em>omnes</em></strong></span> <span class='ocrx_word' id='word_1_519' title='bbox 2820 2031 2906 2086; x_wconf 89' lang='lat' dir='ltr'><strong><em>ob-</em></strong></span> 
     </span>
    </p>
   </div>
   <div class='ocr_carea' id='block_1_135' title="bbox 2157 2100 2694 2175">
    <p class='ocr_par' dir='ltr' id='par_1_135' title="bbox 2157 2100 2694 2175">
     <span class='ocr_line' id='line_1_138' title="bbox 2157 2100 2694 2175; baseline -0.004 -18"><span class='ocrx_word' id='word_1_520' title='bbox 2157 2104 2373 2158; x_wconf 86' lang='lat' dir='ltr'><strong><em>audiunt</em></strong></span> <span class='ocrx_word' id='word_1_521' title='bbox 2395 2100 2694 2175; x_wconf 83' lang='lat' dir='ltr'><strong><em>Evangelia.</em></strong></span> 
     </span>
    </p>
   </div>
   <div class='ocr_carea' id='block_1_136' title="bbox 2226 2242 2911 2312">
    <p class='ocr_par' dir='ltr' id='par_1_136' title="bbox 2226 2242 2911 2312">
     <span class='ocr_line' id='line_1_139' title="bbox 2226 2242 2911 2312; baseline -0.003 -13"><span class='ocrx_word' id='word_1_522' title='bbox 2226 2244 2291 2299; x_wconf 88' lang='lat' dir='ltr'><strong><em>N.</em></strong></span> <span class='ocrx_word' id='word_1_523' title='bbox 2310 2243 2395 2297; x_wconf 92' lang='grc'><strong><em>18.</em></strong></span> <span class='ocrx_word' id='word_1_524' title='bbox 2417 2243 2481 2297; x_wconf 86' lang='lat' dir='ltr'><strong><em>Et</em></strong></span> <span class='ocrx_word' id='word_1_525' title='bbox 2504 2244 2596 2297; x_wconf 87' lang='lat' dir='ltr'><strong><em>erit</em></strong></span> <span class='ocrx_word' id='word_1_526' title='bbox 2619 2242 2911 2312; x_wconf 81' lang='lat' dir='ltr'><strong><em>diremptio.</em></strong></span> 
     </span>
    </p>
   </div>
   <div class='ocr_carea' id='block_1_137' title="bbox 2230 2314 2911 2379">
    <p class='ocr_par' dir='ltr' id='par_1_137' title="bbox 2230 2314 2911 2379">
     <span class='ocr_line' id='line_1_140' title="bbox 2230 2314 2911 2379; baseline -0.006 -10"><span class='ocrx_word' id='word_1_527' title='bbox 2230 2316 2360 2369; x_wconf 89' lang='lat' dir='ltr'><strong>Ibid.</strong></span> <span class='ocrx_word' id='word_1_528' title='bbox 2394 2314 2515 2368; x_wconf 89' lang='lat' dir='ltr'><strong><em>Non</em></strong></span> <span class='ocrx_word' id='word_1_529' title='bbox 2559 2314 2797 2379; x_wconf 88' lang='lat' dir='ltr'><strong><em>rapinam</em></strong></span> <span class='ocrx_word' id='word_1_530' title='bbox 2826 2329 2911 2365; x_wconf 91' lang='lat' dir='ltr'><strong><em>ar-</em></strong></span> 
     </span>
    </p>
   </div>
   <div class='ocr_carea' id='block_1_138' title="bbox 2156 2384 2913 2509">
    <p class='ocr_par' dir='ltr' id='par_1_138' title="bbox 2156 2384 2913 2509">
     <span class='ocr_line' id='line_1_141' title="bbox 2156 2384 2913 2509; baseline 0 -70"><span class='ocrx_word' id='word_1_531' title='bbox 2156 2387 2369 2509; x_wconf 52' lang='lat' dir='ltr'><strong><em>lbitratus</em></strong></span> <span class='ocrx_word' id='word_1_532' title='bbox 2416 2395 2487 2439; x_wconf 88' lang='lat' dir='ltr'><strong><em>est</em></strong></span> <span class='ocrx_word' id='word_1_533' title='bbox 2543 2400 2650 2438; x_wconf 87' lang='lat' dir='ltr'><strong><em>esse</em></strong></span> <span class='ocrx_word' id='word_1_534' title='bbox 2699 2384 2913 2453; x_wconf 69' lang='lat' dir='ltr'><strong><em>azqualis</em></strong></span> 
     </span>
     <span class='ocr_line' id='line_1_142' title="bbox 2209 2473 2285 2509; baseline 0 0"><span class='ocrx_word' id='word_1_535' title='bbox 2209 2473 2285 2509; x_wconf 87' lang='lat' dir='ltr'><strong><em>eo.</em></strong></span> 
     </span>
    </p>
   </div>
   <div class='ocr_carea' id='block_1_139' title="bbox 2209 2473 2285 2510">
    <p class='ocr_par' dir='ltr' id='par_1_139' title="bbox 2209 2473 2285 2510">
     <span class='ocr_line' id='line_1_143' title="bbox 2209 2473 2285 2510; baseline -0.013 0"><span class='ocrx_word' id='word_1_536' title='bbox 2209 2473 2285 2510; x_wconf 78' lang='grc' dir='ltr'><strong>εο.</strong></span> 
     </span>
    </p>
   </div>
   <div class='ocr_carea' id='block_1_140' title="bbox 2226 2525 2912 2595">
    <p class='ocr_par' dir='ltr' id='par_1_140' title="bbox 2226 2525 2912 2595">
     <span class='ocr_line' id='line_1_144' title="bbox 2226 2525 2912 2595; baseline -0.004 -14"><span class='ocrx_word' id='word_1_537' title='bbox 2226 2528 2288 2581; x_wconf 87' lang='grc' dir='ltr'><strong><em>Ν.</em></strong></span> <span class='ocrx_word' id='word_1_538' title='bbox 2321 2526 2408 2581; x_wconf 86' lang='grc'><strong><em>19.</em></strong></span> <span class='ocrx_word' id='word_1_539' title='bbox 2440 2525 2564 2581; x_wconf 86' lang='grc' dir='ltr'><strong><em>Νοη</em></strong></span> <span class='ocrx_word' id='word_1_540' title='bbox 2598 2541 2761 2583; x_wconf 81' lang='lat' dir='ltr'><strong><em>meum</em></strong></span> <span class='ocrx_word' id='word_1_541' title='bbox 2800 2542 2912 2595; x_wconf 75' lang='lat' dir='ltr'><strong><em>qua:</em></strong></span> 
     </span>
    </p>
   </div>
   <div class='ocr_carea' id='block_1_141' title="bbox 2152 2596 2519 2653">
    <p class='ocr_par' dir='ltr' id='par_1_141' title="bbox 2152 2596 2519 2653">
     <span class='ocr_line' id='line_1_145' title="bbox 2152 2596 2519 2653; baseline 0 -2"><span class='ocrx_word' id='word_1_542' title='bbox 2152 2600 2359 2653; x_wconf 86' lang='lat' dir='ltr'><strong><em>resistat</em></strong></span> <span class='ocrx_word' id='word_1_543' title='bbox 2391 2596 2519 2651; x_wconf 86' lang='lat' dir='ltr'><strong><em>Deo.</em></strong></span> 
     </span>
    </p>
   </div>
   <div class='ocr_carea' id='block_1_142' title="bbox 2224 2667 2907 2737">
    <p class='ocr_par' dir='ltr' id='par_1_142' title="bbox 2224 2667 2907 2737">
     <span class='ocr_line' id='line_1_146' title="bbox 2224 2667 2907 2737; baseline -0.003 -14"><span class='ocrx_word' id='word_1_544' title='bbox 2224 2668 2355 2723; x_wconf 89' lang='lat' dir='ltr'><strong>Ibid.</strong></span> <span class='ocrx_word' id='word_1_545' title='bbox 2404 2667 2524 2721; x_wconf 81' lang='lat' dir='ltr'><strong><em>Non</em></strong></span> <span class='ocrx_word' id='word_1_546' title='bbox 2576 2667 2772 2737; x_wconf 83' lang='lat' dir='ltr'><strong><em>faciunt</em></strong></span> <span class='ocrx_word' id='word_1_547' title='bbox 2816 2684 2907 2721; x_wconf 90' lang='lat' dir='ltr'><strong><em>vo-</em></strong></span> 
     </span>
    </p>
   </div>
   <div class='ocr_carea' id='block_1_143' title="bbox 2154 2738 2907 2804">
    <p class='ocr_par' dir='ltr' id='par_1_143' title="bbox 2154 2738 2907 2804">
     <span class='ocr_line' id='line_1_147' title="bbox 2154 2738 2907 2804; baseline 0 -11"><span class='ocrx_word' id='word_1_548' title='bbox 2154 2738 2397 2793; x_wconf 86' lang='lat' dir='ltr'><strong><em>luntatem</em></strong></span> <span class='ocrx_word' id='word_1_549' title='bbox 2447 2754 2591 2791; x_wconf 87' lang='lat' dir='ltr'><strong><em>suam</em></strong></span> <span class='ocrx_word' id='word_1_550' title='bbox 2616 2780 2631 2800; x_wconf 91' lang='lat'><strong><em>,</em></strong></span> <span class='ocrx_word' id='word_1_551' title='bbox 2681 2740 2907 2804; x_wconf 83' lang='lat' dir='ltr'><strong><em>quamvis</em></strong></span> 
     </span>
    </p>
   </div>
   <div class='ocr_carea' id='block_1_144' title="bbox 2153 2808 2724 2880">
    <p class='ocr_par' dir='ltr' id='par_1_144' title="bbox 2153 2808 2724 2880">
     <span class='ocr_line' id='line_1_148' title="bbox 2153 2808 2724 2880; baseline -0.005 -15"><span class='ocrx_word' id='word_1_552' title='bbox 2153 2812 2285 2880; x_wconf 86' lang='lat' dir='ltr'><strong><em>quod</em></strong></span> <span class='ocrx_word' id='word_1_553' title='bbox 2310 2810 2486 2864; x_wconf 90' lang='lat' dir='ltr'><strong><em>volunt</em></strong></span> <span class='ocrx_word' id='word_1_554' title='bbox 2513 2808 2724 2879; x_wconf 78' lang='lat' dir='ltr'><strong><em>faciant.</em></strong></span> 
     </span>
    </p>
   </div>
   <div class='ocr_carea' id='block_1_145' title="bbox 3597 365 3735 420">
    <p class='ocr_par' dir='ltr' id='par_1_145' title="bbox 3597 365 3735 420">
     <span class='ocr_line' id='line_1_149' title="bbox 3597 365 3735 420; baseline 0.014 -1"><span class='ocrx_word' id='word_1_555' title='bbox 3597 365 3735 420; x_wconf 67' lang='lat' dir='ltr'><strong><em>nos</em></strong></span> 
     </span>
    </p>
   </div>
   <div class='ocr_carea' id='block_1_146' title="bbox 3052 469 3739 545">
    <p class='ocr_par' dir='ltr' id='par_1_146' title="bbox 3052 469 3739 545">
     <span class='ocr_line' id='line_1_150' title="bbox 3052 469 3739 545; baseline -0.001 -21"><span class='ocrx_word' id='word_1_556' title='bbox 3052 469 3151 545; x_wconf 69' lang='lat' dir='ltr'><strong><em>ne.</em></strong></span> <span class='ocrx_word' id='word_1_557' title='bbox 3188 470 3289 545; x_wconf 77' lang='lat' dir='ltr'><strong><em>Qui</em></strong></span> <span class='ocrx_word' id='word_1_558' title='bbox 3316 472 3500 545; x_wconf 65' lang='lat' dir='ltr'><strong><em>mnu</em></strong></span> <span class='ocrx_word' id='word_1_559' title='bbox 3536 478 3739 545; x_wconf 60' lang='lat' dir='ltr'><strong><em>sapiat-</em></strong></span> 
     </span>
    </p>
   </div>
   <div class='ocr_carea' id='block_1_147' title="bbox 2979 542 3608 611">
    <p class='ocr_par' dir='ltr' id='par_1_147' title="bbox 2979 542 3608 611">
     <span class='ocr_line' id='line_1_151' title="bbox 2979 542 3608 611; baseline 0.01 -18"><span class='ocrx_word' id='word_1_560' title='bbox 2979 542 3076 604; x_wconf 78' lang='lat' dir='ltr'><strong><em>tia,</em></strong></span> <span class='ocrx_word' id='word_1_561' title='bbox 3098 543 3330 611; x_wconf 83' lang='lat' dir='ltr'><strong><em>justitia,</em></strong></span> <span class='ocrx_word' id='word_1_562' title='bbox 3357 542 3608 604; x_wconf 67' lang='lat' dir='ltr'><strong><em>charitas.</em></strong></span> 
     </span>
    </p>
   </div>
   <div class='ocr_carea' id='block_1_148' title="bbox 3047 613 3743 686">
    <p class='ocr_par' dir='ltr' id='par_1_148' title="bbox 3047 613 3743 686">
     <span class='ocr_line' id='line_1_152' title="bbox 3047 613 3743 686; baseline 0.016 -22"><span class='ocrx_word' id='word_1_563' title='bbox 3047 613 3182 686; x_wconf 81' lang='lat' dir='ltr'><strong>Cod.</strong></span> <span class='ocrx_word' id='word_1_564' title='bbox 3204 629 3311 667; x_wconf 81' lang='lat' dir='ltr'><strong><em>xu.</em></strong></span> <span class='ocrx_word' id='word_1_565' title='bbox 3336 615 3547 669; x_wconf 82' lang='lat' dir='ltr'><strong><em>Amicus</em></strong></span> <span class='ocrx_word' id='word_1_566' title='bbox 3566 622 3743 686; x_wconf 80' lang='lat' dir='ltr'><strong><em>sponsi</em></strong></span> 
     </span>
    </p>
   </div>
   <div class='ocr_carea' id='block_1_149' title="bbox 2976 683 3737 757">
    <p class='ocr_par' dir='ltr' id='par_1_149' title="bbox 2976 683 3737 757">
     <span class='ocr_line' id='line_1_153' title="bbox 2976 683 3737 757; baseline 0.012 -22"><span class='ocrx_word' id='word_1_567' title='bbox 2976 683 3063 752; x_wconf 80' lang='lat' dir='ltr'><strong><em>qui</em></strong></span> <span class='ocrx_word' id='word_1_568' title='bbox 3098 694 3292 739; x_wconf 64' lang='grc' dir='ltr'><strong><em>Μαίη..</em></strong></span> <span class='ocrx_word' id='word_1_569' title='bbox 3315 686 3505 755; x_wconf 79' lang='lat' dir='ltr'><strong><em>gaudio</em></strong></span> <span class='ocrx_word' id='word_1_570' title='bbox 3525 683 3737 757; x_wconf 75' lang='lat' dir='ltr'><strong><em>gaudet,</em></strong></span> 
     </span>
    </p>
   </div>
   <div class='ocr_carea' id='block_1_150' title="bbox 2976 758 3187 809">
    <p class='ocr_par' dir='ltr' id='par_1_150' title="bbox 2976 758 3187 809">
     <span class='ocr_line' id='line_1_154' title="bbox 2976 758 3187 809; baseline 0 -1"><span class='ocrx_word' id='word_1_571' title='bbox 2976 758 3094 809; x_wconf 85' lang='lat' dir='ltr'><strong><em>sine</em></strong></span> <span class='ocrx_word' id='word_1_572' title='bbox 3117 763 3187 809; x_wconf 85' lang='lat' dir='ltr'><strong><em>et.</em></strong></span> 
     </span>
    </p>
   </div>
   <div class='ocr_carea' id='block_1_151' title="bbox 3046 823 3743 896">
    <p class='ocr_par' dir='ltr' id='par_1_151' title="bbox 3046 823 3743 896">
     <span class='ocr_line' id='line_1_155' title="bbox 3046 823 3743 896; baseline 0.011 -18"><span class='ocrx_word' id='word_1_573' title='bbox 3046 824 3218 880; x_wconf 87' lang='lat' dir='ltr'><strong>Codd.</strong></span> <span class='ocrx_word' id='word_1_574' title='bbox 3248 823 3327 880; x_wconf 86' lang='lat' dir='ltr'><strong><em>De</em></strong></span> <span class='ocrx_word' id='word_1_575' title='bbox 3366 828 3471 896; x_wconf 76' lang='lat' dir='ltr'><strong><em>fide</em></strong></span> <span class='ocrx_word' id='word_1_576' title='bbox 3516 846 3743 886; x_wconf 82' lang='lat' dir='ltr'><strong><em>resurre-</em></strong></span> 
     </span>
    </p>
   </div>
   <div class='ocr_carea' id='block_1_152' title="bbox 2979 896 3739 957">
    <p class='ocr_par' dir='ltr' id='par_1_152' title="bbox 2979 896 3739 957">
     <span class='ocr_line' id='line_1_156' title="bbox 2979 896 3739 957; baseline 0.009 -8"><span class='ocrx_word' id='word_1_577' title='bbox 2979 896 3198 950; x_wconf 87' lang='lat' dir='ltr'><strong><em>ctionem</em></strong></span> <span class='ocrx_word' id='word_1_578' title='bbox 3234 912 3424 953; x_wconf 76' lang='lat' dir='ltr'><strong><em>carnis.</em></strong></span> <span class='ocrx_word' id='word_1_579' title='bbox 3472 899 3593 956; x_wconf 77' lang='lat' dir='ltr'><strong>Vid.</strong></span> <span class='ocrx_word' id='word_1_580' title='bbox 3627 918 3739 957; x_wconf 78' lang='lat' dir='ltr'><strong><em>var.</em></strong></span> 
     </span>
    </p>
   </div>
   <div class='ocr_carea' id='block_1_153' title="bbox 2982 966 3152 1020">
    <p class='ocr_par' dir='ltr' id='par_1_153' title="bbox 2982 966 3152 1020">
     <span class='ocr_line' id='line_1_157' title="bbox 2982 966 3152 1020; baseline 0 -1"><span class='ocrx_word' id='word_1_581' title='bbox 2982 966 3152 1020; x_wconf 72' lang='lat' dir='ltr'><strong><em>blant.</em></strong></span> 
     </span>
    </p>
   </div>
   <div class='ocr_carea' id='block_1_154' title="bbox 3053 1037 3741 1107">
    <p class='ocr_par' dir='ltr' id='par_1_154' title="bbox 3053 1037 3741 1107">
     <span class='ocr_line' id='line_1_158' title="bbox 3053 1037 3741 1107; baseline 0.01 -17"><span class='ocrx_word' id='word_1_582' title='bbox 3053 1037 3152 1091; x_wconf 88' lang='lat' dir='ltr'><strong>Iid.</strong></span> <span class='ocrx_word' id='word_1_583' title='bbox 3228 1038 3355 1105; x_wconf 75' lang='lat' dir='ltr'><strong><em>Qua:</em></strong></span> <span class='ocrx_word' id='word_1_584' title='bbox 3432 1043 3741 1107; x_wconf 81' lang='lat' dir='ltr'><strong><em>opponimus</em></strong></span> 
     </span>
    </p>
   </div>
   <div class='ocr_carea' id='block_1_155' title="bbox 2982 1109 3464 1165">
    <p class='ocr_par' dir='ltr' id='par_1_155' title="bbox 2982 1109 3464 1165">
     <span class='ocr_line' id='line_1_159' title="bbox 2982 1109 3464 1165; baseline 0.008 -4"><span class='ocrx_word' id='word_1_585' title='bbox 2982 1109 3464 1165; x_wconf 75' lang='lat' dir='ltr'><strong><em>contradictoribus!</em></strong></span> 
     </span>
    </p>
   </div>
   <div class='ocr_carea' id='block_1_156' title="bbox 3056 1178 3745 1249">
    <p class='ocr_par' dir='ltr' id='par_1_156' title="bbox 3056 1178 3745 1249">
     <span class='ocr_line' id='line_1_160' title="bbox 3056 1178 3745 1249; baseline 0.009 -17"><span class='ocrx_word' id='word_1_586' title='bbox 3056 1178 3151 1233; x_wconf 90' lang='lat' dir='ltr'><strong>Iid.</strong></span> <span class='ocrx_word' id='word_1_587' title='bbox 3202 1180 3329 1245; x_wconf 77' lang='lat' dir='ltr'><strong><em>Qute</em></strong></span> <span class='ocrx_word' id='word_1_588' title='bbox 3358 1196 3411 1235; x_wconf 85' lang='lat' dir='ltr'><strong><em>se</em></strong></span> <span class='ocrx_word' id='word_1_589' title='bbox 3451 1184 3629 1249; x_wconf 88' lang='lat' dir='ltr'><strong><em>aliqua</em></strong></span> <span class='ocrx_word' id='word_1_590' title='bbox 3666 1202 3745 1238; x_wconf 89' lang='lat' dir='ltr'><strong><em>re-</em></strong></span> 
     </span>
    </p>
   </div>
   <div class='ocr_carea' id='block_1_157' title="bbox 2985 1250 3747 1320">
    <p class='ocr_par' dir='ltr' id='par_1_157' title="bbox 2985 1250 3747 1320">
     <span class='ocr_line' id='line_1_161' title="bbox 2985 1250 3747 1320; baseline 0.008 -17"><span class='ocrx_word' id='word_1_591' title='bbox 2985 1250 3174 1320; x_wconf 91' lang='lat' dir='ltr'><strong><em>ligione</em></strong></span> <span class='ocrx_word' id='word_1_592' title='bbox 3198 1250 3487 1306; x_wconf 83' lang='lat' dir='ltr'><strong><em>hominibus</em></strong></span> <span class='ocrx_word' id='word_1_593' title='bbox 3526 1256 3747 1309; x_wconf 85' lang='lat' dir='ltr'><strong><em>inserere</em></strong></span> 
     </span>
    </p>
   </div>
   <div class='ocr_carea' id='block_1_158' title="bbox 3046 1324 3743 1387">
    <p class='ocr_par' dir='ltr' id='par_1_158' title="bbox 3046 1324 3743 1387">
     <span class='ocr_line' id='line_1_162' title="bbox 3046 1324 3743 1387; baseline 0.009 -13"><span class='ocrx_word' id='word_1_594' title='bbox 3046 1330 3433 1387; x_wconf 63' lang='lat' dir='ltr'><strong><em>resumpserunt.</em></strong></span> <span class='ocrx_word' id='word_1_595' title='bbox 3470 1324 3595 1379; x_wconf 87' lang='lat' dir='ltr'><strong>Vid.</strong></span> <span class='ocrx_word' id='word_1_596' title='bbox 3628 1341 3743 1380; x_wconf 76' lang='lat' dir='ltr'><strong><em>var.</em></strong></span> 
     </span>
    </p>
   </div>
   <div class='ocr_carea' id='block_1_159' title="bbox 3037 1409 3153 1445">
    <p class='ocr_par' dir='ltr' id='par_1_159' title="bbox 3037 1409 3153 1445">
     <span class='ocr_line' id='line_1_163' title="bbox 3037 1409 3153 1445; baseline -0.009 0"><span class='ocrx_word' id='word_1_597' title='bbox 3037 1409 3153 1445; x_wconf 86' lang='lat' dir='ltr'><strong><em>aur.</em></strong></span> 
     </span>
    </p>
   </div>
   <div class='ocr_carea' id='block_1_160' title="bbox 3057 1460 3743 1521">
    <p class='ocr_par' dir='ltr' id='par_1_160' title="bbox 3057 1460 3743 1521">
     <span class='ocr_line' id='line_1_164' title="bbox 3057 1460 3743 1521; baseline 0.007 -5"><span class='ocrx_word' id='word_1_598' title='bbox 3057 1461 3153 1516; x_wconf 88' lang='lat' dir='ltr'><strong>Iid.</strong></span> <span class='ocrx_word' id='word_1_599' title='bbox 3190 1460 3325 1516; x_wconf 85' lang='lat' dir='ltr'><strong><em>Nam</em></strong></span> <span class='ocrx_word' id='word_1_600' title='bbox 3354 1466 3457 1519; x_wconf 90' lang='lat' dir='ltr'><strong><em>scio</em></strong></span> <span class='ocrx_word' id='word_1_601' title='bbox 3494 1466 3608 1521; x_wconf 90' lang='lat' dir='ltr'><strong><em>sine</em></strong></span> <span class='ocrx_word' id='word_1_602' title='bbox 3639 1468 3743 1521; x_wconf 72' lang='lat' dir='ltr'><strong><em>vita</em></strong></span> 
     </span>
    </p>
   </div>
   <div class='ocr_carea' id='block_1_161' title="bbox 2986 1539 3744 1606">
    <p class='ocr_par' dir='ltr' id='par_1_161' title="bbox 2986 1539 3744 1606">
     <span class='ocr_line' id='line_1_165' title="bbox 2986 1539 3744 1606; baseline 0.008 -19"><span class='ocrx_word' id='word_1_603' title='bbox 2986 1549 3276 1606; x_wconf 78' lang='lat' dir='ltr'><strong><em>corporum,</em></strong></span> <span class='ocrx_word' id='word_1_604' title='bbox 3307 1550 3522 1606; x_wconf 89' lang='lat' dir='ltr'><strong><em>corpora</em></strong></span> <span class='ocrx_word' id='word_1_605' title='bbox 3552 1539 3605 1591; x_wconf 89' lang='lat' dir='ltr'><strong><em>in</em></strong></span> <span class='ocrx_word' id='word_1_606' title='bbox 3630 1554 3744 1592; x_wconf 88' lang='lat' dir='ltr'><strong><em>mo-</em></strong></span> 
     </span>
    </p>
   </div>
   <div class='ocr_carea' id='block_1_162' title="bbox 2985 1604 3500 1673">
    <p class='ocr_par' dir='ltr' id='par_1_162' title="bbox 2985 1604 3500 1673">
     <span class='ocr_line' id='line_1_166' title="bbox 2985 1604 3500 1673; baseline 0.002 -14"><span class='ocrx_word' id='word_1_607' title='bbox 2985 1605 3236 1659; x_wconf 87' lang='lat' dir='ltr'><strong><em>numentis</em></strong></span> <span class='ocrx_word' id='word_1_608' title='bbox 3251 1604 3500 1673; x_wconf 75' lang='lat' dir='ltr'><strong><em>jac-entia.</em></strong></span> 
     </span>
    </p>
   </div>
   <div class='ocr_carea' id='block_1_163' title="bbox 3055 1676 3746 1735">
    <p class='ocr_par' dir='ltr' id='par_1_163' title="bbox 3055 1676 3746 1735">
     <span class='ocr_line' id='line_1_167' title="bbox 3055 1676 3746 1735; baseline 0.009 -6"><span class='ocrx_word' id='word_1_609' title='bbox 3055 1676 3187 1729; x_wconf 86' lang='lat' dir='ltr'><strong>Cod.</strong></span> <span class='ocrx_word' id='word_1_610' title='bbox 3224 1691 3329 1729; x_wconf 78' lang='lat' dir='ltr'><strong><em>xu.</em></strong></span> <span class='ocrx_word' id='word_1_611' title='bbox 3381 1679 3583 1733; x_wconf 79' lang='lat' dir='ltr'><strong><em>Anima:</em></strong></span> <span class='ocrx_word' id='word_1_612' title='bbox 3630 1690 3746 1735; x_wconf 79' lang='lat' dir='ltr'><strong><em>sunt</em></strong></span> 
     </span>
    </p>
   </div>
   <div class='ocr_carea' id='block_1_164' title="bbox 2986 1747 3746 1828">
    <p class='ocr_par' dir='ltr' id='par_1_164' title="bbox 2986 1747 3746 1828">
     <span class='ocr_line' id='line_1_168' title="bbox 2986 1747 3746 1828; baseline 0.008 -29"><span class='ocrx_word' id='word_1_613' title='bbox 2986 1747 3038 1799; x_wconf 90' lang='lat' dir='ltr'><strong><em>in</em></strong></span> <span class='ocrx_word' id='word_1_614' title='bbox 3066 1748 3423 1828; x_wconf 73' lang='lat' dir='ltr'><strong><em>monumentis,</em></strong></span> <span class='ocrx_word' id='word_1_615' title='bbox 3450 1766 3544 1803; x_wconf 78' lang='lat' dir='ltr'><strong><em>nec</em></strong></span> <span class='ocrx_word' id='word_1_616' title='bbox 3575 1754 3746 1821; x_wconf 76' lang='lat' dir='ltr'><strong><em>justo-</em></strong></span> 
     </span>
    </p>
   </div>
   <div class='ocr_carea' id='block_1_165' title="bbox 2985 1834 3588 1887">
    <p class='ocr_par' dir='ltr' id='par_1_165' title="bbox 2985 1834 3588 1887">
     <span class='ocr_line' id='line_1_169' title="bbox 2985 1834 3588 1887; baseline 0.005 -16"><span class='ocrx_word' id='word_1_617' title='bbox 2985 1834 3120 1881; x_wconf 86' lang='lat' dir='ltr'><strong><em>rum,</em></strong></span> <span class='ocrx_word' id='word_1_618' title='bbox 3154 1835 3243 1872; x_wconf 86' lang='lat' dir='ltr'><strong><em>nec</em></strong></span> <span class='ocrx_word' id='word_1_619' title='bbox 3266 1835 3588 1887; x_wconf 76' lang='lat' dir='ltr'><strong><em>iniquorum.</em></strong></span> 
     </span>
    </p>
   </div>
   <div class='ocr_carea' id='block_1_166' title="bbox 3024 1888 3741 1962">
    <p class='ocr_par' dir='ltr' id='par_1_166' title="bbox 3024 1888 3741 1962">
     <span class='ocr_line' id='line_1_170' title="bbox 3024 1888 3741 1962; baseline 0.007 -19"><span class='ocrx_word' id='word_1_620' title='bbox 3024 1888 3225 1962; x_wconf 78' lang='lat' dir='ltr'><strong>Codd.</strong></span> <span class='ocrx_word' id='word_1_621' title='bbox 3294 1888 3551 1957; x_wconf 79' lang='lat' dir='ltr'><strong><em>Superius</em></strong></span> <span class='ocrx_word' id='word_1_622' title='bbox 3614 1909 3741 1962; x_wconf 86' lang='lat' dir='ltr'><strong><em>quo-</em></strong></span> 
     </span>
    </p>
   </div>
   <div class='ocr_carea' id='block_1_167' title="bbox 2987 1960 3283 2021">
    <p class='ocr_par' dir='ltr' id='par_1_167' title="bbox 2987 1960 3283 2021">
     <span class='ocr_line' id='line_1_171' title="bbox 2987 1960 3283 2021; baseline 0 -8"><span class='ocrx_word' id='word_1_623' title='bbox 2987 1960 3140 2013; x_wconf 89' lang='lat' dir='ltr'><strong><em>modo</em></strong></span> <span class='ocrx_word' id='word_1_624' title='bbox 3168 1960 3260 2013; x_wconf 88' lang='lat' dir='ltr'><strong><em>ait.</em></strong></span> <span class='ocrx_word' id='word_1_625' title='bbox 3280 2020 3283 2021; x_wconf 21' lang='grc' dir='ltr'><em>ν</em></span> 
     </span>
    </p>
   </div>
   <div class='ocr_carea' id='block_1_168' title="bbox 3056 2030 3746 2087">
    <p class='ocr_par' dir='ltr' id='par_1_168' title="bbox 3056 2030 3746 2087">
     <span class='ocr_line' id='line_1_172' title="bbox 3056 2030 3746 2087; baseline 0.006 -3"><span class='ocrx_word' id='word_1_626' title='bbox 3056 2030 3189 2085; x_wconf 92' lang='lat' dir='ltr'><strong>Cod.</strong></span> <span class='ocrx_word' id='word_1_627' title='bbox 3221 2045 3326 2083; x_wconf 81' lang='lat' dir='ltr'><strong><em>xu.</em></strong></span> <span class='ocrx_word' id='word_1_628' title='bbox 3357 2030 3465 2085; x_wconf 90' lang='lat' dir='ltr'><strong><em>Sed</em></strong></span> <span class='ocrx_word' id='word_1_629' title='bbox 3496 2049 3599 2085; x_wconf 86' lang='lat' dir='ltr'><strong><em>non</em></strong></span> <span class='ocrx_word' id='word_1_630' title='bbox 3641 2052 3746 2087; x_wconf 79' lang='lat' dir='ltr'><strong><em>om-</em></strong></span> 
     </span>
    </p>
   </div>
   <div class='ocr_carea' id='block_1_169' title="bbox 2986 2100 3745 2173">
    <p class='ocr_par' dir='ltr' id='par_1_169' title="bbox 2986 2100 3745 2173">
     <span class='ocr_line' id='line_1_173' title="bbox 2986 2100 3745 2173; baseline 0.008 -19"><span class='ocrx_word' id='word_1_631' title='bbox 2986 2117 3073 2173; x_wconf 85' lang='lat' dir='ltr'><strong><em>nes</em></strong></span> <span class='ocrx_word' id='word_1_632' title='bbox 3093 2100 3333 2173; x_wconf 86' lang='lat' dir='ltr'><strong><em>obediunt</em></strong></span> <span class='ocrx_word' id='word_1_633' title='bbox 3357 2101 3659 2173; x_wconf 79' lang='lat' dir='ltr'><strong><em>Evangelia.</em></strong></span> <span class='ocrx_word' id='word_1_634' title='bbox 3683 2106 3745 2160; x_wconf 83' lang='lat' dir='ltr'><strong><em>Et</em></strong></span> 
     </span>
    </p>
   </div>
   <div class='ocr_carea' id='block_1_170' title="bbox 2987 2172 3557 2240">
    <p class='ocr_par' dir='ltr' id='par_1_170' title="bbox 2987 2172 3557 2240">
     <span class='ocr_line' id='line_1_174' title="bbox 2987 2172 3557 2240; baseline 0.005 -16"><span class='ocrx_word' id='word_1_635' title='bbox 2987 2172 3065 2225; x_wconf 89' lang='lat' dir='ltr'><strong><em>sic</em></strong></span> <span class='ocrx_word' id='word_1_636' title='bbox 3088 2172 3359 2240; x_wconf 89' lang='lat' dir='ltr'><strong><em>deinceps,</em></strong></span> <span class='ocrx_word' id='word_1_637' title='bbox 3396 2172 3557 2227; x_wconf 86' lang='lat' dir='ltr'><strong><em>bene.</em></strong></span> 
     </span>
    </p>
   </div>
   <div class='ocr_carea' id='block_1_171' title="bbox 3058 2242 3743 2301">
    <p class='ocr_par' dir='ltr' id='par_1_171' title="bbox 3058 2242 3743 2301">
     <span class='ocr_line' id='line_1_175' title="bbox 3058 2242 3743 2301; baseline 0.009 -6"><span class='ocrx_word' id='word_1_638' title='bbox 3058 2242 3227 2295; x_wconf 86' lang='lat' dir='ltr'><strong>Codd.</strong></span> <span class='ocrx_word' id='word_1_639' title='bbox 3262 2242 3327 2294; x_wconf 83' lang='lat' dir='ltr'><strong><em>Et</em></strong></span> <span class='ocrx_word' id='word_1_640' title='bbox 3354 2246 3445 2297; x_wconf 91' lang='lat' dir='ltr'><strong><em>erit</em></strong></span> <span class='ocrx_word' id='word_1_641' title='bbox 3478 2246 3743 2301; x_wconf 85' lang='lat' dir='ltr'><strong><em>discretio.</em></strong></span> 
     </span>
    </p>
   </div>
   <div class='ocr_carea' id='block_1_172' title="bbox 3058 2312 3750 2385">
    <p class='ocr_par' dir='ltr' id='par_1_172' title="bbox 3058 2312 3750 2385">
     <span class='ocr_line' id='line_1_176' title="bbox 3058 2312 3750 2385; baseline 0.009 -20"><span class='ocrx_word' id='word_1_642' title='bbox 3058 2312 3154 2367; x_wconf 94' lang='lat' dir='ltr'><strong>Iid.</strong></span> <span class='ocrx_word' id='word_1_643' title='bbox 3209 2312 3329 2367; x_wconf 84' lang='lat' dir='ltr'><strong><em>Non</em></strong></span> <span class='ocrx_word' id='word_1_644' title='bbox 3373 2318 3620 2385; x_wconf 87' lang='lat' dir='ltr'><strong><em>rapinam</em></strong></span> <span class='ocrx_word' id='word_1_645' title='bbox 3667 2335 3750 2371; x_wconf 84' lang='lat' dir='ltr'><strong><em>ar-</em></strong></span> 
     </span>
    </p>
   </div>
   <div class='ocr_carea' id='block_1_173' title="bbox 2985 2384 3748 2507">
    <p class='ocr_par' dir='ltr' id='par_1_173' title="bbox 2985 2384 3748 2507">
     <span class='ocr_line' id='line_1_177' title="bbox 2985 2384 3748 2507; baseline 0.007 -70"><span class='ocrx_word' id='word_1_646' title='bbox 2985 2384 3200 2507; x_wconf 53' lang='lat' dir='ltr'><strong><em>lbitrutus</em></strong></span> <span class='ocrx_word' id='word_1_647' title='bbox 3242 2400 3347 2438; x_wconf 83' lang='lat' dir='ltr'><strong><em>esse</em></strong></span> <span class='ocrx_word' id='word_1_648' title='bbox 3388 2384 3445 2438; x_wconf 85' lang='lat' dir='ltr'><strong><em>se</em></strong></span> <span class='ocrx_word' id='word_1_649' title='bbox 3492 2388 3748 2457; x_wconf 59' lang='lat' dir='ltr'><strong><em>«equuleus</em></strong></span> 
     </span>
     <span class='ocr_line' id='line_1_178' title="bbox 3037 2470 3115 2507; baseline -0.026 0"><span class='ocrx_word' id='word_1_650' title='bbox 3037 2470 3115 2507; x_wconf 85' lang='lat' dir='ltr'><strong><em>eo.</em></strong></span> 
     </span>
    </p>
   </div>
   <div class='ocr_carea' id='block_1_174' title="bbox 3037 2470 3115 2507">
    <p class='ocr_par' dir='ltr' id='par_1_174' title="bbox 3037 2470 3115 2507">
     <span class='ocr_line' id='line_1_179' title="bbox 3037 2470 3115 2507; baseline -0.026 0"><span class='ocrx_word' id='word_1_651' title='bbox 3037 2470 3115 2507; x_wconf 74' lang='grc' dir='ltr'><strong><em>εο.</em></strong></span> 
     </span>
    </p>
   </div>
   <div class='ocr_carea' id='block_1_175' title="bbox 3053 2524 3752 2596">
    <p class='ocr_par' dir='ltr' id='par_1_175' title="bbox 3053 2524 3752 2596">
     <span class='ocr_line' id='line_1_180' title="bbox 3053 2524 3752 2596; baseline 0.003 -15"><span class='ocrx_word' id='word_1_652' title='bbox 3053 2524 3192 2581; x_wconf 88' lang='lat' dir='ltr'><strong>Cod.</strong></span> <span class='ocrx_word' id='word_1_653' title='bbox 3218 2540 3254 2580; x_wconf 90' lang='grc' dir='ltr'>ι.</span> <span class='ocrx_word' id='word_1_654' title='bbox 3287 2524 3408 2580; x_wconf 83' lang='grc' dir='ltr'><strong><em>Νοη</em></strong></span> <span class='ocrx_word' id='word_1_655' title='bbox 3435 2544 3621 2596; x_wconf 84' lang='lat' dir='ltr'><strong><em>meam,</em></strong></span> <span class='ocrx_word' id='word_1_656' title='bbox 3649 2546 3752 2583; x_wconf 83' lang='lat' dir='ltr'><strong><em>non</em></strong></span> 
     </span>
    </p>
   </div>
   <div class='ocr_carea' id='block_1_176' title="bbox 2981 2596 3483 2667">
    <p class='ocr_par' dir='ltr' id='par_1_176' title="bbox 2981 2596 3483 2667">
     <span class='ocr_line' id='line_1_181' title="bbox 2981 2596 3483 2667; baseline 0.006 -18"><span class='ocrx_word' id='word_1_657' title='bbox 2981 2612 3095 2667; x_wconf 76' lang='lat' dir='ltr'><strong><em>qua:</em></strong></span> <span class='ocrx_word' id='word_1_658' title='bbox 3123 2596 3326 2667; x_wconf 83' lang='lat' dir='ltr'><strong><em>resistat</em></strong></span> <span class='ocrx_word' id='word_1_659' title='bbox 3358 2597 3483 2653; x_wconf 89' lang='lat' dir='ltr'><strong><em>Deo.</em></strong></span> 
     </span>
    </p>
   </div>
   <div class='ocr_carea' id='block_1_177' title="bbox 3058 2666 3749 2739">
    <p class='ocr_par' dir='ltr' id='par_1_177' title="bbox 3058 2666 3749 2739">
     <span class='ocr_line' id='line_1_182' title="bbox 3058 2666 3749 2739; baseline 0.006 -17"><span class='ocrx_word' id='word_1_660' title='bbox 3058 2669 3132 2722; x_wconf 87' lang='lat' dir='ltr'><strong><em>Id.</em></strong></span> <span class='ocrx_word' id='word_1_661' title='bbox 3166 2666 3287 2722; x_wconf 89' lang='lat' dir='ltr'><strong><em>Non</em></strong></span> <span class='ocrx_word' id='word_1_662' title='bbox 3317 2669 3514 2739; x_wconf 80' lang='lat' dir='ltr'><strong><em>faciunt</em></strong></span> <span class='ocrx_word' id='word_1_663' title='bbox 3563 2672 3749 2726; x_wconf 80' lang='lat' dir='ltr'><strong><em>volun-</em></strong></span> 
     </span>
    </p>
   </div>
   <div class='ocr_carea' id='block_1_178' title="bbox 2981 2742 3751 2811">
    <p class='ocr_par' dir='ltr' id='par_1_178' title="bbox 2981 2742 3751 2811">
     <span class='ocr_line' id='line_1_183' title="bbox 2981 2742 3751 2811; baseline -0.006 -19"><span class='ocrx_word' id='word_1_664' title='bbox 2981 2747 3134 2811; x_wconf 84' lang='lat' dir='ltr'><strong><em>tatem</em></strong></span> <span class='ocrx_word' id='word_1_665' title='bbox 3175 2755 3339 2811; x_wconf 83' lang='lat' dir='ltr'><strong><em>suam,</em></strong></span> <span class='ocrx_word' id='word_1_666' title='bbox 3371 2742 3605 2811; x_wconf 83' lang='lat' dir='ltr'><strong><em>quamvis</em></strong></span> <span class='ocrx_word' id='word_1_667' title='bbox 3655 2760 3751 2797; x_wconf 78' lang='lat' dir='ltr'><strong><em>vo.</em></strong></span> 
     </span>
    </p>
   </div>
   <div class='ocr_carea' id='block_1_179' title="bbox 2983 2808 3384 2881">
    <p class='ocr_par' dir='ltr' id='par_1_179' title="bbox 2983 2808 3384 2881">
     <span class='ocr_line' id='line_1_184' title="bbox 2983 2808 3384 2881; baseline 0.01 -19"><span class='ocrx_word' id='word_1_668' title='bbox 2983 2808 3143 2865; x_wconf 84' lang='lat' dir='ltr'><strong><em>lentes</em></strong></span> <span class='ocrx_word' id='word_1_669' title='bbox 3169 2808 3384 2881; x_wconf 83' lang='lat' dir='ltr'><strong><em>faciant.</em></strong></span> 
     </span>
    </p>
   </div>
   <div class='ocr_carea' id='block_1_180' title="bbox 2733 2940 3173 2982">
    <p class='ocr_par' dir='ltr' id='par_1_180' title="bbox 2733 2940 3173 2982">
     <span class='ocr_line' id='line_1_185' title="bbox 2733 2940 3173 2982; baseline -0.002 -3"><span class='ocrx_word' id='word_1_670' title='bbox 2733 2940 3047 2982; x_wconf 72' lang='lat' dir='ltr'><strong><em>&#39;I&#39;IIAC’I&#39;A&#39;I&#39;US</em></strong></span> <span class='ocrx_word' id='word_1_671' title='bbox 3075 2941 3145 2979; x_wconf 81' lang='grc' dir='ltr'><strong><em>χχ</em></strong></span> <span class='ocrx_word' id='word_1_672' title='bbox 3159 2964 3173 2978; x_wconf 88' lang='lat'><strong><em>.</em></strong></span> 
     </span>
    </p>
   </div>
   <div class='ocr_carea' id='block_1_181' title="bbox 2223 3039 3750 3114">
    <p class='ocr_par' dir='ltr' id='par_1_181' title="bbox 2223 3039 3750 3114">
     <span class='ocr_line' id='line_1_186' title="bbox 2223 3039 3750 3114; baseline 0 -16"><span class='ocrx_word' id='word_1_673' title='bbox 2223 3043 2439 3114; x_wconf 74' lang='lat' dir='ltr'><strong><em>Legitur</em></strong></span> <span class='ocrx_word' id='word_1_674' title='bbox 2468 3041 2519 3097; x_wconf 92' lang='lat' dir='ltr'><strong><em>in</em></strong></span> <span class='ocrx_word' id='word_1_675' title='bbox 2563 3039 2734 3097; x_wconf 84' lang='lat' dir='ltr'><strong><em>tribus</em></strong></span> <span class='ocrx_word' id='word_1_676' title='bbox 2773 3041 2934 3097; x_wconf 89' lang='lat' dir='ltr'><strong>codd.</strong></span> <span class='ocrx_word' id='word_1_677' title='bbox 2968 3042 3312 3106; x_wconf 86' lang='lat' dir='ltr'><strong><em>Florentinis,</em></strong></span> <span class='ocrx_word' id='word_1_678' title='bbox 3358 3057 3553 3112; x_wconf 85' lang='lat' dir='ltr'><strong><em>nempe</em></strong></span> <span class='ocrx_word' id='word_1_679' title='bbox 3604 3042 3750 3099; x_wconf 88' lang='lat' dir='ltr'><strong>Bibl.</strong></span> 
     </span>
    </p>
   </div>
   <div class='ocr_carea' id='block_1_182' title="bbox 2152 3132 3753 3205">
    <p class='ocr_par' dir='ltr' id='par_1_182' title="bbox 2152 3132 3753 3205">
     <span class='ocr_line' id='line_1_187' title="bbox 2152 3132 3753 3205; baseline -0.001 -15"><span class='ocrx_word' id='word_1_680' title='bbox 2152 3134 2411 3191; x_wconf 83' lang='lat' dir='ltr'><strong><em>Laurent.</em></strong></span> <span class='ocrx_word' id='word_1_681' title='bbox 2439 3134 2574 3205; x_wconf 88' lang='lat' dir='ltr'><strong><em>plut.</em></strong></span> <span class='ocrx_word' id='word_1_682' title='bbox 2608 3148 2714 3189; x_wconf 81' lang='lat' dir='ltr'><strong><em>xvu</em></strong></span> <span class='ocrx_word' id='word_1_683' title='bbox 2739 3174 2754 3199; x_wconf 89' lang='lat'><strong><em>,</em></strong></span> <span class='ocrx_word' id='word_1_684' title='bbox 2799 3133 2921 3189; x_wconf 90' lang='lat' dir='ltr'><strong><em>cod.</em></strong></span> <span class='ocrx_word' id='word_1_685' title='bbox 2955 3149 3052 3199; x_wconf 79' lang='grc' dir='ltr'>χι,</span> <span class='ocrx_word' id='word_1_686' title='bbox 3086 3133 3179 3188; x_wconf 78' lang='lat' dir='ltr'><strong><em>Iul.</em></strong></span> <span class='ocrx_word' id='word_1_687' title='bbox 3207 3132 3309 3189; x_wconf 86' lang='lat' dir='ltr'><strong>I69</strong></span> <span class='ocrx_word' id='word_1_688' title='bbox 3338 3134 3405 3199; x_wconf 88' lang='lat' dir='ltr'><strong><em>b;</em></strong></span> <span class='ocrx_word' id='word_1_689' title='bbox 3444 3134 3575 3189; x_wconf 82' lang='lat' dir='ltr'><strong>ibid.</strong></span> <span class='ocrx_word' id='word_1_690' title='bbox 3611 3135 3753 3204; x_wconf 85' lang='lat' dir='ltr'><strong><em>plut.</em></strong></span> 
     </span>
    </p>
   </div>
   <div class='ocr_carea' id='block_1_183' title="bbox 1368 3208 2045 3319">
    <p class='ocr_par' dir='ltr' id='par_1_183' title="bbox 1368 3208 2042 3319">
     <span class='ocr_line' id='line_1_188' title="bbox 1368 3208 2042 3280; baseline 0.001 -17"><span class='ocrx_word' id='word_1_691' title='bbox 1368 3209 1447 3265; x_wconf 92' lang='lat' dir='ltr'><strong><em>Id.</em></strong></span> <span class='ocrx_word' id='word_1_692' title='bbox 1464 3208 1669 3263; x_wconf 87' lang='lat' dir='ltr'><strong><em>Dimitte</em></strong></span> <span class='ocrx_word' id='word_1_693' title='bbox 1682 3208 1865 3280; x_wconf 82' lang='lat' dir='ltr'><strong><em>corpus</em></strong></span> <span class='ocrx_word' id='word_1_694' title='bbox 1878 3219 2042 3279; x_wconf 88' lang='lat' dir='ltr'><strong><em>tuum,</em></strong></span> 
     </span>
     <span class='ocr_line' id='line_1_189' title="bbox 1368 3280 1841 3319; baseline 0 0"><span class='ocrx_word' id='word_1_695' title='bbox 1368 3280 1407 3319; x_wconf 64' lang='lat' dir='ltr'><strong><em>ii</em></strong></span> <span class='ocrx_word' id='word_1_696' title='bbox 1427 3289 1475 3319; x_wconf 68' lang='lat' dir='ltr'><strong><em>at</em></strong></span> <span class='ocrx_word' id='word_1_697' title='bbox 1500 3286 1565 3319; x_wconf 78' lang='lat' dir='ltr'><strong><em>ml</em></strong></span> <span class='ocrx_word' id='word_1_698' title='bbox 1596 3297 1677 3319; x_wconf 74' lang='grc' dir='ltr'><strong><em>ηπ</em></strong></span> <span class='ocrx_word' id='word_1_699' title='bbox 1704 3290 1841 3319; x_wconf 68' lang='lat' dir='ltr'><strong><em>hrum</em></strong></span> 
     </span>
    </p>
   </div>
   <div class='ocr_carea' id='block_1_184' title="bbox 2171 3208 3750 3319">
    <p class='ocr_par' dir='ltr' id='par_1_184' title="bbox 2171 3228 3750 3296">
     <span class='ocr_line' id='line_1_190' title="bbox 2171 3228 3750 3296; baseline 0.002 -12"><span class='ocrx_word' id='word_1_700' title='bbox 2171 3247 2257 3284; x_wconf 74' lang='grc' dir='ltr'>[χχ</span> <span class='ocrx_word' id='word_1_701' title='bbox 2279 3230 2455 3284; x_wconf 86' lang='lat' dir='ltr'><strong><em>sinisl.</em></strong></span> <span class='ocrx_word' id='word_1_702' title='bbox 2476 3270 2490 3291; x_wconf 88' lang='lat'><strong><em>,</em></strong></span> <span class='ocrx_word' id='word_1_703' title='bbox 2515 3229 2637 3283; x_wconf 91' lang='lat' dir='ltr'><strong><em>cod.</em></strong></span> <span class='ocrx_word' id='word_1_704' title='bbox 2668 3245 2718 3296; x_wconf 85' lang='grc' dir='ltr'>ι,</span> <span class='ocrx_word' id='word_1_705' title='bbox 2751 3228 2846 3283; x_wconf 96' lang='lat' dir='ltr'><strong><em>fol.</em></strong></span> <span class='ocrx_word' id='word_1_706' title='bbox 2870 3228 3009 3295; x_wconf 74' lang='lat'><strong><em>206;</em></strong></span> <span class='ocrx_word' id='word_1_707' title='bbox 3035 3236 3091 3283; x_wconf 88' lang='lat' dir='ltr'><strong><em>et</em></strong></span> <span class='ocrx_word' id='word_1_708' title='bbox 3121 3229 3255 3284; x_wconf 91' lang='lat' dir='ltr'><strong>Bibl.</strong></span> <span class='ocrx_word' id='word_1_709' title='bbox 3288 3228 3453 3285; x_wconf 65' lang='lat' dir='ltr'><strong>Edil.</strong></span> <span class='ocrx_word' id='word_1_710' title='bbox 3478 3229 3601 3285; x_wconf 84' lang='lat' dir='ltr'><strong>cod.</strong></span> <span class='ocrx_word' id='word_1_711' title='bbox 3622 3246 3750 3295; x_wconf 77' lang='grc' dir='ltr'><strong>οιι..</strong></span> 
     </span>
    </p>
   </div>
   <div class='ocr_carea' id='block_1_185' title="bbox 2157 3323 3692 3390">
    <p class='ocr_par' dir='ltr' id='par_1_185' title="bbox 2157 3323 3692 3390">
     <span class='ocr_line' id='line_1_191' title="bbox 2157 3323 3692 3390; baseline 0.001 -11"><span class='ocrx_word' id='word_1_712' title='bbox 2157 3324 2252 3380; x_wconf 81' lang='lat' dir='ltr'><strong><em>fol.</em></strong></span> <span class='ocrx_word' id='word_1_713' title='bbox 2277 3324 2381 3381; x_wconf 82' lang='lat' dir='ltr'><strong>I50</strong></span> <span class='ocrx_word' id='word_1_714' title='bbox 2402 3326 2465 3389; x_wconf 86' lang='lat' dir='ltr'><strong><em>b;</em></strong></span> <span class='ocrx_word' id='word_1_715' title='bbox 2495 3323 2587 3381; x_wconf 78' lang='lat' dir='ltr'><strong><em>sed</em></strong></span> <span class='ocrx_word' id='word_1_716' title='bbox 2615 3323 2704 3379; x_wconf 86' lang='lat' dir='ltr'><strong>alii</strong></span> <span class='ocrx_word' id='word_1_717' title='bbox 2734 3325 3021 3390; x_wconf 77' lang='lat' dir='ltr'><strong><em>longiores,</em></strong></span> <span class='ocrx_word' id='word_1_718' title='bbox 3050 3324 3142 3378; x_wconf 85' lang='lat' dir='ltr'><strong><em>alii</em></strong></span> <span class='ocrx_word' id='word_1_719' title='bbox 3168 3324 3458 3380; x_wconf 84' lang='lat' dir='ltr'><strong><em>breviores.</em></strong></span> <span class='ocrx_word' id='word_1_720' title='bbox 3490 3324 3692 3390; x_wconf 63' lang='lat' dir='ltr'><strong><em>Qualia</em></strong></span> 
     </span>
    </p>
   </div>
   <div class='ocr_carea' id='block_1_186' title="bbox 2154 3324 3755 3487">
    <p class='ocr_par' dir='ltr' id='par_1_186' title="bbox 2154 3324 3755 3487">
     <span class='ocr_line' id='line_1_192' title="bbox 2157 3324 3755 3394; baseline 0.001 -15"><span class='ocrx_word' id='word_1_721' title='bbox 2157 3324 2252 3380; x_wconf 89' lang='lat' dir='ltr'><strong><em>fol.</em></strong></span> <span class='ocrx_word' id='word_1_722' title='bbox 2277 3324 2381 3381; x_wconf 83' lang='grc'><strong><em>150</em></strong></span> <span class='ocrx_word' id='word_1_723' title='bbox 2402 3326 2465 3389; x_wconf 87' lang='lat' dir='ltr'><strong><em>b;</em></strong></span> <span class='ocrx_word' id='word_1_724' title='bbox 2495 3324 2587 3381; x_wconf 80' lang='lat' dir='ltr'><strong><em>sed</em></strong></span> <span class='ocrx_word' id='word_1_725' title='bbox 2615 3324 2704 3379; x_wconf 89' lang='lat' dir='ltr'><strong><em>alii</em></strong></span> <span class='ocrx_word' id='word_1_726' title='bbox 2734 3325 3021 3394; x_wconf 75' lang='lat' dir='ltr'><strong><em>longiores,</em></strong></span> <span class='ocrx_word' id='word_1_727' title='bbox 3050 3324 3142 3378; x_wconf 88' lang='lat' dir='ltr'><strong><em>alii</em></strong></span> <span class='ocrx_word' id='word_1_728' title='bbox 3168 3324 3458 3380; x_wconf 84' lang='lat' dir='ltr'><strong><em>breviores.</em></strong></span> <span class='ocrx_word' id='word_1_729' title='bbox 3490 3324 3755 3393; x_wconf 64' lang='lat' dir='ltr'><strong><em>Quadam</em></strong></span> 
     </span>
     <span class='ocr_line' id='line_1_193' title="bbox 2154 3415 3751 3487; baseline -0.001 -14"><span class='ocrx_word' id='word_1_730' title='bbox 2154 3418 2318 3473; x_wconf 86' lang='lat' dir='ltr'><strong><em>etiam</em></strong></span> <span class='ocrx_word' id='word_1_731' title='bbox 2363 3417 2558 3486; x_wconf 84' lang='lat' dir='ltr'><strong><em>passim</em></strong></span> <span class='ocrx_word' id='word_1_732' title='bbox 2604 3416 2948 3486; x_wconf 86' lang='lat' dir='ltr'><strong><em>reperiuntur</em></strong></span> <span class='ocrx_word' id='word_1_733' title='bbox 2980 3415 3031 3470; x_wconf 91' lang='lat' dir='ltr'><strong><em>in</em></strong></span> <span class='ocrx_word' id='word_1_734' title='bbox 3074 3417 3195 3471; x_wconf 90' lang='lat' dir='ltr'><strong><em>cod.</em></strong></span> <span class='ocrx_word' id='word_1_735' title='bbox 3230 3433 3404 3484; x_wconf 81' lang='grc' dir='ltr'>χχχιι,</span> <span class='ocrx_word' id='word_1_736' title='bbox 3440 3420 3574 3487; x_wconf 85' lang='lat' dir='ltr'><strong><em>plut.</em></strong></span> <span class='ocrx_word' id='word_1_737' title='bbox 3606 3434 3751 3486; x_wconf 80' lang='lat' dir='ltr'><strong><em>xm,</em></strong></span> 
     </span>
    </p>
   </div>
   <div class='ocr_carea' id='block_1_187' title="bbox 2155 3508 2403 3564">
    <p class='ocr_par' dir='ltr' id='par_1_187' title="bbox 2155 3508 2403 3564">
     <span class='ocr_line' id='line_1_194' title="bbox 2155 3508 2403 3564; baseline -0.008 0"><span class='ocrx_word' id='word_1_738' title='bbox 2155 3509 2251 3564; x_wconf 84' lang='lat' dir='ltr'><strong><em>I&#39;ol.</em></strong></span> <span class='ocrx_word' id='word_1_739' title='bbox 2282 3508 2403 3563; x_wconf 88' lang='grc'><strong>116.</strong></span> 
     </span>
    </p>
   </div>
   <div class='ocr_carea' id='block_1_188' title="bbox 2230 3616 2903 3685">
    <p class='ocr_par' dir='ltr' id='par_1_188' title="bbox 2230 3616 2903 3685">
     <span class='ocr_line' id='line_1_195' title="bbox 2230 3616 2903 3685; baseline -0.004 -12"><span class='ocrx_word' id='word_1_740' title='bbox 2230 3618 2369 3673; x_wconf 87' lang='lat' dir='ltr'><strong><em>Edit.</em></strong></span> <span class='ocrx_word' id='word_1_741' title='bbox 2391 3616 2456 3674; x_wconf 89' lang='lat' dir='ltr'><strong><em>N.</em></strong></span> <span class='ocrx_word' id='word_1_742' title='bbox 2481 3619 2531 3674; x_wconf 89' lang='lat' dir='ltr'><strong><em>I.</em></strong></span> <span class='ocrx_word' id='word_1_743' title='bbox 2558 3617 2707 3685; x_wconf 87' lang='lat' dir='ltr'><strong><em>Quod</em></strong></span> <span class='ocrx_word' id='word_1_744' title='bbox 2729 3634 2903 3671; x_wconf 87' lang='lat' dir='ltr'><strong><em>aman-</em></strong></span> 
     </span>
    </p>
   </div>
   <div class='ocr_carea' id='block_1_189' title="bbox 2156 3690 2907 3759">
    <p class='ocr_par' dir='ltr' id='par_1_189' title="bbox 2156 3690 2907 3759">
     <span class='ocr_line' id='line_1_196' title="bbox 2156 3690 2907 3759; baseline 0 -16"><span class='ocrx_word' id='word_1_745' title='bbox 2156 3691 2220 3743; x_wconf 90' lang='lat' dir='ltr'><strong><em>do</em></strong></span> <span class='ocrx_word' id='word_1_746' title='bbox 2252 3690 2471 3753; x_wconf 90' lang='lat' dir='ltr'><strong><em>biberat,</em></strong></span> <span class='ocrx_word' id='word_1_747' title='bbox 2515 3690 2907 3759; x_wconf 81' lang='lat' dir='ltr'><strong><em>euangelizando</em></strong></span> 
     </span>
    </p>
   </div>
   <div class='ocr_carea' id='block_1_190' title="bbox 2154 3770 2396 3814">
    <p class='ocr_par' dir='ltr' id='par_1_190' title="bbox 2154 3770 2396 3814">
     <span class='ocr_line' id='line_1_197' title="bbox 2154 3770 2396 3814; baseline 0 -1"><span class='ocrx_word' id='word_1_748' title='bbox 2154 3770 2375 3814; x_wconf 78' lang='lat' dir='ltr'><strong><em>ructaret</em></strong></span> <span class='ocrx_word' id='word_1_749' title='bbox 2383 3800 2396 3813; x_wconf 94' lang='lat'><strong>.</strong></span> 
     </span>
    </p>
   </div>
   <div class='ocr_carea' id='block_1_191' title="bbox 2228 3830 2910 3885">
    <p class='ocr_par' dir='ltr' id='par_1_191' title="bbox 2228 3830 2910 3885">
     <span class='ocr_line' id='line_1_198' title="bbox 2228 3830 2910 3885; baseline -0.003 0"><span class='ocrx_word' id='word_1_750' title='bbox 2228 3831 2360 3885; x_wconf 91' lang='lat' dir='ltr'><strong>Ibid.</strong></span> <span class='ocrx_word' id='word_1_751' title='bbox 2391 3830 2476 3885; x_wconf 87' lang='lat' dir='ltr'><strong><em>Ita</em></strong></span> <span class='ocrx_word' id='word_1_752' title='bbox 2504 3840 2696 3885; x_wconf 90' lang='lat' dir='ltr'><strong><em>secreta</em></strong></span> <span class='ocrx_word' id='word_1_753' title='bbox 2717 3839 2836 3884; x_wconf 81' lang='lat' dir='ltr'><strong><em>sunt</em></strong></span> <span class='ocrx_word' id='word_1_754' title='bbox 2862 3839 2910 3885; x_wconf 90' lang='lat' dir='ltr'><strong><em>et</em></strong></span> 
     </span>
    </p>
   </div>
   <div class='ocr_carea' id='block_1_192' title="bbox 2156 3901 2806 3973">
    <p class='ocr_par' dir='ltr' id='par_1_192' title="bbox 2156 3901 2806 3973">
     <span class='ocr_line' id='line_1_199' title="bbox 2156 3901 2806 3973; baseline 0.005 -18"><span class='ocrx_word' id='word_1_755' title='bbox 2156 3902 2413 3971; x_wconf 77' lang='lat' dir='ltr'><strong><em>profunda</em></strong></span> <span class='ocrx_word' id='word_1_756' title='bbox 2439 3901 2806 3973; x_wconf 68' lang='lat' dir='ltr'><strong><em>intelligentia.</em></strong></span> 
     </span>
    </p>
   </div>
   <div class='ocr_carea' id='block_1_193' title="bbox 2232 4042 2914 4109">
    <p class='ocr_par' dir='ltr' id='par_1_193' title="bbox 2232 4042 2914 4109">
     <span class='ocr_line' id='line_1_200' title="bbox 2232 4042 2914 4109; baseline -0.001 -14"><span class='ocrx_word' id='word_1_757' title='bbox 2232 4043 2363 4097; x_wconf 87' lang='lat' dir='ltr'><strong>Ibid.</strong></span> <span class='ocrx_word' id='word_1_758' title='bbox 2417 4044 2565 4109; x_wconf 90' lang='lat' dir='ltr'><strong><em>Quod</em></strong></span> <span class='ocrx_word' id='word_1_759' title='bbox 2604 4059 2718 4095; x_wconf 91' lang='lat' dir='ltr'><strong><em>eum</em></strong></span> <span class='ocrx_word' id='word_1_760' title='bbox 2762 4042 2914 4095; x_wconf 88' lang='lat' dir='ltr'><strong><em>audi-</em></strong></span> 
     </span>
    </p>
   </div>
   <div class='ocr_carea' id='block_1_194' title="bbox 2160 4113 2628 4168">
    <p class='ocr_par' dir='ltr' id='par_1_194' title="bbox 2160 4113 2628 4168">
     <span class='ocr_line' id='line_1_201' title="bbox 2160 4113 2628 4168; baseline 0 -1"><span class='ocrx_word' id='word_1_761' title='bbox 2160 4113 2250 4167; x_wconf 88' lang='lat' dir='ltr'><strong><em>stis</em></strong></span> <span class='ocrx_word' id='word_1_762' title='bbox 2269 4115 2420 4168; x_wconf 91' lang='lat' dir='ltr'><strong><em>modo</em></strong></span> <span class='ocrx_word' id='word_1_763' title='bbox 2441 4114 2628 4168; x_wconf 87' lang='lat' dir='ltr'><strong><em>dicere.</em></strong></span> 
     </span>
    </p>
   </div>
   <div class='ocr_carea' id='block_1_195' title="bbox 2231 4184 2912 4241">
    <p class='ocr_par' dir='ltr' id='par_1_195' title="bbox 2231 4184 2912 4241">
     <span class='ocr_line' id='line_1_202' title="bbox 2231 4184 2912 4241; baseline 0.003 -4"><span class='ocrx_word' id='word_1_764' title='bbox 2231 4186 2271 4237; x_wconf 85' lang='lat' dir='ltr'><strong>N</strong></span> <span class='ocrx_word' id='word_1_765' title='bbox 2282 4226 2294 4241; x_wconf 94' lang='lat'><strong><em>.</em></strong></span> <span class='ocrx_word' id='word_1_766' title='bbox 2352 4185 2407 4239; x_wconf 73' lang='grc'><strong>2.</strong></span> <span class='ocrx_word' id='word_1_767' title='bbox 2466 4184 2912 4240; x_wconf 85' lang='lat' dir='ltr'><strong><em>Commemorandi</em></strong></span> 
     </span>
    </p>
   </div>
   <div class='ocr_carea' id='block_1_196' title="bbox 2160 4256 2298 4310">
    <p class='ocr_par' dir='ltr' id='par_1_196' title="bbox 2160 4256 2298 4310">
     <span class='ocr_line' id='line_1_203' title="bbox 2160 4256 2298 4310; baseline 0.022 -3"><span class='ocrx_word' id='word_1_768' title='bbox 2160 4256 2298 4310; x_wconf 85' lang='lat' dir='ltr'><strong><em>estis.</em></strong></span> 
     </span>
    </p>
   </div>
   <div class='ocr_carea' id='block_1_197' title="bbox 2208 4324 2913 4397">
    <p class='ocr_par' dir='ltr' id='par_1_197' title="bbox 2208 4324 2913 4397">
     <span class='ocr_line' id='line_1_204' title="bbox 2208 4324 2913 4397; baseline 0.003 -18"><span class='ocrx_word' id='word_1_769' title='bbox 2208 4326 2363 4380; x_wconf 73' lang='lat' dir='ltr'><strong>‘lbid.</strong></span> <span class='ocrx_word' id='word_1_770' title='bbox 2396 4324 2523 4397; x_wconf 86' lang='lat' dir='ltr'><strong><em>Post</em></strong></span> <span class='ocrx_word' id='word_1_771' title='bbox 2563 4325 2789 4381; x_wconf 89' lang='lat' dir='ltr'><strong><em>laborem</em></strong></span> <span class='ocrx_word' id='word_1_772' title='bbox 2832 4331 2913 4397; x_wconf 81' lang='lat' dir='ltr'><strong><em>fa-</em></strong></span> 
     </span>
    </p>
   </div>
   <div class='ocr_carea' id='block_1_198' title="bbox 2160 4396 2567 4451">
    <p class='ocr_par' dir='ltr' id='par_1_198' title="bbox 2160 4396 2567 4451">
     <span class='ocr_line' id='line_1_205' title="bbox 2160 4396 2567 4451; baseline 0 0"><span class='ocrx_word' id='word_1_773' title='bbox 2160 4397 2343 4451; x_wconf 89' lang='lat' dir='ltr'><strong><em>bricati</em></strong></span> <span class='ocrx_word' id='word_1_774' title='bbox 2371 4396 2567 4451; x_wconf 90' lang='lat' dir='ltr'><strong><em>mundi.</em></strong></span> 
     </span>
    </p>
   </div>
   <div class='ocr_carea' id='block_1_199' title="bbox 2233 4466 2913 4523">
    <p class='ocr_par' dir='ltr' id='par_1_199' title="bbox 2233 4466 2913 4523">
     <span class='ocr_line' id='line_1_206' title="bbox 2233 4466 2913 4523; baseline 0.004 -3"><span class='ocrx_word' id='word_1_775' title='bbox 2233 4466 2369 4521; x_wconf 91' lang='lat' dir='ltr'><strong>Ibid.</strong></span> <span class='ocrx_word' id='word_1_776' title='bbox 2399 4466 2520 4521; x_wconf 86' lang='lat' dir='ltr'><strong><em>Nisi</em></strong></span> <span class='ocrx_word' id='word_1_777' title='bbox 2548 4483 2663 4521; x_wconf 89' lang='lat' dir='ltr'><strong><em>cum</em></strong></span> <span class='ocrx_word' id='word_1_778' title='bbox 2702 4468 2913 4523; x_wconf 85' lang='lat' dir='ltr'><strong><em>redieris</em></strong></span> 
     </span>
    </p>
   </div>
   <div class='ocr_carea' id='block_1_200' title="bbox 1305 4610 2450 4709">
    <p class='ocr_par' dir='ltr' id='par_1_200' title="bbox 1305 4610 2450 4709">
     <span class='ocr_line' id='line_1_207' title="bbox 1305 4610 2450 4709; baseline 0 -34"><span class='ocrx_word' id='word_1_779' title='bbox 1419 4610 1615 4678; x_wconf 55' lang='lat' dir='ltr'><strong><em>videntr</em></strong></span> <span class='ocrx_word' id='word_1_780' title='bbox 1648 4624 1748 4678; x_wconf 86' lang='lat' dir='ltr'><strong><em>ista</em></strong></span> <span class='ocrx_word' id='word_1_781' title='bbox 1787 4625 2051 4678; x_wconf 84' lang='lat' dir='ltr'><strong><em>sententia.</em></strong></span> <span class='ocrx_word' id='word_1_782' title='bbox 2079 4645 2135 4709; x_wconf 72' lang='grc' dir='ltr'>ι)</span> <span class='ocrx_word' id='word_1_783' title='bbox 2160 4610 2450 4709; x_wconf 46' lang='grc' dir='ltr'><strong><em>[αξίξέξιαξί</em></strong></span> 
     </span>
    </p>
   </div>
   <div class='ocr_carea' id='block_1_201' title="bbox 1304 4692 1678 4750">
    <p class='ocr_par' dir='ltr' id='par_1_201' title="bbox 1304 4692 1678 4750">
     <span class='ocr_line' id='line_1_208' title="bbox 1304 4692 1678 4750; baseline 0.005 -2"><span class='ocrx_word' id='word_1_784' title='bbox 1304 4692 1393 4748; x_wconf 86' lang='lat' dir='ltr'><strong><em>Sic</em></strong></span> <span class='ocrx_word' id='word_1_785' title='bbox 1415 4704 1465 4747; x_wconf 81' lang='lat' dir='ltr'><strong><em>et</em></strong></span> <span class='ocrx_word' id='word_1_786' title='bbox 1500 4710 1678 4750; x_wconf 72' lang='grc' dir='ltr'>χχχιιι.</span> 
     </span>
    </p>
   </div>
   <div class='ocr_carea' id='block_1_202' title="bbox 1374 4764 2056 4822">
    <p class='ocr_par' dir='ltr' id='par_1_202' title="bbox 1374 4764 2056 4822">
     <span class='ocr_line' id='line_1_209' title="bbox 1374 4764 2056 4822; baseline 0.006 -5"><span class='ocrx_word' id='word_1_787' title='bbox 1374 4764 1470 4818; x_wconf 92' lang='lat' dir='ltr'><strong>Iid.</strong></span> <span class='ocrx_word' id='word_1_788' title='bbox 1494 4765 1557 4818; x_wconf 85' lang='lat' dir='ltr'><strong><em>Et</em></strong></span> <span class='ocrx_word' id='word_1_789' title='bbox 1575 4768 1762 4821; x_wconf 88' lang='lat' dir='ltr'><strong><em>mortui</em></strong></span> <span class='ocrx_word' id='word_1_790' title='bbox 1780 4768 1834 4820; x_wconf 89' lang='lat' dir='ltr'><strong><em>in</em></strong></span> <span class='ocrx_word' id='word_1_791' title='bbox 1852 4765 2056 4822; x_wconf 82' lang='lat' dir='ltr'><strong><em>Christo</em></strong></span> 
     </span>
    </p>
   </div>
   <div class='ocr_carea' id='block_1_203' title="bbox 1304 4840 1771 4906">
    <p class='ocr_par' dir='ltr' id='par_1_203' title="bbox 1304 4840 1771 4906">
     <span class='ocr_line' id='line_1_210' title="bbox 1304 4840 1771 4906; baseline 0.006 -18"><span class='ocrx_word' id='word_1_792' title='bbox 1304 4846 1564 4906; x_wconf 86' lang='lat' dir='ltr'><strong><em>resurgent</em></strong></span> <span class='ocrx_word' id='word_1_793' title='bbox 1601 4840 1771 4906; x_wconf 85' lang='lat' dir='ltr'><strong><em>primi.</em></strong></span> 
     </span>
    </p>
   </div>
   <div class='ocr_carea' id='block_1_204' title="bbox 1377 4907 2057 4967">
    <p class='ocr_par' dir='ltr' id='par_1_204' title="bbox 1377 4907 2057 4967">
     <span class='ocr_line' id='line_1_211' title="bbox 1377 4907 2057 4967; baseline 0.007 -9"><span class='ocrx_word' id='word_1_794' title='bbox 1377 4908 1470 4960; x_wconf 93' lang='lat' dir='ltr'><strong>Iid.</strong></span> <span class='ocrx_word' id='word_1_795' title='bbox 1500 4907 1640 4962; x_wconf 79' lang='lat' dir='ltr'><strong><em>Nam</em></strong></span> <span class='ocrx_word' id='word_1_796' title='bbox 1658 4910 1702 4967; x_wconf 85' lang='lat' dir='ltr'><strong><em>si</em></strong></span> <span class='ocrx_word' id='word_1_797' title='bbox 1726 4912 1874 4964; x_wconf 86' lang='lat' dir='ltr'><strong><em>istam</em></strong></span> <span class='ocrx_word' id='word_1_798' title='bbox 1898 4926 2057 4963; x_wconf 84' lang='lat' dir='ltr'><strong><em>resur-</em></strong></span> 
     </span>
    </p>
   </div>
   <div class='ocr_carea' id='block_1_205' title="bbox 1304 4977 2053 5036">
    <p class='ocr_par' dir='ltr' id='par_1_205' title="bbox 1304 4977 2053 5036">
     <span class='ocr_line' id='line_1_212' title="bbox 1304 4977 2053 5036; baseline 0.012 -9"><span class='ocrx_word' id='word_1_799' title='bbox 1304 4977 1577 5031; x_wconf 89' lang='lat' dir='ltr'><strong><em>rectionem</em></strong></span> <span class='ocrx_word' id='word_1_800' title='bbox 1621 4991 1753 5034; x_wconf 86' lang='lat' dir='ltr'><strong><em>recte</em></strong></span> <span class='ocrx_word' id='word_1_801' title='bbox 1783 4982 2053 5036; x_wconf 88' lang='lat' dir='ltr'><strong><em>credimus.</em></strong></span> 
     </span>
    </p>
   </div>
   <div class='ocr_carea' id='block_1_206' title="bbox 1377 5117 2111 5193">
    <p class='ocr_par' dir='ltr' id='par_1_206' title="bbox 1377 5117 2111 5193">
     <span class='ocr_line' id='line_1_213' title="bbox 1377 5117 2111 5193; baseline 0.01 -22"><span class='ocrx_word' id='word_1_802' title='bbox 1377 5117 1472 5172; x_wconf 89' lang='lat' dir='ltr'><strong>Iid.</strong></span> <span class='ocrx_word' id='word_1_803' title='bbox 1509 5119 1667 5188; x_wconf 88' lang='lat' dir='ltr'><strong><em>Non,</em></strong></span> <span class='ocrx_word' id='word_1_804' title='bbox 1710 5123 1907 5193; x_wconf 81' lang='lat' dir='ltr'><strong><em>inquit,</em></strong></span> <span class='ocrx_word' id='word_1_805' title='bbox 1937 5124 2056 5191; x_wconf 85' lang='lat' dir='ltr'><strong><em>quia</em></strong></span> <span class='ocrx_word' id='word_1_806' title='bbox 2108 5140 2111 5143; x_wconf 75' lang='lat'><em>&#39;</em></span> 
     </span>
    </p>
   </div>
   <div class='ocr_carea' id='block_1_207' title="bbox 1300 5189 1743 5256">
    <p class='ocr_par' dir='ltr' id='par_1_207' title="bbox 1300 5189 1743 5256">
     <span class='ocr_line' id='line_1_214' title="bbox 1300 5189 1743 5256; baseline 0.014 -17"><span class='ocrx_word' id='word_1_807' title='bbox 1300 5189 1489 5256; x_wconf 88' lang='lat' dir='ltr'><strong><em>vivunt,</em></strong></span> <span class='ocrx_word' id='word_1_808' title='bbox 1518 5194 1743 5248; x_wconf 88' lang='lat' dir='ltr'><strong><em>audient.</em></strong></span> 
     </span>
    </p>
   </div>
   <div class='ocr_carea' id='block_1_208' title="bbox 1374 5260 2055 5336">
    <p class='ocr_par' dir='ltr' id='par_1_208' title="bbox 1374 5260 2055 5336">
     <span class='ocr_line' id='line_1_215' title="bbox 1374 5260 2055 5336; baseline 0.01 -23"><span class='ocrx_word' id='word_1_809' title='bbox 1374 5260 1471 5315; x_wconf 89' lang='lat' dir='ltr'><strong>Iid.</strong></span> <span class='ocrx_word' id='word_1_810' title='bbox 1504 5261 1627 5336; x_wconf 81' lang='lat' dir='ltr'><strong><em>Non</em></strong></span> <span class='ocrx_word' id='word_1_811' title='bbox 1655 5281 1827 5319; x_wconf 89' lang='lat' dir='ltr'><strong><em>omnes</em></strong></span> <span class='ocrx_word' id='word_1_812' title='bbox 1852 5266 1937 5336; x_wconf 87' lang='lat' dir='ltr'><strong><em>qui</em></strong></span> <span class='ocrx_word' id='word_1_813' title='bbox 1961 5282 2055 5319; x_wconf 85' lang='lat' dir='ltr'><strong><em>au-</em></strong></span> 
     </span>
    </p>
   </div>
   <div class='ocr_carea' id='block_1_209' title="bbox 1300 5330 1704 5396">
    <p class='ocr_par' dir='ltr' id='par_1_209' title="bbox 1300 5330 1704 5396">
     <span class='ocr_line' id='line_1_216' title="bbox 1300 5330 1704 5396; baseline 0.02 -15"><span class='ocrx_word' id='word_1_814' title='bbox 1300 5330 1449 5382; x_wconf 88' lang='lat' dir='ltr'><strong><em>diunt</em></strong></span> <span class='ocrx_word' id='word_1_815' title='bbox 1465 5374 1479 5396; x_wconf 88' lang='lat'><strong><em>,</em></strong></span> <span class='ocrx_word' id='word_1_816' title='bbox 1512 5334 1704 5391; x_wconf 85' lang='lat' dir='ltr'><strong><em>vivunt.</em></strong></span> 
     </span>
    </p>
   </div>
   <div class='ocr_carea' id='block_1_210' title="bbox 1374 5403 2052 5482">
    <p class='ocr_par' dir='ltr' id='par_1_210' title="bbox 1374 5403 2052 5482">
     <span class='ocr_line' id='line_1_217' title="bbox 1374 5403 2052 5482; baseline 0.012 -27"><span class='ocrx_word' id='word_1_817' title='bbox 1374 5403 1468 5482; x_wconf 81' lang='lat' dir='ltr'><strong>Iid.</strong></span> <span class='ocrx_word' id='word_1_818' title='bbox 1506 5403 1659 5459; x_wconf 79' lang='lat' dir='ltr'><strong><em>Nunc</em></strong></span> <span class='ocrx_word' id='word_1_819' title='bbox 1697 5409 1876 5474; x_wconf 87' lang='lat' dir='ltr'><strong><em>recipit</em></strong></span> <span class='ocrx_word' id='word_1_820' title='bbox 1916 5410 2052 5477; x_wconf 82' lang='lat' dir='ltr'><strong><em>quod</em></strong></span> 
     </span>
    </p>
   </div>
   <div class='ocr_carea' id='block_1_211' title="bbox 1300 5486 1557 5529">
    <p class='ocr_par' dir='ltr' id='par_1_211' title="bbox 1300 5486 1557 5529">
     <span class='ocr_line' id='line_1_218' title="bbox 1300 5486 1557 5529; baseline 0.016 -5"><span class='ocrx_word' id='word_1_821' title='bbox 1300 5486 1536 5529; x_wconf 77' lang='lat' dir='ltr'><strong><em>amiserat</em></strong></span> <span class='ocrx_word' id='word_1_822' title='bbox 1547 5517 1557 5528; x_wconf 92' lang='lat'><strong>.</strong></span> 
     </span>
    </p>
   </div>
   <div class='ocr_carea' id='block_1_212' title="bbox 1370 5546 2049 5603">
    <p class='ocr_par' dir='ltr' id='par_1_212' title="bbox 1370 5546 2049 5603">
     <span class='ocr_line' id='line_1_219' title="bbox 1370 5546 2049 5603; baseline 0.009 -6"><span class='ocrx_word' id='word_1_823' title='bbox 1370 5546 1503 5601; x_wconf 89' lang='lat' dir='ltr'><strong>Cod.</strong></span> <span class='ocrx_word' id='word_1_824' title='bbox 1536 5563 1640 5601; x_wconf 77' lang='lat' dir='ltr'><strong><em>xu.</em></strong></span> <span class='ocrx_word' id='word_1_825' title='bbox 1678 5549 1944 5603; x_wconf 77' lang='lat' dir='ltr'><strong><em>liemotum</em></strong></span> <span class='ocrx_word' id='word_1_826' title='bbox 1988 5550 2049 5603; x_wconf 86' lang='lat' dir='ltr'><strong><em>ab</em></strong></span> 
     </span>
    </p>
   </div>
   <div class='ocr_carea' id='block_1_213' title="bbox 1299 5616 1710 5685">
    <p class='ocr_par' dir='ltr' id='par_1_213' title="bbox 1299 5616 1710 5685">
     <span class='ocr_line' id='line_1_220' title="bbox 1299 5616 1710 5685; baseline 0.022 -18"><span class='ocrx_word' id='word_1_827' title='bbox 1299 5616 1412 5684; x_wconf 84' lang='lat' dir='ltr'><strong><em>igne</em></strong></span> <span class='ocrx_word' id='word_1_828' title='bbox 1443 5627 1710 5685; x_wconf 87' lang='lat' dir='ltr'><strong><em>tepescere.</em></strong></span> 
     </span>
    </p>
   </div>
   <div class='ocr_carea' id='block_1_214' title="bbox 1370 5689 2048 5759">
    <p class='ocr_par' dir='ltr' id='par_1_214' title="bbox 1370 5689 2048 5759">
     <span class='ocr_line' id='line_1_221' title="bbox 1370 5689 2048 5759; baseline 0.009 -18"><span class='ocrx_word' id='word_1_829' title='bbox 1370 5689 1534 5744; x_wconf 76' lang='lat' dir='ltr'><strong>Codd.</strong></span> <span class='ocrx_word' id='word_1_830' title='bbox 1582 5690 1685 5744; x_wconf 85' lang='lat' dir='ltr'><strong><em>Sed</em></strong></span> <span class='ocrx_word' id='word_1_831' title='bbox 1733 5691 1784 5744; x_wconf 91' lang='lat' dir='ltr'><strong><em>in</em></strong></span> <span class='ocrx_word' id='word_1_832' title='bbox 1838 5693 2048 5759; x_wconf 86' lang='lat' dir='ltr'><strong><em>lumine,</em></strong></span> 
     </span>
    </p>
   </div>
   <div class='ocr_carea' id='block_1_215' title="bbox 1298 5759 1617 5815">
    <p class='ocr_par' dir='ltr' id='par_1_215' title="bbox 1298 5759 1617 5815">
     <span class='ocr_line' id='line_1_222' title="bbox 1298 5759 1617 5815; baseline 0.013 -5"><span class='ocrx_word' id='word_1_833' title='bbox 1298 5759 1351 5811; x_wconf 84' lang='lat' dir='ltr'><strong><em>in</em></strong></span> <span class='ocrx_word' id='word_1_834' title='bbox 1379 5760 1617 5815; x_wconf 83' lang='lat' dir='ltr'><strong><em>lucernis.</em></strong></span> 
     </span>
    </p>
   </div>
   <div class='ocr_carea' id='block_1_216' title="bbox 1359 5829 2052 5909">
    <p class='ocr_par' dir='ltr' id='par_1_216' title="bbox 1359 5829 2052 5909">
     <span class='ocr_line' id='line_1_223' title="bbox 1359 5829 2052 5909; baseline 0.013 -28"><span class='ocrx_word' id='word_1_835' title='bbox 1359 5829 1465 5909; x_wconf 36' lang='lat' dir='ltr'><strong>.Iid.</strong></span> <span class='ocrx_word' id='word_1_836' title='bbox 1503 5831 1704 5887; x_wconf 83' lang='lat' dir='ltr'><strong><em>Pascua</em></strong></span> <span class='ocrx_word' id='word_1_837' title='bbox 1746 5837 1925 5889; x_wconf 81' lang='lat' dir='ltr'><strong><em>mentis</em></strong></span> <span class='ocrx_word' id='word_1_838' title='bbox 1966 5851 2052 5889; x_wconf 82' lang='lat' dir='ltr'><strong><em>su-</em></strong></span> 
     </span>
    </p>
   </div>
   <div class='ocr_carea' id='block_1_217' title="bbox 1301 5913 1504 5954">
    <p class='ocr_par' dir='ltr' id='par_1_217' title="bbox 1301 5913 1504 5954">
     <span class='ocr_line' id='line_1_224' title="bbox 1301 5913 1504 5954; baseline 0.015 -3"><span class='ocrx_word' id='word_1_839' title='bbox 1301 5913 1504 5954; x_wconf 78' lang='lat' dir='ltr'><strong><em>mimus.</em></strong></span> 
     </span>
    </p>
   </div>
   <div class='ocr_carea' id='block_1_218' title="bbox 2232 4680 2916 4750">
    <p class='ocr_par' dir='ltr' id='par_1_218' title="bbox 2232 4680 2916 4750">
     <span class='ocr_line' id='line_1_225' title="bbox 2232 4680 2916 4750; baseline 0.003 -16"><span class='ocrx_word' id='word_1_840' title='bbox 2232 4680 2367 4735; x_wconf 91' lang='lat' dir='ltr'><strong>Ibid.</strong></span> <span class='ocrx_word' id='word_1_841' title='bbox 2401 4681 2504 4746; x_wconf 80' lang='lat' dir='ltr'><strong><em>Qui</em></strong></span> <span class='ocrx_word' id='word_1_842' title='bbox 2531 4680 2658 4734; x_wconf 70' lang='lat' dir='ltr'><strong><em>dixit</em></strong></span> <span class='ocrx_word' id='word_1_843' title='bbox 2688 4690 2734 4734; x_wconf 91' lang='lat' dir='ltr'><strong><em>et</em></strong></span> <span class='ocrx_word' id='word_1_844' title='bbox 2779 4681 2916 4750; x_wconf 75' lang='lat' dir='ltr'><strong><em>facta</em></strong></span> 
     </span>
    </p>
   </div>
   <div class='ocr_carea' id='block_1_219' title="bbox 2162 4760 2301 4805">
    <p class='ocr_par' dir='ltr' id='par_1_219' title="bbox 2162 4760 2301 4805">
     <span class='ocr_line' id='line_1_226' title="bbox 2162 4760 2301 4805; baseline 0.007 -1"><span class='ocrx_word' id='word_1_845' title='bbox 2162 4760 2301 4805; x_wconf 89' lang='lat' dir='ltr'><strong><em>sunt.</em></strong></span> 
     </span>
    </p>
   </div>
   <div class='ocr_carea' id='block_1_220' title="bbox 2233 4819 2915 4878">
    <p class='ocr_par' dir='ltr' id='par_1_220' title="bbox 2233 4819 2915 4878">
     <span class='ocr_line' id='line_1_227' title="bbox 2233 4819 2915 4878; baseline -0.001 -1"><span class='ocrx_word' id='word_1_846' title='bbox 2233 4821 2367 4877; x_wconf 91' lang='lat' dir='ltr'><strong>Ibid.</strong></span> <span class='ocrx_word' id='word_1_847' title='bbox 2411 4819 2506 4877; x_wconf 85' lang='lat' dir='ltr'><strong><em>Cui</em></strong></span> <span class='ocrx_word' id='word_1_848' title='bbox 2551 4830 2825 4877; x_wconf 85' lang='lat' dir='ltr'><strong><em>attestatur</em></strong></span> <span class='ocrx_word' id='word_1_849' title='bbox 2871 4836 2915 4878; x_wconf 91' lang='lat' dir='ltr'><strong><em>et</em></strong></span> 
     </span>
    </p>
   </div>
   <div class='ocr_carea' id='block_1_221' title="bbox 2158 4892 2408 4962">
    <p class='ocr_par' dir='ltr' id='par_1_221' title="bbox 2158 4892 2408 4962">
     <span class='ocr_line' id='line_1_228' title="bbox 2158 4892 2408 4962; baseline -0.004 -16"><span class='ocrx_word' id='word_1_850' title='bbox 2158 4892 2408 4962; x_wconf 87' lang='lat' dir='ltr'><strong><em>psalmus.</em></strong></span> 
     </span>
    </p>
   </div>
   <div class='ocr_carea' id='block_1_222' title="bbox 2238 4963 2915 5036">
    <p class='ocr_par' dir='ltr' id='par_1_222' title="bbox 2238 4963 2915 5036">
     <span class='ocr_line' id='line_1_229' title="bbox 2238 4963 2915 5036; baseline 0.004 -20"><span class='ocrx_word' id='word_1_851' title='bbox 2238 4964 2367 5017; x_wconf 90' lang='lat' dir='ltr'><strong>Ibid.</strong></span> <span class='ocrx_word' id='word_1_852' title='bbox 2434 4963 2535 5036; x_wconf 84' lang='lat' dir='ltr'><strong><em>Qui</em></strong></span> <span class='ocrx_word' id='word_1_853' title='bbox 2594 4965 2649 5016; x_wconf 89' lang='lat' dir='ltr'><strong><em>in</em></strong></span> <span class='ocrx_word' id='word_1_854' title='bbox 2681 4965 2915 5036; x_wconf 85' lang='lat' dir='ltr'><strong><em>jubendo</em></strong></span> 
     </span>
    </p>
   </div>
   <div class='ocr_carea' id='block_1_223' title="bbox 2160 5034 2786 5097">
    <p class='ocr_par' dir='ltr' id='par_1_223' title="bbox 2160 5034 2786 5097">
     <span class='ocr_line' id='line_1_230' title="bbox 2160 5034 2786 5097; baseline 0 -10"><span class='ocrx_word' id='word_1_855' title='bbox 2160 5050 2419 5097; x_wconf 87' lang='lat' dir='ltr'><strong><em>nunquam</em></strong></span> <span class='ocrx_word' id='word_1_856' title='bbox 2450 5034 2786 5088; x_wconf 76' lang='lat' dir='ltr'><strong><em>laboraverat.</em></strong></span> 
     </span>
    </p>
   </div>
   <div class='ocr_carea' id='block_1_224' title="bbox 2232 5104 2912 5174">
    <p class='ocr_par' dir='ltr' id='par_1_224' title="bbox 2232 5104 2912 5174">
     <span class='ocr_line' id='line_1_231' title="bbox 2232 5104 2912 5174; baseline 0 -15"><span class='ocrx_word' id='word_1_857' title='bbox 2232 5105 2295 5159; x_wconf 87' lang='lat' dir='ltr'><strong><em>N.</em></strong></span> <span class='ocrx_word' id='word_1_858' title='bbox 2321 5104 2375 5159; x_wconf 73' lang='grc'><strong><em>4.</em></strong></span> <span class='ocrx_word' id='word_1_859' title='bbox 2409 5104 2477 5158; x_wconf 88' lang='lat' dir='ltr'><strong><em>Et</em></strong></span> <span class='ocrx_word' id='word_1_860' title='bbox 2503 5108 2648 5174; x_wconf 83' lang='lat' dir='ltr'><strong><em>quasi</em></strong></span> <span class='ocrx_word' id='word_1_861' title='bbox 2673 5122 2912 5160; x_wconf 82' lang='lat' dir='ltr'><strong><em>corusca-</em></strong></span> 
     </span>
    </p>
   </div>
   <div class='ocr_carea' id='block_1_225' title="bbox 2160 5176 2908 5247">
    <p class='ocr_par' dir='ltr' id='par_1_225' title="bbox 2160 5176 2908 5247">
     <span class='ocr_line' id='line_1_232' title="bbox 2160 5176 2908 5247; baseline 0.003 -18"><span class='ocrx_word' id='word_1_862' title='bbox 2160 5179 2295 5231; x_wconf 87' lang='lat' dir='ltr'><strong><em>tione</em></strong></span> <span class='ocrx_word' id='word_1_863' title='bbox 2352 5192 2547 5247; x_wconf 76' lang='lat' dir='ltr'><strong><em>inagna:</em></strong></span> <span class='ocrx_word' id='word_1_864' title='bbox 2605 5176 2733 5231; x_wconf 86' lang='lat' dir='ltr'><strong><em>lucis</em></strong></span> <span class='ocrx_word' id='word_1_865' title='bbox 2788 5178 2908 5231; x_wconf 73' lang='lat' dir='ltr'><strong><em>lior-</em></strong></span> 
     </span>
    </p>
   </div>
   <div class='ocr_carea' id='block_1_226' title="bbox 2156 5263 2378 5302">
    <p class='ocr_par' dir='ltr' id='par_1_226' title="bbox 2156 5263 2378 5302">
     <span class='ocr_line' id='line_1_233' title="bbox 2156 5263 2378 5302; baseline 0 -2"><span class='ocrx_word' id='word_1_866' title='bbox 2156 5263 2378 5302; x_wconf 71' lang='lat' dir='ltr'><strong><em>fescens.</em></strong></span> 
     </span>
    </p>
   </div>
   <div class='ocr_carea' id='block_1_227' title="bbox 2228 5318 2914 5386">
    <p class='ocr_par' dir='ltr' id='par_1_227' title="bbox 2228 5318 2914 5386">
     <span class='ocr_line' id='line_1_234' title="bbox 2228 5318 2914 5386; baseline 0.003 -14"><span class='ocrx_word' id='word_1_867' title='bbox 2228 5319 2292 5373; x_wconf 82' lang='grc' dir='ltr'><strong>Ν.</strong></span> <span class='ocrx_word' id='word_1_868' title='bbox 2319 5318 2371 5374; x_wconf 62' lang='lat' dir='ltr'><strong><em>ti.</em></strong></span> <span class='ocrx_word' id='word_1_869' title='bbox 2406 5318 2513 5373; x_wconf 89' lang='lat' dir='ltr'><strong><em>Sed</em></strong></span> <span class='ocrx_word' id='word_1_870' title='bbox 2536 5334 2624 5386; x_wconf 78' lang='lat' dir='ltr'><strong><em>per</em></strong></span> <span class='ocrx_word' id='word_1_871' title='bbox 2643 5320 2914 5374; x_wconf 77' lang='lat' dir='ltr'><strong><em>nlbceriam</em></strong></span> 
     </span>
    </p>
   </div>
   <div class='ocr_carea' id='block_1_228' title="bbox 2154 5390 2401 5444">
    <p class='ocr_par' dir='ltr' id='par_1_228' title="bbox 2154 5390 2401 5444">
     <span class='ocr_line' id='line_1_235' title="bbox 2154 5390 2401 5444; baseline 0 -1"><span class='ocrx_word' id='word_1_872' title='bbox 2154 5390 2401 5444; x_wconf 84' lang='lat' dir='ltr'><strong><em>cecidisti.</em></strong></span> 
     </span>
    </p>
   </div>
   <div class='ocr_carea' id='block_1_229' title="bbox 2228 5461 2909 5517">
    <p class='ocr_par' dir='ltr' id='par_1_229' title="bbox 2228 5461 2909 5517">
     <span class='ocr_line' id='line_1_236' title="bbox 2228 5461 2909 5517; baseline 0.001 -2"><span class='ocrx_word' id='word_1_873' title='bbox 2228 5462 2291 5515; x_wconf 90' lang='grc' dir='ltr'><strong>Ν.</strong></span> <span class='ocrx_word' id='word_1_874' title='bbox 2325 5462 2374 5513; x_wconf 93' lang='grc'><strong><em>7.</em></strong></span> <span class='ocrx_word' id='word_1_875' title='bbox 2424 5461 2717 5515; x_wconf 80' lang='lat' dir='ltr'><strong><em>Secundum</em></strong></span> <span class='ocrx_word' id='word_1_876' title='bbox 2755 5463 2909 5517; x_wconf 88' lang='lat' dir='ltr'><strong><em>intel-</em></strong></span> 
     </span>
    </p>
   </div>
   <div class='ocr_carea' id='block_1_230' title="bbox 2158 5532 2911 5603">
    <p class='ocr_par' dir='ltr' id='par_1_230' title="bbox 2158 5532 2911 5603">
     <span class='ocr_line' id='line_1_237' title="bbox 2158 5532 2911 5603; baseline 0.003 -19"><span class='ocrx_word' id='word_1_877' title='bbox 2158 5532 2419 5603; x_wconf 86' lang='lat' dir='ltr'><strong><em>ligentiam</em></strong></span> <span class='ocrx_word' id='word_1_878' title='bbox 2448 5543 2588 5584; x_wconf 90' lang='lat' dir='ltr'><strong><em>tuam</em></strong></span> <span class='ocrx_word' id='word_1_879' title='bbox 2631 5532 2831 5587; x_wconf 88' lang='lat' dir='ltr'><strong><em>tardam</em></strong></span> <span class='ocrx_word' id='word_1_880' title='bbox 2867 5542 2911 5587; x_wconf 92' lang='lat' dir='ltr'><strong><em>et</em></strong></span> 
     </span>
    </p>
   </div>
   <div class='ocr_carea' id='block_1_231' title="bbox 2158 5619 2411 5675">
    <p class='ocr_par' dir='ltr' id='par_1_231' title="bbox 2158 5619 2411 5675">
     <span class='ocr_line' id='line_1_238' title="bbox 2158 5619 2411 5675; baseline 0.004 -20"><span class='ocrx_word' id='word_1_881' title='bbox 2158 5619 2411 5675; x_wconf 77' lang='lat' dir='ltr'><strong><em>gressum.</em></strong></span> 
     </span>
    </p>
   </div>
   <div class='ocr_carea' id='block_1_232' title="bbox 2226 5674 2914 5731">
    <p class='ocr_par' dir='ltr' id='par_1_232' title="bbox 2226 5674 2914 5731">
     <span class='ocr_line' id='line_1_239' title="bbox 2226 5674 2914 5731; baseline 0.006 -4"><span class='ocrx_word' id='word_1_882' title='bbox 2226 5674 2291 5727; x_wconf 85' lang='lat' dir='ltr'><strong>N.</strong></span> <span class='ocrx_word' id='word_1_883' title='bbox 2325 5676 2378 5729; x_wconf 80' lang='lat'><strong>9.</strong></span> <span class='ocrx_word' id='word_1_884' title='bbox 2410 5674 2474 5728; x_wconf 83' lang='lat' dir='ltr'><strong><em>Et</em></strong></span> <span class='ocrx_word' id='word_1_885' title='bbox 2502 5684 2745 5730; x_wconf 80' lang='lat' dir='ltr'><strong><em>averteret</em></strong></span> <span class='ocrx_word' id='word_1_886' title='bbox 2775 5692 2914 5731; x_wconf 85' lang='lat' dir='ltr'><strong><em>men-</em></strong></span> 
     </span>
    </p>
   </div>
   <div class='ocr_carea' id='block_1_233' title="bbox 2158 5754 2277 5798">
    <p class='ocr_par' dir='ltr' id='par_1_233' title="bbox 2158 5754 2277 5798">
     <span class='ocr_line' id='line_1_240' title="bbox 2158 5754 2277 5798; baseline 0.008 -1"><span class='ocrx_word' id='word_1_887' title='bbox 2158 5754 2277 5798; x_wconf 89' lang='lat' dir='ltr'><strong><em>tem.</em></strong></span> 
     </span>
    </p>
   </div>
   <div class='ocr_carea' id='block_1_234' title="bbox 2229 5814 2911 5875">
    <p class='ocr_par' dir='ltr' id='par_1_234' title="bbox 2229 5814 2911 5875">
     <span class='ocr_line' id='line_1_241' title="bbox 2229 5814 2911 5875; baseline 0.01 -7"><span class='ocrx_word' id='word_1_888' title='bbox 2229 5814 2359 5869; x_wconf 86' lang='lat' dir='ltr'><strong>Ibid.</strong></span> <span class='ocrx_word' id='word_1_889' title='bbox 2395 5815 2461 5872; x_wconf 86' lang='lat' dir='ltr'><strong><em>Et</em></strong></span> <span class='ocrx_word' id='word_1_890' title='bbox 2502 5820 2607 5873; x_wconf 88' lang='lat' dir='ltr'><strong><em>alia</em></strong></span> <span class='ocrx_word' id='word_1_891' title='bbox 2636 5818 2803 5873; x_wconf 79' lang='lat' dir='ltr'><strong><em>Filius</em></strong></span> <span class='ocrx_word' id='word_1_892' title='bbox 2842 5822 2911 5875; x_wconf 86' lang='lat' dir='ltr'><strong><em>si-</em></strong></span> 
     </span>
    </p>
   </div>
   <div class='ocr_carea' id='block_1_235' title="bbox 2156 5887 2324 5941">
    <p class='ocr_par' dir='ltr' id='par_1_235' title="bbox 2156 5887 2324 5941">
     <span class='ocr_line' id='line_1_242' title="bbox 2156 5887 2324 5941; baseline -0.006 -1"><span class='ocrx_word' id='word_1_893' title='bbox 2156 5887 2324 5941; x_wconf 73' lang='lat' dir='ltr'><strong><em>milia.</em></strong></span> 
     </span>
    </p>
   </div>
   <div class='ocr_carea' id='block_1_236' title="bbox 3052 3618 3747 3687">
    <p class='ocr_par' dir='ltr' id='par_1_236' title="bbox 3052 3618 3747 3687">
     <span class='ocr_line' id='line_1_243' title="bbox 3052 3618 3747 3687; baseline 0.004 -15"><span class='ocrx_word' id='word_1_894' title='bbox 3052 3618 3184 3673; x_wconf 88' lang='lat' dir='ltr'><strong>Cod.</strong></span> <span class='ocrx_word' id='word_1_895' title='bbox 3235 3635 3249 3671; x_wconf 92' lang='grc' dir='ltr'><strong><em>ι</em></strong></span> <span class='ocrx_word' id='word_1_896' title='bbox 3310 3628 3365 3674; x_wconf 89' lang='lat' dir='ltr'><strong><em>et</em></strong></span> <span class='ocrx_word' id='word_1_897' title='bbox 3430 3636 3518 3674; x_wconf 81' lang='grc' dir='ltr'>χι..</span> <span class='ocrx_word' id='word_1_898' title='bbox 3592 3621 3747 3687; x_wconf 88' lang='lat' dir='ltr'><strong><em>Quod</em></strong></span> 
     </span>
    </p>
   </div>
   <div class='ocr_carea' id='block_1_237' title="bbox 2980 3690 3749 3761">
    <p class='ocr_par' dir='ltr' id='par_1_237' title="bbox 2980 3690 3749 3761">
     <span class='ocr_line' id='line_1_244' title="bbox 2980 3690 3749 3761; baseline 0.003 -20"><span class='ocrx_word' id='word_1_899' title='bbox 2980 3690 3203 3742; x_wconf 88' lang='lat' dir='ltr'><strong><em>amando</em></strong></span> <span class='ocrx_word' id='word_1_900' title='bbox 3247 3690 3463 3757; x_wconf 86' lang='lat' dir='ltr'><strong><em>biberat,</em></strong></span> <span class='ocrx_word' id='word_1_901' title='bbox 3487 3694 3749 3761; x_wconf 81' lang='lat' dir='ltr'><strong><em>evangeli-</em></strong></span> 
     </span>
    </p>
   </div>
   <div class='ocr_carea' id='block_1_238' title="bbox 2979 3761 3442 3815">
    <p class='ocr_par' dir='ltr' id='par_1_238' title="bbox 2979 3761 3442 3815">
     <span class='ocr_line' id='line_1_245' title="bbox 2979 3761 3442 3815; baseline 0.006 -3"><span class='ocrx_word' id='word_1_902' title='bbox 2979 3761 3146 3813; x_wconf 80' lang='lat' dir='ltr'><strong><em>zando</em></strong></span> <span class='ocrx_word' id='word_1_903' title='bbox 3166 3772 3442 3815; x_wconf 73' lang='lat' dir='ltr'><strong><em>cruciaret.</em></strong></span> 
     </span>
    </p>
   </div>
   <div class='ocr_carea' id='block_1_239' title="bbox 3050 3830 3753 3887">
    <p class='ocr_par' dir='ltr' id='par_1_239' title="bbox 3050 3830 3753 3887">
     <span class='ocr_line' id='line_1_246' title="bbox 3050 3830 3753 3887; baseline 0.001 -1"><span class='ocrx_word' id='word_1_904' title='bbox 3050 3830 3221 3886; x_wconf 87' lang='lat' dir='ltr'><strong>Codd.</strong></span> <span class='ocrx_word' id='word_1_905' title='bbox 3264 3831 3352 3885; x_wconf 89' lang='lat' dir='ltr'><strong><em>Ita</em></strong></span> <span class='ocrx_word' id='word_1_906' title='bbox 3381 3844 3580 3887; x_wconf 87' lang='lat' dir='ltr'><strong><em>secreta</em></strong></span> <span class='ocrx_word' id='word_1_907' title='bbox 3624 3840 3753 3887; x_wconf 77' lang='lat' dir='ltr'><strong><em>sunt</em></strong></span> 
     </span>
    </p>
   </div>
   <div class='ocr_carea' id='block_1_240' title="bbox 2978 3904 3743 3975">
    <p class='ocr_par' dir='ltr' id='par_1_240' title="bbox 2978 3904 3743 3975">
     <span class='ocr_line' id='line_1_247' title="bbox 2978 3904 3743 3975; baseline 0.005 -21"><span class='ocrx_word' id='word_1_908' title='bbox 2978 3910 3031 3975; x_wconf 76' lang='lat' dir='ltr'><strong><em>et</em></strong></span> <span class='ocrx_word' id='word_1_909' title='bbox 3059 3904 3328 3975; x_wconf 69' lang='lat' dir='ltr'><strong><em>profundat</em></strong></span> <span class='ocrx_word' id='word_1_910' title='bbox 3371 3905 3743 3975; x_wconf 65' lang='lat' dir='ltr'><strong><em>intelligentiae.</em></strong></span> 
     </span>
    </p>
   </div>
   <div class='ocr_carea' id='block_1_241' title="bbox 2988 3973 3458 4029">
    <p class='ocr_par' dir='ltr' id='par_1_241' title="bbox 2988 3973 3458 4029">
     <span class='ocr_line' id='line_1_248' title="bbox 2988 3973 3458 4029; baseline 0.004 -2"><span class='ocrx_word' id='word_1_911' title='bbox 2988 3973 3108 4027; x_wconf 80' lang='lat' dir='ltr'><strong>Vid.</strong></span> <span class='ocrx_word' id='word_1_912' title='bbox 3136 3990 3251 4028; x_wconf 84' lang='lat' dir='ltr'><strong><em>var.</em></strong></span> <span class='ocrx_word' id='word_1_913' title='bbox 3287 3974 3458 4029; x_wconf 85' lang='lat' dir='ltr'><strong><em>Maur.</em></strong></span> 
     </span>
    </p>
   </div>
   <div class='ocr_carea' id='block_1_242' title="bbox 3057 4044 3754 4112">
    <p class='ocr_par' dir='ltr' id='par_1_242' title="bbox 3057 4044 3754 4112">
     <span class='ocr_line' id='line_1_249' title="bbox 3057 4044 3754 4112; baseline 0 -13"><span class='ocrx_word' id='word_1_914' title='bbox 3057 4044 3190 4099; x_wconf 87' lang='lat' dir='ltr'><strong>Cod.</strong></span> <span class='ocrx_word' id='word_1_915' title='bbox 3217 4061 3302 4100; x_wconf 80' lang='grc' dir='ltr'>χι..</span> <span class='ocrx_word' id='word_1_916' title='bbox 3332 4046 3483 4112; x_wconf 83' lang='lat' dir='ltr'><strong><em>Quod</em></strong></span> <span class='ocrx_word' id='word_1_917' title='bbox 3511 4063 3625 4103; x_wconf 81' lang='lat' dir='ltr'><strong><em>cum</em></strong></span> <span class='ocrx_word' id='word_1_918' title='bbox 3651 4063 3754 4100; x_wconf 73' lang='lat' dir='ltr'><strong><em>eu-</em></strong></span> 
     </span>
    </p>
   </div>
   <div class='ocr_carea' id='block_1_243' title="bbox 2987 4115 3321 4171">
    <p class='ocr_par' dir='ltr' id='par_1_243' title="bbox 2987 4115 3321 4171">
     <span class='ocr_line' id='line_1_250' title="bbox 2987 4115 3321 4171; baseline 0.009 -3"><span class='ocrx_word' id='word_1_919' title='bbox 2987 4115 3107 4170; x_wconf 87' lang='lat' dir='ltr'><strong><em>ditis</em></strong></span> <span class='ocrx_word' id='word_1_920' title='bbox 3137 4117 3321 4171; x_wconf 87' lang='lat' dir='ltr'><strong><em>dicere.</em></strong></span> 
     </span>
    </p>
   </div>
   <div class='ocr_carea' id='block_1_244' title="bbox 3060 4186 3756 4243">
    <p class='ocr_par' dir='ltr' id='par_1_244' title="bbox 3060 4186 3756 4243">
     <span class='ocr_line' id='line_1_251' title="bbox 3060 4186 3756 4243; baseline 0.004 -3"><span class='ocrx_word' id='word_1_921' title='bbox 3060 4186 3137 4242; x_wconf 92' lang='lat' dir='ltr'><strong><em>Id.</em></strong></span> <span class='ocrx_word' id='word_1_922' title='bbox 3230 4188 3756 4243; x_wconf 80' lang='lat' dir='ltr'><strong><em>Commemoraadunt</em></strong></span> 
     </span>
    </p>
   </div>
   <div class='ocr_carea' id='block_1_245' title="bbox 2986 4268 3081 4313">
    <p class='ocr_par' dir='ltr' id='par_1_245' title="bbox 2986 4268 3081 4313">
     <span class='ocr_line' id='line_1_252' title="bbox 2986 4268 3081 4313; baseline 0 -1"><span class='ocrx_word' id='word_1_923' title='bbox 2986 4268 3081 4313; x_wconf 73' lang='grc' dir='ltr'><strong><em>εει.</em></strong></span> 
     </span>
    </p>
   </div>
   <div class='ocr_carea' id='block_1_246' title="bbox 3056 4330 3751 4385">
    <p class='ocr_par' dir='ltr' id='par_1_246' title="bbox 3056 4330 3751 4385">
     <span class='ocr_line' id='line_1_253' title="bbox 3056 4330 3751 4385; baseline -0.004 0"><span class='ocrx_word' id='word_1_924' title='bbox 3056 4330 3190 4385; x_wconf 87' lang='lat' dir='ltr'><strong>Cod.</strong></span> <span class='ocrx_word' id='word_1_925' title='bbox 3215 4345 3402 4385; x_wconf 79' lang='lat' dir='ltr'><strong><em>xxxvr.</em></strong></span> <span class='ocrx_word' id='word_1_926' title='bbox 3434 4330 3567 4385; x_wconf 87' lang='lat' dir='ltr'><strong><em>Post</em></strong></span> <span class='ocrx_word' id='word_1_927' title='bbox 3598 4330 3751 4384; x_wconf 57' lang='lat' dir='ltr'><strong><em>laba-</em></strong></span> 
     </span>
    </p>
   </div>
   <div class='ocr_carea' id='block_1_247' title="bbox 2988 4401 3568 4470">
    <p class='ocr_par' dir='ltr' id='par_1_247' title="bbox 2988 4401 3568 4470">
     <span class='ocr_line' id='line_1_254' title="bbox 2988 4401 3568 4470; baseline 0.002 -16"><span class='ocrx_word' id='word_1_928' title='bbox 2988 4417 3095 4455; x_wconf 88' lang='lat' dir='ltr'><strong><em>rem</em></strong></span> <span class='ocrx_word' id='word_1_929' title='bbox 3126 4401 3336 4470; x_wconf 75' lang='lat' dir='ltr'><strong><em>fabricae</em></strong></span> <span class='ocrx_word' id='word_1_930' title='bbox 3366 4404 3568 4455; x_wconf 86' lang='lat' dir='ltr'><strong><em>mundi.</em></strong></span> 
     </span>
    </p>
   </div>
   <div class='ocr_carea' id='block_1_248' title="bbox 3055 4472 3751 4528">
    <p class='ocr_par' dir='ltr' id='par_1_248' title="bbox 3055 4472 3751 4528">
     <span class='ocr_line' id='line_1_255' title="bbox 3055 4472 3751 4528; baseline -0.001 -1"><span class='ocrx_word' id='word_1_931' title='bbox 3055 4473 3225 4527; x_wconf 84' lang='lat' dir='ltr'><strong>Codd.</strong></span> <span class='ocrx_word' id='word_1_932' title='bbox 3256 4472 3375 4526; x_wconf 88' lang='lat' dir='ltr'><strong><em>Nisi</em></strong></span> <span class='ocrx_word' id='word_1_933' title='bbox 3420 4490 3534 4526; x_wconf 89' lang='lat' dir='ltr'><strong><em>cum</em></strong></span> <span class='ocrx_word' id='word_1_934' title='bbox 3578 4475 3751 4528; x_wconf 80' lang='lat' dir='ltr'><strong><em>redie-</em></strong></span> 
     </span>
    </p>
   </div>
   <div class='ocr_carea' id='block_1_249' title="bbox 1531 4538 3753 4620">
    <p class='ocr_par' dir='ltr' id='par_1_249' title="bbox 1531 4538 3753 4620">
     <span class='ocr_line' id='line_1_256' title="bbox 1531 4538 3753 4620; baseline 0.001 -25"><span class='ocrx_word' id='word_1_935' title='bbox 1531 4552 1667 4620; x_wconf 67' lang='lat' dir='ltr'><strong><em>Quid</em></strong></span> <span class='ocrx_word' id='word_1_936' title='bbox 1724 4552 1860 4606; x_wconf 77' lang='grc' dir='ltr'><strong><em>εηίηι</em></strong></span> <span class='ocrx_word' id='word_1_937' title='bbox 1915 4552 2059 4607; x_wconf 70' lang='lat' dir='ltr'><strong><em>aliud</em></strong></span> <span class='ocrx_word' id='word_1_938' title='bbox 2159 4539 2228 4620; x_wconf 76' lang='lat' dir='ltr'><strong><em>ad</em></strong></span> <span class='ocrx_word' id='word_1_939' title='bbox 2255 4538 2663 4620; x_wconf 72' lang='lat' dir='ltr'><strong><em>similitudinem</em></strong></span> <span class='ocrx_word' id='word_1_940' title='bbox 2714 4540 2769 4593; x_wconf 89' lang='lat' dir='ltr'><strong><em>in</em></strong></span> <span class='ocrx_word' id='word_1_941' title='bbox 2814 4556 2913 4609; x_wconf 87' lang='lat' dir='ltr'><strong><em>qua</em></strong></span> <span class='ocrx_word' id='word_1_942' title='bbox 2983 4544 3056 4620; x_wconf 77' lang='lat' dir='ltr'><strong><em>ris</em></strong></span> <span class='ocrx_word' id='word_1_943' title='bbox 3100 4543 3167 4596; x_wconf 90' lang='lat' dir='ltr'><strong><em>ad</em></strong></span> <span class='ocrx_word' id='word_1_944' title='bbox 3210 4544 3601 4620; x_wconf 76' lang='lat' dir='ltr'><strong><em>similitudinem</em></strong></span> <span class='ocrx_word' id='word_1_945' title='bbox 3656 4544 3753 4597; x_wconf 79' lang='lat' dir='ltr'><strong><em>Dei</em></strong></span> 
     </span>
    </p>
   </div>
   <div class='ocr_carea' id='block_1_250' title="bbox 2984 4615 3491 4685">
    <p class='ocr_par' dir='ltr' id='par_1_250' title="bbox 2984 4615 3491 4685">
     <span class='ocr_line' id='line_1_257' title="bbox 2984 4615 3491 4685; baseline 0.008 -18"><span class='ocrx_word' id='word_1_946' title='bbox 2984 4615 3037 4667; x_wconf 89' lang='lat' dir='ltr'><strong><em>in</em></strong></span> <span class='ocrx_word' id='word_1_947' title='bbox 3066 4631 3167 4683; x_wconf 87' lang='lat' dir='ltr'><strong><em>qua</em></strong></span> <span class='ocrx_word' id='word_1_948' title='bbox 3199 4618 3365 4685; x_wconf 78' lang='lat' dir='ltr'><strong><em>{actus</em></strong></span> <span class='ocrx_word' id='word_1_949' title='bbox 3391 4623 3491 4671; x_wconf 87' lang='lat' dir='ltr'><strong><em>est.</em></strong></span> 
     </span>
    </p>
   </div>
   <div class='ocr_carea' id='block_1_251' title="bbox 3058 4686 3751 4751">
    <p class='ocr_par' dir='ltr' id='par_1_251' title="bbox 3058 4686 3751 4751">
     <span class='ocr_line' id='line_1_258' title="bbox 3058 4686 3751 4751; baseline 0.003 -12"><span class='ocrx_word' id='word_1_950' title='bbox 3058 4686 3190 4739; x_wconf 87' lang='lat' dir='ltr'><strong>Cod.</strong></span> <span class='ocrx_word' id='word_1_951' title='bbox 3223 4702 3386 4739; x_wconf 77' lang='grc' dir='ltr'>χχχνι</span> <span class='ocrx_word' id='word_1_952' title='bbox 3415 4698 3469 4741; x_wconf 85' lang='lat' dir='ltr'><strong><em>et</em></strong></span> <span class='ocrx_word' id='word_1_953' title='bbox 3507 4704 3599 4741; x_wconf 80' lang='grc' dir='ltr'>χι..</span> <span class='ocrx_word' id='word_1_954' title='bbox 3643 4688 3751 4751; x_wconf 54' lang='grc' dir='ltr'><strong>ονε</strong></span> 
     </span>
    </p>
   </div>
   <div class='ocr_carea' id='block_1_252' title="bbox 2988 4757 3543 4827">
    <p class='ocr_par' dir='ltr' id='par_1_252' title="bbox 2988 4757 3543 4827">
     <span class='ocr_line' id='line_1_259' title="bbox 2988 4757 3543 4827; baseline 0.004 -19"><span class='ocrx_word' id='word_1_955' title='bbox 2988 4757 3135 4823; x_wconf 81' lang='lat' dir='ltr'><strong><em>iussit</em></strong></span> <span class='ocrx_word' id='word_1_956' title='bbox 3164 4766 3212 4811; x_wconf 89' lang='lat' dir='ltr'><strong><em>et</em></strong></span> <span class='ocrx_word' id='word_1_957' title='bbox 3239 4761 3379 4827; x_wconf 74' lang='lat' dir='ltr'><strong><em>facta</em></strong></span> <span class='ocrx_word' id='word_1_958' title='bbox 3406 4767 3543 4811; x_wconf 85' lang='lat' dir='ltr'><strong><em>sunt.</em></strong></span> 
     </span>
    </p>
   </div>
   <div class='ocr_carea' id='block_1_253' title="bbox 3056 4826 3753 4883">
    <p class='ocr_par' dir='ltr' id='par_1_253' title="bbox 3056 4826 3753 4883">
     <span class='ocr_line' id='line_1_260' title="bbox 3056 4826 3753 4883; baseline 0.003 -2"><span class='ocrx_word' id='word_1_959' title='bbox 3056 4826 3187 4881; x_wconf 90' lang='lat' dir='ltr'><strong>Cod.</strong></span> <span class='ocrx_word' id='word_1_960' title='bbox 3226 4826 3260 4880; x_wconf 86' lang='grc' dir='ltr'>ι.</span> <span class='ocrx_word' id='word_1_961' title='bbox 3290 4828 3385 4881; x_wconf 79' lang='lat' dir='ltr'><strong><em>Cui</em></strong></span> <span class='ocrx_word' id='word_1_962' title='bbox 3413 4829 3487 4882; x_wconf 89' lang='lat' dir='ltr'><strong><em>rei</em></strong></span> <span class='ocrx_word' id='word_1_963' title='bbox 3529 4838 3753 4883; x_wconf 83' lang='lat' dir='ltr'><strong><em>attesta-</em></strong></span> 
     </span>
    </p>
   </div>
   <div class='ocr_carea' id='block_1_254' title="bbox 2990 4896 3433 4952">
    <p class='ocr_par' dir='ltr' id='par_1_254' title="bbox 2990 4896 3433 4952">
     <span class='ocr_line' id='line_1_261' title="bbox 2990 4896 3433 4952; baseline 0.002 -3"><span class='ocrx_word' id='word_1_964' title='bbox 2990 4907 3073 4951; x_wconf 89' lang='lat' dir='ltr'><strong><em>tur</em></strong></span> <span class='ocrx_word' id='word_1_965' title='bbox 3098 4908 3143 4951; x_wconf 91' lang='lat' dir='ltr'><strong><em>et</em></strong></span> <span class='ocrx_word' id='word_1_966' title='bbox 3174 4896 3433 4952; x_wconf 87' lang='lat' dir='ltr'><strong><em>Psalmus.</em></strong></span> 
     </span>
    </p>
   </div>
   <div class='ocr_carea' id='block_1_255' title="bbox 3064 4968 3751 5041">
    <p class='ocr_par' dir='ltr' id='par_1_255' title="bbox 3064 4968 3751 5041">
     <span class='ocr_line' id='line_1_262' title="bbox 3064 4968 3751 5041; baseline 0.007 -20"><span class='ocrx_word' id='word_1_967' title='bbox 3064 4968 3139 5026; x_wconf 87' lang='grc' dir='ltr'>ΙιΙ.</span> <span class='ocrx_word' id='word_1_968' title='bbox 3180 4969 3289 5041; x_wconf 83' lang='lat' dir='ltr'><strong><em>Qui</em></strong></span> <span class='ocrx_word' id='word_1_969' title='bbox 3333 4971 3559 5041; x_wconf 85' lang='lat' dir='ltr'><strong><em>jubendo</em></strong></span> <span class='ocrx_word' id='word_1_970' title='bbox 3613 4990 3751 5026; x_wconf 84' lang='lat' dir='ltr'><strong><em>nun-</em></strong></span> 
     </span>
    </p>
   </div>
   <div class='ocr_carea' id='block_1_256' title="bbox 2987 5039 3504 5107">
    <p class='ocr_par' dir='ltr' id='par_1_256' title="bbox 2987 5039 3504 5107">
     <span class='ocr_line' id='line_1_263' title="bbox 2987 5039 3504 5107; baseline 0.004 -15"><span class='ocrx_word' id='word_1_971' title='bbox 2987 5054 3140 5107; x_wconf 81' lang='lat' dir='ltr'><strong><em>quam</em></strong></span> <span class='ocrx_word' id='word_1_972' title='bbox 3169 5039 3504 5095; x_wconf 56' lang='lat' dir='ltr'><strong><em>laboraverat</em></strong></span> 
     </span>
    </p>
   </div>
   <div class='ocr_carea' id='block_1_257' title="bbox 3060 5108 3748 5175">
    <p class='ocr_par' dir='ltr' id='par_1_257' title="bbox 3060 5108 3748 5175">
     <span class='ocr_line' id='line_1_264' title="bbox 3060 5108 3748 5175; baseline 0.004 -12"><span class='ocrx_word' id='word_1_973' title='bbox 3060 5110 3136 5164; x_wconf 93' lang='lat' dir='ltr'><strong>ld.</strong></span> <span class='ocrx_word' id='word_1_974' title='bbox 3172 5108 3236 5165; x_wconf 83' lang='lat' dir='ltr'><strong><em>Et</em></strong></span> <span class='ocrx_word' id='word_1_975' title='bbox 3260 5114 3406 5175; x_wconf 79' lang='lat' dir='ltr'><strong><em>quasi</em></strong></span> <span class='ocrx_word' id='word_1_976' title='bbox 3435 5115 3748 5166; x_wconf 81' lang='lat' dir='ltr'><strong><em>coruscatio-</em></strong></span> 
     </span>
    </p>
   </div>
   <div class='ocr_carea' id='block_1_258' title="bbox 2986 5183 3745 5255">
    <p class='ocr_par' dir='ltr' id='par_1_258' title="bbox 2986 5183 3745 5255">
     <span class='ocr_line' id='line_1_265' title="bbox 2986 5183 3745 5255; baseline 0.008 -22"><span class='ocrx_word' id='word_1_977' title='bbox 2986 5196 3099 5234; x_wconf 88' lang='lat' dir='ltr'><strong><em>nem</em></strong></span> <span class='ocrx_word' id='word_1_978' title='bbox 3146 5198 3343 5255; x_wconf 77' lang='lat' dir='ltr'><strong><em>magna:</em></strong></span> <span class='ocrx_word' id='word_1_979' title='bbox 3398 5183 3526 5237; x_wconf 88' lang='lat' dir='ltr'><strong><em>lucis</em></strong></span> <span class='ocrx_word' id='word_1_980' title='bbox 3572 5185 3745 5239; x_wconf 55' lang='lat' dir='ltr'><strong><em>IiorrtL</em></strong></span> 
     </span>
    </p>
   </div>
   <div class='ocr_carea' id='block_1_259' title="bbox 2985 5267 3147 5307">
    <p class='ocr_par' dir='ltr' id='par_1_259' title="bbox 2985 5267 3147 5307">
     <span class='ocr_line' id='line_1_266' title="bbox 2985 5267 3147 5307; baseline 0.012 -2"><span class='ocrx_word' id='word_1_981' title='bbox 2985 5267 3147 5307; x_wconf 66' lang='grc'><strong><em>868118.</em></strong></span> 
     </span>
    </p>
   </div>
   <div class='ocr_carea' id='block_1_260' title="bbox 3058 5323 3749 5394">
    <p class='ocr_par' dir='ltr' id='par_1_260' title="bbox 3058 5323 3749 5394">
     <span class='ocr_line' id='line_1_267' title="bbox 3058 5323 3749 5394; baseline 0.009 -18"><span class='ocrx_word' id='word_1_982' title='bbox 3058 5323 3135 5377; x_wconf 90' lang='lat' dir='ltr'><strong><em>ld.</em></strong></span> <span class='ocrx_word' id='word_1_983' title='bbox 3188 5324 3294 5378; x_wconf 89' lang='lat' dir='ltr'><strong><em>Sed</em></strong></span> <span class='ocrx_word' id='word_1_984' title='bbox 3340 5341 3429 5394; x_wconf 84' lang='lat' dir='ltr'><strong><em>per</em></strong></span> <span class='ocrx_word' id='word_1_985' title='bbox 3467 5328 3749 5382; x_wconf 80' lang='lat' dir='ltr'><strong><em>maceriam</em></strong></span> 
     </span>
    </p>
   </div>
   <div class='ocr_carea' id='block_1_261' title="bbox 2985 5393 3311 5449">
    <p class='ocr_par' dir='ltr' id='par_1_261' title="bbox 2985 5393 3311 5449">
     <span class='ocr_line' id='line_1_268' title="bbox 2985 5393 3311 5449; baseline 0 -2"><span class='ocrx_word' id='word_1_986' title='bbox 2985 5393 3311 5449; x_wconf 83' lang='lat' dir='ltr'><strong><em>descendisti.</em></strong></span> 
     </span>
    </p>
   </div>
   <div class='ocr_carea' id='block_1_262' title="bbox 3059 5466 3748 5523">
    <p class='ocr_par' dir='ltr' id='par_1_262' title="bbox 3059 5466 3748 5523">
     <span class='ocr_line' id='line_1_269' title="bbox 3059 5466 3748 5523; baseline 0.006 -5"><span class='ocrx_word' id='word_1_987' title='bbox 3059 5466 3136 5519; x_wconf 93' lang='lat' dir='ltr'><strong><em>Id.</em></strong></span> <span class='ocrx_word' id='word_1_988' title='bbox 3196 5467 3491 5522; x_wconf 80' lang='lat' dir='ltr'><strong><em>Secundum</em></strong></span> <span class='ocrx_word' id='word_1_989' title='bbox 3545 5469 3748 5523; x_wconf 80' lang='lat' dir='ltr'><strong><em>intelli-</em></strong></span> 
     </span>
    </p>
   </div>
   <div class='ocr_carea' id='block_1_263' title="bbox 2986 5539 3748 5607">
    <p class='ocr_par' dir='ltr' id='par_1_263' title="bbox 2986 5539 3748 5607">
     <span class='ocr_line' id='line_1_270' title="bbox 2986 5539 3748 5607; baseline 0.007 -18"><span class='ocrx_word' id='word_1_990' title='bbox 2986 5539 3210 5607; x_wconf 82' lang='lat' dir='ltr'><strong><em>gentiam</em></strong></span> <span class='ocrx_word' id='word_1_991' title='bbox 3254 5548 3395 5592; x_wconf 87' lang='lat' dir='ltr'><strong><em>tuam</em></strong></span> <span class='ocrx_word' id='word_1_992' title='bbox 3444 5540 3651 5592; x_wconf 87' lang='lat' dir='ltr'><strong><em>tardam</em></strong></span> <span class='ocrx_word' id='word_1_993' title='bbox 3698 5552 3748 5594; x_wconf 92' lang='lat' dir='ltr'><strong><em>et</em></strong></span> 
     </span>
    </p>
   </div>
   <div class='ocr_carea' id='block_1_264' title="bbox 2986 5625 3231 5664">
    <p class='ocr_par' dir='ltr' id='par_1_264' title="bbox 2986 5625 3231 5664">
     <span class='ocr_line' id='line_1_271' title="bbox 2986 5625 3231 5664; baseline 0.004 -2"><span class='ocrx_word' id='word_1_994' title='bbox 2986 5625 3231 5664; x_wconf 89' lang='lat' dir='ltr'><strong><em>crassam.</em></strong></span> 
     </span>
    </p>
   </div>
   <div class='ocr_carea' id='block_1_265' title="bbox 3061 5680 3746 5747">
    <p class='ocr_par' dir='ltr' id='par_1_265' title="bbox 3061 5680 3746 5747">
     <span class='ocr_line' id='line_1_272' title="bbox 3061 5680 3746 5747; baseline 0.001 -14"><span class='ocrx_word' id='word_1_995' title='bbox 3061 5680 3136 5735; x_wconf 86' lang='lat' dir='ltr'><strong><em>Id.</em></strong></span> <span class='ocrx_word' id='word_1_996' title='bbox 3190 5680 3273 5747; x_wconf 80' lang='lat' dir='ltr'><strong><em>Et</em></strong></span> <span class='ocrx_word' id='word_1_997' title='bbox 3305 5692 3541 5737; x_wconf 86' lang='lat' dir='ltr'><strong><em>everteret</em></strong></span> <span class='ocrx_word' id='word_1_998' title='bbox 3598 5700 3746 5743; x_wconf 65' lang='lat' dir='ltr'><strong><em>mee-</em></strong></span> 
     </span>
    </p>
   </div>
   <div class='ocr_carea' id='block_1_266' title="bbox 2986 5760 3104 5806">
    <p class='ocr_par' dir='ltr' id='par_1_266' title="bbox 2986 5760 3104 5806">
     <span class='ocr_line' id='line_1_273' title="bbox 2986 5760 3104 5806; baseline 0 -1"><span class='ocrx_word' id='word_1_999' title='bbox 2986 5760 3104 5806; x_wconf 84' lang='lat' dir='ltr'><strong><em>tem.</em></strong></span> 
     </span>
    </p>
   </div>
   <div class='ocr_carea' id='block_1_267' title="bbox 3059 5823 3377 5878">
    <p class='ocr_par' dir='ltr' id='par_1_267' title="bbox 3059 5823 3377 5878">
     <span class='ocr_line' id='line_1_274' title="bbox 3059 5823 3377 5878; baseline 0.013 -4"><span class='ocrx_word' id='word_1_1000' title='bbox 3059 5823 3132 5876; x_wconf 90' lang='lat' dir='ltr'><strong><em>Id.</em></strong></span> <span class='ocrx_word' id='word_1_1001' title='bbox 3206 5823 3377 5878; x_wconf 85' lang='lat' dir='ltr'><strong><em>Filius</em></strong></span> 
     </span>
    </p>
   </div>
   <div class='ocr_carea' id='block_1_268' title="bbox 2985 5893 3107 5949">
    <p class='ocr_par' dir='ltr' id='par_1_268' title="bbox 2985 5893 3107 5949">
     <span class='ocr_line' id='line_1_275' title="bbox 2985 5893 3107 5949; baseline 0.041 -5"><span class='ocrx_word' id='word_1_1002' title='bbox 2985 5893 3107 5949; x_wconf 74' lang='lat' dir='ltr'><strong><em>alia.</em></strong></span> 
     </span>
    </p>
   </div>
   <div class='ocr_carea' id='block_1_269' title="bbox 3443 5824 3743 5879">
    <p class='ocr_par' dir='ltr' id='par_1_269' title="bbox 3443 5824 3743 5879">
     <span class='ocr_line' id='line_1_276' title="bbox 3443 5824 3743 5879; baseline -0.003 0"><span class='ocrx_word' id='word_1_1003' title='bbox 3443 5824 3635 5879; x_wconf 78' lang='lat' dir='ltr'><strong><em>similia</em></strong></span> <span class='ocrx_word' id='word_1_1004' title='bbox 3694 5832 3743 5878; x_wconf 78' lang='lat' dir='ltr'><strong><em>et</em></strong></span> 
     </span>
    </p>
   </div>
  </div>
