2006 3169
111 165 174 194 I209

140 224 203 253 Ibid.
231 224 278 252 Sic
299 224 388 259 quierit
411 222 479 251 Deus

110 259 134 287 in
152 260 252 288 homine
266 268 349 287 suam.

142 367 171 394 N.
199 366 225 394 5.
247 366 372 394 Dominus
395 370 479 394 autem

109 402 166 438 quid
182 402 356 437 responderit,
372 406 424 430 etc.

142 507 208 536 Ibid.
225 508 319 536 Se'rvus
344 513 398 542 est,
427 509 478 535 uti-

111 552 166 571 nam
180 544 302 577 hominis,
315 548 367 572 etc.

708 160 897 191 LECTIONES
918 160 1122 191 VARIAN'I‘E'S.

550 223 589 252 Id.
611 224 656 253 Sic
678 224 768 257 qua’rit
782 223 851 250 Deus
864 221 891 248 in
905 220 931 252 Α
943 226 1044 257 perator
1060 222 1172 250 interior.

516 261 615 287 homine
643 260 778 294 imaginem
805 266 889 290 suam,

515 300 628 330 excepto
648 296 717 330 quod
733 295 758 322 in
780 294 889 327 quibus-

515 331 576 358 dam
589 331 685 366 legitur
699 330 853 357 hominibus.

553 366 599 393 Iid.
643 366 768 393 Dominus
804 370 889 392 autem

514 403 577 437 quid
603 401 675 437 (cod.
704 402 783 436 male,
808 399 888 437 quod)

514 435 549 464 eis
560 435 729 471 responderit,
745 442 798 465 etc.
814 435 888 473 (cod.

514 481 533 507 ι,
545 473 734 508 responderat.)
885 488 889 495 -

549 507 615 536 Cod.
645 517 686 535 XL.
720 508 813 536 Servus
840 511 888 541 est,

514 545 558 571 sed
573 546 669 570 utinam
690 545 811 577 hominis,
833 548 886 571 etc.

513 579 580 607 Cod.
593 580 770 607 xxxvt'servus
784 583 833 613 est;
842 587 888 606 ser-

111 623 153 643 vus
163 619 227 643 esset
240 616 337 642 utinam
348 615 467 648 hominis,
475 619 528 643 etc.

143 650 207 678 Ibid.
250 650 314 678 Cum
355 652 477 686 potuisset

111 687 158 714 dici
166 694 174 713 :
189 686 282 713 Verum
296 686 352 713 dico
366 687 445 714 vobis.

143 792 207 821 Ibid.
225 793 280 820 Nec
296 792 374 821 semel
383 796 475 826 tamen,

109 829 150 856 sed
161 830 213 861 bis,
229 833 280 857 etc.

142 864 206 891 Ibid.
222 863 264 891 Es.
286 865 342 898 ipsa
362 865 477 901 gemina-

82 920 89 926 .
109 900 174 927 tione
184 901 336 935 cognoscite.
363 900 370 901 ί
419 926 422 928 .

141 935 173 963 Ν.
203 936 230 962 4.
269 936 337 969 Quid
370 936 477 964 dicens?

109 970 200 1003 Amen,
214 979 286 998 antea
305 972 373 1004 dico.
385 976 438 999 etc.

143 1006 207 1033 Ibid.
223 1005 319 1034 Contra
332 1012 476 1040 peccatum,

109 1041 188 1069 Deum
214 1042 375 1070 liberatorem
399 1043 478 1070 inter-

108 1078 235 1112 pellemus.

144 1148 208 1176 Ibid.
234 1149 297 1177 Sine
319 1150 412 1185 pretio,
436 1150 480 1177 sed

108 1189 197 1217 vestro,
216 1186 276 1218 quia
289 1193 354 1212 meo.

143 1220 175 1247 N.
199 1221 226 1248 5.
256 1220 333 1248 Solus
362 1221 429 1248 enim
454 1223 481 1249 in

108 1255 155 1282 hac
169 1263 243 1283 carne
264 1257 330 1283 venit
350 1258 404 1283 sine
420 1265 479 1292 pec-

108 1296 172 1318 cato.

142 1362 208 1390 Ibid.
253 1362 390 1398 Tanquam
437 1372 480 1391 vos

107 1396 222 1425 Christus
242 1396 362 1425 obsecret.
387 1399 457 1433 Quid
469 1400 482 1426 ?

108 1433 293 1461 Recoucialiari
305 1433 369 1461 Deo.

143 1504 210 1532 Ibid.
236 1504 347 1532 Necesse
361 1510 397 1532 est
416 1507 480 1533 servi

106 1540 166 1567 sint.

142 1575 208 1603 Ibid.
234 1575 368 1609 Quomodo
395 1581 481 1604 autem

105 1611 311 1644 reconciliantur,
319 1613 379 1645 nisi,
392 1617 443 1640 etc.

142 1646 207 1674 Ibid.
223 1647 265 1673 Ait
278 1648 347 1675 enim
361 1655 406 1683 per
419 1656 481 1684 pro-

104 1682 218 1717 phetam.

144 1717 207 1755 Ibid.
216 1717 479 1755 Eumipsum,inqnit,

105 1752 237 1780 Christum
250 1753 332 1781 Deum
343 1777 349 1789 ,
366 1752 419 1783 etc.

142 1823 176 1851 N.
196 1824 222 1851 7.
244 1824 381 1852 Diabolum
399 1826 480 1860 signi-

102 1860 189 1894 ficans
197 1864 328 1887 venturum
335 1861 361 1887 in
370 1860 479 1888 Judteis.

143 1929 210 1957 Ibid.
238 1929 303 1963 Quia
329 1932 351 1958 si
376 1931 480 1966 nollem,

104 1973 155 1993 nec
169 1973 258 2000 passus
274 1974 362 1994 essem.

141 2001 174 2028 Ν.
193 2002 217 2027 8.
236 2000 277 2028 Ne
287 2002 319 2029 de
333 2003 430 2036 peccati
442 2011 482 2030 so-

101 2036 205 2063 lutione
219 2036 396 2071 difﬁderemus.

142 2071 210 2099 Ibid.
226 2072 294 2098 Audi
310 2081 380 2107 spem
395 2078 481 2107 tuam;

100 2106 193 2134 Filius
208 2112 292 2134 manet
306 2108 333 2135 in
346 2114 480 2138 teternum.

144 2177 212 2205 Ibid.
229 2178 294 2206 Cum
314 2179 379 2206 servi
394 2181 481 2208 essetis

100 2214 215 2255 peccati,
228 2214 301 2242 liberi
314 2215 393 2242 eratis
400 2216 480 2251 justi-

99 2255 176 2313 mel-V.
206 2285 233 2313 9.
260 2285 343 2320 Αἴθων
362 2286 480 2320 levetur;

97 2320 142 2348 sic
155 2321 235 2354 Deus,
249 2326 301 2349 etc.

140 2391 177 2419 Ν.
190 2392 232 2419 I0.
257 2391 350 2426 Aliqua
368 2392 480 2419 immun-

97 2427 172 2455 ditia
186 2428 372 2462 fornicationis.

142 2463 213 2499 Ibid.
238 2463 299 2490 Non
326 2464 393 2490 enim
412 2463 483 2499 quod

94 2498 174 2535 uolo
189 2506 251 2535 ago,-
278 2499 323 2526 sed
349 2499 416 2535 quod
439 2500 483 2527 odi

96 2534 175 2561 illud
189 2534 267 2568 facio.

138 2604 211 2633 Ibid.
235 2604 367 2641 Quidquid
391 2615 482 2641 pecca-
499 2628 506 2636 .

98 2645 164 2682 lunt
177 2645 216 2682 est
229 2640 344 2682 annobis:
350 2676 355 2682 .

144 2676 213 2703 Ibid.
243 2675 373 2708 Quamdiu
398 2677 483 2704 adhuc

94 2719 196 2740 seruus
216 2712 280 2748 facis
292 2731 300 2745 ,
316 2720 367 2739 non
397 2717 420 2739 te
439 2713 483 2739 de-

96 2748 194 2775 lactat.

116 2783 177 2824 LIII.
194 2783 237 2824 1?.
260 2783 324 2824 Non
350 2784 405 2811 ait:
422 2783 482 2811 Non

95 2818 154 2848 sit.
176 2818 221 2844 sed
232 2826 242 2845 :
255 2817 316 2845 Non
331 2824 428 2855 regnet.

143 2887 213 2915 Ibid.
230 2888 323 2916 Teneat
336 2874 419 2917 arcem
432 2890 481 2917 im-

549 650 615 678 Cod.
630 659 649 678 I.
676 650 740 678 Cum
767 651 890 685 potuisset

514 687 677 722 interpretari
690 691 713 713 et
726 687 889 720 dici,Verum

516 723 574 749 dico
589 723 667 751 vobis.
693 722 737 749 Sic
752 727 779 750 et
802 730 844 755 ιι,
861 725 889 750 et

516 765 642 792 CXXXVIII,
657 762 685 785 et.
698 766 779 785 CXLII.

550 793 618 821 Cnd.
658 802 700 821 ιιι..
726 792 782 820 Nec
810 793 889 820 semel

515 829 614 861 snllem,
626 830 670 855 seri
684 829 730 859 bis.
746 835 797 862 etq.

550 865 614 892 Cod.
633 872 712 891 CXLII.
727 865 765 891 Ex
778 867 832 899 ipsa
846 873 889 898 ge-

516 901 832 935 initiationecognoscitur.

549 936 585 962 Id.
597 936 663 967 Quid
672 938 888 969 ait,Amen,amen

513 972 581 1003 dico,
598 976 649 998 etc.

550 1006 617 1034 Cod.
631 1015 665 1034 xx.
679 1011 706 1035 et
718 1015 801 1035 CXLII.
819 1007 888 1035 Con-

514 1046 555 1079 t_ra
582 1043 720 1079 Dominum
746 1049 887 1079 peccatum,

515 1077 599 1105 Deum
629 1077 790 1106 liberatorem
812 1080 890 1106 inter-

515 1114 647 1149 pellemus.

551 1149 616 1177 Cod.
634 1157 762 1177 cuum.
776 1149 829 1178 Sed
836 1151 890 1178 sine

516 1189 597 1212 vestro
613 1185 694 1219 pretia
705 1206 712 1217 ,
729 1186 790 1220 quia
805 1194 869 1213 meo.

552 1221 619 1248 Cod.
643 1229 662 1247 ι.
688 1220 766 1248 Solus
780 1222 846 1248 enim
862 1223 890 1249 in

518 1255 583 1282 hanc
609 1264 711 1283 carnem
740 1257 805 1283 venit
835 1258 890 1284 sine

517 1296 627 1326 peccato.
644 1291 709 1318 Cod.
729 1300 800 1319 cn.“
820 1293 891 1327 pari-

518 1332 572 1360 ter,
589 1328 614 1353 in
630 1327 696 1353 hanc
706 1335 816 1353 carnem.

554 1363 620 1389 Cod.
639 1371 682 1389 XL.
702 1362 836 1398 Tanquam
849 1371 891 1390 vos

517 1396 633 1425 Christus
652 1396 769 1425 obsecret»
778 1407 824 1433 pro
839 1406 889 1432 me,

517 1434 718 1460 reconciliamini
740 1433 802 1461 Dea.
823 1433 889 1461 Cod.

515 1476 596 1501 CXLII,
608 1477 652 1504 per
665 1477 714 1496 me.

551 1504 616 1531 Cod.
630 1513 672 1533 XL.
690 1504 800 1532 Necesse
813 1510 849 1532 est
864 1509 892 1532 ut

516 1541 580 1567 servi
594 1541 654 1567 sint.

552 1575 590 1602 Id.
607 1575 739 1608 Quomodo
755 1581 839 1603 autent
851 1584 891 1604 re-

517 1611 683 1638 conciliantur
695 1610 759 1643 Deo,
768 1611 887 1644 nisi,elc.
905 1609 929 1641 C

554 1647 592 1674 Id.
612 1647 653 1673 Ait
673 1647 739 1673 enim
755 1648 890 1682 propheta.

903 916 928 947 Β

552 1718 589 1746 Id.
604 1717 672 1745 Eum
686 1719 778 1753 ipsum,
796 1719 891 1752 inquit,

515 1753 543 1780 id
558 1758 594 1781 est
608 1754 753 1788 Dominum
778 1760 893 1782 nostrum

515 1788 605 1816 Iesum
617 1789 756 1816 Christum.

551 1824 617 1851 Cod.
635 1833 725 1852 sum.
752 1824 893 1852 Diabolum

517 1860 664 1921 gigni/Stans
676 1860 790 1894 futurum
802 1860 830 1887 in
843 1860 894 1887 ,Ια-

535 1902 590 1921 aus.

535 1902 590 1922 (τις,

554 1930 621 1958 Cod.
635 1939 669 1958 XL
684 1934 711 1958 et
726 1938 816 1958 xxxvt.
827 1930 893 1963 Quia

517 1966 540 1993 si
549 1966 653 2002 nollem,
670 1974 715 1993 nec
728 1971 837 2002 paterer.

555 2001 621 2029 Cod.
639 2010 682 2029 XI.-
699 2001 742 2029 Ne
753 2002 786 2028 ds
798 2002 893 2036 peccati

519 2036 676 2064 absolutione
692 2037 873 2072 diffideremus.

554 2072 619 2100 Cod.
636 2080 715 2100 xxx"
730 2077 757 2100 et.
772 2081 815 2099 XL.
826 2072 894 2099 Audi

518 2116 589 2142 spem
604 2112 694 2135 tuam:
709 2107 796 2135 Filius
808 2112 893 2135 manet

517 2144 546 2170 in
556 2144 631 2170 domo
644 2144 671 2171 in
685 2148 820 2171 wternum.

554 2179 592 2206 Id.
617 2178 680 2206 Cum
708 2179 773 2206 servi
807 2178 893 2205 essetis

518 2215 627 2248 peccati,
646 2214 719 2242 liberi
744 2214 831 2250 fuistis
846 2215 895 2247 ju-

517 2250 603 2277 stitite.

552 2285 619 2330 Cod.
646 2293 732 2336 χξινι,
750 2290 777 2313 et
808 2292 888 2326 cmi.
905 2305 929 2336 υ

518 2319 601 2356 ζΕῃει·
641 2321 764 2348 relevetur
802 2328 811 2347 :
852 2322 890 2347 sic

516 2355 597 2389 Deus,
613 2360 665 2384 etc.

552 2390 619 2419 Cod.
640 2398 769 2419 cxxxvm.
797 2391 891 2424 Aliqua

516 2427 691 2458 immunditia,
698 2427 890 2462 fornicationes.

554 2462 621 2490 Cod.
635 2470 726 2490 um.
749 2462 811 2489 Non
824 2462 892 2488 enim

518 2498 587 2534 quod
604 2499 672 2531 volo,
687 2498 735 2525 hoc
750 2506 805 2534 ago.
824 2497 890 2534 Cod.

518 2534 723 2569 cxut,sedquod
731 2533 773 2560 odi
782 2533 891 2566 malum,

518 2570 584 2597 illud
600 2570 677 2604 facio.

552 2605 619 2632 Cod.
655 2612 736 2632 cun.
762 2604 893 2641 Quidquid

519 2645 649 2676 peccatum
659 2647 695 2668 est
711 2641 795 2668 nobis.

555 2676 621 2704 Cod.
652 2683 743 2703 xxxvi.
772 2676 895 2709 Quandiu

520 2720 572 2739 non
600 2717 624 2738 te
647 2711 757 2739 delectat
773 2732 780 2744 ,
809 2712 895 2738 adhuc

521 2755 607 2774 servus
620 2749 696 2782 facis.

554 2783 621 2810 Cod.
638 2790 720 2811 cmi.
737 2782 798 2810 Non
812 2783 896 2810 dicere

519 2819 617 2845 audet:
632 2818 693 2846 Non
709 2818 756 2852 sit,
766 2819 825 2846 sed:
837 2818 897 2846 Non

520 2860 615 2890 regnet.

552 2889 618 2917 Cod.
659 2897 740 2917 mm
774 2894 801 2917 et
827 2889 897 2924 alii,

977 293 1043 320 Ibid.
1073 293 1199 327 Per/icere
1235 299 1317 322 autem

941 336 1002 357 non.

977 400 1043 428 Ibid.
1058 400 1123 428 Noli
1142 404 1165 427 te
1176 401 1238 428 dare
1253 409 1314 429 con-

940 436 1114 470 cupiscentiis.

976 471 1009 499 N.
1029 471 1074 498 15.
1101 472 1211 506 Quando
1237 473 1316 500 nulla:

940 508 1090 540 inimicitiae,
1102 508 1215 542 quando,
1226 512 1280 536 etc.

977 579 1042 606 Ibid.
1055 579 1183 613 Absorpta
1197 584 1234 608 est
1247 587 1315 607 mors

940 615 967 642 in
973 616 1115 642 victoriam.
1126 615 1174 642 Ubi
1182 620 1229 648 est,
1236 623 1314 648 mors,

941 651 1066 677 contentio
1078 651 1139 677 tua?

976 685 1043 713 Ibid.
1060 686 1121 713 Iam
1132 687 1316 722 vivemus,jarn

941 730 993 748 non
1008 722 1147 749 moriemur
1162 724 1188 749 in
1202 722 1248 749 illo
1260 723 1314 757 qui,

941 762 993 785 CIC.

976 792 1041 820 Ibid.
1068 792 1218 820 Stabulario
1244 801 1315 820 com-

941 829 1078 856 mendarit.
1095 829 1141 856 Cui
1153 829 1292 856 stabulario
1304 829 1316 856 ?

977 899 1066 928 Tract.
1083 908 1148 929 ml.
1162 899 1195 927 N.
1206 899 1315 934 μουσί-

941 935 999 962 ritis
1012 944 1052 963 me
1065 937 1215 971 interﬁcere.
1231 937 1316 971 Agno-

941 979 983 998 sco
994 972 1079 1007 carnis
1092 973 1225 1007 originem.

977 1006 1009 1034 N.
1030 1007 1057 1033 2.
1083 1006 1208 1035 Dominus
1232 1010 1317 1034 autem

941 1047 1039 1105 patrem
1058 1042 1142 1070 Deum
1166 1042 1219 1069 vult
1240 1043 1315 1069 intel-

952 1086 998 1105 tat.

952 1086 998 1105 ιαι.

963 1087 1044 1144 gIbid.
1075 1113 1139 1146 Quis
1168 1114 1201 1140 sit
1228 1121 1317 1141 eorum

944 1154 1025 1184 pater,
1045 1153 1105 1176 tunc
1116 1149 1297 1184 intelligemus.

977 1185 1008 1212 N.
1037 1184 1065 1212 4.
1095 1185 1159 1211 Ante
1188 1185 1317 1211 Abraham

941 1229 988 1255 ego
995 1228 1062 1248 sum.

978 1255 1009 1282 N.
1032 1256 1058 1283 6.
1087 1255 1143 1282 Nos
1162 1263 1267 1288 sumus;
1289 1255 1317 1282 in

942 1291 1088 1325 parentibus
1101 1292 1205 1324 nostris,
1218 1295 1270 1318 etc.

978 1326 1009 1353 Ν.
1031 1327 1057 1353 8.
1081 1326 1222 1361 Nunquam
1250 1325 1318 1353 Deus

942 1363 996 1390 sine
1012 1362 1095 1389 Verbo
1108 1362 1166 1397 fuit.

978 1397 1044 1425 Ibid.
1070 1397 1123 1424 Par
1132 1405 1208 1432 quem
1222 1398 1318 1431 factum

943 1438 979 1460 est
986 1433 1074 1461 caelum
1081 1438 1102 1459 ct
1110 1438 1188 1464 terra,
1195 1433 1319 1468 nonquod

943 1469 1081 1504 prtetert't'l,
1096 1473 1149 1499 etc,
1165 1468 1284 1496 Pessime
1293 1473 1319 1496 et

943 1509 1036 1532 comm
1049 1505 1260 1538 grammaticam.

980 1540 1047 1567 I'bid.
1056 1539 1183 1567 Divinitas
1194 1541 1317 1575 ejus,qua

943 1576 1025 1608 imus,
1043 1576 1190 1611 humanitas
1200 1577 1256 1611 ejus
1268 1583 1319 1610 qua

943 1612 1019 1638 imus.
1038 1611 1100 1638 Haec
1111 1611 1211 1646 absque
1224 1618 1315 1638 sensu.

981 1647 1014 1674 N.
1027 1646 1070 1674 I0.
1085 1646 1179 1674 Omnia
1193 1654 1250 1679 qute
1259 1647 1318 1680 fecit

944 1691 995 1710 non
1008 1682 1096 1709 habuit
1110 1683 1178 1709 unde
1196 1682 1298 1716 faceret.

979 1718 1012 1745 Ν.
1030 1718 1074 1745 II.
1101 1717 1168 1745 Ecce
1189 1718 1256 1743 unde
1270 1717 1319 1751 ﬁlii

944 1754 1000 1790 ejus
1006 1762 1016 1790 ς
1025 1753 1094 1790 quia
1105 1753 1178 1790 talia,
1187 1757 1245 1790 etc.

974 1789 1042 1816 Ibid.
1059 1788 1108 1815 Ille
1124 1788 1252 1815 homicida
1265 1792 1318 1814 erat

943 1824 975 1850 ab
989 1824 1073 1851 initio.
1098 1823 1166 1850 Ecce
1186 1823 1255 1858 quod
1270 1827 1317 1855 est,

943 1864 996 1887 etc.

978 1928 1046 1957 Ibid.
1064 1929 1133 1965 Ergo
1144 1929 1189 1956 ille
1203 1933 1261 1965 erat
1273 1928 1320 1965 ho-

943 1966 1038 1993 micida
1064 1963 1205 1992 ab_initio.
1230 1963 1321 1991 Videte

944 2009 1038 2036 genus,
1050 2005 1103 2028 etc.

955 2096 959 2100 .
979 2072 1046 2100 Ibid.
1068 2070 1205 2099 Homicida
1224 2070 1318 2097 dicitur

944 2108 1062 2135 diabolus
1070 2115 1121 2134 non
1127 2107 1216 2142 gladio
1230 2114 1318 2133 anna-

944 2149 1000 2176 tus,
1022 2152 1073 2170 non
1086 2144 1155 2178 ferro
1167 2142 1297 2176 accinctus
1308 2150 1318 2174 ,-

943 2180 977 2206 ad
992 2177 1120 2206 hominem
1129 2177 1204 2209 venit,
1218 2182 1270 2204 etc.

980 2215 1012 2242 N.
1052 2214 1095 2241 15.
1128 2213 1200 2244 Ille;
1238 2212 1322 2247 quis?

944 2250 1085 2283 Diabolus;
1114 2248 1252 2280 homicida,
1268 2252 1320 2274 etc.

1660 166 1731 197 mo

1356 224 1450 253 Teneat
1469 232 1554 253 arcem
1573 225 1601 253 in
1619 228 1730 260 tempore

1354 261 1469 288 interior.

1390 297 1457 324 Cod.
1485 305 1575 324 xxxvx.
1602 297 1731 332 Per/icere

1355 337 1440 360 autem
1451 340 1502 360 non
1513 333 1613 360 invenio
1626 354 1633 367 ,
1651 334 1691 361 sic
1702 337 1730 361 et

1354 374 1440 395 CXLII.

1388 404 1453 431 Cod.
1469 404 1610 432 cxxxvm.’
1618 404 1683 431 Noli
1706 409 1729 431 ts

1353 440 1449 476 donare
1462 441 1683 476 concupiscentiis.

1389 474 1456 503 Cod.
1491 474 1572 502 xxxi/1
1609 480 1636 503 et
1671 475 1727 502 alii.

1356 510 1465 544 Quando
1489 511 1568 538 nulla:
1589 511 1729 539 inimicitia:

1354 551 1435 578 erant,
1452 547 1565 581 quando,
1585 552 1637 575 etc.

1389 582 1436 609 Iid.
1453 582 1578 615 Absorpla
1598 587 1635 609 est
1657 590 1727 609 mors

1352 617 1380 644 in
1395 618 1511 646 victoria.
1525 618 1573 645 Ubi
1587 623 1635 651 est,
1647 625 1726 651 mors,

1352 653 1458 680 uictoria
1473 654 1535 680 tua?

1389 688 1437 715 Iid.
1446 688 1514 730 'Jam
1524 688 1653 730 vivemus,
1674 689 1728 723 iam

1352 732 1404 751 non
1433 731 1594 756 morientur;
1618 732 1728 751 vivemus

1352 760 1378 787 in
1386 759 1432 786 illo
1442 760 1485 795 qui
1494 780 1501 791 ,
1514 764 1565 787 etc.
1701 761 1706 770 '

1387 795 1454 822 Cod.
1479 802 1610 822 cxxxvm.
1633 795 1730 822 Stabu-

1352 830 1416 858 lario
1448 831 1643 857 commendavit.
1680 830 1728 858 Cui

1352 866 1534 893 commendavit
1543 887 1551 899 ,
1566 866 1707 893 stabulario
1716 865 1729 892 .’

1388 901 1454 929 Cod.
1473 909 1515 929 cn.
1544 902 1664 934 Qum-itis
1689 908 1728 929 me

1353 937 1476 965 occidere.
1501 937 1617 973 Agnosco
1643 937 1727 963 carnis

1354 973 1491 1007 originem.

1390 1008 1427 1036 Id.
1444 1007 1569 1035 Dominus
1580 1012 1665 1036 autem
1681 1017 1727 1042 pa-

1354 1048 1417 1071 trem
1436 1051 1512 1071 suum
1528 1043 1611 1071 Deum
1621 1045 1673 1071 uult
1691 1044 1731 1070 in-

1353 1079 1445 1111 telligi.

1388 1114 1428 1142 Id.
1460 1114 1522 1146 Quis
1552 1119 1613 1141 esset
1639 1123 1729 1142 eorum

1355 1155 1428 1186 pater
1441 1154 1501 1186 tunc
1512 1150 1693 1186 intelligemus.

1389 1185 1427 1212 Id.
1445 1185 1585 1219 Antequam
1596 1185 1730 1213 Abraham

1354 1220 1425 1255 ﬁeret
1436 1241 1443 1252 ,
1460 1229 1505 1254 ego
1518 1229 1585 1248 sum.

1389 1255 1428 1284 Id.
1442 1255 1499 1283 Nos
1507 1257 1574 1283 enim
1583 1257 1610 1283 in
1616 1257 1715 1291 parenti
1721 1272 1730 1279 -

1354 1291 1399 1318 bus
1418 1292 1522 1323 nostris,
1534 1296 1587 1320 etc.

1390 1326 1429 1354 Id.
1445 1326 1583 1361 Nunquam
1596 1326 1665 1354 Deus
1674 1328 1734 1360 sine,

1357 1362 1440 1389 Verbo
1453 1371 1498 1390 suo

1392 1398 1430 1425 Id.
1459 1397 1518 1434 Per
1536 1399 1604 1432 quod
1631 1400 1729 1434 factum

1355 1438 1390 1461 est
1416 1433 1508 1461 caelum
1525 1438 1549 1460 et
1574 1433 1652 1467 terra,
1678 1443 1729 1462 non

1355 1469 1422 1504 quod
1433 1470 1570 1504 praeteriit,
1586 1474 1639 1498 etc.

1514 1363 1572 1398 fuit.

1391 1540 1429 1568 Id.
1456 1540 1583 1568 Divinitas
1598 1541 1653 1575 ejus
1681 1550 1731 1575 qua

1355 1584 1496 1609 manemus,
1515 1576 1660 1603 humanitas
1676 1578 1731 1610 eius

1355 1620 1405 1646 qua
1425 1612 1500 1638 imus.

1371 1657 1375 1662 ι
1391 1647 1428 1674 Id.
1450 1646 1482 1673 Et
1501 1647 1586 1674 omnia
1598 1655 1655 1682 qurc
1672 1648 1731 1682 fecit

1356 1691 1407 1709 non
1419 1682 1506 1709 habuit
1520 1683 1588 1709 unde
1608 1683 1710 1716 faceret.

1393 1718 1429 1745 Id.
1448 1717 1512 1745 Ecce
1520 1718 1588 1745 unde
1597 1718 1654 1751 ﬁlii.
1669 1718 1733 1746 Filii

1355 1754 1411 1789 ejus
1421 1754 1481 1788 quia
1497 1754 1569 1785 talia,
1587 1758 1640 1781 etc.

1387 1788 1424 1815 Id.
1451 1787 1502 1815 Ille
1523 1789 1650 1815 homicida
1678 1794 1732 1816 erat

1356 1823 1388 1850 ab
1411 1824 1495 1850 initio.
1524 1823 1558 1850 Et
1586 1823 1653 1851 unde
1675 1829 1731 1851 erat

1356 1855 1486 1886 homicida
1506 1859 1537 1885 ab
1554 1859 1645 1886 initio?
1664 1859 1732 1886 Ecce

1355 1895 1424 1926 quod
1435 1899 1481 1926 est.
1499 1899 1550 1922 etc.

1393 1929 1433 1956 Id.
1449 1929 1519 1965 Ergo
1528 1930 1573 1957 ille
1582 1935 1635 1957 erat
1648 1930 1731 1957 Itami-

1357 1964 1415 1991 cida
1429 1965 1461 1992 ab
1487 1964 1570 1998 initio,
1589 1967 1649 2001 quia
1677 1966 1729 1999 pri-

1357 2008 1427 2027 mum
1464 2000 1591 2028 hominem
1627 2001 1730 2029 occidit.

1363 2034 1450 2063 Videte
1460 2044 1550 2070 genus.
1563 2041 1616 2064 etc.

1391 2071 1430 2098 Id.
1465 2071 1604 2099 Homicida
1637 2072 1754 2099 dicitur'

1355 2106 1483 2141 diabolus,
1492 2115 1543 2133 non
1549 2106 1635 2142 gladio
1646 2117 1733 2135 arma-

1355 2146 1406 2178 tus,
1427 2150 1477 2169 non
1500 2144 1569 2178 ferro
1592 2144 1732 2176 accinctus,

1355 2177 1390 2203 ad
1405 2177 1530 2205 hominem
1544 2179 1626 2211 venit,
1641 2183 1694 2206 etc.

1394 2212 1431 2249 Id.
1445 2213 1505 2246 Ille,
1525 2214 1626 2249 inquit,
1640 2214 1732 2241 diabo-

1359 2247 1399 2274 lus
1410 2248 1538 2275 homicida
1548 2247 1564 2281 ,'
1571 2253 1624 2276 etc.

1225 2334 1379 2356 'I'IIA'I'ACTUS
1390 2335 1449 2355 XLV.

979 2376 1087 2412 Legitur
1102 2383 1117 2402 τι
1132 2383 1159 2402 ιι.
1173 2374 1191 2401 2
1204 2381 1300 2402 versus
1315 2373 1431 2402 medium
1452 2381 1537 2410 usque
1555 2375 1588 2403 ad
1604 2383 1631 2403 ιι.
1645 2376 1661 2403 8
1674 2383 1735 2404 ver-

944 2431 990 2452 sus
1002 2424 1092 2456 linem,
1101 2423 1127 2450 in
1141 2422 1210 2450 Bibl.
1222 2420 1343 2456 Mugell.,

982 2481 1053 2510 Edit.
1065 2480 1134 2508 NII.
1152 2480 1244 2507 Dicant
1260 2486 1319 2513 ergo

945 2518 1047 2555 Pagani
1061 2526 1071 2545 .'
1086 2516 1154 2544 Bene
1168 2516 1283 2543 vivimus.

980 2589 1046 2618 Ibid.
1069 2588 1137 2623 Quid
1161 2588 1197 2615 eis
1218 2587 1320 2623 prodest

946 2627 1015 2654 unde
1033 2624 1198 2659 gloriantur?

983 2658 1049 2689 Ibid.
1062 2661 1107 2688 Vel
1124 2668 1169 2693 per
1183 2658 1322 2686 ctecitatem

949 2698 1082 2729 nesciunt,
1121 2696 1159 2723 vel
1189 2694 1323 2727 inﬂatione

950 2737 1110 2761 contemnunt
1115 2752 1121 2758 .

987 2769 1053 2796 Ibid.
1066 2767 1125 2794 Nisi
1142 2770 1265 2802 agnoscat
1284 2765 1323 2791 vi-

952 2809 1014 2836 tam,
1023 2804 1091 2839 quod
1097 2808 1131 2830 est
1143 2802 1268 2839 Christus.

987 2839 1017 2866 N.
1029 2838 1032 2839 ⁷
1050 2841 1077 2868 5.
1100 2838 1324 2867 .Ratiocinationes

951 2875 1109 2903 acutissimas
1136 2874 1322 2901 concludentes.

1358 2420 1422 2448 cod.
1438 2429 1493 2456 XVI,
1509 2422 1557 2450 fol.
1568 2422 1602 2449 58
1617 2423 1641 2451 ι.

1397 2479 1462 2507 Cod.
1480 2479 1575 2516 Dicant
1598 2488 1658 2516 ergo
1681 2481 1733 2508 Pa-

1356 2515 1430 2554 gani,
1441 2515 1581 2549 velJudtei,
1590 2515 1633 2543 uel
1643 2516 1734 2544 Hiere-

1357 2554 1411 2581 tici.
1426 2550 1495 2578 Bene
1510 2552 1625 2579 vivimus.

1367 2562 1411 2585 ια,
1426 2560 1495 2578 uene
1510 2560 1625 2579 vivimus.

1392 2588 1430 2617 Id.
1459 2587 1528 2619 Quid
1553 2588 1589 2615 eis
1614 2588 1736 2622 prodest?

1358 2624 1426 2652 unde
1439 2622 1583 2656 gloriantur
1595 2624 1607 2651 7

1395 2660 1433 2687 Id.
1458 2657 1504 2685 Vel
1526 2666 1571 2693 per
1592 2659 1735 2686 caecitatem

1360 2695 1485 2727 nesciunt,
1502 2694 1542 2721 vel
1563 2703 1607 2728 per
1620 2695 1737 2730 inﬂatio-

1360 2740 1417 2759 nem
1428 2735 1608 2758 contemnunt.

1396 2767 1436 2794 Id.
1445 2765 1469 2793 Ν
1472 2765 1504 2801 isi
1509 2771 1631 2801 agnoscat
1648 2768 1736 2798 vitam,

1360 2811 1418 2839 qua:
1436 2806 1472 2839 est
1484 2799 1613 2839 Christus.

1397 2838 1436 2870 Id.
1448 2837 1640 2865 liatiooinantes
1647 2858 1656 2871 ,
1673 2846 1733 2864 acu-

1362 2875 1472 2902 tissimas
1490 2871 1653 2908 syllogismos
1676 2880 1739 2902 con.

1363 2909 1506 2938 eludentes.
