4012 6338
256 366 391 424 1215

1464 356 1849 421 LECTIONES
1888 358 2300 418 VARIANTES.

3365 366 3505 426 1214

250 486 443 554 gratias
479 484 567 554 qui
614 497 807 553 semper
860 479 1063 536 odorem
1101 455 1208 536 sum
1257 480 1452 536 notitiae
1490 493 1579 549 per
1630 492 1722 529 nos
1769 475 1823 528 in
1846 474 1899 534 Δ
1929 472 1996 527 ad
2015 473 2289 530 dexteram
2320 476 2492 531 Patris
2520 488 2794 548 postquam
2826 478 3066 534 ascendit
3108 480 3163 536 in
3195 481 3413 549 cmlum,
3447 491 3502 542 et

251 579 385 631 omni
414 578 526 631 loco
554 575 876 646 manifestat;
910 574 1031 643 quia
1071 572 1260 628 Christi
1285 572 1444 626 bonus
1484 570 1612 623 odor
1650 580 1823 625 sumus

250 670 361 725 Deo
385 667 471 742 (Il
494 668 613 724 Cor.
645 683 703 733 ιι,
737 667 827 734 14,
857 667 967 738 15).
988 666 1081 722 Est
1109 665 1250 720 enim
1268 670 1594 733 unguentum
1620 659 1827 715 suavis-

250 762 382 818 sima
406 760 572 833 gratia
604 762 773 815 sancti
802 759 1030 829 Spiritus
1058 758 1294 812 suaviter
1324 757 1571 812 redoleas
1595 797 1611 822 ,
1654 754 1823 811 effusa

250 855 301 911 in
329 854 579 909 cordibus
601 853 859 908 ﬁdelium.
881 851 1041 907 Libra
1071 860 1247 907 autem
1276 851 1537 921 unguenti
1559 865 1623 904 ex
1658 847 1824 904 nardo

248 946 460 1017 pistico,
484 945 688 1016 justitia
716 953 799 1000 est
826 959 891 999 ex
931 944 1035 1000 ﬁde
1060 956 1213 1013 pura.
1258 942 1417 998 Pistis
1461 941 1604 997 enim
1626 954 1820 1011 graece,

249 1039 406 1094 Fides
433 1038 628 1093 dicitur
648 1037 829 1103 latine,
858 1043 913 1091 et
938 1035 1135 1091 nardus
1158 1036 1407 1090 redolens
1432 1033 1822 1089 confessionem

248 1130 370 1185 ﬁdei
399 1130 635 1185 suaviter
677 1129 1006 1185 redolentem
1037 1128 1320 1199 significat.
1357 1126 1690 1182 Alabastrum
1720 1140 1823 1180 un¢
1854 1158 1855 1161 η

247 1223 450 1292 guenti,
485 1238 681 1292 corpus
712 1231 796 1278 est
827 1224 998 1278 fidelis
1025 1224 1254 1288 animae;
1288 1222 1517 1277 fractum
1558 1234 1689 1277 vero
1716 1220 1828 1273 ala-

248 1317 510 1384 bastrum,
569 1318 781 1372 carnale
830 1324 914 1371 est
939 1306 1264 1373 desiderium
1294 1317 1434 1384 quod
1473 1316 1730 1386 frangitur
1758 1304 1823 1368 ad

246 1416 424 1475 caput,
466 1423 531 1462 ex
547 1422 647 1476 quo
672 1422 816 1462 omne
841 1424 1023 1479 corpus
1047 1407 1287 1463 Ecclesia
1321 1408 1731 1478 compaginatum
1754 1411 1827 1458 est

248 1498 464 1571 (Ep/res.
494 1516 568 1567 ιν,
603 1500 715 1572 16).
755 1504 889 1557 Cum
918 1517 1047 1572 ergo
1094 1500 1333 1557 Ecclesia
1366 1500 1651 1570 potentiam
1689 1498 1825 1553 divi-

245 1594 429 1649 nitatis
455 1592 651 1650 Christi
681 1595 959 1664 praedicat,
987 1594 1521 1664 caputreeumbentis
1552 1597 1827 1662 unguento

246 1684 519 1755 perfundit
565 1685 720 1755 (Cod.
766 1686 904 1740 male
954 1684 1243 1755 profundit)
1291 1684 1544 1754 pretioso.
1599 1682 1826 1740 Recum-

245 1776 419 1832 bentis
443 1776 593 1841 dicit,
625 1776 676 1831 id
709 1784 792 1831 est
823 1776 1153 1832 bumiliantis
1200 1790 1259 1831 se
1306 1785 1365 1831 ut
1406 1791 1527 1831 eum
1584 1784 1826 1846 tangeret

1926 567 2217 622 secundum
2252 584 2445 638 corpus
2465 584 2573 627 non
2602 579 2686 626 est
2714 570 2800 626 hic
2824 572 2958 641 (hac
2981 589 3082 628 non
3102 582 3238 628 recte
3257 575 3397 631 dicta
3425 580 3504 632 vi-

1926 659 2153 730 dentur),
2181 661 2273 731 qui
2304 664 2587 731 prmsentia
2618 665 2913 734 majestatis
2940 679 3153 735 semper
3179 679 3262 722 est
3294 669 3398 723 hic.
3444 672 3500 728 Si

1926 758 2104 805 nmen
2143 752 2211 807 ad
2239 752 2411 808 bonos
2434 754 2689 822 pertines,
2718 769 2936 829 semper
2956 756 3121 811 habes
3147 755 3417 814 Christum
3448 762 3503 818 in

1926 846 2173 913 ιιι-αδετιιί
2228 860 2323 915 per
2371 846 2547 913 ﬁdem,
2607 863 2704 915 per
2741 848 2976 916 signum,
3025 864 3122 918 per
3170 850 3504 919 baptismatis

1928 944 2348 1003 sacramentum,
2401 952 2494 1006 per
2541 939 2727 993 altaris
2776 941 2953 995 cibum
3000 949 3057 995 et
3091 949 3294 1009 potum.
3352 943 3504 1001 Undo

1926 1026 2055 1082 alibi
2083 1027 2211 1083 dicit
2237 1028 2313 1084 eis
2341 1046 2355 1082 :
2391 1027 2523 1084 Ecce
2557 1047 2648 1101 ego
2670 1032 2926 1087 vobiscum
2952 1050 3064 1087 sum
3104 1051 3264 1103 usque
3285 1036 3354 1089 ad
3381 1053 3504 1090 con-

1926 1121 2314 1176 summationem
2354 1124 2533 1178 steculi
2582 1123 2808 1193 (Matth.
2852 1142 3051 1195 xxvm,
3101 1129 3222 1199 20).
3295 1128 3505 1185 Mittens

1926 1214 2062 1271 enim
2090 1214 2202 1270 htec
2229 1217 2412 1269 mulier
2454 1227 2765 1287 unguentum
2789 1216 2884 1273 hoc
2912 1219 2965 1272 in
2994 1235 3177 1287 corpus
3220 1237 3405 1288 meum,
3437 1222 3506 1277 ad

1924 1309 2275 1376 sepeliendum
2304 1328 2383 1365 me
2405 1312 2522 1381 fecit
2552 1309 2663 1380 (Id.
2701 1326 2843 1376 xxvr,
2880 1312 2988 1381 12).
3022 1312 3137 1368 Non
3167 1325 3251 1369 est
3277 1314 3505 1383 perditio

1926 1402 2205 1469 unguenti,
2248 1402 2341 1457 sed
2382 1403 2613 1459 ofﬁcium
2657 1405 2966 1470 sepulturae.
2990 1405 3255 1461 Patientia
3295 1407 3506 1463 Domini

1928 1508 2035 1551 non
2083 1495 2258 1564 arguit
2306 1496 2494 1553 ludam
2526 1499 2761 1554 avaritia!
2790 1508 2845 1554 et
2890 1514 2997 1555 non
3026 1515 3317 1570 pauperum
3347 1516 3505 1557 causa

1928 1586 2129 1645 dixisse
2158 1589 2297 1656 quod
2328 1589 2484 1657 dixit,
2535 1590 2970 1661 sedeobsequium
3024 1591 3204 1649 Mariae
3234 1607 3511 1649 commen-

1929 1678 2040 1735 dat.
2070 1679 2220 1746 Quod
2250 1682 2483 1738 Joannes
2511 1684 2586 1739 ait
2610 1699 2623 1739 :
2654 1683 2782 1740 Siue
2806 1683 2950 1740 illam
2968 1695 3022 1739 ut
3041 1686 3096 1740 in
3118 1684 3204 1739 die
3232 1687 3509 1755 sepultura

1928 1785 2050 1827 metu
2076 1782 2234 1827 servet
2281 1772 2412 1827 illud
2444 1772 2622 1844 (Joan.
2656 1791 2752 1843 xu,
2784 1774 2861 1845 7),
2909 1776 3014 1832 tale
3041 1786 3125 1833 est
3152 1792 3214 1834 ac
3239 1780 3285 1833 si
3310 1779 3456 1835 dicat
3487 1798 3503 1836 :

245 1868 378 1924 ﬁdes
431 1868 703 1925 Ecclesire.
745 1870 801 1925 ln
854 1870 1132 1940 majestate
1182 1871 1324 1925 enim
1373 1886 1468 1926 sua
1516 1885 1623 1925 non
1672 1862 2059 1927 intel-BSine
2091 1866 2233 1921 illam
2259 1866 2432 1925 facere
2452 1868 2592 1938 quod
2614 1868 2758 1933 facit,
2794 1878 2851 1925 ut
2869 1871 3131 1926 custodiat
3160 1871 3288 1927 illud
3311 1872 3507 1929 factum

245 1958 431 2027 lectus,
460 1974 557 2030 per
583 1961 803 2017 formam
828 1964 969 2018 servi
992 1962 1217 2017 visibilis
1237 1969 1320 2017 est
1347 1961 1539 2019 iactus.
1562 1962 1665 2028 Qui
1698 1976 1827 2032 ergo

243 2060 573 2122 assumptam
601 2052 1006 2120 humanitatem,
1054 2055 1197 2109 sacri
1220 2054 1418 2123 eloquii
1451 2054 1535 2124 pia
1567 2054 1826 2123 praedica-

243 2141 393 2198 tione
411 2151 718 2210 veneratur,
757 2145 809 2199 in
835 2144 999 2214 pedes
1027 2144 1239 2201 Domini
1264 2146 1432 2201 fundit
1454 2151 1780 2216 unguentum
1805 2162 1823 2203 ε

242 2235 463 2304 capillos
506 2236 678 2306 (Cod.
720 2236 858 2291 male
904 2239 1091 2305 capitis
1140 2238 1300 2308 vero)
1350 2252 1477 2293 vero
1534 2239 1688 2308 tingit
1735 2238 1825 2307 qui

242 2328 545 2385 rationabili
599 2331 885 2387 verborum
930 2331 1318 2400 compositione
1367 2331 1436 2386 ab
1462 2331 1827 2386 lncarnatione

244 2418 405 2475 Verbi
438 2436 627 2477 omnes
653 2422 887 2479 haereses
910 2424 1089 2493 procul
1123 2424 1290 2493 pellit.
1352 2424 1504 2478 Sicut
1551 2426 1690 2478 etaim
1732 2440 1825 2478 na-

242 2517 364 2565 tura
392 2510 633 2581 corporis
658 2513 726 2567 ad
757 2522 1002 2569 ornatum
1057 2515 1141 2569 sui
1192 2526 1433 2584 congruo
1458 2514 1826 2571 moderamine

239 2602 463 2671 capillos
489 2602 723 2673 profert;
755 2606 832 2659 sic
853 2613 906 2658 et
937 2604 1074 2658 ratio
1104 2611 1496 2673 enmpetentem
1537 2604 1822 2659 verborum

238 2693 486 2750 ordinem
538 2695 704 2750 dictat
751 2695 802 2748 in
832 2710 1004 2763 ,sunm
1041 2695 1314 2750 decorem.
1367 2693 1566 2749 Domus
1608 2693 1837 2763 impleta”

245 2793 331 2842 est
357 2800 423 2841 ex
453 2788 639 2856 odore,
668 2788 722 2844 id
755 2797 837 2843 est
864 2788 1093 2842 mundus
1111 2803 1178 2843 ex
1208 2788 1345 2843 bona
1376 2785 1536 2841 fama.

310 2875 397 2932 ΙΙΙ.
443 2876 581 2933 Dicit
605 2894 729 2949 ergo
765 2896 896 2933 unus
920 2896 984 2933 ea;
1009 2880 1277 2947 discipulis
1303 2883 1437 2952 ejus,
1476 2878 1644 2936 ludas
1674 2877 1824 2935 Isca¢

236 2967 415 3035 rietes,
446 2970 534 3038 qui
554 2976 666 3024 erat
687 2986 803 3024 eum
828 2971 1112 3025 traditurus
1134 2986 1154 3025 :
1186 2972 1359 3036 Quare
1384 2972 1481 3026 hoc
1509 2982 1825 3043 unguentum

238 3078 341 3116 non
390 3063 543 3117 veniit
589 3064 827 3121 trecentis
879 3065 1129 3130 denariis,
1179 3074 1227 3119 et
1276 3058 1451 3120 datum
1495 3073 1569 3120 est
1608 3067 1825 3136 egenis?

237 3150 387 3208 Dixit
406 3161 578 3208 autem
608 3154 722 3219 hoc,
746 3171 849 3209 non
873 3155 993 3225 quia
1017 3156 1080 3209 de
1092 3157 1262 3227 egenis
1289 3156 1566 3225 pertinebat
1589 3158 1659 3210 ad
1680 3174 1818 3225 eum,

1929 1956 1984 2013 in
2006 1959 2167 2015 corde
2195 1974 2296 2015 suo
2325 1975 2491 2029 usque
2525 1964 2575 2017 in
2607 1962 2747 2019 diem
2778 1964 3069 2033 sepultura:
3098 1979 3265 2031 mea,
3296 1975 3351 2020 et
3378 1972 3505 2021 tunc

1927 2048 2083 2115 sciet,
2114 2052 2236 2121 quia
2290 2054 2428 2108 istud
2476 2054 2786 2125 obsequium
2840 2065 2923 2112 est
2951 2057 3243 2127 praeventio
3271 2060 3510 2129 corporis

1928 2146 2032 2197 mei
2083 2145 2398 2213 sepeliendi.
2450 2147 2598 2202 Unde
2647 2150 2936 2205 secundum
2985 2150 3219 2207 Marcum
3268 2153 3508 2211 dicitur:

1930 2232 2079 2299 Quod
2104 2235 2301 2303 habuit,
2336 2237 2389 2292 id
2420 2245 2502 2292 est
2528 2241 2728 2307 potuit;
2776 2241 2868 2295 hoc
2914 2232 3333 2310 fecit.Prtevenit
3377 2245 3513 2299 enim

1928 2344 2114 2398 ungere
2161 2344 2349 2398 corpus
2394 2346 2559 2384 meum
2594 2333 2649 2384 in
2682 2332 2953 2399 sepultura
2998 2333 3193 2402 (Marc.
3253 2349 3380 2401 xlv,
3429 2335 3508 2405 8),

1926 2420 2324 2490 subaudi(Cod.
2351 2422 2490 2475 male
2509 2421 2771 2488 subaudis,
2809 2432 2861 2477 et
2882 2424 2961 2478 sic
2990 2424 3151 2497 infra)
3175 2426 3507 2494 ponendum;

1928 2525 1990 2565 ac
2020 2512 2100 2564 sic
2126 2510 2270 2565 dicat
2306 2528 2318 2563 :
2348 2509 2478 2565 Sine
2503 2510 2647 2566 illam
2678 2513 2838 2568 modo
2858 2515 2923 2567 ad
2946 2515 3275 2583 sepulturam
3304 2530 3513 2586 pra'pa-

1926 2614 2046 2656 rare
2076 2614 2181 2664 me,
2234 2614 2386 2656 more
2421 2600 2747 2667 indecorum,
2783 2603 2910 2658 dum
2940 2615 3151 2673 potest;
3199 2608 3340 2677 quod
3387 2617 3512 2665 tunc

1928 2690 2069 2745 volet
2091 2689 2286 2754 facere,
2319 2699 2494 2748 etnon
2508 2695 2703 2761 poterit
2728 2712 2740 2747 :
2768 2694 2927 2749 Amen
2946 2696 3061 2749 dico
3088 2698 3247 2767 vobis,
3278 2700 3509 2754 ubicum-

1926 2797 2024 2848 que
2049 2784 2385 2853 pradicatunt
2412 2786 2566 2850 fuerit
2593 2787 2688 2839 hoc
2714 2775 3051 2857 Euangelium
3080 2788 3135 2843 in
3156 2799 3260 2844 toto
3292 2794 3509 2860 mundo,

1926 2874 2126 2931 dicetur
2154 2884 2203 2931 et
2243 2876 2381 2940 quod
2421 2877 2528 2931 hac
2554 2877 2672 2946 fecit
2709 2879 2766 2934 in
2794 2881 3090 2935 memoriam
3127 2883 3238 2952 ejus
3277 2882 3387 2952 (Id.
3415 2884 3509 2955 9);

1931 2968 2161 3024 subaudi
2188 2978 2243 3025 et
2270 2970 2412 3040 quod
2433 2970 2596 3026 ludas
2626 2983 2807 3028 contra
2843 2974 3047 3030 locutus
3080 2984 3183 3043 est,
3220 2976 3427 3033 dicetur
3451 2981 3506 3034 in

1927 3062 2309 3119 contumeliam
2336 3062 2476 3132 ejus.
2519 3063 2645 3119 Haec
2673 3065 2816 3120 enim
2841 3066 3177 3123 laudabiliter
3208 3071 3510 3139 expendit,

1930 3155 2071 3224 quod
2103 3155 2204 3209 sibi
2238 3171 2332 3223 pro
2371 3156 2539 3212 odore
2563 3171 2676 3213 sum
2705 3160 2883 3214 carnis
2926 3161 3150 3230 turpiter
3195 3162 3513 3219 adhibuerat

239 3245 330 3300 sed
352 3244 474 3313 quia
503 3249 591 3314 {ur
614 3256 722 3300 erat
743 3254 787 3300 et
819 3247 1013 3302 loculos
1039 3247 1249 3313 habens,
1276 3263 1338 3302 ea
1366 3265 1479 3317 qua:
1501 3250 1824 3304 mittebantur
1850 3233 1897 3298 C
1931 3245 2089 3316 (Cod.
2122 3248 2262 3303 male
2301 3251 2529 3319 tur-pitur
2576 3250 2916 3323 adhibuerit),
2968 3254 3171 3310 illicitis
3199 3256 3406 3313 actibus
3432 3257 3515 3312 in-

239 3340 476 3410 portabat
512 3337 716 3410 (Joan.,
764 3356 858 3406 xn,
917 3341 1061 3411 4-6).
1099 3340 1213 3398 Sub
1256 3350 1518 3413 praetextu
1559 3343 1819 3409 avaritiae,

241 3433 557 3503 mysterium
584 3434 813 3502 loquitur
836 3434 977 3489 ﬁdei.
1011 3435 1218 3490 Etenim
1266 3445 1448 3491 nostra
1499 3436 1628 3494 ﬁdes
1653 3438 1824 3492 sensi-

238 3525 342 3581 bus
369 3516 559 3583 decem
588 3543 683 3598 per
711 3543 905 3597 corpus
937 3539 995 3584 et
1031 3530 1262 3585 animam
1304 3539 1357 3585 et
1378 3530 1625 3600 spiritum
1649 3532 1825 3600 tripli-

238 3619 397 3687 catis,
420 3619 569 3688 quasi
592 3619 848 3674 trecentis
870 3620 1062 3674 emitur
1080 3620 1335 3675 denariis.
1367 3622 1480 3675 Hoc
1508 3623 1653 3676 enim
1683 3623 1825 3677 desi-

236 3719 435 3781 gnatur
483 3711 535 3765 in
566 3711 751 3766 decem
794 3712 1093 3781 triplicatis,
1139 3713 1281 3782 quod
1312 3715 1365 3766 in
1396 3715 1671 3770 trecentis.
1718 3715 1826 3771 Nos

241 3817 372 3873 ergo
430 3804 573 3859 sicut
623 3804 840 3860 Gedeon
890 3814 1137 3874 tanquam
1195 3815 1550 3862 trecentorum
1590 3809 1823 3864 virorum

238 3910 524 3953 numerum
554 3903 912 3964 assumentes,
956 3896 1364 3967 Allophylorum
1393 3910 1590 3966 castra,
1620 3914 1824 3970 paupe-

238 4001 332 4045 res
363 3988 580 4058 spiritu,
622 3986 805 4044 fractis
835 3989 1137 4060 lagunculis
1161 3992 1380 4059 nostris,
1424 4007 1545 4047 cum
1604 3994 1743 4050 tubis
1772 4002 1828 4050 et

240 4082 475 4141 lucernis
504 4082 860 4149 destrnamus,
880 4092 935 4140 et
954 4084 1092 4138 sicut
1116 4083 1386 4140 Abraham
1417 4100 1536 4141 cum
1565 4087 1827 4143 trecentis

242 4174 377 4231 viris
405 4174 576 4244 spolia
607 4174 671 4228 ad
713 4189 998 4245 vesperum
1027 4176 1348 4232 dividamus.
1380 4176 1482 4234 Ubi
1512 4178 1707 4234 dicitur
1733 4179 1828 4235 Ju-

239 4267 342 4322 das
365 4266 447 4322 fur
475 4266 659 4332 fuisse,
707 4267 1056 4323 admonemus
1108 4267 1252 4324 fures
1276 4276 1331 4325 et
1357 4270 1649 4341 sacrilegos
1697 4272 1824 4327 tole«

242 4374 387 4419 rare.
418 4359 594 4427 Quare
616 4359 800 4415 habuit
822 4360 1078 4414 Dominus
1104 4359 1327 4425 loculos,
1356 4361 1459 4415 nisi
1482 4363 1605 4432 quia
1638 4362 1826 4418 Eccle-

242 4455 327 4511 sia
348 4453 553 4509 loculos
578 4454 822 4509 habitura
852 4454 1009 4509 erat?
1038 4454 1213 4522 Quare
1249 4455 1425 4511 furem
1457 4457 1696 4523 admisit,
1725 4459 1827 4514 nisi

243 4555 309 4603 ut
341 4547 579 4602 Ecclesia
609 4545 755 4601 fures
783 4547 1067 4602 toleraret?
1099 4548 1384 4605 Peeulatus
1406 4549 1602 4604 dicitur
1630 4549 1827 4605 furtum

1932 3347 2100 3405 tenta,
2141 3339 2449 3409 priusquam
2500 3341 2728 3399 Domino
2765 3342 3040 3399 familiaris
3087 3346 3257 3401 fieret.
3314 3345 3383 3402 In
3412 3356 3516 3403 toto

1928 3434 2143 3500 mundo,
2176 3448 2281 3489 non
2311 3442 2417 3489 tam
2441 3435 2633 3491 mulier
2653 3437 2752 3492 ista
2776 3476 2791 3499 ,
2848 3452 3005 3507 quam
3059 3437 3296 3494 Ecclesia
3322 3440 3517 3511 praedi-

1929 3533 2099 3580 catur.
2161 3524 2392 3579 Attende
2443 3526 2685 3581 notitiam
2720 3525 3057 3593 futurorum.
3087 3529 3228 3597 quod
3260 3544 3512 3599 passurus

1930 3615 2190 3671 Dominus
2240 3622 2359 3684 post
2389 3629 2591 3685 paucos
2616 3617 2754 3683 dies,
2782 3617 2915 3672 sciat
2962 3616 3306 3689 Evangelium
3358 3635 3511 3677 suum

1931 3712 2046 3763 toto
2076 3705 2209 3763 orbe
2235 3705 2637 3762 celebrandum.
2665 3708 2968 3763 Notandum
2994 3709 3118 3777 quia
3153 3721 3403 3780 quantam
3434 3712 3514 3767 fa-

1930 3811 2072 3855 tuam
2118 3798 2284 3855 Maria
2340 3799 2533 3869 adepta
2575 3809 2679 3868 est,
2710 3810 2909 3857 tantam
2942 3803 3214 3859 infamiam
3232 3803 3410 3859 Judas
3434 3813 3518 3861 est

1928 3893 2159 3965 adeptus
2192 3913 2207 3950 :
2254 3895 2348 3949 sed
2394 3895 2650 3951 Dominus
2683 3896 2877 3952 bonam
2908 3898 3063 3954 laude
3086 3899 3303 3971 dignam
3333 3915 3515 3956 remu-

1930 4000 2151 4052 nerans,
2198 3987 2401 4043 futuras
2431 3987 2580 4057 impii
2613 3991 2968 4046 contumelias
2995 3992 3219 4047 tacendo
3242 3993 3514 4061 praeteriit.

2001 4078 2089 4134 IV.
2135 4078 2203 4133 Et
2229 4096 2345 4134 sunt
2372 4088 2499 4136 esset
2536 4080 2801 4137 Bethanite
2832 4081 2986 4137 Iesus
3032 4086 3085 4137 in
3113 4084 3263 4139 domo
3290 4085 3518 4140 Simonis

1930 4170 2119 4240 leprosi
2154 4170 2347 4241 (Marc.
2379 4186 2485 4237 xlv,
2509 4173 2590 4242 ὅ),
2641 4175 2873 4243 cognovit
2930 4176 3080 4229 turba
3121 4179 3287 4233 multa
3330 4193 3394 4232 ea:
3417 4176 3516 4232 Ju-

1898 4264 2059 4323 deeis
2104 4265 2226 4333 quia
2267 4265 2376 4319 illic
2424 4258 2516 4331 est,
2561 4276 2610 4320 et
2655 4276 2897 4322 venerunt
2943 4282 3047 4322 non
3094 4280 3300 4341 propter
3344 4270 3521 4325 Iesum

1933 4366 2161 4426 tantum,
2202 4359 2292 4419 sed
2328 4366 2386 4412 ut
2415 4358 2671 4414 Lazarum
2704 4360 2963 4427 uiderent,
3001 4377 3149 4432 quem
3193 4365 3452 4419 suscitavit
3490 4380 3522 4420 a

1931 4452 2146 4505 mortuis
2176 4448 2356 4521 (Joan.
2383 4466 2480 4520 xu,
2513 4451 2599 4523 9).
2647 4451 2938 4508 Curiositas
2986 4469 3080 4509 eos
3122 4456 3363 4524 adduxit,
3411 4472 3518 4512 non

1933 4544 2190 4598 cbaritas.
2255 4543 2442 4598 Simon
2466 4543 2733 4612 quondam
2771 4545 2944 4599 fuerat
2973 4546 3238 4614 leprosos,
3273 4548 3366 4601 sed
3396 4555 3523 4604 tunc

244 4641 316 4696 de
345 4642 632 4710 republica,
680 4640 782 4707 Qui
807 4640 1007 4710 aliquid
1038 4640 1105 4694 de
1150 4640 1391 4696 Ecclesia
1424 4644 1633 4695 [υταιυι-
1678 4641 1830 4698 ,ιιιάω
1861 4624 1909 4684 D
1934 4644 2052 4690 erat
2071 4634 2320 4699 mundus,
2344 4635 2466 4703 quia
2495 4648 2526 4689 a
2556 4634 2781 4689 Domino
2800 4642 3040 4701 sanatus,
3068 4645 3318 4691 manente
3344 4637 3519 4694 adhuc

246 4734 505 4803 proditori
531 4743 889 4803 comparatur,
915 4733 985 4787 de
1012 4748 1118 4802 quo
1143 4733 1259 4787 solo
1285 4748 1379 4801 per
1411 4735 1825 4805 synecdochem,

244 4825 354 4881 sub
379 4826 571 4895 plurali
611 4840 859 4891 numero,
886 4824 1085 4879 dictum
1124 4824 1390 4891 credunt,
1439 4826 1580 4895 quod
1624 4826 1830 4883 Marcus

246 4915 368 4969 ait:
410 4910 714 4969 Fremebant
734 4916 789 4969 in
816 4932 946 4970 eam.
980 4913 1146 4969 Erant
1174 4922 1344 4969 autem
1380 4917 1595 4987 quidam
1619 4918 1829 4990 indigne

250 5008 467 5078 ferentes
492 5008 630 5061 intra
667 5010 963 5077 semetipsos
1001 5017 1047 5062 et
1068 5008 1292 5063 dicentes
1321 5024 1341 5062 :
1366 5008 1435 5065 Ut
1462 5011 1588 5080 quid
1614 5010 1831 5081 perditio

247 5101 364 5156 hac
387 5101 628 5170 unguenti
650 5102 786 5171 facta
818 5113 892 5159 est
926 5101 1118 5172 (Mare.
1148 5118 1256 5167 xlv,
1280 5101 1336 5168 4,
1362 5101 1454 5172 5)7
1488 5102 1585 5157 Alii
1618 5112 1831 5172 propter

247 5204 521 5263 pauperes
569 5189 825 5259 indignati
857 5201 999 5261 sunt,
1058 5192 1199 5263 quod
1229 5192 1449 5248 forsitan
1477 5193 1657 5250 verbis
1682 5193 1832 5249 Judae

250 5296 572 5359 persuasum
616 5291 699 5337 est
742 5283 866 5348 eis;
924 5283 1091 5339 ludas
1147 5299 1276 5339 vero
1336 5293 1555 5354 propter
1601 5284 1829 5339 lucrum.

240 5378 438 5433 Sciens
463 5385 633 5429 autem
658 5373 829 5443 Jesus,
862 5376 936 5429 ait
980 5376 1085 5435 illis
1124 5390 1143 5431 :
1174 5376 1309 5443 Quid
1338 5376 1537 5432 molesti
1558 5377 1681 5430 estis
1722 5392 1835 5429 ntu-

254 5470 411 5525 lieri?
444 5469 590 5538 Opus
635 5468 821 5521 bonum
870 5478 1081 5537 operata
1123 5479 1197 5524 est
1241 5471 1296 5523 in
1333 5486 1443 5534 me;
1482 5487 1601 5523 nam
1640 5485 1837 5539 sernper

256 5577 512 5634 pauperes
542 5562 733 5616 habetis
763 5562 1043 5631 vobiscum,
1095 5572 1142 5615 et
1186 5578 1304 5616 cum
1347 5563 1607 5617 nolueritis
1632 5564 1838 5632 potestis

256 5654 369 5709 illis
423 5654 757 5724 benefacere;
823 5668 903 5707 me
956 5663 1128 5707 autem
1184 5670 1286 5707 non
1339 5669 1534 5723 seraper
1596 5654 1840 5708 habebitis

258 5744 484 5819 (Matth.
514 5761 661 5813 xxvr,
708 5747 795 5813 ιο,
827 5747 915 5815 11,
947 5756 994 5802 et
1020 5745 1188 5802 lare.
1221 5761 1329 5813 xtv,
1371 5749 1425 5817 ϐ,
1456 5749 1555 5818 7.).
1603 5748 1760 5805 Bonis
1787 5756 1843 5803 et

266 5839 429 5894 malis
459 5840 690 5910 loquitur
709 5840 777 5895 de
803 5842 1088 5910 praesentia
1112 5842 1355 5912 corporis
1380 5841 1483 5896 sui.
1508 5842 1672 5898 Sedet
1696 5843 1841 5899 enim

1934 4729 1983 4781 ei
2043 4727 2263 4795 pristino
2324 4729 2563 4791 nomine,
2618 4726 2757 4781 sicut
2826 4727 3109 4781 Mattheus
3161 4728 3320 4784 etiam
3382 4744 3523 4786 nunc

1934 4820 2231 4888 appellatur
2255 4816 2578 4873 Publicanus
2596 4860 2611 4884 ,
2636 4818 2759 4873 licet
2787 4817 3010 4873 desierit
3036 4832 3155 4874 esse
3185 4820 3514 4888 publicanus.

1935 4916 2161 4985 Quidam
2204 4930 2300 4985 per
2337 4913 2613 4969 Simonem
2662 4913 2956 4984 intelligunt
3008 4914 3194 4973 ﬁdeles
3230 4931 3259 4970 a
3297 4916 3523 4971 Domino

1937 5008 2223 5062 mundatos
2270 5021 2302 5060 a
2346 5005 2599 5075 peccatis.
2655 5005 3040 5074 interpretatur
3087 5007 3229 5061 enim
3267 5007 3524 5063 obediens

1937 5102 2021 5156 vel
2073 5099 2321 5155 mundus.
2383 5098 2486 5154 Per
2524 5104 2801 5167 peccatum
2858 5108 3034 5152 autem
3084 5100 3243 5167 primi
3293 5100 3526 5156 hominis

1941 5196 2078 5252 facta
2109 5194 2204 5250 fuit
2237 5203 2377 5248 terra
2404 5192 2596 5247 domus
2647 5191 2881 5247 SimOnis
2910 5191 3131 5261 leprosi.
3164 5191 3526 5261 Cogitaverunt

1943 5295 2111 5341 autem
2139 5285 2393 5354 principes
2416 5282 2757 5345 sacerdotum,
2789 5289 2843 5334 ut
2872 5279 3127 5335 Lazarum
3159 5282 3522 5350 interﬁcerent,

1944 5381 2066 5450 quia
2092 5378 2470 5446 multipropter
2502 5376 2648 5428 illum
2678 5373 2884 5427 abibant
2910 5388 2976 5429 ea:
3002 5374 3225 5441 Iudicis,
3262 5383 3310 5429 et
3354 5376 3530 5429 crede-

1948 5475 2137 5531 bantin
2160 5472 2341 5525 Jesum
2368 5469 2546 5541 (Joan.
2574 5484 2666 5531 xu,
2692 5468 2776 5532 l0,
2803 5467 2915 5537 ii).
2939 5468 2982 5522 0
3003 5469 3161 5553 stulta
3179 5467 3452 5537 cogitatio,
3475 5478 3531 5523 et

1946 5579 2087 5622 caeca
2101 5562 2323 5618 srevitia!
2344 5561 2442 5629 Qui
2457 5559 2770 5631 (mortuum)
2788 5558 3045 5613 suscitare
3064 5560 3232 5628 potuit
3245 5558 3526 5623 Lazarum,

1947 5672 2053 5713 non
2086 5662 2267 5727 posset
2288 5654 2545 5708 suscitare
2564 5650 2835 5707 occisum?
2857 5651 3081 5720 Quando
3105 5651 3314 5706 Lazaro
3335 5639 3536 5709 inferc-

1948 5750 2086 5807 hstis
2126 5760 2310 5803 necem
2335 5790 2351 5814 ,
2377 5743 2630 5813 numquid
2663 5742 2987 5800 auferebatis
3026 5743 3251 5798 Domino
3296 5751 3536 5811 petesta-

1950 5842 2094 5899 tem?
2119 5840 2223 5897 Sed
2248 5838 2394 5894 aliud
2424 5836 2575 5917 vobis
2598 5836 2809 5894 videtur
2838 5845 3099 5902 mortuus,
3124 5835 3264 5890 aliud
3293 5834 3535 5895 occisus.
