4012 6338
545 405 684 463 1213

1455 395 1810 456 VARIORUM
1850 393 2352 451 OPUSCULORUM
2392 394 2447 449 S.
2493 392 2856 452 AUGUSTINI

3665 393 3800 450 1216

541 525 678 582 Ecce
702 528 981 592 utrumque
1007 518 1264 576 Daminus
1292 517 1435 585 iecit,
1461 525 1514 572 et
1534 516 1791 571 Lazarum
1819 523 2108 577 mortuum,
2140 511 2194 570 Α
2217 511 2364 579 cipes
2393 509 2696 565 Judteorum
2744 494 2885 564 eum.
2914 522 3018 562 non
3056 506 3452 577 intelligebant,
3484 508 3536 562 in
3565 521 3670 572 quo
3697 507 3804 562 im-

542 626 598 671 et
626 629 684 670 se
713 612 992 668 suscitavit
1015 612 1276 667 occisum.

547 757 552 764 .
614 709 674 763 V.
719 706 783 761 In
825 708 1103 761 crastinum
1156 714 1325 759 autem
1365 705 1510 758 turba
1545 703 1727 768 multa,
1759 718 1872 772 qua:
1912 708 2118 755 venerat

539 801 606 854 ad
632 799 764 852 diem
795 799 998 866 festum,
1039 813 1156 850 cum
1183 796 1442 850 audissent
1487 795 1606 865 quia
1635 795 1766 848 venit
1793 791 1947 846 Iesus
1970 790 2118 844 Jero-

537 897 808 966 solymam,
839 901 1141 962 acceperunt
1165 907 1333 945 ramos
1359 891 1667 959 palmarum,
1694 897 1741 942 et
1769 893 2119 957 processerunt

537 989 734 1043 obviam
767 989 833 1050 ei,
864 996 909 1041 et
933 986 1220 1040 clamabant
1250 1001 1267 1037 :
1302 983 1579 1038 Ilosanna!
1612 982 1895 1035 benedictus
1925 981 2011 1046 qui
2038 995 2119 1032 ve-

536 1084 610 1136 nit
655 1083 708 1135 in
739 1081 941 1134 nomine
971 1079 1176 1132 Domini
1212 1077 1323 1132 Rea;
1360 1075 1525 1130 lsrael
1556 1074 1730 1143 (Joan.
1770 1089 1864 1138 xu,
1893 1072 1976 1137 12,
2006 1071 2112 1142 15).

540 1175 691 1230 Bami
723 1175 1017 1245 palmarum
1051 1173 1234 1228 laudes
1272 1180 1395 1226 sunt
1423 1170 1786 1240 signiﬁcantes
1817 1166 2116 1230 victoriam,

540 1286 646 1341 qua
689 1279 805 1325 erat
847 1270 1104 1324 Dominus
1153 1277 1376 1323 mortem
1426 1266 1703 1320 moriendo
1749 1272 2114 1332 superaturus,

543 1370 598 1417 et
629 1361 865 1429 trophaeo
891 1361 1081 1415 Crucis
1107 1359 1173 1414 de
1201 1359 1414 1414 diabolo
1443 1358 1634 1411 mortis
1665 1355 1904 1424 principe
1935 1355 2121 1409 trium-

541 1455 820 1523 phaturus.
854 1455 969 1508 Vox
993 1463 1171 1509 autem
1204 1452 1534 1507 obsecrantis
1563 1458 1645 1503 est
1671 1449 1952 1512 liosanna;
1984 1447 2122 1501 sicut

540 1548 783 1602 nonnulli
831 1547 1015 1602 dicunt
1063 1549 1152 1617 qui
1199 1547 1466 1601 hebraeam
1535 1543 1768 1614 linguam
1835 1548 2116 1604 noverunt,

540 1643 708 1712 magis
749 1641 994 1696 affectum
1039 1640 1279 1696 indicans
1308 1655 1466 1710 quam
1501 1654 1612 1694 rem
1656 1639 1886 1706 aliquam
1920 1635 2121 1706 signiﬁ-

537 1749 700 1800 cans;
743 1737 879 1790 sicut
906 1744 1030 1790 sunt
1064 1735 1115 1789 in
1140 1737 1315 1804 lingua
1347 1735 1509 1789 latina
1541 1749 1672 1803 quas
1720 1732 2119 1803 interjectiones

533 1835 744 1892 vocant,
774 1827 914 1881 velut
959 1842 1080 1881 cum
1129 1826 1374 1881 dolentes
1402 1825 1663 1892 dicimus,
1698 1825 1838 1880 heul
1887 1824 1971 1878 vel
1998 1839 2117 1879 cum

2221 602 2502 671 plebantur
2523 616 2641 671 qua:
2671 602 2938 671 legebant.
2987 601 3189 656 Invenit
3228 617 3347 671 ergo
3375 601 3531 655 Jesus
3562 603 3802 670 asellum,

2219 705 2266 749 et
2311 696 2441 749 sedit
2487 711 2638 766 super
2682 711 2819 759 eum,
2850 694 2979 748 sicut
3007 695 3254 762 scriptum
3279 703 3395 748 est:
3437 691 3566 748 Noli
3605 694 3801 759 timere,

2220 787 2332 856 [ilia
2362 786 2528 850 Sion;
2570 802 2681 841 ecce
2718 803 2809 840 rea:
2853 795 2968 838 tuus
2996 787 3150 850 venit,
3180 787 3363 839 sedens
3418 802 3572 855 super
3603 784 3810 855 pullum

2220 878 2380 932 asina:
2409 875 2571 946 (Ibid.
2603 876 2712 946 15).
2763 877 2818 931 ln
2851 877 2943 930 illo
2984 891 3112 945 ergo
3135 877 3332 947 populo
3359 887 3477 932 erat
3503 876 3609 930 ﬁlia
3637 876 3806 931 Sion:

2223 969 2361 1037 (ipsa
2390 977 2474 1024 est
2496 967 2816 1033 Jerusalem,
2844 984 2962 1037 quae
2991 968 3142 1040 Sion)
3169 987 3184 1034 ;
3213 969 3265 1024 in
3295 968 3409 1034 illo,
3441 970 3684 1038 inquam,
3715 981 3806 1036 po-

2221 1059 2345 1128 pulo
2371 1059 2602 1129 reprobo
2643 1069 2696 1113 et
2740 1073 2885 1114 caeco
2913 1069 3032 1114 erat
3077 1069 3252 1114 tamen
3285 1059 3392 1113 ﬁlia
3425 1057 3578 1122 Sion,
3609 1060 3696 1111 cui
3727 1059 3805 1111 di-

2222 1162 2464 1209 ceretur:
2484 1154 2613 1208 Noli
2638 1154 2836 1209 timere.
2857 1154 2988 1209 Ecce
3016 1171 3109 1209 rea:
3133 1165 3247 1210 tuus
3273 1157 3407 1209 venit
3429 1172 3581 1223 super
3609 1155 3807 1224 pullum

2219 1248 2400 1300 asinzr.
2426 1246 2550 1302 Haec
2596 1247 2701 1302 lilia
2723 1247 2850 1302 Sion
2893 1249 2976 1302 cui
3007 1247 3262 1302 divinitus
3303 1248 3402 1302 ista
3433 1247 3708 1310 dicuntur,
3757 1247 3811 1299 in

2223 1339 2326 1395 illis
2368 1350 2483 1394 erat
2529 1340 2718 1396 ovibus
2747 1357 2867 1410 qua:
2896 1356 3080 1397 vocem
3130 1341 3359 1410 pastoris
3403 1339 3729 1404 audiebant;
3761 1339 3811 1392 in

2222 1431 2309 1486 illa
2341 1441 2455 1485 erat
2493 1433 2830 1488 multitudine
2873 1449 2990 1503 quae
3021 1433 3302 1488 Dominum
3334 1433 3639 1487 venientem
3667 1443 3812 1486 tanta

2222 1523 2506 1579 devotione
2533 1525 2804 1591 laudabat,
2841 1535 2989 1580 tanto
3018 1525 3232 1596 agmine
3274 1526 3570 1581 deducebat
3601 1542 3616 1587 ;
3648 1527 3698 1578 ei
3732 1524 3812 1576 di-

2221 1626 2364 1673 ctum
2393 1628 2476 1674 est
2504 1636 2518 1673 :
2553 1619 2680 1674 Noli
2716 1621 2912 1686 timere,
2944 1621 3092 1674 illum
3123 1637 3338 1691 agnosce
3361 1621 3448 1690 qui
3493 1637 3526 1672 a
3555 1629 3603 1674 te
3631 1620 3812 1671 lauda-

2224 1721 2342 1779 tur;
2383 1721 2428 1768 et
2453 1713 2562 1768 noli
2603 1715 2856 1783 trepidare
2896 1730 3010 1767 cum
3056 1714 3274 1784 patitur,
3321 1713 3441 1781 quia
3483 1712 3572 1765 ille
3599 1711 3811 1780 sanguis

2224 1805 2460 1875 funditur
2482 1823 2571 1875 per
2594 1822 2740 1876 quem
2773 1817 2920 1861 tuum
2945 1806 3188 1859 delictum
3219 1806 3464 1869 deleatur,
3492 1813 3542 1858 et
3568 1805 3674 1856 vita
3699 1804 3804 1857 red-

534 1917 883 1984 delectamur,
925 1917 1150 1973 dicimus
1190 1919 1292 1972 vah
1334 1921 1347 1972 ι
1386 1917 1470 1973 vel
1516 1933 1635 1972 cum
1684 1919 1940 1971 miramur
1987 1917 2116 1971 dici-

2224 1900 2395 1954 datur.
2423 1900 2524 1954 Sed
2556 1899 2754 1968 pullum
2789 1899 2952 1953 asinae
2995 1898 3046 1952 in
3074 1913 3179 1968 quo
3207 1911 3365 1953 nemo
3409 1895 3630 1952 sederat
3689 1897 3810 1962 (hoc

536 2025 674 2074 mus,
708 2011 752 2064 0
783 2026 892 2065 rem
923 2013 1204 2081 magnam!
1249 2012 1398 2067 Tunc
1428 2013 1569 2068 enim
1600 2012 1644 2066 0
1675 2011 1804 2065 nihil
1834 2011 2114 2080 signiﬁcat,

535 2103 636 2158 nisi
679 2103 921 2158 mirantis
978 2104 1258 2169 allectum;
1303 2105 1443 2174 quod
1502 2104 1622 2158 ideo
1669 2102 1990 2157 credendum
2038 2110 2120 2156 est

532 2192 604 2249 ita
635 2207 786 2257 esse,
816 2191 939 2262 quia
973 2207 1146 2262 neque
1177 2208 1407 2262 graecus,
1455 2208 1627 2262 neque
1655 2192 1869 2258 latinus,
1902 2193 2002 2246 hoc
2032 2192 2118 2245 in-

537 2283 820 2352 terpretari
869 2283 1060 2352 potuit,
1095 2284 1232 2337 sicut
1284 2284 1432 2347 illud,
1479 2284 1565 2352 qui
1607 2285 1794 2336 dixerit
1832 2284 1982 2354 fratri
2028 2299 2119 2336 suo

536 2372 679 2428 Raca
701 2371 916 2442 (Matth.
944 2388 999 2438 v,
1025 2372 1134 2442 12).
1158 2372 1286 2427 Nam
1311 2382 1366 2429 et
1389 2375 1500 2429 haec
1532 2374 1830 2444 interiectio
1857 2388 1975 2427 esse
2002 2389 2120 2442 per-

535 2462 792 2532 hibetur,
873 2464 1121 2518 allectum
1197 2465 1522 2534 indignantis
1589 2466 1900 2520 ostendens.
1956 2465 2120 2520 Bene-

536 2554 696 2608 dictus
744 2567 916 2609 autem
943 2557 1032 2626 qui
1057 2557 1188 2610 venit
1232 2560 1283 2610 in
1323 2556 1769 2623 nomineDomini,
1803 2574 1894 2611 rea:
1931 2555 2118 2612 Israel.

533 2645 623 2706 Sic
651 2651 824 2720 potius
853 2649 1220 2719 accipiendum
1250 2659 1354 2715 est,
1389 2659 1440 2706 ut
1470 2651 1522 2704 in
1556 2651 1767 2705 nomine
1801 2650 2031 2717 Domini,
2067 2649 2119 2705 in

537 2744 752 2797 nomine
777 2742 870 2796 Dei
901 2742 1074 2796 Patris
1119 2741 1466 2813 intelligatur,
1493 2744 1737 2812 quamvis
1771 2743 1936 2812 possit
1961 2742 2118 2796 etiam

534 2837 587 2895 in
633 2838 847 2892 nomine
885 2852 1007 2901 suo,
1045 2837 1167 2905 quia
1211 2836 1322 2904 ipse
1351 2837 1606 2890 Dominus
1648 2845 1748 2890 est.
1798 2835 1950 2890 Unde
1991 2835 2120 2890 alibi

536 2931 792 2997 scriptum
821 2938 904 2982 est
933 2947 944 2982 :
976 2927 1122 2982 Pluit
1153 2928 1400 2982 Dominus
1450 2946 1480 2981 a
1510 2929 1764 2989 Domino;
1815 2927 1909 2982 sed
1959 2927 2120 2982 verba

535 3019 650 3088 ejus
690 3019 884 3074 melius
928 3029 1167 3072 nostrum
1215 3018 1451 3086 dirigunt
1493 3017 1846 3082 intellectum,
1881 3017 1968 3086 qui
2010 3015 2114 3069 ait:

536 3110 648 3182 Ego
689 3112 798 3164 veni
828 3112 880 3164 in
911 3113 1113 3164 nomine
1141 3109 1314 3163 Patris
1345 3113 1463 3176 mei,
1496 3121 1540 3163 et
1572 3127 1672 3164 non
1699 3111 1990 3177 suscepistis
2019 3125 2118 3164 mc.

533 3204 681 3256 Alius
710 3204 868 3256 veniet
908 3203 958 3254 in
987 3203 1191 3256 nomine
1219 3219 1344 3266 suo,
1373 3203 1508 3254 hunc
1535 3203 1821 3270 suscipietis
1851 3201 2028 3270 (Joan.
2065 3218 2117 3267 v,

531 3293 645 3361 ιδ).
680 3293 1002 3347 ilumilitatis
1048 3293 1191 3348 enim
1219 3294 1471 3362 magister
1519 3303 1601 3348 est
1628 3294 1872 3348 Christus
1899 3293 2114 3363 qui-ltu-
2143 3273 2188 3337 C

534 3389 749 3442 ntiliavit
776 3390 1100 3458 semetipsum
1133 3393 1300 3459 factus
1327 3391 1564 3444 obediens
1593 3407 1752 3460 usque
1777 3391 1846 3444 ad
1875 3401 2112 3459 mortem,

538 3486 750 3532 mortem
783 3487 953 3531 autem
979 3479 1141 3532 crucis
1173 3477 1393 3548 (Philip.
1421 3495 1480 3543 ιι,
1503 3479 1580 3548 8).
1613 3479 1728 3534 Non
1757 3481 1934 3550 itaque
1963 3484 2117 3535 amit-

534 3569 601 3623 tit
653 3567 1006 3634 divinitatem,
1038 3569 1251 3637 quando
1298 3583 1397 3623 nos
1433 3570 1592 3624 docet
1637 3570 2010 3625 humilitatem.
2059 3572 2116 3626 in

533 3659 628 3716 illa
655 3661 796 3715 Patri
823 3669 905 3716 est
934 3662 1176 3730 :equalis,
1209 3661 1260 3714 in
1294 3660 1394 3716 hac
1425 3661 1578 3716 nobis
1605 3662 1814 3717 similis.
1847 3662 1945 3718 Per
1974 3661 2118 3733 quod

535 3754 679 3809 Patri
726 3764 808 3809 est
857 3755 1116 3824 aequalis,
1186 3768 1284 3808 nos
1331 3764 1390 3809 ut
1447 3769 1687 3810 essemus
1742 3757 1972 3821 creavit;
2026 3771 2119 3826 per

535 3846 676 3917 quod
726 3846 879 3901 nobis
921 3856 1004 3901 est
1031 3847 1254 3914 similis,
1283 3861 1350 3902 ne
1394 3847 1692 3916 periremus
1733 3849 1978 3903 redemit.
2014 3849 2119 3904 Has

537 3939 587 3993 ei
619 3940 800 3993 laudes
830 3937 1038 3993 dicebat
1076 3939 1228 3994 turba
1259 3958 1270 3990 :
1306 3938 1580 4006 Hosauna,
1607 3940 1894 3996 benedictus
1919 3943 2004 4010 qui
2037 3958 2120 3996 ve-

535 4030 609 4086 nit
657 4031 710 4083 in
755 4030 957 4084 nomine
997 4029 1245 4095 Domini,
1297 4046 1387 4083 rea:
1440 4030 1628 4085 Israel.
1689 4032 1864 4101 Quam
1903 4047 2119 4088 crucem

536 4122 730 4176 mentis
808 4120 1103 4176 invidentia
1172 4121 1469 4190 principum
1537 4121 1846 4178 Judteorum
1918 4127 2120 4194 perpeti

537 4218 764 4278 poterat,
795 4210 1009 4278 quando
1038 4225 1234 4279 regem
1272 4227 1427 4266 suum
1454 4212 1724 4268 Christum
1775 4222 1920 4270 tanta
1982 4217 2122 4271 mul-

537 4303 706 4357 titudo
730 4301 1025 4356 clamabat!
1058 4302 1163 4358 Sed
1190 4303 1316 4369 quid
1349 4304 1445 4357 iuit
1468 4303 1696 4360 Domino
1736 4321 1914 4375 regem
1960 4307 2119 4363 lsrael

539 4392 691 4446 esse?
730 4392 854 4460 quid
902 4405 1151 4460 magnum
1200 4389 1302 4447 fuit
1344 4394 1455 4463 regi
1511 4395 1827 4450 saeculorum
1857 4437 1873 4462 ,
1935 4412 2118 4469 regem

539 4485 655 4542 ﬁeri
704 4483 1018 4539 hominum?
1063 4484 1180 4539 Non
1230 4487 1374 4540 enim
1425 4501 1516 4540 rex
1563 4487 1725 4542 lsrael
1767 4485 2008 4543 Christus
2054 4489 2119 4544 ad

537 4576 858 4647 exigendum
906 4575 1204 4642 tributum,
1251 4578 1334 4633 vel
1374 4577 1517 4634 ferro
1560 4581 1852 4634 exercitum
1905 4596 2119 4636 arman-

536 4645 694 4734 durti,
747 4667 1038 4736 hostesque
1090 4667 1372 4723 visibiliter
1430 4668 1811 4735 debellandos;
1863 4671 1958 4726 sed
2019 4645 2197 4727 rex”

539 4760 703 4816 lsrael
748 4759 890 4829 quod
919 4769 1127 4815 mentes
1176 4769 1346 4830 regat,
1398 4761 1541 4830 quod
1589 4762 1641 4815 in
1687 4772 1947 4818 teternum
1992 4778 2120 4819 con-

536 4851 697 4921 sulat,
731 4851 874 4921 quod
905 4851 968 4920 in
993 4866 1214 4920 regnum
1253 4852 1512 4907 cmlorum
1549 4853 1855 4920 credentes,
1895 4869 2120 4922 speran-

543 4954 644 5009 tes,
677 4953 1023 5012 amantesque
1054 4942 1335 5012 perducat.
1377 4943 1472 4998 Dei
1522 4959 1649 5014 ergo
1681 4945 1850 5000 Filius
1899 4948 2123 5017 aequalis

540 5037 706 5104 Patri,
741 5036 972 5091 Verbum
1002 5050 1100 5104 per
1125 5037 1267 5104 quod
1295 5039 1429 5092 facta
1459 5046 1585 5092 sunt
1613 5038 1814 5106 omnia,
1853 5040 1996 5109 quod
2024 5055 2120 5096 rex

541 5130 709 5184 voluit
753 5127 855 5182 dici
910 5125 1097 5198 [Deest
1122 5129 1224 5179 dici
1249 5127 1302 5182 in
1329 5125 1476 5198 cod.]
1525 5129 1708 5192 lsrael,
1755 5131 1990 5200 dignatio
2037 5140 2123 5186 est

543 5236 648 5276 non
680 5219 944 5289 promotio
975 5235 987 5270 :
1019 5217 1377 5274 miserationis
1401 5219 1659 5290 judicium
1691 5232 1795 5288 est,
1826 5237 1932 5276 non
1964 5231 2120 5292 pote-

540 5313 693 5366 statis
717 5320 1094 5382 augmentum;
1125 5312 1212 5380 qui
1255 5313 1398 5366 enim
1443 5313 1742 5382 appellatus
1771 5324 1852 5369 est
1891 5314 1943 5370 in
1974 5325 2116 5370 terra

541 5419 633 5459 rex
671 5404 1004 5470 Judazorum,
1031 5405 1084 5459 in
1127 5404 1277 5460 cmlis
1314 5414 1396 5460 est
1419 5406 1680 5462 Dominus
1713 5409 2045 5478 angelorum.

619 5496 704 5550 Vl.
749 5497 813 5550 Et
860 5499 1044 5551 invenit
1069 5497 1219 5552 Iesus
1250 5500 1493 5567 asellum,
1540 5509 1587 5553 et
1631 5502 1760 5554 sedit
1807 5519 1960 5570 super
2006 5519 2120 5557 eum

543 5589 720 5660 (Joan.
761 5605 856 5654 xu,
886 5591 997 5660 14).
1025 5592 1121 5646 Hic
1150 5592 1388 5647 breviter
1413 5593 1612 5648 dictum
1643 5604 1743 5648 est.
1766 5594 1897 5649 Nam
1928 5611 2118 5666 quem-

541 5680 830 5738 admodum
875 5682 943 5735 sit
991 5684 1182 5738 iactum
1241 5685 1379 5754 apud
1425 5687 1556 5740 alios
1587 5688 1947 5757 evangelistas
2003 5689 2118 5758 ple-

549 5777 767 5830 nissime
792 5775 1006 5845 legitur.
1050 5776 1343 5832 Adhibetur
1376 5793 1508 5834 vero
1537 5779 1659 5834 huic
1706 5780 1846 5834 facto
1888 5779 2115 5848 prophe-

544 5868 707 5924 ticum
739 5865 1096 5922 testimonium
1119 5913 1133 5936 ,
1169 5878 1224 5924 ut
1247 5882 1531 5939 appareret
1555 5873 1694 5942 quod
1727 5873 1940 5941 maligni
1973 5873 2120 5940 prin-

2221 1993 2362 2049 enim
2393 1993 2533 2060 apud
2559 1990 2692 2045 alios
2717 1990 3067 2060 evangelistas
3094 1987 3810 2058 invenerunt),intelligimus

2221 2085 2472 2156 populum
2504 2085 2762 2155 gentium,
2786 2086 2873 2154 qui
2902 2084 3071 2153 legem
3097 2082 3309 2138 Domini
3340 2096 3445 2136 non
3474 2091 3765 2150 acceperat
3794 2101 3809 2148 ;

2221 2179 2426 2233 asinam
2457 2193 2612 2242 vero,
2645 2179 2768 2247 quia
2801 2186 3088 2246 utrumque
3113 2177 3415 2246 iumentum
3451 2175 3691 2230 Domino
3719 2175 3812 2230 ad-

2221 2273 2438 2326 ductum
2487 2279 2591 2336 est,
2643 2270 2850 2339 plebem
2901 2270 3016 2337 ejus
3061 2284 3180 2338 quae
3224 2267 3472 2323 veniebat
3502 2282 3572 2322 ex
3613 2269 3811 2337 populo

2223 2362 2384 2418 lsrael
2431 2377 2534 2417 non
2581 2361 2891 2416 indomitam
2923 2360 3103 2430 plane,
3152 2361 3246 2414 sed
3277 2375 3395 2428 qua:
3425 2373 3678 2429 praesepe
3714 2359 3812 2413 Do-

2222 2456 2351 2510 mini
2398 2454 2632 2524 agnovit.
2682 2452 2811 2507 IItec
2852 2469 2955 2506 nou
3004 2461 3343 2524 cognoverunt
3392 2452 3639 2522 discipuli
3705 2455 3812 2521 ejus

2222 2549 2486 2619 primum,
2533 2547 2623 2600 sed
2676 2547 2884 2616 quando
2936 2547 3256 2617 gloriﬁcatus
3309 2555 3380 2599 est
3420 2545 3600 2611 Iesus,
3630 2545 3685 2598 id
3735 2554 3813 2600 est

2229 2640 2442 2710 quando
2484 2643 2736 2692 virtutem
2767 2652 2876 2691 sua:
2924 2637 3331 2692 resurrectionis
3379 2637 3619 2691 ostendit
3652 2679 3667 2702 ,
3697 2646 3814 2690 tunc

2220 2734 2474 2788 recordati
2501 2741 2617 2786 sunt
2645 2733 2763 2801 quia
2792 2733 2900 2785 [nec
2929 2742 3073 2786 erant
3099 2733 3292 2801 scripta
3317 2735 3376 2785 de
3406 2747 3462 2785 eo
3489 2731 3681 2802 (Joan.
3718 2748 3813 2801 xu,

2225 2825 2347 2894 l6);
2376 2824 2674 2880 recolentes
2701 2825 2897 2894 quippe
2926 2825 3216 2880 secundum
3251 2827 3639 2894 scripturarum
3677 2827 3815 2892 (elo-

2221 2920 2368 2991 quia)
2396 2935 2516 2991 quae
2544 2928 2668 2976 ante
2711 2922 3016 2991 passionem
3065 2923 3147 2976 vel
3195 2920 3250 2975 in
3300 2921 3512 2976 Domini
3559 2922 3814 2991 passione

2222 3014 2484 3083 completa
2512 3023 2655 3079 sunt,
2689 3013 2762 3068 ibi
2795 3025 2847 3069 et
2869 3016 2970 3068 hoc
3004 3017 3324 3070 invenerunt
3346 3016 3483 3085 quod
3507 3016 3814 3071 secundum

2221 3105 2436 3172 eloquia
2466 3108 2844 3178 prOphetarum
2876 3109 2926 3161 in
2953 3110 3098 3177 pullo
3126 3109 3289 3162 asinze
3315 3108 3536 3163 sederit.

2293 3198 2403 3254 VII.
2449 3199 2810 3254 Testimonium
2857 3216 2976 3270 ergo
3018 3201 3307 3270 perhibebat
3353 3201 3496 3254 turba
3541 3217 3661 3269 qua:
3711 3211 3816 3256 erat

2219 3307 2334 3345 cum
2368 3308 2455 3356 eo,
2486 3293 2692 3362 quando
2729 3291 2986 3345 Lazarum
3027 3294 3221 3346 vocavit
3263 3295 3327 3346 de
3363 3303 3735 3359 monumento,
3767 3303 3815 3349 et

2219 3384 2477 3438 suscitavit
2498 3401 2612 3438 eum
2651 3402 2681 3436 a
2709 3386 2944 3438 mortuis.
2973 3384 3254 3456 Pr0pterea
3291 3393 3339 3437 et
3368 3385 3572 3438 obviam
3601 3389 3738 3438 venit
3766 3389 3813 3441 ei

2218 3477 2387 3540 turba,
2413 3477 2532 3544 quia
2558 3477 2828 3529 audierunt
2859 3492 2970 3529 eum
2992 3477 3170 3545 fecisse
3195 3476 3290 3528 hoc
3317 3475 3811 3547 signum.Pliaristzi

2220 3585 2337 3639 ergo
2363 3570 2598 3623 dixerunt
2643 3573 2711 3622 ad
2737 3571 3030 3638 semetipsos
3059 3587 3075 3622 :
3116 3568 3313 3624 Videtis
3342 3572 3466 3640 quia
3492 3573 3626 3624 nihil
3657 3573 3810 3639 proﬁ-

2220 3661 2398 3724 cimus,
2432 3677 2542 3716 ecce
2572 3663 2787 3715 mundus
2811 3671 2944 3716 totus
2969 3671 3078 3731 post
3104 3679 3218 3715 eum
3245 3663 3366 3715 abiit
3389 3661 3560 3732 (Ibid.
3581 3665 3672 3732 17,
3703 3665 3805 3732 18).

2221 3751 2643 3821 PrOphetabant,
2676 3753 2770 3808 sed
2819 3754 3144 3809 nescientes.
3195 3755 3332 3820 Quid
3363 3758 3560 3811 mirum
3594 3759 3635 3810 si
3692 3768 3808 3824 post

2220 3859 2340 3900 eum
2387 3845 2533 3900 vadit
2577 3845 2852 3912 mundus,‘
2874 3863 2969 3917 per
3006 3862 3164 3918 quem
3194 3839 3363 3904 iactus
3408 3862 3492 3904 est
3538 3853 3808 3906 mundus?

2221 3935 2387 3990 Erant
2429 3945 2597 3990 autem
2638 3940 2850 4008 gentiles
2885 3941 3093 4008 quidam
3123 3958 3187 3996 ea:
3212 3942 3292 3995 his
3317 3944 3406 4011 qui
3445 3947 3807 4012 ascenderant,

2221 4039 2277 4082 ut
2304 4028 2578 4083 adorarent
2607 4031 2659 4083 in
2690 4031 2773 4084 die
2799 4033 2928 4100 festo
2951 4049 2969 4086 :
2998 4032 3052 4086 hi
3079 4049 3201 4105 ergo
3227 4047 3553 4089 accesserunt
3582 4039 3652 4090 ad
3684 4037 3810 4092 Plii-

2221 4123 2420 4193 lippum
2447 4125 2535 4193 qui
2563 4135 2715 4178 erata
2742 4123 3022 4180 Bethsaida
3053 4126 3300 4195 Galiltete,
3333 4139 3380 4182 et
3413 4132 3668 4199 rogabant
3697 4149 3806 4186 eum

2221 4217 2442 4270 dicentes
2471 4233 2490 4270 :
2519 4217 2752 4282 Domine,
2794 4219 3023 4273 volumus
3048 4219 3223 4274 Iesum
3267 4222 3460 4282 videre.
3500 4223 3648 4278 Venit
3683 4226 3807 4278 Plri-

2222 4309 2397 4377 lippus
2425 4319 2476 4363 et
2504 4311 2626 4363 dicit
2649 4311 2996 4366 Andrwa.....
3027 4314 3258 4368 Andreas
3285 4331 3490 4370 rursum
3527 4327 3578 4370 et
3607 4317 3809 4388 Philip—

2223 4421 2319 4473 pus
2349 4406 2588 4459 dixerunt
2609 4405 2756 4459 Jesu.
2804 4404 2957 4459 Jesus
2985 4415 3154 4480 autem
3188 4410 3450 4478 respondit
3490 4413 3566 4463 eis
3600 4413 3769 4466 dicens
3789 4427 3811 4468 :

2232 4492 2381 4548 Venit
2421 4496 2547 4548 liora
2586 4505 2641 4547 ut
2684 4495 2994 4563 clariﬁcetur
3029 4495 3193 4550 Filius
3235 4497 3460 4552 hominis
3490 4499 3682 4570 (Joan.
3715 4519 3812 4568 xu,

2221 4585 2457 4657 20,-2.3).
2498 4589 2620 4644 Ideo
2659 4589 2726 4642 ita
2757 4589 3032 4658 respondit
3077 4589 3352 4658 Dominus,
3400 4603 3462 4646 ut
3518 4593 3814 4651 insinuaret

2226 4680 2606 4749 plenitudinem
2653 4680 2974 4735 credituram
3007 4692 3130 4751 post
3172 4682 3474 4751 passionem
3520 4699 3711 4753 suam,
3750 4703 3812 4742 eo

2226 4774 2278 4829 in
2307 4773 2461 4828 caelis
2490 4773 2806 4842 gloriﬁcato.
2841 4774 3024 4842 Amen,
3059 4791 3208 4829 amen
3232 4776 3348 4829 dico
3375 4777 3537 4841 vobis,
3571 4780 3672 4832 nisi
3698 4797 3816 4850 gra-

2226 4883 2345 4920 num
2373 4866 2615 4933 frumenti
2646 4867 2832 4919 cadens
2861 4868 2916 4919 in
2945 4876 3133 4919 terram
3162 4879 3415 4921 mortuum
3443 4870 3622 4936 fuerit,
3648 4872 3814 4940 ipsum

2227 4959 2392 5014 solum
2417 4968 2621 5022 manet;
2663 4959 2708 5012 si
2751 4967 2920 5012 autem
2949 4970 3207 5013 mortuum
3239 4961 3414 5030 fuerit,
3448 4963 3668 5014 multum
3703 4968 3815 5032 fru-

2228 5059 2364 5103 ctum
2393 5051 2542 5118 a/fert
2573 5049 2735 5120 (Ibid.
2764 5049 2879 5118 25).
2928 5049 3002 5105 Se
3046 5052 3259 5106 dicebat
3303 5067 3525 5120 granum
3580 5055 3810 5110 mortiﬁ-

2227 5140 2454 5195 candum
2485 5140 2794 5196 inﬁdelitate
2835 5140 3169 5209 Judieorum,
3218 5141 3312 5197 sed
3343 5142 3805 5212 multiplicandnm

2230 5232 2335 5288 ﬁde
2365 5233 2700 5302 populorum.
2755 5234 2821 5287 Et
2857 5235 2982 5302 quia
3011 5249 3182 5303 grano
3224 5234 3474 5289 frumenti
3506 5215 3811 5304 specialiter

2227 5339 2288 5382 se
2314 5335 2610 5396 comparat,
2645 5340 2762 5381 mos
2786 5327 2948 5397 coepit
2987 5327 3244 5382 Ecclesiae
3271 5328 3339 5382 de
3371 5327 3474 5382 hoc
3499 5329 3620 5382 solo
3648 5344 3814 5397 grano

2223 5419 2415 5475 conﬁci
2445 5434 2640 5489 corpus
2671 5420 2900 5475 Domini.
2957 5421 3062 5488 Qui
3087 5429 3226 5473 amat
3255 5421 3483 5473 animam
3511 5437 3660 5474 suam
3699 5439 3815 5489 per-

2227 5515 2312 5567 det
2338 5530 2480 5579 eam,
2512 5524 2559 5566 et
2590 5514 2677 5583 qui
2706 5514 2814 5567 odit
2853 5515 3082 5567 animam
3124 5530 3268 5566 suam
3312 5515 3366 5567 in
3393 5515 3489 5567 hoc
3517 5516 3733 5578 mundo,
3763 5516 3814 5568 in

2228 5607 2382 5658 vitam
2409 5614 2647 5658 teternam
2674 5606 2889 5659 custodit
2918 5620 3030 5659 eam
3059 5603 3202 5670 (Ιώ,
3222 5605 3398 5673 ibist).
3430 5605 3689 5658 Hortatur
3717 5620 3815 5660 nos

2223 5696 2289 5750 ad
2315 5696 2563 5752 sectanda
2612 5696 2830 5765 vestigia
2875 5712 2984 5751 suae
3024 5695 3313 5766 passionis,
3347 5696 3499 5764 quasi
3525 5696 3669 5750 dicat
3701 5713 3719 5751 :
3754 5697 3817 5752 Si

2224 5787 2365 5856 cupis
2394 5788 2547 5840 vitam
2577 5795 2744 5840 tenere
2773 5787 2827 5840 in
2855 5786 3096 5851 Christo,
3130 5788 3238 5842 noli
3266 5797 3481 5842 mortem
3513 5789 3690 5840 timere
3723 5805 3815 5854 pro

2223 5877 2447 5944 Christo;
2474 5880 2576 5934 noli
2614 5895 2788 5934 amare
2827 5881 3048 5936 animant
3085 5883 3141 5936 in
3170 5881 3274 5951 hac,
3299 5884 3422 5948 vita,
3455 5898 3519 5936 ns
3545 5884 3735 5950 perdas
3763 5885 3816 5934 in
