4012 6338
226 337 350 401 ηδτ

1461 322 1843 388 LECTIONES
1886 323 2299 387 VARIAN'I‘ES.

3352 324 3486 389 1218

234 471 414 520 (eterna
445 453 570 507 vita.
599 450 731 507 Mira
767 447 1056 514 sententia,
1099 445 1548 518 quemadmodum
1589 447 1661 501 sit
1705 445 1802 500 ho-
1829 445 1882 506 Α
1905 459 1984 496 me
2013 457 2112 496 νοτ
2139 439 2248 494 hwc
2273 441 2445 508 venit,
2475 438 2563 494 sed
2595 448 2800 510 prapter
2822 455 2906 493 vos
2937 435 3074 510 [Νη
3098 436 3213 510 50].
3237 440 3488 502 Ostendit

240 551 388 610 minis
423 559 576 601 amor
602 544 656 598 in
684 542 918 596 animam
956 554 1137 605 suam,
1170 547 1228 593 ut
1255 547 1467 607 pereat;
1499 536 1702 602 odium,
1736 550 1804 592 ne

242 640 450 716 pereat!
510 637 568 695 Si
608 637 748 690 male
793 634 1083 701 amaveris,
1136 641 1260 687 tunc
1315 631 1507 696 odisti;
1558 630 1602 684 si
1666 630 1804 686 bene

240 734 430 799 oderis,
451 740 574 784 tunc
602 727 813 783 amasti.
834 727 1039 782 Felices
1068 725 1157 795 qui
1178 723 1404 780 oderunt
1430 721 1801 788 custodiendo,

237 843 299 883 ne
338 825 561 895 perdant
588 821 835 876 amando.
889 818 994 874 Sed
1023 816 1143 900 vide
1173 826 1321 882 ne,te
1351 815 1521 885 ipsutn
1563 813 1697 869 velis
1725 815 1806 868 in-

239 920 518 981 terimcre,
569 923 625 969 ut
669 913 881 984 quidam
929 909 1163 980 perverSi
1215 908 1352 962 male
1405 909 1543 962 hunc
1589 919 1802 960 versum

235 1009 604 1077 intelligentes.
657 1005 789 1059 Cum
837 1011 1014 1058 autem
1064 1015 1238 1056 causae
1281 999 1538 1054 articulus
1574 998 1802 1062 venerit,

235 1109 290 1156 ut
328 1105 652 1170 proponatur
701 1094 818 1161 tibi,
864 1104 955 1147 aut
995 1091 1296 1147 faciendum
1337 1103 1458 1145 esse
1497 1096 1681 1143 contra
1711 1088 1802 1141 Dei

1912 537 2050 591 hanc
2079 550 2264 590 vocem
2321 550 2427 589 non
2478 535 2578 589 sibi
2627 534 2891 590 indicasse
2936 534 3078 605 quod
3119 533 3353 605 sciebat,
3389 537 3488 597 sed

1909 627 1988 683 eis
2009 627 2203 697 quibus
2231 627 2453 681 indicari
2476 625 2776 696 oportebat.

1985 719 2074 774 IX.
2095 717 2252 772 Nunc
2278 717 2433 788 (Cod.
2456 719 2538 774 hic
2562 718 2834 774 homiliam
2857 719 3063 787 dividit,
3084 722 3180 777 sed
3208 724 3490 782 manifesta

1907 822 2129 868 estcum
2155 812 2491 881 praecedente
2518 812 2846 883 conjunctio)
2863 814 3125 884 judicium
3176 824 3249 872 est
3287 820 3494 888 mundi,

1908 923 2044 960 nunc
2071 907 2304 976 princeps
2342 906 2500 978 hujus
2541 909 2716 960 mundi
2744 909 2979 977 ejiciatur
3018 913 3159 979 foras
3195 909 3489 982 (Joan.xu,

1907 996 1970 1050 5i
2006 1003 2239 1067 elseqq.)
2269 1007 2322 1051 et
2361 997 2588 1066 reliqua.
2615 998 2878 1052 .ludicium
2911 998 2997 1054 hic
3041 1001 3168 1055 dicit
3210 1001 3494 1059 discretio-

1909 1103 2030 1143 nem
2062 1092 2479 1158 redemptorum,
2514 1105 2619 1145 non
2646 1091 3044 1148 damnationem
3076 1095 3290 1164 quando
3323 1097 3373 1150 in
3405 1098 3492 1153 die

231 1200 582 1264 praeceptum,
618 1197 710 1243 aut
759 1185 1094 1241 moriendum
1119 1227 1134 1253 ,
1188 1192 1311 1237 tunc
1359 1183 1531 1251 potius
1575 1181 1710 1250 elige
1752 1186 1806 1235 te
1903 1177 2089 1248 judicii
2120 1180 2392 1236 damnabit
2423 1182 2634 1250 impios.
2664 1182 2764 1236 Per
2789 1181 3082 1252 principem
3109 1187 3293 1240 mundi
3327 1202 3492 1256 expo-

230 1284 396 1350 mori,
441 1297 599 1353 quam
645 1279 856 1346 vivere,
903 1287 962 1333 ut
1004 1278 1059 1334 in
1091 1276 1192 1330 hoc
1221 1275 1419 1330 mundo
1456 1273 1652 1330 habeas
1682 1272 1807 1328 odio

227 1376 454 1432 animam
481 1382 656 1440 tuam,
694 1381 748 1427 et
787 1372 843 1426 in
873 1371 1033 1425 vitam
1066 1379 1321 1424 aiternam
1365 1382 1484 1422 eam
1515 1365 1802 1421 custodias.

227 1464 287 1521 Si
329 1463 441 1533 quis
488 1461 611 1515 mihi
657 1461 909 1514 ministrat
958 1475 1037 1513 me
1084 1467 1320 1529 sequatur
1348 1454 1523 1528 (Joan.
1566 1472 1661 1521 xu,
1688 1454 1802 1525 26);

225 1555 347 1612 hinc
380 1555 575 1611 Petrus
613 1554 685 1608 ait
716 1571 727 1606 :
763 1552 994 1607 Christus
1035 1569 1129 1622 pro
1162 1551 1304 1605 nobis
1319 1566 1497 1621 passus
1533 1558 1608 1602 est
1646 1549 1802 1602 relin-

221 1665 378 1718 quens
401 1649 548 1702 nobis
574 1649 858 1718 exemplum
883 1657 938 1700 ut
959 1662 1233 1717 sequamur
1263 1646 1473 1716 vestigia
1501 1646 1610 1715 ejus
1633 1643 1802 1712 (Petr.

221 1759 278 1809 ll,
321 1741 439 1810 21).
504 1738 572 1794 Et
614 1741 698 1793 ubi
743 1756 834 1810 ego
873 1756 984 1794 sum
1028 1740 1136 1792 illis
1173 1747 1218 1793 et
1265 1739 1490 1792 minister
1531 1755 1668 1792 meus
1713 1737 1806 1791 erit

1909 1272 1987 1325 nit
2017 1272 2084 1326 de
2132 1287 2239 1342 quo
2267 1272 2468 1340 judicio
2508 1271 2668 1327 dixit.
2695 1273 2772 1328 De
2798 1273 2956 1341 justis
2987 1277 3258 1332 veteribus
3290 1277 3494 1348 ejectus

1907 1361 2122 1430 quidem
2152 1361 2397 1416 diabolus
2418 1361 2611 1426 fuerat,
2631 1361 2726 1417 scd
2753 1363 2893 1431 quod
2922 1372 3048 1419 tunc
3077 1366 3128 1420 in
3158 1368 3497 1436 paucissimis

1909 1452 2100 1506 factum
2131 1450 2246 1517 fuit,
2279 1467 2421 1507 nunc
2448 1453 2502 1508 in
2532 1452 2891 1520 multitudine,
2927 1455 3338 1525 praedicantibus
3367 1473 3495 1529 apo-

1909 1544 2063 1600 stolis
2088 1545 2288 1600 fnctum
2319 1554 2421 1602 est.

1979 1637 2169 1692 Merito
2214 1637 2536 1694 illuminatio
2583 1638 2780 1696 Christi
2822 1641 3114 1712 principem
3150 1645 3494 1701 tenebrarum

1908 1728 1975 1784 de
2003 1729 2221 1785 homine
2249 1731 2478 1799 expulit,
2502 1731 2627 1800 quia
2651 1733 2855 1787 nullum
2875 1733 2962 1802 jus
2987 1735 3041 1789 in
3069 1750 3137 1791 eo
3163 1735 3370 1792 habuit.
3396 1738 3500 1794 Ne-

219 1835 395 1912 (Joan.
440 1852 534 1904 xu,
581 1835 698 1906 26).
743 1835 1024 1889 Praemium
1066 1834 1402 1890 ministrandi
1455 1834 1528 1888 illi
1573 1843 1657 1889 est
1686 1849 1804 1890 esse

1915 1836 2012 1891 que
2037 1823 2180 1877 enim
2203 1823 2324 1892 quia
2355 1837 2476 1878 eum
2507 1823 2692 1880 fraude
2723 1825 2956 1895 maligna
2984 1826 3302 1897 decipiendo
3333 1845 3363 1882 a
3395 1831 3500 1885 Do-

218 1943 336 1984 cum
369 1929 510 1997 ipso,
545 1928 660 1983 sine
686 1942 791 1996 quo
830 1942 1100 1996 nunquam
1140 1935 1223 1982 est
1272 1926 1427 1994 bene,
1459 1937 1512 1982 et
1552 1941 1673 1980 cum
1704 1941 1808 1997 quo

217 2037 491 2092 nunquam
535 2031 618 2078 est
659 2023 821 2078 male.
873 2022 1023 2078 Unde
1067 2022 1303 2091 apertius
1352 2020 1569 2076 subdit:
1603 2020 1664 2075 Si
1700 2021 1811 2089 quis

215 2115 338 2167 mihi
383 2116 773 2183 ministraverit,
823 2116 1178 2186 honoriﬁcabit
1205 2132 1318 2170 eum
1347 2115 1504 2170 Pater
1529 2131 1670 2169 meus
1696 2114 1807 2186 (Id.

214 2204 399 2275 ibid.).
461 2207 577 2273 Quo
626 2208 863 2276 honore,
923 2207 1024 2262 nisi
1086 2215 1142 2260 ut
1196 2207 1266 2261 sit
1321 2221 1440 2261 cum
1504 2205 1638 2260 Filio
1695 2207 1809 2274 ejus

215 2309 318 2348 non
349 2298 581 2367 aequalis
625 2297 888 2352 divinitati
945 2297 1040 2352 sed
1094 2296 1432 2352 consociatus
1483 2296 1810 2352 aeternitati?

211 2385 343 2442 Cum
373 2388 596 2455 auditis,
643 2390 855 2455 fratres,
899 2389 1005 2443 illic
1055 2399 1099 2442 et
1143 2389 1371 2442 minister
1401 2405 1540 2442 meus
1557 2391 1682 2464 .erit,
1715 2402 1812 2444 no-

219 2477 310 2532 lite
341 2487 552 2535 tantum
583 2480 742 2535 modo
787 2481 956 2535 bonos
983 2481 1264 2550 episcopos
1308 2490 1358 2535 et
1412 2480 1635 2535 clericos
1666 2479 1811 2549 cogi-

217 2578 349 2636 tare,
368 2573 469 2626 sed
496 2587 592 2627 vos
609 2575 767 2627 etiam
792 2588 888 2642 pro
903 2572 1063 2627 modo
1080 2581 1258 2627 vestro
1277 2573 1572 2627 ministrate
1595 2572 1809 2628 Christo

209 2662 588 2735 eleemosynas
612 2665 872 2731 faciendo,
907 2675 962 2721 et
989 2667 1104 2735 ejus
1132 2666 1429 2722 doctrinam
1471 2666 1663 2736 quibus
1709 2683 1805 2736 po-

209 2756 427 2811 tueritis
458 2757 815 2826 praedicando.
847 2757 1218 2827 Unusquisque
1248 2759 1388 2813 enim
1425 2757 1810 2828 paterfamilias

205 2845 368 2903 debet
423 2850 477 2902 in
521 2863 646 2904 suos
694 2865 948 2906 exercere
989 2852 1328 2920 disciplinam
1374 2851 1672 2915 monendo,
1704 2850 1801 2906 do-

207 2940 408 3008 cendo,
443 2942 802 3009 corripiendo,
840 2943 1268 2998 benevolentiam
1301 2943 1680 3012 impendenda.

279 3030 422 3085 VIII.
453 3030 610 3086 Nunc
635 3034 808 3087 anima
838 3051 947 3089 mea
991 3035 1193 3088 turbata
1225 3045 1317 3089 est.
1353 3035 1418 3088 Et
1459 3036 1584 3105 quid
1603 3037 1813 3090 dicant?

209 3120 396 3191 Pater,
427 3126 654 3194 salvi/ica
683 3143 761 3181 me
785 3143 847 3181 ea:
872 3127 967 3181 hac
1008 3127 1135 3182 hora
1177 3106 1358 3196 (doan.
1395 3143 1487 3193 xu,
1520 3126 1635 3198 27).
1666 3129 1811 3183 Prat-

1917 1912 2047 1966 miui
2091 1913 2171 1967 sui
2220 1913 2558 1982 subjectione
2598 1914 2882 1982 alienavit,
2916 1917 3147 1987 aliquam
3180 1929 3499 1988 potestatem

1913 2018 2073 2073 super
2099 2019 2221 2059 eum
2265 2004 2448 2061 debuit
2495 2006 2772 2076 accipere;
2822 2008 3003 2077 potius
3027 2049 3042 2074 ,
3074 2011 3119 2065 si
3160 2025 3319 2080 quam
3351 2013 3499 2081 prius

1913 2097 2164 2166 haberet,
2217 2101 2402 2156 debuit
2444 2103 2712 2160 amittere.
2761 2104 2861 2172 Qui
2899 2105 3045 2160 enim
3097 2120 3356 2161 concessa
3399 2107 3504 2162 sibi

1912 2200 2176 2260 potestate
2207 2194 2466 2260 abutitur,
2494 2194 2612 2264 ejus
2636 2197 2970 2267 privilegium
2994 2198 3217 2266 perdere
3241 2208 3500 2256 meretur.

1912 2283 2043 2339 Item
2070 2300 2170 2340 nec
2196 2283 2336 2341 Deus
2368 2288 2692 2356 mancipavit
2714 2289 2788 2344 illi
2813 2290 3112 2358 hominem,
3139 2306 3240 2347 nec
3265 2293 3422 2347 homo
3444 2306 3505 2348 se

1912 2375 1963 2431 ei
1992 2378 2299 2448 mancipare
2327 2381 2518 2449 potuit.
2545 2380 2858 2450 Quanquam
2897 2382 3042 2438 enim
3074 2383 3270 2454 aliquis
3314 2398 3504 2440 servus

1912 2483 1942 2523 a
1966 2470 2192 2526 Domino
2220 2471 2385 2542 fugiat
2415 2488 2530 2537 suo,
2559 2489 2667 2529 non
2691 2483 2868 2529 tamen
2893 2475 3052 2530 alteri
3073 2490 3132 2530 se
3151 2474 3273 2545 jure
3292 2475 3504 2532 tradere

1913 2569 2109 2629 p0test.
2158 2562 2310 2630 Quod
2355 2578 2482 2633 ergo
2511 2565 2786 2635 diabolus,
2817 2567 2962 2621 velut
2993 2567 3178 2621 mundi
3213 2568 3500 2638 princeps,

1912 2654 1981 2709 ab
2018 2654 2189 2710 Adam
2237 2671 2404 2725 usque
2433 2658 2499 2712 ad
2527 2673 2740 2713 crucem
2771 2657 2969 2714 Christi
3004 2674 3257 2731 regnasse
3283 2660 3501 2729 dicitur,

1913 2749 1965 2804 id
1996 2759 2074 2804 est
2102 2751 2223 2820 quia
2254 2751 2345 2806 filii
2375 2752 2567 2820 Adam,
2587 2755 2734 2824 gravi
2762 2754 2889 2825 jugo
2917 2756 3115 2824 peccati
3165 2755 3503 2825 pressi,dia.

1915 2842 2107 2898 bolicis
2139 2846 2528 2901 tentationibus
2553 2846 2712 2902 facile
2741 2847 3183 2914 consentiebant,
3211 2849 3384 2902 hostia
3411 2863 3504 2902 au-

1915 2942 2020 2990 tem
2052 2936 2230 2990 crucis
2259 2945 2407 3005 grata
2437 2936 2547 2994 Deo
2580 2937 2721 2992 Patri
2753 2953 2818 2993 ex
2846 2939 3136 2995 dilectione
3172 2955 3331 3011 quam
3365 2940 3504 2996 infn-

1915 3026 1995 3082 dit
2024 3026 2259 3082 humano
2300 3030 2519 3097 generi,
2552 3030 2864 3085 servitutem
2907 3033 3110 3100 peccati
3144 3033 3412 3102 removit,
3447 3042 3504 3088 ut

1915 3133 2042 3175 vere
2074 3120 2227 3176 liberi
2257 3121 2443 3187 simus,
2471 3122 2595 3190 quia
2625 3121 2796 3177 Filius
2819 3123 3196 3178 nosliberavit.
3216 3124 3369 3180 Unde
3390 3126 3505 3180 dia-

210 3215 355 3270 dicta
409 3217 655 3286 passione
702 3230 756 3274 et
802 3219 871 3273 ad
918 3235 1035 3274 eam
1068 3218 1345 3288 Stipposita
1394 3218 1768 3275 exhortatione
1789 3260 1802 3285 ,
1833 3216 1881 3281 C
1911 3212 2070 3268 bolus
2085 3214 2202 3282 plus
2227 3213 2429 3268 homini
2457 3213 2722 3280 invidens,
2749 3224 2802 3269 et
2830 3214 2954 3270 ideo
2979 3215 3146 3284 magis
3173 3216 3474 3285 puniendus

209 3314 370 3383 quasi
398 3312 520 3367 data
551 3328 681 3369 voce
723 3314 1049 3369 fortitudinis
1094 3329 1204 3368 sure
1225 3355 1240 3379 ,
1271 3314 1524 3370 subaudit
1559 3314 1807 3370 affectum

210 3403 547 3458 infirmitatis
578 3414 805 3471 nostrae,
837 3420 995 3474 quam
1027 3419 1151 3460 vere
1179 3406 1449 3475 suscepit,
1483 3405 1576 3460 sed
1606 3420 1672 3461 ex
1701 3420 1792 3461 vo-

212 3495 427 3552 luntate
451 3511 544 3566 pro
567 3498 740 3563 nobis,
768 3513 836 3553 ne
865 3497 932 3553 de
960 3498 1059 3552 hac
1092 3498 1402 3554 inﬁrmitate
1429 3497 1803 3568 desperemus.

212 3585 274 3640 In
303 3603 410 3656 qua
439 3589 597 3642 etiam
627 3590 782 3643 docet
810 3589 934 3658 quid
964 3589 1142 3644 dicere
1174 3589 1448 3654 debemus,
1474 3599 1527 3644 et
1550 3605 1656 3658 quo
1679 3605 1808 3643 con-

212 3676 408 3744 fugere
437 3676 482 3730 si
508 3676 662 3744 [Cod.
695 3677 857 3744 male,
881 3678 1050 3748 quasi]
1083 3679 1432 3734 conturbetur
1451 3679 1645 3732 anima.
1669 3678 1809 3745 Quid

211 3767 442 3822 dicam?
484 3784 640 3838 quem
671 3769 950 3824 invocem?
993 3785 1101 3840 quo
1144 3769 1384 3839 fugiam?
1412 3771 1462 3824 in
1501 3785 1659 3838 quem
1688 3785 1809 3840 spe-

211 3859 380 3915 rem?
419 3858 476 3914 In
517 3860 726 3915 Patrem
773 3861 861 3930 qui
909 3861 1116 3930 salvat,
1143 3861 1296 3931 cujus
1324 3861 1649 3917 voluntatem
1674 3875 1809 3916 meae

211 3965 478 4021 praepono
508 3950 608 4022 [ld.
637 3951 913 4023 prapono],
944 3947 1064 4022 quia
1089 3962 1374 4022 propterea
1408 3963 1466 4008 ut
1498 3954 1615 4008 hate
1638 3956 1809 4022 patiar

213 4040 343 4095 veni
395 4039 449 4095 in
499 4041 683 4096 horam
731 4041 889 4096 hanc.
936 4042 1088 4098 Unde
1136 4043 1450 4097 clarificatio
1486 4044 1730 4113 sequitur
1755 4053 1810 4099 et

211 4132 356 4188 mihi
384 4142 439 4188 et
467 4135 720 4189 membris
767 4137 920 4191 meis.
956 4135 1019 4189 Et
1050 4135 1150 4191 hoc
1190 4145 1272 4190 est
1316 4136 1455 4205 quod
1481 4136 1610 4191 dicit
1649 4152 1668 4190 :
1701 4137 1808 4192 Sed

211 4233 495 4296 propterea
538 4228 649 4278 veni
687 4229 740 4280 in
777 4227 955 4280 horam
997 4228 1150 4282 hanc.
1186 4226 1364 4296 Pater,
1409 4227 1636 4295 clari/ica
1666 4237 1807 4283 tuum

213 4335 408 4374 nomen
437 4317 804 4392 [Id.,27,28}.
832 4321 1047 4377 Salvum
1067 4337 1153 4377 me
1173 4322 1256 4378 fac
1275 4338 1343 4378 ex
1367 4322 1494 4378 hora
1523 4323 1805 4392 passionis,

213 4420 348 4480 peto
371 4449 386 4474 ,
420 4410 514 4465 sed
545 4411 850 4479 passionem
896 4427 1001 4466 non
1031 4427 1247 4468 recuso.
1277 4411 1419 4480 Ergo
1461 4411 1691 4467 clarifica
1723 4428 1808 4467 me

211 4504 561 4570 suscitando,
603 4505 744 4574 quod
787 4513 869 4560 est
909 4506 1075 4574 gloria
1105 4506 1339 4560 nominis
1367 4505 1468 4560 tui.
1504 4503 1657 4558 Venit
1685 4521 1806 4576 ergo

212 4614 318 4653 uox
346 4601 408 4653 de
439 4600 560 4652 ccelo
586 4615 605 4653 :
630 4599 695 4652 Et
725 4599 1019 4667 clarificavi,
1057 4608 1102 4652 et
1127 4600 1309 4654 iterum
1341 4599 1634 4665 clariﬁcabo
1668 4598 1805 4668 (Id.,

212 4690 404 4759 ibid.).
431 4688 731 4744 Clarificavi
758 4698 1042 4757 antequam
1072 4689 1303 4743 facerem
1334 4688 1592 4742 mundum
1615 4728 1629 4753 ,
1657 4688 1709 4742 id
1731 4698 1812 4744 est

212 4785 431 4840 clarum
459 4783 616 4854 genui
643 4825 659 4850 ,
691 4793 745 4840 et
771 4784 823 4838 in
856 4785 1111 4839 creaturis
1142 4784 1490 4840 rationalibus
1517 4784 1812 4841 clariﬁcare

213 4875 501 4948 proposui.
534 4874 632 4930 Vel
665 4877 772 4929 ita:
806 4873 1112 4929 Clarilicavi
1152 4889 1272 4929 cum
1311 4874 1378 4930 de
1417 4875 1626 4944 virgine
1654 4884 1810 4931 natus

213 4977 340 5033 est,
385 4983 414 5020 a
447 4965 613 5036 Magis
647 4967 900 5022 adoratus
931 4975 1047 5030 est,
1080 4980 1110 5021 a
1141 4965 1343 5021 sanctis
1385 4964 1596 5035 agnitus
1635 4974 1748 5032 est,
1780 4981 1810 5019 a

213 5057 410 5127 specie
436 5057 697 5111 columbae
722 5057 1024 5112 declaratus
1050 5063 1150 5123 est,
1179 5057 1230 5111 in
1263 5064 1442 5112 monte
1465 5054 1812 5125 transﬁgura-

213 5162 312 5208 tus
348 5157 449 5203 est.
474 5149 774 5205 Clariftcavi
803 5148 955 5220 [Cod.
979 5149 1139 5216 male,
1159 5148 1472 5219 clariﬁcavitl
1490 5189 1504 5213 ,
1528 5163 1648 5204 cum
1676 5148 1811 5204 mul-

213 5256 309 5302 tos
358 5242 600 5307 sanavit,
639 5256 758 5296 cum
789 5242 856 5298 de
885 5244 1068 5313 paucis
1119 5242 1345 5312 panibus
1376 5242 1575 5296 multos
1622 5243 1806 5310 pavit,

211 5333 477 5390 fluctibus
519 5331 840 5402 imperavit,
883 5345 1123 5389 mortuos
1168 5333 1468 5390 suscitavit.
1514 5330 1582 5385 Et
1624 5332 1810 5386 iterum

214 5424 563 5494 clariﬁcabo,
617 5440 739 5480 cum
794 5434 1038 5496 resurget
1087 5441 1115 5480 a
1164 5425 1424 5490 mortuis,
1470 5439 1591 5478 cum
1640 5423 1809 5479 caelos

213 5520 501 5583 ascendet,
533 5533 653 5574 cum
681 5518 844 5588 judex
869 5519 936 5573 ab
960 5518 1224 5576 universis
1253 5528 1632 5589 cognoscetur,
1669 5527 1728 5573 ut
1755 5517 1806 5574 ei

209 5624 385 5665 omne
403 5625 542 5680 genu
558 5610 819 5665 ﬂectatur.
842 5610 1012 5664 Turba
1031 5628 1148 5679 ergo
1163 5627 1276 5681 qua:
1296 5611 1458 5666 stabat
1481 5621 1529 5666 et
1548 5611 1805 5677 audierat,

213 5701 422 5755 dicebat
451 5708 730 5756 tonitruum
755 5705 964 5773 'faetunt
991 5718 1115 5756 esse.
1149 5704 1250 5757 Alii
1294 5703 1563 5769 dicebant,
1594 5705 1807 5773 angelus

212 5793 263 5848 ei
300 5793 506 5848 locutus
547 5802 640 5851 est.
690 5794 969 5866 Respondit
997 5794 1146 5852 Jetus
1167 5805 1213 5852 et
1243 5795 1411 5851 dixit:
1447 5794 1570 5850 Non
1600 5805 1810 5868 propter

1913 3312 2120 3359 tentare
2148 3313 2326 3359 tamen
2355 3321 2464 3360 non
2494 3315 2704 3371 cessat,
2747 3307 2841 3362 sed
2882 3307 3028 3362 aliud
3059 3318 3142 3363 est
3174 3309 3498 3366 intrinsecus

1911 3415 2156 3470 regnare,
2191 3400 2337 3455 aliud
2363 3401 2663 3457 forinsecus
2690 3416 3020 3470 oppugnare.
3057 3401 3189 3456 Nam
3231 3402 3375 3457 aliud
3415 3413 3500 3458 est

1911 3494 2180 3551 civitatem
2210 3504 2421 3564 captam
2453 3495 2596 3549 intus
2624 3495 2906 3564 possidere
2925 3538 2939 3562 ,
2974 3495 3120 3549 aliud
3145 3497 3264 3551 telis
3290 3496 3500 3552 eminus

1907 3587 2123 3654 jactatis
2161 3601 2490 3656 oppugnare.
2533 3584 2664 3640 Cum
2705 3585 2903 3641 dicitur
2958 3585 3207 3641 diabolus
3256 3586 3505 3657 princeps

1914 3679 2072 3748 hujus
2134 3679 2338 3744 mundi,
2392 3694 2496 3733 non
2542 3677 2779 3733 creditur
2837 3692 2958 3734 esse
3004 3677 3254 3734 dominus
3289 3679 3410 3734 caeli
3449 3687 3505 3735 et

1915 3779 2108 3836 terrae;
2141 3771 2234 3826 sed
2267 3770 2496 3825 mundus
2525 3769 2903 3841 intelliguntur
2932 3771 3062 3826 mali
3097 3771 3344 3826 homines
3376 3780 3491 3826 toto

1911 3863 2042 3918 orbe
2071 3861 2271 3917 diffusi.
2317 3863 2407 3918 Sic
2453 3861 2599 3917 enim
2642 3862 2876 3918 solemus
2926 3876 3121 3918 vocare
3168 3863 3359 3916 malam
3400 3862 3498 3917 do-

1912 3969 2078 4020 mum,
2112 3954 2200 4009 ubi
2233 3961 2360 4008 sunt
2384 3954 2510 4008 mali
2532 3952 2809 4011 homines;
2835 3953 3050 4019 bonam,
3078 3951 3166 4008 ubi
3188 3960 3316 4008 sunt
3341 3951 3492 4011 boni.

1911 4046 2041 4102 Nam
2070 4057 2124 4102 et
2155 4048 2386 4101 mundus
2411 4046 2606 4102 dicitur
2633 4046 2700 4102 de
2732 4045 2886 4117 [Cod.
2910 4044 2984 4116 in]
3014 4047 3169 4101 bouis
3220 4047 3274 4100 in
3302 4044 3501 4101 mundo

1911 4137 2138 4193 diffusis.
2175 4137 2328 4193 Unde
2357 4137 2652 4205 Apostolus
2680 4153 2694 4188 :
2727 4136 2866 4191 Deus
2896 4147 3005 4191 erat
3034 4137 3087 4190 in
3116 4136 3317 4192 Christo
3349 4153 3497 4190 mun-

1911 4231 2031 4284 dum
2063 4230 2398 4284 reconcilians
2413 4227 2606 4298 sibi_(ll
2625 4227 2746 4284 Cor.
2764 4228 2947 4300 v,I9).
2978 4229 3052 4286 De
3073 4229 3266 4300 quibus
3286 4228 3497 4300 ejicitur

1911 4321 2175 4376 diabolus.

1984 4414 2050 4468 Χ.
2071 4413 2133 4467 Ει
2157 4429 2250 4485 ego
2274 4413 2317 4467 si
2338 4413 2592 4468 exaltatus
2619 4417 2760 4484 [uero
2787 4431 2819 4467 a
2845 4397 3184 4480 terra,omnia
3211 4413 3411 4468 traham
3428 4413 3499 4468 ad

1909 4507 2180 4574 meipsum.
2211 4503 2328 4558 Hoc
2349 4515 2518 4560 autent
2538 4505 2737 4558 dicebat
2767 4506 3065 4574 signiﬁcans
3092 4523 3194 4575 qua
3222 4515 3383 4559 morte
3404 4521 3494 4559 es-

1840 4577 1889 4638 D
1912 4607 1984 4654 set
2027 4600 2306 4653 moriturus
2330 4596 2510 4667 (Joan.
2538 4613 2636 4664 xu,
2662 4595 2749 4662 52,
2780 4596 2896 4664 55).
2922 4597 3051 4664 Qua:
3083 4593 3400 4662 omnia,nisi
3430 4611 3497 4652 ex

1917 4691 2108 4759 quibus
2137 4689 2384 4742 diabolus
2407 4689 2656 4758 ejicitur?
2685 4689 2802 4742 Νυη
2832 4689 2966 4742 dixit
3005 4703 3224 4756 omnes,
3259 4689 3351 4744 sed
3380 4704 3496 4744 om-

1917 4782 2022 4845 nia,
2049 4781 2170 4851 quia
2196 4796 2302 4834 nou
2336 4781 2437 4835 hoc
2466 4781 2652 4835 retulit
2680 4779 2746 4836 ad
2770 4781 3170 4837 universitatem
3196 4781 3493 4847 hominum,

1917 4875 2012 4931 sed
2039 4875 2106 4930 ad
2135 4883 2395 4930 creaturae
2415 4873 2778 4944 integritates,
2824 4875 2876 4930 id
2917 4884 3000 4931 est
3040 4874 3106 4930 ad
3137 4875 3410 4945 spiritum,
3439 4885 3496 4932 et

1914 4967 2168 5032 animam,
2201 4975 2256 5022 et
2284 4981 2478 5037 corpus
2508 4982 2614 5037 quo
2654 4968 3031 5038 intelligimus,
3077 4984 3182 5038 quo
3229 4969 3494 5038 vivimus,

1914 5073 2020 5128 quo
2049 5057 2290 5114 visibiles
2315 5073 2523 5114 sumus.
2551 5059 2654 5125 Qui
2679 5057 2821 5114 enim
2851 5059 3015 5128 dixit,
3041 5060 3272 5128 Capillus
3304 5062 3368 5115 de
3402 5077 3493 5115 ea-

1913 5152 2014 5220 pite
2033 5164 2194 5207 uestro
2225 5166 2328 5205 non
2353 5151 2574 5221 peribit,
2603 5152 2780 5206 omnia
2812 5151 2975 5208 trahit
3020 5160 3140 5221 post
3185 5166 3266 5208 se.
3314 5153 3419 5208 Aut
3447 5155 3498 5209 si

1915 5243 2093 5299 omnia
2115 5243 2360 5300 homines
2389 5244 2777 5315 intelliguntur,
2802 5246 2980 5301 omnia
3001 5245 3385 5315 praedestinata
3424 5248 3496 5303 ad

1914 5337 2143 5393 salutem
2186 5351 2469 5407 possumus
2515 5338 2715 5396 dicere.
2738 5338 2843 5393 Aut
2888 5347 3033 5395 certe
3083 5340 3262 5394 omnia
3289 5355 3491 5409 genere

1917 5429 2188 5486 hominum
2223 5430 2383 5484 trahit
2409 5427 2476 5484 ad
2505 5444 2564 5484 se
2594 5438 2649 5483 ut
2678 5438 2860 5499 caput,
2902 5427 3012 5484 sive
3042 5430 3345 5500 in‘linguis,
3377 5430 3493 5486 sive

1915 5524 1968 5579 in
2015 5523 2258 5577 aetatibus
2279 5563 2294 5590 ,
2327 5523 2438 5576 sive
2464 5521 2516 5575 in
2546 5522 2798 5590 gradibus
2848 5523 3110 5578 honorum
3132 5565 3148 5589 ,
3180 5523 3295 5586 sive
3325 5523 3377 5577 in
3410 5522 3493 5577 di-

1915 5618 2256 5675 versitalibus
2289 5617 2617 5687 ingeniorum
2641 5659 2654 5682 ,
2683 5617 2795 5672 sive
2819 5617 2886 5685 hin
2917 5617 3334 5687 professionibus
3375 5613 3497 5670 lici-

1919 5721 2089 5766 tarum
2119 5710 2330 5766 actium.
2360 5709 2420 5764 Si
2448 5709 2701 5762 exaltatus
2739 5712 2917 5779 fuero,
2948 5709 3000 5764 id
3031 5719 3142 5777 est,
3174 5726 3294 5765 cum
3345 5714 3494 5768 exal-

1920 5813 2059 5861 tatus
2087 5804 2236 5862 fuero
2267 5820 2278 5858 :
2310 5816 2415 5860 non
2453 5799 2596 5860 enim
2638 5799 2934 5870 dubitando
2970 5803 3240 5874 loquitur.
3270 5801 3492 5859 Exalta-
