4012 6338
192 250 328 307 ιω

263 366 406 422 Ibid.
433 358 565 417 Fere
580 354 811 415 omnibus
832 369 957 426 gen-

196 440 333 494 tibus
375 433 688 490 declaratur.
732 432 954 495 Accepe-

196 518 317 564 runt
347 521 473 577 ergo
499 516 554 560 et
572 500 846 577 sequentia
869 512 957 577 us-

198 594 304 648 que
345 567 429 631 ad"
447 579 570 648 haec
607 567 767 648 verba
809 584 866 623 ιι.
899 567 955 635 5,

198 645 333 704 Erat
364 660 533 702 autem
554 646 609 698 in
636 645 765 709 loco,
780 649 884 695 etc.

1028 423 1120 477 bus
1150 423 1463 475 declaratur.
1517 418 1633 471 Hoc
1673 423 1783 471 loco

1030 494 1344 549 Nicodamus
1397 492 1613 561 ﬁgurant
1669 506 1787 557 san-

1029 576 1227 619 ctorum
1268 566 1421 637 gessit
1454 562 1789 637 praedestina-

1030 648 1216 701 torum,
1234 633 1321 707 qui
1340 646 1457 687 ante
1484 633 1787 707 baptismum

1030 710 1087 762 in
1116 703 1409 778 ignorantia
1443 708 1676 778 fuerunt,
1698 703 1786 757 sed

201 798 414 844 renuunt
441 789 509 839 ad
541 785 817 838 Dominum
861 796 977 835 cum
1020 774 1245 832 mixlura
1294 774 1513 846 myrrha:
1541 782 1588 828 et
1626 774 1786 846 aloes,

200 861 256 914 id
303 869 378 914 est
425 874 541 911 cum
568 873 620 910 se
650 860 1017 924 recognoscant
1040 893 1055 917 ,
1086 845 1393 924 mortiﬁcant
1424 861 1476 900 se
1516 862 1547 898 a
1577 845 1707 924 vitiis
1742 853 1789 896 et

201 928 629 1012 concupiscentiis
652 966 667 991 ,
709 915 858 993 atque
903 915 1151 1012 ιιι-φέναι
1194 915 1411 1012 sargus,
1441 927 1488 998 et
1531 915 1788 1012 labn‘eqant

202 986 527 1071 semetipsos,
555 1007 609 1071 et
629 986 912 1063 sequuntur
938 992 1238 1071 Christum.‘
1266 989 1334 1043 Et
1376 988 1499 1059 quia
1524 986 1791 1071 higlibr‘as

205 1055 432 1135 centum,
464 1055 817 1125 et'mixtu'ram
845 1063 1145 1135 myrrha‘qet
1169 1062 1323 1135 aloes
1353 1055 1522 1135 secum
1564 1055 1791 1135 icode-

206 1157 346 1195 mum
374 1127 615 1193 ditulisse
639 1127 963 1205 Evangelis'ta
987 1133 1133 1197 dicit,
1155 1132 1262 1208 (hic
1286 1132 1422 1186 enim
1458 1129 1637 1208 [coda
1667 1127 1791 1208 quia

211 1209 373 1276 enim]
418 1208 737 1264 centenarias
777 1201 1301 1276 numerusperfectus
1321 1209 1430 1276 est,
1453 1214 1499 1254 et
1527 1201 1789 1269 integritas

207 1274 412 1335 numeri
432 1281 488 1334 in
508 1280 681 1334 eodem
702 1274 1193 1349 comprehenditur),
1212 1275 1491 1349 perfectum
1522 1284 1790 1349 numerum

206 1352 517 1421 angelorum
560 1359 608 1404 et
656 1341 917 1403 hominum
965 1341 1265 1415 designavit.
1307 1341 1471 1397 ’Erat
1519 1350 1690 1396 autem
1736 1341 1790 1391 in

205 1423 343 1477 loco.
370 1430 479 1477 etc.

372 1466 792 1561 bIVQuandojam
811 1504 969 1560 prop-
1106 1484 1183 1539 Id.
1277 1484 1530 1551 Quoniam
1585 1488 1791 1550 prapter

206 1572 283 1618 ter
311 1578 643 1633 parasceven,
671 1575 830 1633 quam
868 1575 967 1633 ειε-
1038 1572 1364 1633 parasceven,
1396 1569 1562 1633 quam
1598 1566 1791 1633 canam

206 1698 450 1772 usitatius
476 1704 615 1772 apud
640 1718 729 1756 nos
764 1708 963 1772 vocant,
1041 1700 1140 1752 tius
1180 1698 1315 1767 apud
1340 1712 1431 1772 nos
1457 1698 1790 1772 praeparatio-

206 1738 744 1843 ῗᾶἑὲῖέταῖεμὲῇδιιῖί
1039 1738 1794 1843 bane-debitiﬁzcrereiale‘ali:
1822 1738 1871 1803 Β

1042 1839 1168 1911 quid
1229 1854 1347 1911 non,
1388 1834 1586 1911 licebat.
1652 1834 1791 1911 Quid

576 1955 583 1961 .
746 1905 755 1909 ⁷
1044 1905 1178 1964 enim
1202 1909 1347 1963 aliud
1370 1923 1457 1978 per
1473 1907 1673 1962 hortum
1696 1905 1793 1959 nisi

208 1982 449 2039 Ecclesia
491 1983 681 2039 Christi
701 1982 1034 2053 intelligitur?
1061 1979 1482 2053 Hortusuquippe
1514 1979 1719 2053 clausus
1746 1983 1795 2030 et

210 2058 325 2126 fons
355 2058 589 2127 signatus
622 2055 798 2123 (Cant.
825 2046 900 2127 tv',
928 2052 1014 2124 12)
1034 2054 1151 2127 ipsa
1164 2061 1234 2105 est
1255 2046 1486 2127 Ecclesia
1508 2046 1790 2127 Catholica.

213 2118 351 2195 Quid
393 2118 516 2181 vero
562 2118 652 2194 per
692 2118 1024 2195 sepulturam,
1053 2118 1151 2195 nisi
1197 2121 1510 2195 conscientia
1556 2118 1799 2195 uniuscu»

202 2189 392 2272 iusque
437 2189 658 2251 hominis
700 2189 977 2249 habitantis
1005 2196 1059 2276 in
1088 2189 1321 2274 Ecclesia
1352 2191 1453 2273 Dei
1475 2191 1794 2271 designatur.

209 2268 297 2322 ubi
325 2270 598 2339 reponitur
639 2282 825 2334 corpus
848 2265 1093 2339 Christi?
1140 2265 1203 2317 Et
1233 2280 1381 2339 quia,
1408 2270 1540 2339 sicut
1570 2264 1795 2339 diximus

210 2329 596 2393 monumentum
628 2329 812 2392 novum
838 2337 954 2390 ideo
993 2337 1188 2389 dictum
1213 2329 1285 2388 est
1312 2331 1453 2404 [cod.
1482 2329 1644 2404 esse],
1675 2330 1797 2398 quia

209 2409 384 2464 nullus
429 2410 568 2464 alius
600 2416 827 2462 mortuus
854 2408 909 2461 in
937 2423 995 2461 eo
1026 2410 1214 2477 fuerat,
1239 2401 1387 2458 ita—et
1418 2403 1591 2477 anima
1618 2401 1799 2477 inqua

211 2480 453 2535 Christus
496 2479 769 2546 inhabitat,
799 2495 831 2531 a
872 2470 1078 2545 peccan
1103 2470 1390 2545 mortifero,
1416 2474 1550 2531 velut
1581 2488 1612 2526 a
1639 2470 1794 2535 vitiis,

208 2566 314 2609 esse
336 2552 513 2607 aliena
541 2550 706 2606 debet.
739 2549 944 2603 Caetera
970 2548 1184 2603 desunt.

206 1846 368 1899 orbat.
418 1844 539 1900 Una
573 1854 762 1909 autem,
790 1848 895 1896 etc.

739 2676 1042 2720 TRAC'I'ATUS
1087 2673 1269 2715 CXXIII.

280 2778 503 2849 Legitur
548 2777 600 2831 In
650 2784 878 2846 quatuor
922 2772 1083 2829 codd.
1127 2771 1366 2827 Floreat.
1414 2781 1608 2836 nempe
1654 2764 1793 2820 Bibl.

211 2868 473 2928 Laurent.
509 2867 644 2939 plut.
693 2881 824 2933 xvu,
854 2864 977 2921 cod.
1011 2879 1172 2928 xxxv,
1204 2862 1296 2917 fol.
1338 2862 1442 2927 54;
1472 2860 1605 2929 plut.
1644 2870 1797 2926 mu,

208 2962 332 3018 cod.
367 2976 528 3030 mn,
554 2961 651 3016 fol.
702 2958 841 3027 ut;
870 2957 1005 3015 ibid.
1036 2956 1158 3012 cod.
1208 2970 1364 3020 xxiv,
1398 2952 1490 3008 fol.
1525 2950 1629 3006 162
1655 2950 1719 3019 b,
1748 2958 1803 3004 et

212 3054 346 3124 plut.
380 3070 491 3109 xxx
531 3053 705 3108 sinist.
754 3051 875 3105 cod.
927 3065 966 3121 ι,
1000 3048 1093 3104 fol.
1137 3046 1239 3102 147
1270 3048 1318 3113 b,
1359 3059 1492 3116 quos
1540 3044 1801 3099 habemus

216 3116 572 3213 iranscriptos
607 3158 640 3197 ιι
685 3158 742 3198 ιι.
790 3144 830 3213 ,4
868 3116 960 3196 διὰ
994 3142 1174 3234 linem.
1222 3137 1801 3234 Reperiunt-uriterum
1829 3116 1883 3184 C

212 3237 346 3307 plut.
378 3251 511 3303 xvn,
539 3236 661 3291 cod.
688 3250 841 3300 xutt,
870 3235 965 3289 fol.
994 3232 1098 3290 158
1125 3234 1184 3300 b,
1217 3242 1271 3289 et
1312 3233 1449 3288 Bibl.
1488 3231 1653 3287 didii.
1676 3230 1798 3287 cod.

212 3342 357 3395 cxu,
388 3327 483 3383 Iol.
527 3327 630 3383 125
662 3327 714 3394 b,
746 3338 800 3383 et
827 3325 923 3382 fol.
966 3325 1089 3396 155.
1139 3326 1243 3382 Sed
1274 3325 1462 3381 horum
1494 3326 1804 3379 ultimorum

216 3427 460 3475 tenorem
495 3418 660 3487 uobis,
681 3433 786 3473 non
816 3417 1229 3473 transmiserunt
1256 3414 1462 3471 Italiani
1491 3416 1802 3486 scriptores.

287 3536 435 3591 Edit.
482 3535 546 3589 N.
612 3535 666 3588 4.
734 3533 975 3591 Animam

213 3622 367 3660 suam
420 3608 679 3676 positurus
727 3619 823 3672 pro
870 3604 976 3657 suis

214 3675 472 3727 omnibus.

214 3691 472 3730 omnibus.

288 3746 427 3799 Ibid.
479 3746 611 3811 Quia
656 3743 775 3798 vivit
826 3756 976 3813 quem

215 3828 482 3871 mortuum
512 3815 737 3870 dolebas.

289 3886 356 3941 N.
384 3887 438 3941 5.
465 3883 526 3940 Si
553 3902 631 3940 me
655 3884 851 3956 diligis,
876 3898 979 3938 non

218 3967 267 4012 te
307 3972 515 4026 pascere
545 3956 732 4026 cogita.

290 4027 427 4084 Ibid.
460 4026 626 4081 Erunt
651 4028 787 4079 enim
815 4026 980 4079 homi-

221 4114 309 4155 nes
340 4100 534 4168 seipsos
557 4105 808 4151 amantes.

1117 3530 1252 3586 Cod.
1303 3546 1341 3585 t.
1384 3529 1621 3583 Animam
1660 3545 1805 3582 suam

1114 3606 1304 3654 siturus
1339 3616 1433 3670 pro
1470 3602 1574 3652 suis
1605 3601 1798 3653 ovibus.

1097 3671 1172 3725 id.
1203 3686 1315 3725 var.
1342 3669 1516 3723 Maur.
1658 3686 1659 3689 η

1117 3741 1248 3795 Cod.
1289 3755 1450 3794 xxxv.
1510 3740 1645 3804 Quia
1689 3739 1808 3791 vivit

1052 3826 1202 3881 quem
1242 3812 1543 3881 moriturum
1579 3809 1807 3881 dolebas.

1122 3882 1255 3937 Cod.
1272 3897 1416 3937 mv.
1434 3880 1493 3935 Si
1509 3897 1590 3933 me
1611 3879 1805 3947 diligis,

1051 3968 1154 4006 non
1183 3962 1296 4006 tuas
1326 3967 1530 4020 pascere
1553 3960 1599 4004 te
1618 3951 1804 4020 cogita.

1122 4023 1291 4078 Codd.
1348 4037 1482 4077 xxm
1536 4031 1590 4077 et
1647 4034 1805 4074 xxxv.

1054 4094 1220 4147 Erunt
1310 4093 1538 4148 homines
1616 4092 1809 4161 seipsos

1052 4174 1303 4219 amantes.

1122 4235 1255 4289 Cod.
1306 4250 1463 4290 χχιιι.
1520 4234 1635 4301 Quo
1678 4233 1810 4286 mori

1054 4306 1313 4372 nolumus,
1328 4316 1376 4360 et
1400 4323 1496 4375 quo
1526 4321 1639 4359 cum
1659 4302 1811 4358 Chri-

1052 4387 1131 4431 sto
1158 4379 1320 4431 vivere
1346 4377 1601 4431 volumus.

1125 4448 1199 4502 Id.
1252 4447 1386 4501 Nam
1424 4448 1600 4500 vinctis
1646 4446 1811 4498 mani-

295 4237 428 4295 Ibid.
450 4239 559 4307 Quo
574 4238 705 4291 mori
719 4237 978 4300 nolumus,

223 4322 270 4368 et
297 4313 505 4383 quando
540 4325 655 4363 cum
682 4307 883 4363 Christo
907 4308 980 4361 tti-

222 4399 335 4437 vere
360 4382 612 4436 volumus.

294 4452 428 4507 Ibid.
498 4449 637 4504 Nam
702 4449 979 4519 crucifixus

224 4540 329 4578 non
358 4538 461 4595 quo
488 4522 684 4577 nolebat
712 4520 857 4575 abiit.

1057 4591 1257 4644 nolebat
1279 4589 1425 4642 abiit.

417 4722 620 4781 LIBER
662 4722 749 4777 DE
794 4720 1130 4776 DOCTRINA
1181 4721 1624 4776 CHRISTIANA.

302 4839 522 4910 Legitur
563 4852 689 4910 pars
734 4835 978 4908 quaedam
1024 4830 1118 4891 lib.
1153 4851 1191 4901 ι,
1216 4851 1411 4905 nempe
1433 4852 1465 4890 a
1493 4850 1550 4891 ιι.
1578 4834 1611 4888 9
1651 4834 1716 4890 ad
1746 4834 1813 4891 I5

233 4935 521 5001 esclusive,
558 4933 613 4987 in
641 4932 779 4987 Bibl.
816 4928 1096 4999 Laurent.,
1125 4928 1257 4999 plut.
1291 4943 1384 4995 xu,
1409 4929 1533 4984 cod.
1576 4944 1686 4993 xiv,
1717 4927 1809 4982 fol.

231 5025 338 5082 220
367 5025 416 5079 b.

306 5135 449 5191 Edit.
483 5135 550 5193 N.
570 5135 625 5190 9.
657 5134 986 5190 Omnibusad

238 5207 711 5277 contemplandum,
740 5214 847 5262 etc.

1064 5276 1283 5329 dicimus
1325 5286 1372 5329 et
1408 5276 1514 5329 htec
1555 5276 1812 5342 docemus,

242 5350 549 5415 charissim,
578 5348 712 5416 quod
736 5346 872 5402 Deus
899 5348 990 5399 lux
1014 5355 1087 5401 est
1107 5347 1368 5414 mentium,
1398 5362 1499 5399 non
1523 5362 1811 5415 corporum.

243 5419 411 5486 Beati,
441 5422 607 5491 inquit
629 5463 643 5485 ,
672 5420 863 5471 mundo
900 5418 1053 5491 corde
1073 5457 1088 5482 ,
1129 5419 1370 5491 quoniam
1412 5418 1508 5487 ipsi
1538 5416 1705 5472 Deum
1734 5417 1841 5471 vi-.

245 5492 425 5546 debaut
448 5508 467 5557 ;
494 5488 820 5560 omnibusque
840 5489 908 5542 ad
937 5488 1406 5557 contemplandum,
1437 5496 1539 5543 etc.

312 5582 377 5638 N.
411 5583 493 5643 11.
544 5584 695 5653 Quod
730 5583 995 5651 inﬁrmum

244 5665 315 5726 est
348 5655 462 5723 Dei,
494 5658 674 5726 fortius
721 5664 793 5709 est
833 5654 995 5706 homi-

247 5720 411 5779 nibus.
448 5720 456 5723 ⁷
494 5720 503 5726 ’
1066 5724 1244 5777 mines.

1054 4488 1199 4573 bus"
1223 4488 1809 4585 εῆιίἶιέπῖῗῖἴυιῖῖιὶιο
1838 4488 1893 4553 Β

1069 5652 1183 5717 Dei,
1217 5652 1396 5716 [artius
1423 5661 1493 5705 est
1535 5667 1687 5719 quam
1730 5651 1820 5706 ho-

1448 227 1832 289 LECTIONES
1874 222 2281 285 VARIAN'I‘ES.

1101 351 1177 407 Id.
1210 348 1343 407 Fere
1364 348 1593 404 omnibus
1618 347 1785 418 genti-
1810 348 1864 409 Α
1900 415 1908 418 _
1932 344 2028 418 HN.
2058 342 2146 418 I5.
2180 342 2538 418 Humilitatem
2558 340 2645 396 ad-

1889 415 2050 495 hibuit
2079 415 2147 467 ad
2172 413 2479 469 sanandum.

3328 227 3463 285 i252

2789 339 2868 397 Id.
2924 337 3286 397 Humilitatem
3330 346 3474 403 exhi-

2718 411 2823 466 buit
2846 413 2914 465 ad
2935 412 3244 470 sanandum.

1887 529 2085 584 LIBER
2143 528 2231 584 DE
2299 527 2609 584 DIVERSIS
2676 525 3202 593 QUESTIONIBUS
3260 527 3471 586 00Το-

2424 619 2634 677 GINTA
2673 620 2938 676 TRIBUS.

2487 727 2727 778 QUESTIO
2762 728 2868 768 us.

1964 804 2180 875 Legitur
2220 804 2446 875 quaestio
2484 819 2573 858 ιιι
2602 804 2655 858 in
2688 803 2825 859 Bibl.
2855 804 3049 876 Mugell
3083 845 3099 874 ,
3128 806 3247 863 cod.
3276 823 3347 875 xl,
3383 809 3471 864 fol.

1889 895 2105 1041 98Elidit.
2138 986 2338 1053 Quaest.
2372 1000 2476 1039 ιιι.
2500 983 2641 1041 Ν.2.

2788 984 2918 1063 ϐοά.
2951 986 3088 1063 Quid
3106 998 3285 1063 autem
3307 991 3469 1063 signi-

1897 1057 2034 1124 Quid
2129 1068 2300 1110 autem
2389 1057 2645 1124 signiﬁcat
2716 1055 2837 1123 ﬁcat
2868 1056 3290 1115 oleum?Mirum
3336 1055 3473 1116 vide-
3560 1112 3563 1113 ,

1893 1129 2268 1203 oleum,mirum
2279 1128 2494 1181 videtur.
2512 1128 2645 1203 Item
2719 1135 2801 1203 tur
2828 1131 2963 1198 quod
2984 1131 3233 1202 sapientes
3258 1134 3472 1203 petenti-

1890 1202 2026 1268 quod
2070 1200 2320 1267 sapientes
2366 1198 2645 1265 petentibus

1892 1286 1994 1325 non
2015 1270 2404 1324 communicant.

1966 1339 2030 1394 N.
2065 1340 2119 1393 5.
2151 1337 2372 1406 Propter
2401 1345 2571 1393 autent
2598 1354 2652 1392 se

1893 1414 2065 1477 homo,
2079 1412 2259 1480 inquit.
2271 1412 2356 1466 Sic
2366 1411 2492 1466 edit.
2508 1408 2650 1464 Gau-

1897 1497 2004 1537 me.
2050 1481 2380 1537 Benedictitti
2427 1491 2486 1535 ut
2531 1496 2645 1534 nos.

1967 1552 2099 1608 Ibid.
2133 1551 2201 1605 Et
2242 1553 2311 1606 eis
2353 1568 2483 1606 vana
2524 1567 2653 1622 gau-

1894 1624 1979 1677 dia
2007 1634 2248 1693 tanquam
2283 1624 2443 1693 fatuis
2485 1621 2655 1675 conci-

1898 1694 2094 1749 liaudo.

2719 1196 2809 1250 bus
2839 1196 2942 1253 non
2968 1196 3361 1260 communicant.
3428 1230 3433 1231 ν

2797 1336 2872 1395 Id.
2944 1339 3133 1397 Probet
3192 1352 3361 1400 autem
3423 1362 3478 1401 se

2723 1408 2872 1483 homo
2887 1412 3122 1483 ,__inquit.

2794 1479 2872 1537 Id.
2889 1480 2955 1535 Et
2977 1479 3047 1539 eis
3058 1501 3236 1558 vanam
3259 1487 3477 1558 gloriam

2725 1561 2969 1623 tanquam
3054 1555 3211 1623 fatuis
3261 1555 3276 1558 ⁷
3292 1559 3478 1614 conci-

2727 1621 2921 1678 liando.

2486 1798 2724 1851 QUA-SS'I'IO
2763 1799 2888 1838 ιιιιι.

1968 1897 2181 1968 Legitur
2205 1898 2260 1953 in
2288 1897 2477 1955 eadem
2524 1894 2658 1950 Bibl.
2694 1896 2924 1966 Mugell.,
2975 1900 3096 1954 cod.
3130 1916 3205 1971 ιιι,
3235 1901 3327 1958 fol.
3353 1901 3477 1962 I00.

1970 1989 2115 2044 Edit.
2132 1989 2332 2057 Quaest.
2352 2006 2382 2044 ι.
2394 2004 2465 2043 ιιι
2482 1986 2657 2041 Domi-

1899 2076 1985 2125 ne,
2005 2070 2256 2114 memento
2285 2062 2401 2126 mei,
2433 2060 2557 2111 dum
2576 2074 2656 2110 ve-

1898 2132 2033 2184 neris
2060 2131 2114 2184 in
2142 2147 2354 2185 reanum
2382 2140 2546 2183 tuum.

1970 2201 2104 2255 Ibid.
2191 2201 2457 2267 Quomodo
2535 2215 2654 2267 ergo

1898 2270 2148 2340 ine/fabili
2192 2279 2436 2341 potestate
2492 2271 2653 2341 domi-

1900 2344 2067 2395 nantis
2118 2340 2212 2394 Dei
2262 2351 2414 2412 atque
2448 2340 2653 2409 justitia

1901 2414 2200 2482 deputatum
2224 2421 2329 2482 est,
2356 2422 2458 2466 etc.

1972 2483 2105 2537 Ibid.
2133 2482 2247 2549 Qua
2277 2499 2451 2537 omnes
2472 2482 2656 2536 divine

1900 2554 2124 2607 actiones
2185 2553 2414 2606 locorum
2463 2560 2658 2624 tempo-

1900 2639 2113 2693 rumque
2162 2624 2340 2677 ordine
2385 2640 2446 2677 ac
2476 2623 2659 2678 distin-

1901 2695 2065 2748 ctione
2135 2694 2481 2763 pulcherrima
2537 2712 2656 2767 per-

1903 2773 2148 2837 aguntur.

2801 1987 2933 2043 Cod.
2968 1988 3206 2056 Domine,
3236 2004 3487 2051 memento

2730 2059 2850 2123 mei,
2864 2076 2978 2113 cum
2994 2064 3187 2116 veneris
3206 2064 3257 2117 in
3273 2081 3486 2135 regnum

2732 2137 2893 2184 tuum.

2906 2199 3171 2266 Quomodo
3197 2220 3324 2277 ergo
3352 2208 3485 2277 inef-

2726 2269 2871 2340 fabili
2898 2280 3141 2340 potestate
3172 2269 3485 2332 dominantis

2728 2339 2824 2393 Dei
2841 2342 2908 2391 ad
2929 2344 3178 2409 iustitiam
3191 2344 3484 2416 deputatum

2728 2420 2821 2474 est,
2854 2420 2958 2466 etc.

2803 2482 2878 2535 Id.
2931 2482 3044 2548 Qua
3091 2502 3261 2539 omnes
3302 2488 3487 2543 divina:

2731 2553 2950 2607 actiones
2969 2593 2985 2620 ,
3017 2554 3246 2627 locorum
3288 2568 3487 2627 tempo-

2730 2640 2945 2693 rumque
3004 2626 3244 2693 ordines,
3305 2626 3488 2684 distin-

2729 2697 2895 2749 ctione
2964 2697 3307 2765 pulcherrima
3370 2718 3490 2771 per-

2731 2774 2974 2841 aguntur.

2586 2879 2824 2935 SERMO

2437 2970 2517 3026 De
2551 2972 2691 3027 urbis
2728 2973 2950 3028 excidio.

1975 3062 2193 3133 Legitur
2221 3064 2278 3121 in
2304 3064 2440 3121 Bibl.
2471 3064 2679 3131 Fesul.,
2704 3067 2827 3123 cod.
2859 3083 2952 3133 ιι,
2973 3067 3065 3122 Iol.
3094 3064 3165 3123 45
3186 3069 3236 3124 b.

2174 3177 2239 3233 N.
2285 3179 2334 3233 1.
2385 3177 2490 3234 Per
2535 3192 2663 3249 quos

1909 3249 2009 3302 tria
2048 3247 2311 3303 hominum
2361 3247 2555 3320 genera
2594 3250 2664 3303 si-

1909 3320 2119 3444 gniﬁcat
2144 3320 2298 3374 Deus.

1980 3389 1999 3443 I
2041 3389 2113 3443 id.
2200 3390 2298 3444 Οτι(

1980 3389 2113 3444 Ibid.
2200 3390 2468 3456 Quomodo
2546 3400 2665 3460 ergo

1909 3470 2145 3532 poterant
2219 3463 2283 3515 de
2371 3462 2667 3516 imminente

1910 3532 2236 3586 tribulatione
2265 3532 2493 3587 liberari.

1979 3602 2114 3655 Ibid.
2151 3603 2255 3673 Sed
2284 3604 2337 3656 in
2362 3602 2476 3657 Noe
2504 3602 2665 3673 signi-

1908 3671 2131 3739 ﬁcantur
2162 3672 2279 3725 boni
2309 3671 2588 3740 prtepositi.

1979 3739 2121 3816 N._2.
2146 3739 2332 3816 Utrum
2351 3746 2394 3798 si
2407 3746 2669 3816 decemju-

1911 3822 2013 3867 stos
2040 3813 2093 3867 in
2116 3815 2312 3868 civitate
2336 3813 2661 3882 compererit.

1983 3882 2113 3956 Ibid.
2162 3884 2277 3956 Nec
2333 3887 2545 3956 viginti,
2575 3901 2665 3939 nec

1910 3954 2117 4008 decem?
2148 3954 2209 4010 Si
2238 3954 2409 4009 autem
2453 3957 2667 4010 incredi-

1911 4025 2009 4079 bile
2045 4026 2135 4095 est,
2162 4041 2318 4096 quare
2362 4043 2463 4081 non
2504 4027 2661 4095 Deus,

1910 4106 2013 4151 ειο.

1983 4165 2118 4223 Ibid.
2154 4166 2267 4222 Hoc
2291 4168 2399 4237 ipse
2418 4166 2668 4224 Dominus

1911 4239 2275 4307 prophetarum
2319 4248 2366 4293 et
2412 4240 2669 4307 apostolo-

1910 4325 2045 4362 rum.

1983 4379 2047 4432 N.
2081 4378 2134 4433 5.
2160 4378 2326 4433 Multa
2352 4381 2405 4434 in
2427 4378 2524 4434 hac
2546 4380 2670 4435 urbe

1914 4466 2019 4505 esse
2045 4452 2334 4506 commissa.

1990 4590 2122 4645 Ibid.
2150 4590 2453 4646 Putrescens
2479 4593 2667 4659 ulcere,

1917 4664 2057 4714 sanie
2081 4664 2266 4730 ﬂuens.

1990 4731 2117 4784 Ibid.
2147 4732 2296 4805 Quod
2309 4741 2418 4805 erat
2436 4733 2636 4805 gravius
2650 4733 2675 4785 .’

1919 4800 2076 4853 hocne
2109 4817 2176 4853 an
2211 4802 2343 4854 illud
2373 4800 2603 4856 bellum?

1990 4871 2123 4926 Ibid.
2191 4871 2297 4928 Sed
2342 4872 2456 4928 ideo
2505 4875 2669 4927 minor

1918 4956 2091 5031 paena,
2114 4944 2249 5012 quod
2274 4942 2452 4998 absens
2476 4946 2667 4999 anima.

1990 5083 2122 5138 Ibid.
2159 5084 2265 5140 Sed
2297 5101 2412 5155 quae
2446 5094 2672 5143 moneret

1116 5133 1265 5223 .999:
1310 5132 1611 5223 i‘?__.‘1‘.‘i‘!’.i.‘
1631 5133 1815 5223 ³⁸3δέεὲ
1921 5132 2314 5223 “dirimunt?

1059 5204 1273 5259 aliunde
1313 5205 1619 5273 assumptis.
1691 5204 1816 5259 Haec

1991 5224 2123 5279 Ibid.
2148 5227 2332 5296 Aperte
2354 5229 2545 5283 malum
2567 5244 2677 5283 sua-

1919 5296 2000 5350 det
2023 5297 2247 5351 inimica.

1992 5367 2122 5422 Ibid.
2154 5368 2299 5423 Mala
2324 5386 2426 5424 non
2452 5372 2675 5425 sustine-

1924 5439 2085 5493 bimus
2099 5439 2125 5492 .’

1993 5509 2056 5563 N.
2090 5507 2145 5564 4.
2179 5508 2286 5565 Sed
2313 5512 2479 5566 nescio
2507 5521 2678 5566 utrum

1138 5579 1215 5636 Id.
1256 5581 1403 5653 Quod
1446 5580 1702 5647 infirmum
1740 5588 1819 5653 est
1925 5581 2092 5653 minor
2143 5580 2309 5653 gloria
2365 5582 2464 5653 fuit
2516 5584 2680 5639 sancti

1926 5648 2047 5705 Job.

1998 5721 2063 5777 Ν.
2086 5721 2138 5776 5.
2165 5720 2480 5796 Quicumque
2502 5716 2691 5781 Roma!

2805 3178 2937 3234 Cod.
2988 3177 3092 3233 Per
3115 3196 3240 3249 quos
3268 3181 3368 3235 tria
3395 3181 3491 3236 ho-

2736 3248 2930 3303 minum
2948 3248 3134 3321 genera
3147 3252 3313 3324 signat
3327 3250 3489 3309 Deus.

2807 3388 2883 3444 Id.
2922 3390 3205 3463 Quomodo
3230 3407 3351 3463 ergo
3394 3410 3489 3462 po-

2738 3462 2927 3515 tuerint
2966 3463 3029 3516 de
3065 3462 3357 3516 imminente
3403 3464 3496 3518 tti-

2737 3526 2994 3585 bulatione
3025 3533 3246 3587 liberari.

2810 3600 2894 3675 Id.
2925 3603 3029 3675 Sed
3068 3604 3120 3655 in
3164 3602 3278 3657 Noe
3309 3604 3497 3675 signati

2738 3680 2855 3726 sunt
2879 3674 2996 3725 boni
3028 3675 3309 3742 prazpositi.

2810 3744 2899 3816 Id.
2923 3742 3104 3797 Utrum
3135 3746 3179 3799 si
3205 3744 3375 3799 decem
3396 3748 3493 3816 ju-

2737 3823 2843 3868 stas
2883 3815 2935 3867 in
2981 3816 3181 3869 civitate
3227 3815 3492 3883 repererit.

2811 3884 2889 3939 Id.
2929 3884 3038 3938 Nec
3074 3886 3270 3955 viginti,
3294 3900 3384 3940 nec
3408 3890 3497 3941 de-

2738 3971 2847 4009 cem
2875 3955 3094 4010 saltem?
3123 3956 3239 4010 Hoc
3267 3959 3496 4011 incredi-

2740 4025 2838 4080 bile
2864 4036 2958 4080 est.
2993 4027 3164 4091 Quare
3202 4042 3303 4083 non
3332 4025 3496 4096 Deus,

2740 4106 2843 4152 etc.

2811 4165 2887 4222 Id.
2938 4164 3056 4221 Hoc
3096 4169 3204 4236 ipse
3247 4164 3499 4224 Dominus

2743 4237 3110 4310 prophetarum
3147 4253 3194 4293 et
3238 4242 3497 4310 apostolo-

2739 4324 2856 4361 rum
2878 4308 3047 4365 Jesus.

2814 4380 2889 4433 Id.
2923 4378 3113 4448 Multa_
3131 4378 3223 4433 sub
3263 4381 3358 4435 hac
3393 4381 3498 4438 dis-

2743 4449 2995 4505 solutione
3025 4453 3075 4506 in
3114 4451 3204 4506 illa
3240 4452 3361 4511 urbe
3390 4467 3500 4507 esse

2744 4537 3030 4575 commissa.

2816 4591 2893 4644 Id.
2946 4591 3249 4645 Putrescens
3292 4592 3495 4661 ulcere,

2742 4663 2886 4714 sanie
2912 4662 3136 4731 eﬁluens.

2816 4730 2894 4785 Id.
2942 4730 3079 4798 Quid
3107 4741 3211 4785 erat
3253 4734 3501 4802 gravius?

2749 4801 2845 4856 hoc
2875 4817 2941 4854 an
2970 4802 3101 4855 illud
3136 4801 3367 4857 bellum?

2818 4872 2892 4926 Id.
2967 4872 3073 4928 Sed
3155 4872 3267 4926 ideo
3331 4874 3496 4928 minor

2745 4960 2911 5015 paena,
2926 4942 3029 4996 imo
3042 4944 3154 4997 ideo
3171 4943 3314 4997 nulla
3331 4960 3499 5014 paena,

2742 5014 2880 5085 quod
2923 5014 3101 5085 absens
3128 5017 3321 5069 anima.

2816 5085 2894 5140 Id.
2960 5084 3067 5138 Sed
3127 5100 3240 5154 quis
3290 5095 3505 5141 moveret

2748 5153 3134 5223 blasphemiam.

2818 5227 2893 5281 Id.
2936 5229 3122 5295 Aperte
3150 5226 3343 5279 malum
3382 5242 3507 5283 sua-

2748 5298 2833 5355 det
2856 5298 3042 5350 amica.
3262 5306 3265 5309 '

2820 5369 2899 5441 Id.
2922 5366 3081 5441 illata
3101 5380 3258 5438 quare
3284 5383 3387 5422 non
3417 5385 3506 5423 su-

2748 5438 3043 5496 stinebimus
3060 5439 3087 5492 ?

2824 5510 2898 5564 Id.
2962 5508 3069 5564 Sed
3114 5509 3281 5563 nescio
3332 5518 3505 5563 utrum

2750 5585 2918 5637 minor
2955 5580 3120 5651 gloria
3161 5580 3317 5649 fuerit
3342 5577 3507 5633 sancti

2751 5653 2870 5709 Job.

2822 5726 2899 5779 Id.
2969 5722 3284 5792 Quicumque
3328 5719 3507 5775 Roma
