4012 6338
540 256 674 326 I923

536 381 624 451 qui
668 394 721 434 se
757 376 946 433 audeat
972 375 1174 451 justum
1201 372 1282 427 di-

536 446 668 519 cere,
696 466 730 505 α
757 465 836 504 Ine
855 464 958 503 non
978 446 1147 513 audit,
1177 453 1282 501 etc.

604 589 737 647 Ibid.
789 590 856 645 Ut
896 588 985 644 tibi
1024 586 1284 643 adhiberet

532 663 749 717 curandi
772 660 1106 731 diligentiam.

605 732 736 787 Ibid.
780 730 974 786 Mortui
1001 732 1118 785 sun’t
1152 733 1287 786 enim

529 804 587 858 in
612 802 744 858 bona
770 804 896 868 vita,
925 812 973 858 ει
992 817 1109 857 vera
1121 804 1287 875 justi-

536 876 627 929 tia.

606 945 669 999 Ν.
705 944 757 1001 6.
807 945 985 1013 Qualis
1012 946 1187 999 civitas
1213 956 1289 1000 est

534 1017 803 1071 humilium
836 1031 962 1087 qua,
987 1016 1083 1071 ista
1121 1017 1242 1071 dicit
1263 1017 1289 1070 Ρ

603 1157 736 1213 Ibid.
757 1156 825 1211 Et
846 1158 1117 1228 perniciem
1144 1157 1284 1213 illius

530 1230 664 1300 ignis
689 1237 933 1283 evaserat.

600 1302 663 1355 N.
696 1300 746 1351 7.
771 1300 919 1364 Quod
936 1298 1049 1353 dico
1064 1300 1281 1355 audiunt

529 1370 765 1425 nonnulli
786 1372 1003 1440 forsitan
1029 1375 1113 1439 qui
1135 1388 1288 1426 nove-

530 1451 669 1508 runt,
684 1450 730 1513 et
752 1451 868 1513 sunt
884 1442 937 1494 in
960 1442 1057 1513 hoc
1075 1445 1283 1513 populo.

610 1512 742 1566 Ibid.
777 1510 951 1565 Missis
974 1512 1061 1581 qui
1100 1510 1287 1568 renun-

528 1588 732 1646 tiarent,
760 1581 979 1636 sollicita
999 1598 1112 1649 qua:
1146 1599 1279 1652 pra?-

528 1653 663 1707 dicta
702 1654 889 1721 fuerat,
920 1663 1025 1705 etc.

598 1722 679 1787 N.
721 1724 773 1777 8.
836 1722 1020 1776 Utrum
1059 1723 1158 1776 ista
1202 1725 1281 1778 ira

527 1791 648 1859 Dei,
680 1810 747 1848 an
787 1794 956 1863 potius
997 1794 1282 1847 misericor-

529 1865 617 1917 dia
647 1864 764 1933 fuit.

596 1934 660 1989 Ν.
690 1933 744 1988 9.
784 1934 851 1987 Et
879 1937 1091 1990 caduca:
1110 1952 1283 1991 omnes

528 2006 706 2061 stcculi
732 2006 997 2061 vanitates.

1432 260 1789 319 VABIOIIUM
1826 256 2337 319 OPUSCULORUM
2376 256 2433 316 S.
2474 253 2839 315 AUGUSTINI

1355 374 1496 441 quisi
1512 375 1695 447 audeat
1703 376 1902 447 justum
1918 374 2102 447 dicere,
2136 374 2190 434 Α
2211 371 2299 426 sed
2329 370 2373 423 si
2398 368 2652 435 aliarum,
2683 376 2788 424 etc.

1356 463 1389 498 a
1407 462 1484 500 me
1505 444 1820 514 audietfetc.
1846 444 1968 501 Vid.
1992 460 2105 499 var.

1357 516 1526 570 Maur.

1411 532 1526 572 aur.

1427 586 1505 642 Id.
1537 588 1604 644 Ut
1628 588 1717 641 tibi
1741 587 2001 643 adhiberet
2022 605 2112 643 cu-

1355 661 1568 714 rationis
1596 661 1931 729 diligentiam.

1431 731 1511 785 Id.‘
1565 731 1758 786 Msrtui
1812 741 1927 785 sunt
1975 749 2113 785 enim

1359 803 1408 855 in
1441 803 1571 858 bona
1596 805 1697 858 vita
1717 812 1766 858 et
1794 818 1931 870 vera,
1962 814 2008 857 et
2023 804 2114 874 ju-

1360 881 1461 928 sta.

1433 944 1507 999 Id.
1578 945 1753 1011 Qualis
1810 946 1981 999 civitas
2040 954 2114 999 est

1360 1017 1649 1085 humilium,
1681 1014 1963 1085 civiumque
1988 1032 2111 1071 san-

1359 1089 1590 1141 clarum?

1434 1158 1507 1212 Id.
1559 1158 1626 1212 Et
1652 1156 1936 1225 periculum
1967 1158 2110 1212 illius

1356 1226 1490 1299 ignis
1518 1240 1761 1283 evaserat.

1427 1299 1506 1354 Id.
1529 1298 1679 1363 Quod
1700 1300 1813 1353 dico
1840 1299 2111 1353 audierunt

1360 1370 1620 1432 nonnulli,
1647 1381 1693 1424 et
1717 1370 1932 1439 forsitan
1957 1385 2110 1423 nove-

1357 1450 1499 1509 runt,
1516 1450 1562 1496 et
1578 1450 1692 1510 sunt
1714 1444 1765 1494 in
1783 1440 1878 1494 hoc
1894 1444 2105 1510 papula.

1431 1510 1506 1566 Id.
1537 1509 1711 1565 Missis
1738 1512 1823 1579 qui
1849 1509 2110 1565 renuntia-

1354 1593 1468 1635 rent
1480 1583 1719 1649 sollicite,
1737 1596 1850 1652 qua:
1862 1583 2106 1653 prtcdicta

1353 1658 1539 1723 fuerat.
1563 1663 1666 1723 etc.

1423 1723 1498 1779 Id.
1536 1722 1721 1778 Utrum
1754 1724 1852 1778 ista
1876 1724 1957 1777 ira
1988 1722 2083 1777 Dei

2283 512 2413 579 Cap.
2448 526 2600 566 XLIII.
2644 509 2715 564 Et
2738 508 2977 563 inimica

2216 583 2485 637 eaisterent
2514 592 2706 636 sanctte
2742 581 2865 634 luci.

2289 652 2421 709 Ibid.
2472 651 2587 707 Hoc
2632 668 2787 722 quam
2828 651 2972 721 nefas

2214 725 2280 778 sit
2310 725 2475 778 dicere
2502 725 2590 794 qui
2620 724 2789 791 videt,
2841 739 2999 776 ana--

2215 794 2421 850 themet.

3659 262 3801 320 seu

3044 364 3290 437 aliarum,
3344 375 3447 425 etc.
3504 371 3629 429 Vid.
3688 392 3801 433 var.

3042 435 3213 494 Maur.

3117 508 3197 563 Id.
3247 507 3317 563 Ει
3363 513 3572 568 inimica
3614 518 3807 574 existe-

3046 590 3155 645 rent
3184 590 3372 636 sanctte
3401 582 3526 638 luci.

3118 650 3196 705 Id.
3229 651 3345 705 Hoc
3372 658 3507 721 quod
3546 658 3698 725 nefas
3743 662 3811 715 sit

3045 721 3211 775 dicere
3231 732 3431 778 natura:
3448 725 3543 779 Dei
3563 745 3596 780 a
3614 721 3809 783 natura

3044 791 3141 847 Dei
3163 793 3236 846 sic
3257 794 3534 859 subveniri,
3552 800 3642 863 qui
3657 803 3808 854 audit

3041 863 3453 920 anathematizet.
3511 868 3635 923 Vid.
3687 885 3806 927 Var.

2213 937 2381 993 Maus.
2414 936 2546 992 Cod.
2576 937 2735 991 habet
2764 934 3432 1007 semperanathematizare
3463 953 3562 1007 pro
3584 942 3807 994 anathe-

2212 1024 2375 1078 mare,
2393 1008 2536 1078 quod
2557 1008 2750 1078 legitur
2772 1008 2965 1076 ubique
2985 1004 3039 1059 in
3061 1006 3191 1061 edit.

2285 1077 2423 1149 Cap.
2466 1077 2627 1151 XLIV;
2652 1078 2770 1133 Hoc
2805 1095 2963 1151 genus

2212 1149 2568 1219 nefandissimi
2592 1152 2799 1203 erroris.

2286 1221 2416 1275 Ibid.
2465 1221 2589 1276 Sua:
2636 1221 2805 1275 titulis
2851 1220 2971 1274 sub-

2212 1293 2435 1346 stantite.

2283 1362 2412 1416 Ibid.
2468 1360 2731 1431 Virginum
2757 1363 2966 1417 inteme-

2209 1442 2378 1487 ratam
2396 1432 2802 1488 similitudinem.

2284 1574 2413 1629 Ibid.
2449 1573 2568 1628 Hac
2596 1577 2858 1629 occasione
2885 1575 2967 1628 la-

2208 1654 2334 1698 :cata
2360 1646 2547 1698 evadit.

2284 1715 2414 1769 Ibid.
2440 1713 2505 1767 Et
2524 1716 2776 1770 caloribus
2799 1716 2966 1769 diver-

1423 1760 1498 1779 ι...
1536 1760 1721 1778 νυνι...
1756 1760 1852 1778 η...
1877 1760 1957 1777 η..
1988 1760 2079 1777 υ..
2284 1760 2414 1769 η.-.
2440 1760 2502 1767 --
2524 1760 2555 1769 -,

1353 1811 1421 1876 an
1478 1796 1677 1876 'potius
1754 1763 2109 1850 misericorditi
2137 1760 2187 1823 Β
2211 1785 2281 1839 sis
2283 1786 2555 1876 hin/icitur.

1356 1867 1528 1936 fuerit.

2281 1855 2408 1921 Cap.
2462 1872 2590 1909 XLV.
2648 1855 2869 1910 Vitalem
2892 1856 2964 1909 il-

3075 1148 3086 1158 .
3110 1077 3185 1131 Id.
3218 1077 3335 1131 Hoc
3354 1095 3513 1158 genus
3540 1081 3803 1150 nefandis-

3042 1164 3173 1200 simu
3181 1165 3228 1199 III
3256 1165 3464 1203 ετνοτιι.

3113 1219 3190 1273 Id.
3223 1218 3336 1272 Sua
3366 1222 3537 1275 vitalis
3557 1222 3803 1277 substan-

3041 1291 3131 1343 tia.
3163 1289 3284 1343 Vid.
3316 1305 3430 1344 var.
3463 1292 3636 1345 Maur.

3112 1360 3187 1414 Id.
3227 1359 3500 1430 Virginum
3549 1364 3808 1426 intempe-

3036 1439 3203 1484 ratam
3233 1431 3652 1488 similitudinem.
3684 1434 3802 1490 Vid.

3045 1516 3157 1557 var.
3190 1501 3357 1556 Maur.

3117 1573 3194 1627 Id.
3245 1572 3363 1627 Hac
3408 1575 3679 1629 occasione
3734 1576 3807 1628 la-

3042 1652 3166 1697 a'ata
3197 1645 3468 1701 evanescit.

3110 1714 3187 1767 Id.
3214 1712 3279 1765 Et
3303 1716 3559 1769 coloribus
3583 1718 3805 1769 diversis

3036 1784 3290 1853 inﬁgitur.
3323 1785 3443 1839 Vid.
3470 1801 3592 1839 var.
3628 1786 3801 1841 Maus.

3107 1855 3185 1908 Id.
3236 1854 3453 1909 Vitalem
3496 1857 3646 1909 illam
3678 1856 3801 1909 sub-

1426 1935 1504 1989 ld,
1559 1936 1629 1991 Ει
1680 1937 1889 1991 cadum
1937 1951 2110 1992 omne;
2211 1926 2312 1997 lant
2351 1926 2719 1992 substantiam,
2769 1935 2965 1997 partem
3036 1926 3317 1997 stantiam,
3379 1943 3537 1995 quam
3602 1937 3803 1995 partem

1353 2006 1531 2062 steculi
1561 2008 1868 2078 voluptates.

1211 2120 1421 2176 LIBER

1106 2249 1172 2288 DE
1210 2248 1420 2289 NATURA
1457 2248 1596 2290 BONI.

598 2327 814 2398 Legitur
839 2326 891 2382 in
917 2326 1051 2381 Bibl.
1078 2325 1355 2395 Laurenti,
1387 2326 1519 2398 plut.
1546 2343 1655 2384 XVII
1683 2327 1857 2397 dext.,
1882 2327 2105 2399 cod.III,

526 2424 618 2479 I01.
654 2421 754 2477 I27
780 2423 829 2477 b.

598 2516 736 2572 Edit.
757 2517 885 2585 Cap.
913 2533 989 2571 ιιι.
1009 2516 1137 2573 Hac
1157 2534 1278 2585 ergo

529 2588 648 2652 tria,
668 2588 871 2656 modus,
898 2592 1110 2656 species,
1126 2588 1277 2644 ordo.

542 2672 545 2675 '
596 2660 727 2727 Cap.
785 2674 832 2711 ν.
902 2658 1110 2715 Natura
1170 2675 1281 2728 qua:

525 2745 645 2785 cum
668 2740 852 2798 prarsto
879 2740 972 2783 est.

496 2865 503 2871 ,
595 2798 724 2871 Cap.
750 2816 845 2855 νιι.
878 2799 1155 2855 Peccantes
1184 2801 1283 2870 igi-

527 2882 611 2926 tur
636 2873 690 2925 in
729 2871 996 2941 suppliciis
1037 2872 1279 2926 ordinan-

526 2954 629 2997 tur.

594 3013 724 3083 Cap.
752 3028 806 3068 ι.
841 3014 1172 3083 Quocumque
1198 3028 1278 3068 or-

523 3085 643 3140 dine
676 3082 838 3152 sunt,
866 3085 987 3154 quia
1016 3082 1156 3143 Deus
1185 3093 1281 3152 est,

522 3164 627 3213 etc.

590 3227 722 3296 Cap.
765 3239 865 3281 XII.
926 3225 995 3280 Et
1051 3226 1105 3280 in
1168 3224 1275 3281 Deo

523 3305 664 3351 tanta
694 3296 853 3351 mala.

592 3366 723 3437 Cap.
750 3383 839 3422 xv.
867 3366 929 3421 Et
959 3368 1279 3437 apertissime

523 3439 723 3493 veritati
753 3449 1117 3509 repugnantes.

592 3508 722 3577 Cap.
753 3521 862 3563 χιι.
885 3507 983 3563 ἐἰς
1009 3508 1184 3562 abillo
1206 3517 1281 3561 est

522 3594 671 3635 omne
691 3579 828 3647 quod
855 3578 1157 3632 naturaliter
1183 3588 1277 3645 est,

522 3650 761 3719 quoniam
793 3664 941 3703 omne
972 3650 1108 3718 quod
1134 3660 1283 3703 natu-

522 3721 702 3775 raliter
729 3728 833 3785 est,
861 3720 1049 3774 bonum
1079 3730 1173 3774 est.

594 3789 725 3858 Cap.
750 3807 860 3845 xxI.
879 3791 1012 3854 Quia
1034 3791 1217 3845 modus
1241 3791 1295 3846 in

522 3863 597 3918 eis
622 3862 806 3933 aliquis
835 3862 1034 3917 restitit.

596 4003 727 4075 Cap.
783 4018 936 4058 nm.
996 4002 1132 4069 Quia
1170 4013 1291 4058 sunt

534 4076 705 4131 aliena
726 4084 772 4130 et
792 4076 1094 4146 incongrua.

592 4147 721 4216 Cap.
742 4160 868 4200 xxv.
893 4144 1043 4216 Quod
1057 4145 1191 4216 enim
1214 4160 1295 4200 re-

521 4232 640 4272 vera
673 4214 763 4273 ἐει
790 4215 1019 4286 aliquid,
1057 4214 1183 4286 quid
1207 4216 1293 4271 in-

524 4298 695 4344 terest.

592 4359 726 4427 Cap.
768 4372 894 4427 xxx.
933 4356 1000 4409 Et
1046 4357 1296 4412 marima-

522 4443 642 4482 rum
667 4426 715 4482 et
732 4426 1077 4480 minimarum.

592 4495 1173 4567 Cap.xxx1x.zEternus
1189 4513 1285 4550 au-

524 4580 623 4625 tem
656 4566 808 4641 ignis,
844 4584 947 4641 non
985 4570 1113 4641 sicut
1142 4566 1284 4641 Deus

523 4640 760 4709 teternus,
775 4640 913 4709 quod
933 4640 1032 4692 etsi
1053 4640 1162 4693 sine
1182 4640 1285 4708 fine

522 4713 609 4779 sit,
642 4728 742 4766 non
766 4720 838 4764 est
865 4719 1033 4764 tamen
1048 4711 1159 4763 sine
1184 4711 1283 4763 ini-

524 4784 621 4846 tio;
641 4780 778 4836 Deus
805 4792 975 4836 autem
995 4782 1148 4835 etiam
1172 4782 1282 4835 sine

522 4854 671 4907 initio
690 4861 781 4907 est.
806 4852 1004 4907 Deinde
1028 4852 1150 4923 quia
1171 4852 1287 4907 li'cet

525 4934 819 4996 perpetuus,
853 4931 958 4981 etc.

596 5136 733 5195 Ibid.
752 5136 881 5192 Cum
899 5136 1058 5206 possit
1072 5135 1281 5190 mutari.

596 5278 725 5350 Cap.
755 5294 862 5333 xu.
889 5277 962 5332 Ac
990 5278 1281 5348 fecundita-

530 5358 601 5403 tes
627 5350 881 5404 habuisse.

600 5419 733 5475 Ibid.
768 5419 833 5473 Et
862 5420 1105 5473 dimensis
1126 5435 1284 5473 ment-

528 5490 634 5559 bris
672 5501 824 5559 atque
869 5490 1284 5544 habitationibus.

598 5557 1123 5629 Ibid.'Autquodlibet
1142 5560 1288 5616 aliud

529 5632 638 5687 sine
666 5632 840 5701 aliqua
861 5631 1126 5688 societate.

603 5772 736 5847 Cap.
749 5787 879 5833 XLII.
899 5770 1286 5848 Nihilomnino,

1423 2516 1556 2599 cod.
1582 2515 1712 2599 Htec
1752 2516 1872 2585 tria,
1905 2517 2106 2584 modus,

1354 2739 1537 2801 prterita
1553 2736 1648 2801 _sit.

1426 2800 1501 2854 Id.
1543 2797 1841 2853 Peccatores
1869 2800 2023 2870 igitur
2052 2802 2106 2856 in

1355 2871 1622 2941 suppliciis
1652 2870 1974 2925 ordinantur.

1426 3011 1504 3067 Id.
1556 3012 1883 3083 Quocumque
1925 3013 2106 3068 ordine

1355 3091 1497 3150 sunt,
1539 3094 1655 3139 sunt
1683 3082 1805 3154 quia
1835 3082 1972 3139 Deus
2007 3092 2101 3155 est,

1346 3164 1453 3213 CIC.

1421 3224 1498 3279 Id.
1553 3224 1621 3279 Et
1650 3227 1705 3281 in
1734 3242 1930 3282 summo
1971 3226 2104 3283 bono

1353 3304 1497 3350 tanta
1520 3300 1681 3351 mala.

1422 3366 1503 3448 Id.
1540 3367 1609 3448 Et
1634 3370 1952 3436 apertissime
1980 3370 2108 3425 vcti-

1351 3440 1445 3491 tuti
1465 3440 1770 3494 resistentes.

1424 3506 1504 3563 Id.
1538 3508 1629 3563 Sic
1650 3512 1714 3563 ab
1744 3510 1838 3565 illo
1867 3521 1941 3565 est
1965 3528 2113 3567 omne

1352 3577 1489 3648 quod
1506 3581 1745 3634 naturale
1760 3589 1852 3644 est,
1869 3584 2113 3651 quoniam

1355 3664 1504 3722 omne
1550 3652 1686 3722 quod
1698 3720 1708 3722 ᾼ
1733 3654 1965 3706 naturale
2013 3663 2110 3722 est,

1359 3718 1651 3775 bonumest.
1670 3720 1791 3777 Vid.
1811 3737 1924 3776 var.
1940 3718 2112 3781 Maur.

1442 3790 1518 3846 Id.
1554 3791 1687 3858 Quia
1716 3793 1897 3846 modus
1941 3796 1995 3847 in
2043 3797 2115 3849 eis

1364 3860 1550 3986 siliquis
1590 3862 1799 3917 resistit.
1845 3862 1966 3920 για.
2000 3880 2113 3921 var.

1422 3946 1538 3986 aur.

1422 3946 1538 3986 aur.

1434 4002 1511 4056 Id.
1546 4004 1694 4069 Quod
1712 4004 1815 4058 sint
1862 4005 2031 4061 aliena
2068 4013 2117 4061 et
2222 4003 2226 4006 ⁴

1361 4072 1662 4146 incongrua.

2130 3133 2180 3197 C

2208 1996 2329 2051 Dei.

2278 2066 2410 2135 Cap.
2440 2084 2585 2122 XLVI.
2619 2067 2685 2121 Id
2709 2068 2848 2138 quod
2877 2084 2968 2139 po-

2211 2139 2528 2193 stulabantur
2556 2139 2798 2206 prtebere.

2279 2208 2407 2263 Ibid.
2443 2209 2590 2263 Idem
2620 2212 2793 2265 lumen
2818 2211 2968 2282 jugi-

2210 2289 2285 2333 ter
2307 2290 2611 2336 retenturos.

2282 2350 2413 2405 Ibid.
2438 2349 2523 2405 Ea:
2546 2356 2656 2421 fera
2682 2352 2970 2424 genitorum

2208 2431 2370 2492 gente.

2465 2492 2615 2548 Nihil
2660 2493 2813 2549 etiam
2863 2492 2973 2562 ipse

2211 2564 2515 2689 admittit“)
2519 2651 2551 2686 ιι
2610 2634 2788 2689 eadem
2833 2633 2969 2699 enim

2208 2705 2658 2760 construebantur.

2281 2774 2414 2831 Ibid.
2437 2775 2810 2848 zEternamquc
2831 2789 2965 2845 pra:-

2216 2855 2431 2915 ponant.

3040 1992 3159 2050 Dei.
3227 2049 3231 2052 .

3110 2067 3188 2120 Id.
3234 2066 3300 2119 Id
3339 2068 3477 2137 quod
3497 2068 3805 2137 postulaba-

3040 2144 3125 2190 tur
3154 2140 3395 2204 praebere.

3110 2207 3190 2263 Id.
3224 2206 3370 2263 Idem
3410 2212 3585 2265 lumen
3604 2213 3806 2283 jugiter

3039 2288 3355 2346 recepturos.

3112 2349 3190 2403 Id.
3232 2348 3316 2404 Ex
3356 2352 3467 2421 fera
3513 2354 3807 2422 genitorum

3041 2430 3225 2474 mente.
3262 2422 3376 2475 για.
3411 2437 3528 2476 var.
3559 2426 3737 2477 Maur.

3113 2491 3192 2545 Id.
3219 2491 3372 2546 Nihil
3397 2494 3560 2547 etiam
3590 2495 3704 2564 ipse
3730 2496 3811 2548 ad-

3041 2562 3253 2616 ducens.

3114 2633 3191 2687 Id.
3218 2633 3283 2688 In
3305 2636 3481 2690 eadem
3512 2636 3657 2690 enim
3686 2651 3811 2689 con-

3039 2704 3395 2759 stituebantur.

3110 2775 3188 2829 Id.
3208 2774 3587 2848 {Etcrnamque
3610 2793 3816 2847 prepo—

3041 2854 3188 2910 nant,
3211 2856 3259 2899 te
3280 2859 3559 2915 praestante
3575 2849 3671 2918 qui
3692 2849 3816 2901 ritis

3040 2925 3089 2969 ει
3108 2932 3291 2987 regnas
3307 2935 3397 2986 per
3418 2923 3596 2973 omnia
3618 2920 3818 2975 siccata

3040 2988 3361 3043 steculorum.
3396 2994 3584 3044 Amen.

2849 3082 2856 3089 ί
2902 3055 3102 3112 LIBER

2509 3164 2575 3206 bl
2615 3160 2918 3204 HERMIBUS
2953 3163 3022 3201 ΔΙ)
3060 3162 3500 3210 ρυοιδνυιτυεωι.

2280 3239 2497 3313 I_.egitu_r
2537 3240 2592 3295 in
2621 3236 2981 3313 cod._Cassin.
3014 3251 3259 3313 CCCCLV‘I,
3289 3241 3383 3313 I91.
3409 3244 3480 3297 64
3505 3258 3538 3296 a
3564 3251 3741 3313 tergo.

2284 3309 2427 3364 Edit.
2450 3309 2580 3378 Cap.
2608 3324 2686 3363 ιιι.
2712 3309 2839 3363 Esse
2860 3322 2971 3377 pro-

2212 3381 2426 3451 fundum
2451 3388 2497 3434 et
2529 3380 2789 3435 silentium
2836 3379 2971 3447 quod

2213 3452 2550 3522 profundum,
2575 3460 2683 3507 etc.

2286 3592 2419 3660 Cap.
2459 3608 2611 3648 XXIII.
2662 3590 2791 3646 Tam
2839 3590 2973 3660 falsa

2286 3608 2359 3647 ua
2404 3631 2419 3646 .
2459 3608 2611 3648 mu.
2663 3608 2791 3646 Iam
2839 3608 2973 3660 fama

2214 3661 2279 3716 de
2312 3608 2514 3717 Chi-isto
2540 3663 2780 3731 sensisse,
2805 3670 2859 3715 ut
2889 3661 2974 3714 di-

2215 3743 2345 3787 ceret
2375 3750 2509 3787 cum.

2287 3801 2418 3872 Cap.
2452 3820 2581 3859 χιιι.
2612 3805 2711 3860 Isti
2737 3811 2855 3857 sunt
2889 3819 2972 3857 ne-

2216 3874 2376 3942 fanda
2405 3877 2663 3946 facientes.

2289 4015 2422 4085 Cap.
2456 4032 2585 4071 LVII.
2610 4015 2802 4071 Nescio
2820 4035 2976 4088 quam

2217 4085 2591 4157 phantatiscam
2658 4098 2709 4141 et
2779 4085 2973 4147 ridicu-

1440 4144 1529 4199 Id.'
1553 4147 1701 4211 Quod
1739 4145 1877 4226 enim
1898 4154 1990 4226 est,
2041 4163 2120 4201 re-
2217 4144 2325 4210 iam
2353 4156 2581 4226 fabulam
2611 4176 2843 4215 narrare.

1366 4230 1484 4269 vera
1511 4226 1606 4283 est,
1637 4232 1729 4273 nec
1751 4217 1944 4285 aliquid
1962 4218 2121 4273 inter-

1367 4294 1463 4340 est.

1440 4357 1518 4411 Id.
1564 4354 1633 4410 Et
1677 4360 2019 4413 maximorum
2072 4369 2121 4413 et

1366 4426 1695 4481 minutorum.

1356 4582 1456 4621 non
1508 4569 1637 4621 sicut
1685 4567 1818 4623 Deus
1855 4567 2105 4636 aztcrnus,

1355 4639 1572 4703 dicitur,
1625 4640 1790 4709 primo
1828 4640 1969 4708 quia,
2016 4642 2109 4695 etsi

1354 4720 1619 4781 prapterea
1658 4711 1846 4765 dicitur
1867 4723 2104 4777 teternus,

1360 4862 1525 4906 tamen
1546 4853 1656 4905 sine
1672 4852 1839 4918 initio;
1857 4850 1996 4908 Deus
2011 4871 2105 4908 au-

1362 4932 1464 4976 tem
1483 4924 1592 4977 sine
1614 4924 1761 4976 initio
1783 4932 1878 4979 est.
1908 4924 2107 4981 Deinde

1359 4994 1478 5067 quia
1524 4993 1635 5047 licet
1653 5004 1957 5067 perpetuus,
1998 5006 2106 5054 etc.

1360 5063 1485 5119 Vid.
1524 5079 1636 5119 var.
1653 5063 1823 5119 Maur.

1429 5134 1509 5188 Id.
1534 5207 1539 5208 γ
1568 5133 1696 5189 Cum
1737 5144 1903 5191 tamen
1952 5138 2110 5208 possit

1354 5207 1562 5262 mutari.

1428 5276 1504 5333 Id.
1547 5278 1619 5332 Ac
1645 5277 1974 5349 fecunditatis
2019 5282 2112 5336 ha-

1359 5349 1548 5403 buissc.

1430 5419 1509 5475 Id.
1541 5417 1607 5473 Et
1638 5417 1851 5476 diversis
1879 5422 2115 5478 membris

1360 5499 1511 5560 atque
1536 5491 1950 5546 habitationibus.

1432 5562 1508 5616 Id.
1550 5562 1651 5614 Aut
1681 5563 1935 5631 quodlibet
1966 5564 2113 5619 aliud

1359 5631 1470 5687 sine
1495 5632 1671 5700 aliqua
1697 5634 1947 5691 satietate.
1990 5636 2112 5692 για.

1361 5717 1476 5758 var.
1510 5703 1676 5758 Maur.

1432 5774 1511 5833 Id.
1558 5772 1710 5837 Nihil
1775 5776 2012 5849 omnino,
2066 5777 2114 5834 si

2291 4227 2421 4297 Cap.
2466 4244 2587 4283 va.
2639 4231 2742 4298 Qui
2780 4232 2979 4288 dicebat

2219 4296 2388 4368 Deum
2417 4315 2519 4353 non
2541 4296 2708 4368 facere
2731 4304 2890 4357 mula.

2292 4367 2421 4437 Cap.
2442 4367 2695 4425 LXXXVIII.
2713 4371 2822 4424 Nec
2842 4375 2979 4428 unde

3116 3311 3248 3364 Cod.
3295 3309 3445 3366 Esset
3485 3309 3813 3381 profundunt

3043 3390 3091 3435 et
3121 3382 3375 3436 silentium
3398 3393 3645 3448 matrem,
3677 3391 3809 3454 quod

3044 3455 3385 3576 plrofundum,
3411 3466 3517 3509 etc.
3552 3454 3673 3511 Vid.
3702 3471 3808 3510 var.

3095 3538 3211 3576 aur.

3095 3538 3211 3577 aur.

3120 3593 3200 3650 Id.
3272 3592 3397 3649 Tam
3455 3595 3702 3665 fabulosa
3748 3600 3808 3649 de

3044 3664 3249 3721 Christo
3273 3664 3514 3731 sensisse,
3542 3675 3599 3719 ut
3624 3668 3806 3721 diceret

3044 3735 3327 3792 Christum.

3117 3807 3194 3859 Id.
3240 3808 3376 3862 Sunt
3414 3809 3500 3861 isti
3532 3810 3807 3863 inenarra-

3047 3878 3172 3949 bilia
3202 3878 3463 3949 facientes.
3521 3879 3650 3935 Vid.
3696 3894 3806 3934 var.

3046 3948 3219 4003 Maur.

3121 4019 3195 4073 Id.
3232 4019 3419 4075 Nescio
3444 4036 3564 4092 quia
3591 4022 3810 4090 phanta-

3044 4090 3175 4144 stica
3223 4100 3271 4144 et
3308 4090 3529 4145 ridicule
3568 4092 3806 4160 fabulosa

3049 4176 3276 4215 narrare.
3306 4160 3425 4216 για.
3460 4162 3590 4217 ibid.

3121 4231 3201 4287 Id.
3252 4231 3353 4298 Qui
3403 4232 3607 4287 dicebat
3648 4231 3808 4287 Deum

3048 4319 3153 4357 non
3178 4318 3379 4357 creasse
3406 4305 3570 4358 mala.

3121 4373 3199 4429 Id.
3268 4371 3401 4445 Nec,
3443 4378 3581 4429 unde
3649 4375 3811 4445 accipi

1961 4500 1972 4510 _
2052 4502 2061 4511 .
2140 4508 2180 4514 Α
2224 4440 2381 4514 possit
2397 4440 2804 4514 accipi,scimus.
2826 4444 2978 4510 Quod
3049 4445 3195 4514 (cod.
3222 4442 3411 4513 decipi)
3446 4447 3660 4499 scimus.
3691 4440 3813 4499 Cer-

1426 4495 1759 4579 Id.zEternas
1771 4507 1941 4552 autem
1955 4500 2108 4571 ignis,
2140 4508 2195 4569 Ι)
2216 4495 2264 4564 ai
2293 4520 2348 4563 tu
2374 4495 2580 4579 scieris,
2602 4495 2708 4573 etc.

3052 4515 3277 4571 tissimus
3320 4517 3471 4570 homo
3510 4518 3810 4583 studiosus,

3047 4595 3153 4641 etc.
3188 4586 3332 4641 Sicut
3356 4585 3553 4657 legitur
3598 4589 3652 4642 in
3696 4602 3807 4643 var.

3050 4657 3220 4712 Maur.
3246 4672 3379 4727 quas
3405 4658 3619 4712 videas.

1429 4724 1619 4793 ipserea
1658 4724 1846 4793 dicitur
1867 4724 2105 4793 teternus,
2218 4792 2255 4793 π
2283 4724 2593 4792 Sequuntur
2649 4737 2827 4783 autem
2881 4727 2934 4783 in
2975 4727 3167 4784 codice
3213 4724 3334 4782 dua
3382 4727 3503 4783 alia:
3550 4728 3812 4793 haereses,

1352 4784 1473 4847 quia
1502 4782 1612 4862 sine
1647 4781 1747 4863 fine
1773 4783 1999 4868 fin-“non
2034 4792 2105 4837 est

2232 4781 2646 4868 Iestoifianorum
2686 4781 3496 4868 sciIicctwet‘IiiutpcbiauOI-um,
3545 4781 3722 4855 Sicut—iv
3739 4781 3814 4855 visi

2211 4864 2335 4921 cod.
2365 4865 2832 4925 Benedictinorum
2864 4871 3037 4928 sancti
3066 4864 3254 4926 Mauri.
3289 4868 3410 4925 Vid.
3440 4883 3555 4925 var.

2916 4961 3099 5019 LIBRI

2406 5062 2618 5107 CONTRA
2646 5067 2921 5111 SECUNDAI
2957 5068 3161 5112 IULILNI
3196 5069 3615 5112 “SPONSIONBI.

2286 5142 2556 5220 Leguntur
2595 5149 2648 5203 in
2683 5149 2804 5206 cod.
2844 5146 3053 5205 Cassia.
3096 5165 3281 5218 cuIv,
3311 5150 3404 5205 fol.
3430 5152 3485 5220 I,
3519 5153 3613 5206 ubi
3645 5151 3808 5206 multa

2215 5214 2408 5290 menda
2448 5229 2771 5290 occurrunt,
2804 5220 2898 5277 sed
2930 5222 3070 5275 inter
3101 5220 3190 5275 illa
3222 5214 3482 5290 quaedam
3512 5230 3806 5278 occurrunt

2226 5287 2512 5362 sat-iantes
2524 5289 2781 5362 lectiones
2811 5305 2933 5362 qua:
2962 5305 3070 5345 non
3099 5287 3346 5347 videntur
3379 5294 3719 5360 respuendae.

2292 5355 2449 5433 Edit._
2492 5357 2611 5433 Lib.
2645 5376 2704 5426 II,
2733 5355 2853 5433 cap'.
2885 5378 2974 5417 xv.

2219 5424 2653 5503 Prtevaricatione
2690 5424 2842 5503 primi
2879 5435 2977 5487 ho-

2218 5497 2369 5549 minis
2398 5500 2452 5551 in
2484 5497 2720 5555 naturam
2750 5505 2974 5561 verterit.

2290 5567 2407 5643 Lib.
2454 5585 2547 5637 III,
2588 5588 2705 5643 cap.
2775 5591 2973 5631 Luxu.

2220 5635 2369 5693 Unde
2384 5655 2508 5715 ergo,
2520 5635 2621 5697 non
2636 5635 2973 5715 exsufﬂatam.

3122 5364 3257 5420 Cod.
3298 5363 3403 5418 Per
3433 5366 3821 5434 prtcvaricatia-

3052 5450 3166 5487 nem
3209 5436 3359 5503 primi
3385 5436 3611 5490 hominis
3642 5437 3695 5488 in
3726 5452 3819 5488 na-

3050 5512 3221 5558 turam
3241 5508 3464 5562 verterit.

3121 5575 3198 5629 Id.
3231 5575 3383 5631 Unde
3419 5593 3541 5647 ergo
3578 5593 3682 5629 non
3721 5592 3817 5630 e1-

3048 5647 3298 5717 sufﬂatam
3316 5689 3330 5713 ,
3394 5665 3499 5702 non
3538 5647 3819 5701 exercise-

2217 5724 2320 5761 non
2341 5714 2683 5772 exorcizatam
2704 5714 2976 5790 imaginem
3046 5714 3170 5782 tam.
3200 5734 3302 5772 non
3335 5718 3650 5789 baptizatum
3674 5718 3815 5773 ima-

2216 5794 2383 5836 suam.

3047 5790 3219 5860 ginem
3243 5805 3411 5846 suam.
