4012 6338
339 364 477 429 1225

407 490 562 557 lbid.,
594 507 709 562 cap.
742 509 845 550 cn.
901 493 1087 552 Catho-

329 560 431 617 lica
450 560 670 618 sanitate
689 564 958 636 fulgentes.
1159 574 1426 644 fulgentes.

645 695 795 736 LIBER
835 699 900 737 DE
940 700 1174 742 DIVERSIS
1213 705 1618 752 QUASS'I‘IONIBUS.

401 787 683 858 Reperitur
709 793 846 847 inter
866 794 1078 852 chartas
1110 798 1170 851 D.
1199 800 1531 872 Frangipane
1557 821 1659 860 una
1689 808 1910 877 quaestio

327 894 446 949 qua:
475 883 772 952 supplenda
799 885 994 941 dicitur
1024 889 1116 945 fol.
1143 890 1196 959 ὁ,
1227 895 1452 955 totn.Vl.
1484 895 1780 967 Benedict.,
1813 903 1906 957 sed

325 969 475 1027 locus
501 973 656 1030 aliter
683 992 788 1032 non
816 978 1103 1047 indicatur,
1131 999 1227 1038 nec
1251 994 1394 1039 recta
1425 988 1630 1042 videtur
1660 1007 1786 1058 vaga
1817 994 1906 1048 illa

322 1068 592 1124 iudicatio.
645 1071 791 1130 llanc
842 1085 1018 1131 autem
1069 1077 1421 1146 quaestionem
1472 1083 1611 1150 apud
1665 1096 1904 1141 sanctum

321 1161 673 1230 Augustinum
721 1166 964 1222 invenire
997 1184 1099 1223 non
1130 1171 1298 1238 potui.
1341 1172 1429 1227 Sic
1459 1187 1634 1230 autem
1659 1192 1718 1232 se
1747 1177 1906 1233 habet

320 1253 374 1309 in
400 1256 521 1311 cod.
552 1255 763 1312 Cassio.
787 1275 950 1327 cun,
984 1261 1077 1316 fol.
1112 1263 1182 1317 90
1209 1279 1238 1316 a
1272 1275 1442 1336 tergo.

806 1388 872 1427 DE
911 1389 1066 1429 MAGIS
1105 1391 1394 1432 PHARAONIS

313 1477 316 1480 ⁴
388 1481 504 1538 Νοιι
535 1494 746 1553 oportet
773 1489 976 1542 moveri
1007 1504 1125 1544 cum
1171 1492 1390 1561 magicis
1419 1494 1620 1549 artibus
1649 1498 1901 1554 miracula

315 1576 451 1632 fiant
495 1581 806 1648 plerumque
868 1582 1061 1638 similia
1113 1586 1415 1652 miraculis,
1466 1603 1584 1657 qua:
1636 1591 1766 1646 fiunt
1810 1609 1904 1661 per

310 1683 527 1728 sanctos
575 1674 666 1728 Dei
714 1690 931 1742 servos,
981 1679 1121 1732 sicut
1164 1681 1420 1750 scriptum
1467 1691 1549 1736 est
1597 1683 1898 1755 in,Exodo,

310 1765 451 1834 quod
503 1767 639 1836 magi
688 1767 982 1824 Pharaonis
1033 1770 1273 1828 fecerunt
1329 1776 1582 1830 nonnulla
1630 1778 1895 1849 similiter,

1567 382 1942 445 LECTIONES
1980 387 2381 455 VARIANTES.

1235 501 1307 556 Id.
1342 503 1604 561 Catholica
1655 511 1921 564 sanctitate

3456 375 3593 476 tear.

1949 510 1994 569 Α
2028 512 2199 568 solum
2249 515 2303 570 in
2351 518 2448 573 ista
2497 519 2760 593 humana,
2811 541 2996 584 verum
3044 532 3206 589 etiam
3258 535 3312 591 in
3357 543 3595 609 angelica

2020 615 2294 676 creatura,
2344 626 2502 678 quam
2562 625 2616 668 ut
2667 619 2789 671 mali
2837 619 2981 690 juste
3027 625 3241 682 miseria
3286 632 3592 703 puniantur,

2017 692 2145 749 boni
2177 711 2304 751 vero
2333 701 2662 768 beatitudine
2693 707 3074 776 perfruantur?
3105 717 3258 784 Quod
3288 692 3420 792 ergo
3452 692 3594 780 nunc

2015 787 2154 841 malo
2183 789 2385 847 homini
2415 799 2560 864 quasi
2594 799 2727 856 bene
2755 812 2868 872 est,
2901 809 3106 864 occulta
3154 827 3332 881 paena
3354 787 3467 881 est,
3514 816 3593 872 fe-

2013 876 2182 933 licitas
2215 881 2362 938 falsa.
2407 887 2559 953 Quod
2606 903 2782 948 autem
2830 898 3028 952 homini
3071 901 3211 956 bono
3250 908 3389 962 male
3434 909 3588 982 [cod.

1993 971 2206 1050 _mafo.]
2253 984 2366 1042 est,
2417 995 2521 1034 non
2571 987 2844 1050 pra-mium
2881 991 3062 1062 pietati
3095 1008 3336 1065 negatur,
3382 1002 3476 1056 sed
3523 1005 3589 1058 ad

2011 1061 2217 1129 majora
2247 1070 2467 1134 prmmia
2499 1073 2751 1138 patientia
2780 1078 2996 1147 pietatis
3018 1061 3262 1155 auget-ur.
3290 1061 3417 1144 Item
3446 1095 3588 1159 quod

2007 1151 2322 1220 aliquando,
2352 1167 2406 1212 et
2437 1159 2486 1213 in
2518 1160 2616 1216 hac
2641 1167 2749 1218 vita
2779 1169 2919 1223 malo
2947 1151 3145 1228 homini
3180 1178 3316 1232 male
3357 1190 3468 1245 est,
3499 1193 3589 1237 aut

2006 1245 2308 1300 emendatio
2341 1262 2453 1316 est,
2485 1263 2576 1307 aut
2604 1255 2822 1312 afﬂictio
2855 1273 3212 1332 peccatorum;
3239 1271 3454 1338 quaudo
3484 1288 3585 1328 au-

2013 1333 2283 1402 tembono
2314 1337 2514 1396 homini
2544 1344 2679 1401 bene
2724 1357 2844 1415 est,
2891 1366 2996 1406 non
3040 1365 3120 1409 cst
3161 1333 3297 1411 illius
3340 1375 3586 1428 superna:

2010 1423 2201 1489 patria:
2229 1427 2588 1486 certissimum
2614 1437 2894 1505 gaudium,
2938 1443 3030 1496 sed
3080 1445 3236 1514 hujus
3274 1423 3586 1517 periculosa:

2003 1515 2455 1582 peregrinationis
2504 1525 2891 1598 qualecumque
2933 1533 3204 1592 solatium.
3253 1515 3380 1596 Ilaec
3426 1554 3585 1613 atque

2008 1601 2315 1671 hujusmodi
2347 1610 2393 1664 si
2423 1615 2680 1683 cogitaret
2713 1620 2939 1678 infidelis
2967 1625 3243 1698 impietas,
3293 1634 3348 1686 in
3392 1601 3584 1704 guber-

2002 1695 2190 1749 nandis
2217 1708 2269 1750 et
2303 1702 2615 1760 ordinandis
2645 1709 2808 1766 rebus
2836 1695 3083 1772 humanis
3125 1720 3358 1776 divinam
3392 1695 3583 1793 provi-

2001 1782 2234 1839 dentiam
2285 1805 2391 1844 non
2442 1807 2684 1864 negaret.
2733 1800 2842 1856 Nec
2903 1803 2956 1859 in
3019 1809 3129 1863 suis
3181 1782 3478 1870 tenebrosis
3528 1827 3582 1872 et

287 1855 448 1942 .sicut
492 1855 617 1911 fecit
645 1858 872 1929 Moyses.
925 1861 1040 1916 Non
1090 1877 1216 1932 ergo
1263 1863 1379 1920 base
1426 1875 1640 1935 oportet
1694 1869 1894 1938 mirari,
2003 1875 2292 1931 mortiferis
2325 1855 2544 1949 viribus,
2573 1897 2756 1940 contra
2785 1890 2963 1948 lumen
3006 1905 3060 1950 et
3099 1899 3256 1955 vitam
3302 1906 3580 1972 sapientiae

307 1949 433 2017 quia
464 1949 664 2019 omnia,
695 1967 813 2022 quae
851 1953 1130 2016 visibiliter
1180 1958 1333 2026 fiunt,
1365 1960 1524 2014 etiam
1556 1979 1650 2031 per
1681 1962 1896 2018 inferio-

305 2054 393 2096 res
438 2050 730 2110 potestates
781 2047 923 2101 aeris
962 2047 1119 2117 hujus
1167 2066 1271 2104 non
1323 2051 1555 2109 absurde
1587 2054 1699 2110 fieri
1737 2070 1896 2125 posse

304 2134 610 2192 creduntur.
651 2138 758 2212 Sed
799 2139 905 2196 hoc
935 2142 1187 2210 interest,
1223 2146 1362 2215 quod
1391 2161 1510 2202 cum
1551 2151 1724 2203 sancti
1771 2151 1895 2206 talia

304 2224 526 2293 faciunt,
581 2229 634 2283 in
684 2231 899 2285 nomine
931 2232 1026 2287 Dei
1069 2234 1279 2289 Domini
1331 2239 1566 2291 omnium
1618 2255 1794 2295 rerum
1827 2243 1893 2296 de

303 2319 706 2376 sublimioribus
772 2323 1010 2392 partibus
1049 2324 1269 2395 jubetur
1326 2326 1565 2383 inferiori
1609 2341 1888 2387 creaturae.

301 2412 432 2470 Cum
464 2426 644 2470 autem
676 2417 799 2470 mali
837 2417 1081 2474 homines
1114 2423 1332 2490 magicis
1361 2423 1564 2477 artibus
1597 2435 1892 2492 operantur

303 2504 519 2570 similia,
545 2506 598 2559 in
632 2521 824 2560 manus
864 2523 989 2563 suas
1028 2508 1244 2577 dantur,
1297 2526 1418 2566 cum
1462 2514 1820 2570 exaudiuntur
1858 2532 1889 2570 a

301 2596 651 2653 daemonibus.
687 2599 839 2669 Digni
887 2611 1011 2656 sunt
1057 2603 1224 2669 enim,
1273 2605 1364 2672 qui
1413 2606 1499 2659 tali
1550 2607 1890 2664 exauditione

303 2687 654 2758 decipiantur,
685 2703 745 2746 ut
770 2707 922 2759 paena
953 2693 1058 2748 illis
1090 2695 1191 2748 fiat
1211 2695 1312 2750 hoc
1338 2697 1477 2766 quod
1510 2698 1756 2753 videntur
1785 2700 1887 2754 im-

301 2791 509 2851 petrare
540 2783 882 2849 beneficium,
911 2801 1031 2840 cum
1062 2787 1142 2841 eis
1182 2786 1434 2843 exhibent
1463 2792 1615 2859 quasi
1643 2792 1887 2860 privatim

301 2873 582 2930 inferiores
629 2886 920 2946 potestates
962 2879 1206 2945 qumdam
1246 2880 1635 2947 miracula,-ut
1663 2898 1755 2938 eos
1786 2884 1886 2939 ha-

301 2963 462 3020 beant
486 2966 813 3038 suhjugatos,
850 2969 1117 3039 permissu
1157 2981 1334 3026 tamen
1371 2973 1566 3028 divinae
1599 2975 1882 3056 providen-

307 3056 414 3124 tiae,
446 3067 503 3112 ut
533 3075 627 3129 pro
655 3060 861 3116 meritis
888 3060 1186 3116 animarum
1221 3076 1314 3116 sua
1345 3064 1534 3134 cuique
1565 3065 1882 3122 tribuantur.

759 3187 827 3228 ΕΧ
868 3189 1022 3229 ιιιιιιο
1060 3192 1126 3230 DE
1165 3190 1412 3232 SUSANNA.

366 3286 491 3342 Haec
519 3297 773 3358 excerpta
803 3300 928 3344 sunt
974 3306 1039 3346 ex
1070 3292 1207 3347 libro
1251 3295 1317 3349 de
1347 3294 1596 3351 Susanna
1638 3297 1691 3352 in
1721 3299 1874 3356 Com.
1904 3263 1952 3328 Ο

296 3377 449 3433 Beda:
479 3381 647 3435 Sancti
679 3381 990 3452 Augustini;
1041 3393 1276 3440 attamen
1307 3389 1586 3457 pervoluto
1612 3390 1673 3444 D.
1694 3392 1879 3462 Augu-

296 3469 419 3523 stini
450 3485 613 3540 opere
642 3471 947 3542 hujusmodi
975 3473 1166 3530 librum
1198 3476 1340 3532 haud
1368 3482 1566 3550 reperi;
1600 3482 1725 3536 duxi
1757 3482 1878 3538 ideo

294 3561 381 3616 hic
411 3563 722 3631 exemplari.

365 3653 501 3720 Quid
549 3655 753 3710 llebrzei
807 3661 1096 3728 reprobant
1147 3663 1426 3716 historiam
1460 3665 1746 3731 Susannaa,
1798 3667 1878 3720 di-

294 3754 480 3799 centes
509 3760 624 3799 cam
675 3747 725 3800 in
757 3747 992 3804 Dauielis
1023 3750 1291 3806 volumine
1321 3765 1426 3806 non
1459 3753 1683 3808 haberi?
1717 3756 1882 3810 Debe-

294 3851 412 3891 mus
436 3836 717 3906 diligenter
749 3840 1017 3908 inquirere
1047 3845 1257 3897 nomina
1289 3844 1460 3898 schini
1492 3853 1546 3901 et
1577 3847 1739 3916 priui,
1764 3863 1883 3917 qua:

293 3927 458 3984 latine
501 3929 604 3985 ilex
647 3944 700 3985 et
744 3931 999 3988 lentiscus
1043 3937 1478 4003 interpretantur,
1511 3939 1554 3992 si
1604 3940 1710 3994 sint
1743 3940 1883 4005 apud

292 4019 568 4085 Hebraeos,
600 4034 653 4077 et
682 4039 840 4092 quam
869 4025 1104 4080 habeant
1132 4030 1531 4098 etymologiam,
1555 4042 1612 4085 ut
1639 4047 1668 4084 a
1696 4033 1883 4088 scbiuo

291 4118 514 4184 scissio,
536 4128 590 4173 et
616 4135 642 4170 a
671 4119 840 4188 prino,
869 4124 1058 4189 sectio,
1087 4122 1200 4177 sive
1224 4124 1452 4177 serratio
1471 4123 1679 4186 dicatur
1709 4127 1884 4196 lingua

290 4227 497 4270 eorum.
552 4214 702 4280 Quod
756 4216 798 4270 si
851 4233 953 4272 non
1003 4217 1163 4273 fuerit
1216 4221 1514 4289 inventum,
1567 4228 1884 4282 necessitate

289 4317 546 4373 cogemur
597 4314 652 4360 et
691 4320 789 4361 nos
826 4309 1168 4376 aequiescere
1218 4327 1404 4366 eorum
1456 4315 1756 4380 sententiis,
1787 4317 1881 4387 qui

287 4398 452 4468 graeci
485 4405 691 4452 tantum
721 4403 988 4454 sermonis
1014 4403 1152 4456 hanc
1181 4403 1368 4460 volunt
1415 4420 1538 4460 esse
1565 4408 1874 4479 pericopen,

289 4503 410 4559 qua:
437 4504 660 4559 graecam
695 4500 896 4546 tantum
931 4493 1121 4549 habeat
1147 4497 1556 4567 etymologiam,
1590 4510 1643 4554 et
1670 4501 1880 4555 hebrai-

288 4594 408 4634 eam
431 4597 536 4635 non
564 4582 770 4637 habeat.
803 4585 953 4649 Quod
980 4585 1024 4641 si
1051 4587 1170 4656 quis
1191 4589 1486 4645 ostenderit
1508 4592 1730 4646 duarum
1752 4593 1881 4647 ista-

288 4691 410 4731 rum
457 4677 706 4732 arborutn
757 4679 1031 4735 scissiouis
1062 4689 1118 4736 et
1144 4682 1444 4748 divisionis,
1473 4686 1606 4739 etin
1639 4686 1870 4756 haebrea,

287 4772 690 4842 etymologiam,
726 4782 851 4828 tunc
881 4773 1175 4842 poterimus
1205 4777 1363 4830 etiam
1393 4775 1530 4830 hanc
1554 4777 1871 4848 scripturam

290 4863 553 4934 recipere.

636 4951 874 5000 QUIESTIO
913 4952 979 4992 DE
1019 4953 1380 4995 PBOVIDENTIA
1418 4955 1528 4996 DEI.

365 5041 583 5114 Legitur
602 5059 722 5100 cum
742 5048 956 5102 nomine
968 5049 1136 5104 sancti
1151 5051 1428 5119 Augustini
1441 5053 1498 5106 in
1517 5053 1636 5110 cod.
1653 5069 1870 5122 cuvut,

285 5131 391 5186 fol.
422 5133 525 5184 “‘2
566 5149 596 5187 a
633 5145 811 5206 tergo,
857 5153 956 5193 nec
990 5139 1084 5195 illo
1122 5141 1338 5212 indigna
1365 5153 1480 5208 est,
1510 5145 1637 5202 licet
1665 5163 1872 5204 merum

284 5238 413 5279 esse
443 5223 684 5280 videatur
715 5228 1094 5300 fragmentum.

365 5314 498 5370 lliuc
537 5317 770 5373 maxime
807 5321 1134 5377 credendum
1162 5334 1275 5390 est,
1311 5329 1448 5396 quod
1479 5328 1648 5398 pietas
1679 5331 1875 5400 praedi-

287 5414 396 5470 cat,
413 5407 750 5464 manifestum
772 5410 1004 5467 futurum
1032 5429 1154 5470 esse
1174 5415 1456 5486 judicium,
1481 5421 1605 5490 quia
1631 5438 1771 5478 nunc
1796 5423 1873 5478 vi-

239 5552 242 5554 .
287 5495 481 5554 deuius
521 5502 782 5557 humanas
824 5504 1104 5562 felicitates
1142 5518 1198 5563 et
1244 5509 1424 5566 clades
1453 5511 1738 5570 indiscrete
1780 5515 1874 5572 bo-

289 5589 376 5643 nis
405 5598 458 5644 et
488 5592 658 5659 malis,
682 5595 828 5650 velut
852 5595 970 5651 sine
1003 5597 1352 5668 ullojudicio,
1385 5617 1503 5658 esse
1529 5620 1869 5671 communes,

288 5691 412 5733 cum
438 5680 531 5736 Dei
568 5682 791 5752 justitia,
837 5685 990 5756 cujus
1031 5688 1108 5743 sic
1149 5690 1349 5746 eminet
1394 5693 1448 5748 in
1478 5695 1638 5750 rebus
1667 5697 1873 5768 exiguis

297 5772 661 5841 providentia,
693 5778 842 5832 nullo
873 5779 1032 5832 modo
1063 5780 1327 5851 relinquat
1363 5783 1479 5840 sine
1522 5787 1632 5841 ullo
1671 5789 1873 5857 judicio

291 5865 488 5934 passim
518 5865 728 5924 ﬂuitare
757 5870 1152 5943 niajora..Quid
1195 5888 1375 5933 autem
1415 5879 1590 5949 majus
1634 5891 1718 5938 est
1762 5898 1868 5940 non

510 5973 527 5986 ’
569 5959 840 6022 PATBOL.
885 5963 1112 6028 XLVII

1946 1978 1952 1982 -
2003 1963 2333 2064 perduraret.
2369 1970 2496 2024 lllud
2527 1987 2654 2044 ergo
2681 1981 2918 2035 attendat
2947 1983 3109 2041 homo
3140 1963 3406 2058 infidelis,
3439 1997 3580 2064 quod

2000 2052 2180 2111 dicere
2205 2075 2308 2113 non
2343 2071 2517 2130 potest
2539 2067 2606 2120 ab
2635 2068 2936 2146 hominibus
2961 2076 3257 2137 institutum
3277 2127 3293 2151 ,
3319 2052 3579 2144 ue'Dcum

1999 2156 2156 2212 neget
2184 2148 2342 2202 rebus
2373 2151 2617 2208 humanis
2645 2159 2887 2215 ordinem
2920 2163 3083 2232 dare,
3118 2169 3206 2236 qui
3246 2148 3428 2228 docuit
3467 2178 3578 2244 api-

1995 2234 2168 2288 culam
2199 2238 2361 2292 cellas
2389 2235 2634 2298 favorum
2666 2255 2772 2300 tam
2806 2234 3424 2318 niirabiliterordinare.
3471 2234 3579 2336 Ipsi

1995 2323 2192 2392 quippe
2223 2327 2427 2384 homini
2455 2333 2576 2401 quis
2603 2335 2751 2391 dedit
2783 2339 3099 2425 inordinatis
3142 2351 3301 2407 rebus
3345 2323 3576 2425 offendi,

1995 2424 2049 2466 et
2075 2430 2258 2470 rerum
2289 2421 2475 2478 ordine
2499 2424 2776 2483 delectari.
2808 2431 2998 2488 Nonne
3027 2422 3129 2492 hoc
3160 2439 3211 2494 in
3242 2458 3352 2496 sua:
3380 2421 3574 2505 animai

1991 2515 2182 2562 natura
2214 2509 2450 2577 invenit,
2480 2530 2602 2584 qua:
2629 2519 2729 2572 sibi
2760 2522 2875 2589 ipse
2906 2541 3009 2580 non
3044 2527 3206 2584 fecit?
3243 2531 3374 2590 Nam
3403 2553 3571 2607 quare

1991 2595 2180 2651 ordine
2228 2615 2334 2654 non
2381 2602 2600 2660 invento
2643 2609 2694 2663 in
2743 2613 2904 2668 rebus
2950 2617 3227 2689 humanis,
3270 2595 3436 2681 Deuui
3488 2645 3574 2686 res

1991 2685 2254 2744 humanas
2283 2693 2581 2760 gubernare
2614 2715 2717 2754 non
2749 2703 2951 2770 credit,
2983 2707 3087 2763 nisi
3115 2685 3238 2780 quia
3279 2715 3438 2772 rebus
3477 2719 3572 2774 in-

1987 2779 2248 2836 ordinatis
2292 2786 2532 2841 ordinata
2563 2789 2720 2860 [cod.
2751 2794 3108 2867 inordinatus,
3134 2779 3237 2857 nec
3263 2805 3458 2864 deinde
3486 2828 3571 2864 or-

1989 2872 2194 2930 dinataa
2255 2877 2430 2949 habet]
2465 2896 2776 2952 praeponere
2824 2892 3137 2949 naturaliter
3177 2898 3344 2953 novit.
3403 2899 3570 2972 Ergo-

1989 2977 2058 3017 ne
2113 2964 2273 3020 homo
2320 2968 2528 3038 judicat
2583 2977 2968 3037 ordinationem
3017 2985 3189 3054 potius
3236 3004 3394 3059 quam
3441 2964 3566 3062 per-

1988 3055 2342 3114 turbationem
2397 3065 2647 3131 operibus
2708 3071 2997 3128 convenire
3039 3055 3270 3144 divinis,
3315 3091 3370 3136 et
3425 3055 3566 3139 Deus

1987 3147 2289 3206 ordinatum
2341 3152 2600 3222 judicium
2646 3173 2751 3214 non
2794 3161 2958 3218 habet
2996 3165 3064 3221 de
3111 3168 3414 3226 hominibus
3454 3174 3567 3229 uni-

1989 3242 2190 3306 versis,
2255 3246 2342 3311 qui
2408 3247 2582 3302 ordini
2648 3265 2864 3307 sensum
2929 3259 3129 3317 creavit
3188 3261 3242 3316 in
3299 3263 3568 3336 singulis?

1986 3331 2160 3389 Stabit
2199 3336 2386 3404 plane,
2437 3339 2636 3404 habet;
2667 3359 2772 3397 non
2802 3344 3008 3401 dubitat
3057 3347 3257 3419 pietas,
3311 3331 3414 3408 etsi
3454 3369 3562 3410 non

1983 3425 2388 3492 comprehendit
2417 3427 2720 3484 infirmitas.
2753 3432 2924 3503 Opera
2955 3433 3230 3494 fabrorum
3263 3455 3323 3495 ea
3372 3458 3567 3513 nempe

1987 3511 2267 3569 laudamus
2287 3557 2302 3580 ,
2333 3532 2451 3586 qua:
2483 3519 2749 3588 inspicere
2779 3538 3062 3590 poswmus
3084 3568 3098 3585 .
3127 3511 3559 3588 mechanicorum

1983 3615 2162 3660 autem
2193 3618 2489 3677 stupemus,
2522 3620 2578 3665 et
2608 3614 2708 3668 uisi
2735 3627 2918 3684 aperta
2945 3628 3102 3687 atque
3130 3631 3428 3678 monstrata
3451 3623 3563 3682 fue-

1983 3696 2127 3762 rint,
2163 3714 2255 3752 eos
2285 3700 2634 3766 impossibilia
2665 3706 2902 3772 potuisse
2949 3707 3222 3765 miramur.
3278 3713 3384 3767 Cur
3432 3729 3562 3784 ergo

1984 3786 2053 3842 de
2077 3787 2298 3856 judiciis
2326 3791 2418 3845 Dei
2451 3800 2652 3847 temere
2693 3793 3028 3866 judicamus,
3079 3807 3135 3853 ct
3173 3800 3341 3855 divini
3384 3805 3562 3871 operis

1985 3880 2261 3948 ordinem,
2309 3885 2398 3936 uhi
2461 3899 2565 3938 non
2611 3889 2940 3954 potuerimus
2981 3891 3198 3960 videre,
3252 3891 3563 3950 festinamus

1987 3983 2218 4038 negare,
2265 3971 2539 4029 laudantes
2578 3977 2962 4044 providentiam
3000 3982 3270 4039 Creatoris
3309 3985 3362 4039 in
3405 3985 3563 4041 arbo-

1984 4077 2102 4115 rum
2135 4061 2303 4127 foliis,
2335 4073 2390 4117 et
2416 4078 2534 4119 eam
2573 4082 2678 4121 non
2711 4079 2956 4137 putantes
2996 4087 3118 4130 esse
3157 4076 3208 4128 in
3247 4075 3407 4132 rebus
3455 4078 3560 4134 hu-

1985 4153 2196 4220 manis;
2229 4169 2329 4210 nec
2357 4157 2534 4224 potius
2570 4159 3010 4232 investigabililel'
3047 4176 3101 4220 et
3141 4167 3368 4224 latenter
3417 4171 3560 4226 ordi-

1985 4258 2107 4299 nem
2135 4259 2312 4300 rerum
2339 4246 2691 4304 humanarum
2720 4266 2938 4310 currere
2967 4257 3258 4325 credimus,
3291 4277 3451 4331 quem
3475 4265 3561 4320 vel

1986 4336 2304 4392 immensum
2346 4343 2837 4410 comprehendere,
2870 4346 2952 4401 vel
2993 4349 3261 4404 occultum
3299 4353 3563 4423 inspicere

1987 4442 2093 4482 non
2150 4429 2444 4485 valemus?
2499 4432 2605 4487 Sed
2649 4449 2828 4490 rerum
2885 4437 3140 4494 divinitus
3197 4440 3561 4500 institutarutn

1983 4519 2200 4574 ordines
2245 4521 2540 4588 manifesti,
2591 4539 2656 4578 ex
2700 4526 2891 4594 quibus
2930 4530 3288 4597 conjiciuntur
3333 4535 3562 4596 occulti.

1903 4635 1962 4698 ι)
1987 4610 2187 4666 feriunt
2214 4614 2375 4667 etiam
2405 4615 2585 4669 oculos
2616 4616 2922 4686 impiorum.

2084 4737 2322 4785 ρυδςετιο
2374 4739 2439 4778 DE
2480 4741 2644 4779 BEBUS
2681 4742 2943 4789 QUALITER
2982 4746 3190 4787 UTATUR
3229 4751 3465 4791 SAPIENS.

2054 4833 2272 4904 Legitur
2316 4835 2366 4889 in
2417 4836 2536 4890 cod.
2589 4838 2955 4906 ewau,'fol.
3003 4842 3139 4910 115,
3181 4859 3302 4899 cum
3348 4853 3560 4905 nomine

1981 4925 2153 4979 sancti
2181 4927 2489 4997 Augustini,
2518 4929 2658 4998 apud
2689 4945 2847 5000 quem
2878 4932 3077 4989 similia
3104 4936 3350 5005 quaedam
3381 4939 3560 4997 videas

1981 5015 2185 5082 Quaest.
2221 5017 2422 5088 Evang.
2464 5017 2558 5073 lib.
2587 5035 2660 5086 ιι,
2693 5037 2746 5075 ιι.
2779 5021 2866 5076 11.

2053 5130 2306 5200 Quisquis
2355 5141 2530 5186 autem
2575 5133 2736 5188 rebus
2779 5138 3222 5204 praetereuntibus
3265 5143 3561 5200 restrictius

1982 5223 2169 5290 utitur,
2197 5239 2355 5294 quam
2387 5237 2506 5280 sese
2535 5223 2736 5281 habent
2762 5242 2944 5284 mores
2995 5244 3179 5286 eorum
3217 5246 3338 5287 cum
3366 5234 3562 5304 quibus

1980 5313 2135 5381 vivit,
2165 5326 2254 5368 aut
2284 5315 2681 5385 intemperans,
2715 5328 2804 5372 aut
2841 5320 3242 5388 superstitiosus
3269 5334 3372 5378 est.
3405 5326 3561 5393 Quis-

1980 5407 2100 5474 quis
2126 5421 2256 5460 vero
2287 5407 2364 5462 sic
2393 5409 2473 5462 eis
2495 5408 2682 5485 utitur,
2717 5417 2771 5462 ut
2801 5418 2970 5464 metas
3019 5415 3418 5471 consuetudinis
3468 5417 3561 5472 bo-

1981 5511 2170 5550 norum
2210 5497 2350 5550 inter
2376 5512 2508 5567 quos
2547 5505 2807 5566 versatur,
2859 5501 3102 5567 excedat,
3130 5511 3223 5556 aut
3248 5503 3447 5572 aliquid
3477 5507 3556 5560 si-

1977 5589 2222 5660 gnificat,
2249 5599 2336 5644 aut
2365 5591 2662 5661 ﬂagitiosus
2684 5602 2798 5659 est;
2832 5591 2884 5646 in
2911 5593 3158 5649 omnibus
3188 5597 3329 5651 enim
3363 5598 3555 5651 talibus

1979 5695 2085 5735 nou
2117 5695 2244 5735 usus
2274 5696 2485 5748 rerum,
2512 5683 2607 5737 sed
2635 5681 2799 5738 libido
2829 5683 2883 5738 in
2912 5686 3067 5755 culpa
3098 5696 3204 5743 est.
3230 5688 3367 5754 Quid
3396 5689 3560 5758 igitur

1976 5775 2128 5841 locis,
2161 5786 2215 5829 et
2243 5775 2602 5841 temporibus,
2634 5787 2687 5831 et
2713 5782 2958 5847 personis
2986 5783 3239 5838 convenit
3268 5784 3555 5853 diligenter

1978 5865 2356 5923 attendendum
2382 5875 2464 5923 est
2483 5907 2499 5935 ,
2527 5882 2594 5923 ne
2627 5877 2827 5925 temere
2848 5870 3044 5941 ﬂagitia
3072 5874 3550 5942 reprehendamus.

3109 5981 3182 6041 39
