4012 6338
495 389 627 450 1251

493 525 613 574 erat
634 556 649 580 ,
699 507 967 565 diabolum
1007 503 1250 559 vinceret
1288 501 1449 557 Deus.
1494 496 1637 553 Nihil
1669 511 1797 565 ergo
1830 504 1920 549 tua
1950 505 2075 563 pro-
2102 487 2157 548 A

492 609 732 671 fuerunt,
765 599 1013 665 inimice,
1046 595 1292 651 consilia.
1320 594 1459 649 Ecce
1502 604 1686 645 sumus
1714 588 1903 651 liberi,
1952 597 2077 639 ecce

495 712 783 757 manemus
812 696 864 748 in
893 691 1107 748 Christo
1138 689 1334 742 securi.
1373 684 1664 755 Captivitas
1690 691 1778 736 tua
1805 678 1961 735 nobis
2002 686 2081 732 at-

493 794 619 850 tulit
656 788 1013 849 dominatum.
1051 784 1185 838 Dum
1216 780 1412 847 (niteris
1440 793 1539 834 nos
1565 776 1809 846 perdere,
1834 772 2082 843 dignatus

495 894 582 942 est
608 884 702 939 Dei
732 880 902 936 Filius
932 892 1027 932 sua
1061 891 1158 930 nos
1186 873 1484 928 divinitate
1534 871 1775 933 salvare;
1831 880 1965 933 quos
2008 863 2085 917 sic

499 976 759 1040 defendit,
812 983 867 1027 ut
891 969 1139 1026 redderet
1167 967 1381 1030 fratres,
1428 966 1507 1020 sic
1550 966 1771 1025 amavit,
1803 968 1857 1011 ut
1891 959 2088 1011 Iaceret

498 1068 808 1126 cohteredes
859 1064 1104 1119 Christus
1155 1060 1414 1115 Dominus
1470 1066 1653 1111 noster
1712 1053 1801 1121 qui
1856 1051 1988 1104 vivit
2035 1059 2089 1103 et

500 1171 689 1233 regnat
739 1175 862 1218 eum
893 1159 1005 1213 Deo
1036 1158 1214 1223 Patre,
1264 1163 1320 1209 et
1360 1152 1560 1222 Spiritu
1607 1148 1866 1203 sanctoin
1894 1143 2091 1199 saecula

500 1256 843 1310 saeculorum.
874 1254 1065 1306 Amen.

1642 366 2039 428 APPENDICIS
2079 358 2566 421 AUGUSTINIANI

2253 482 2385 535 Ibid.
2411 478 2533 549 Ipse
2566 476 2635 530 ad
2658 488 2826 529 senem
2848 471 2939 525 he-

2182 554 2367 607 minem
2393 552 2545 606 venit.

2255 626 2387 679 Ibid.
2441 622 2655 678 Servum
2694 629 2841 675 tuum
2888 618 2943 671 in

2184 713 2325 768 pace.

2260 768 2391 823 Ibid.
2421 775 2557 821 etn.
2602 764 2656 819 4.
2700 764 2946 821 Salutare

2188 850 2352 897 tuum.
2384 837 2675 909 Prophetas,
2731 847 2836 892 etc.

2263 1056 2327 1111 N.
2363 1053 2427 1110 ’4.
2480 1053 2603 1107 Ηαέ
2636 1062 2753 1107 sunt
2805 1050 2947 1106 testi-

2196 1129 2367 1180 monia
2396 1126 2674 1179 nativitatis
2705 1135 2826 1190 tum,
2855 1122 2954 1175 Do-

2195 1200 2330 1253 mine
2371 1198 2516 1251 Jesa.

2270 1269 2401 1323 Ibid.
2494 1268 2952 1323 Substernerentur

3627 346 3784 407 I233

3085 468 3163 525 Id.
3186 467 3316 523 Cod.
3341 483 3430 525 xv.
3453 467 3581 538 Ipse
3600 472 3673 523 ad
3696 486 3786 526 ee-

3014 557 3127 595 nem
3156 551 3307 594 venit.

3089 614 3166 667 Id.
3211 613 3427 667 Servum
3457 622 3623 681 tuum,
3664 614 3787 671 Do-

3016 687 3149 738 mine
3165 726 3179 752 ,
3213 686 3265 737 in
3292 703 3435 754 pace.

3086 756 3167 811 I-I.
3196 757 3321 810 Post
3356 759 3588 811 salutare
3631 768 3791 813 tuum

3020 828 3219 884 omittit
3236 827 3469 898 pbrasim
3493 830 3789 899 propheta,

3020 912 3148 965 ctc.,
3182 915 3353 970 usque
3380 903 3444 954 ad
3476 902 3584 954 ha'c
3621 912 3750 955 sunt
3773 944 3789 969 ,

3018 983 3123 1029 CIC.

3092 1044 3228 1099 Cod.
3273 1058 3359 1097 xv.
3407 1043 3531 1097 IItrc
3562 1054 3681 1097 sunt
3713 1041 3793 1099 te-

3024 1118 3265 1171 stimonia
3288 1124 3396 1179 tua,
3421 1132 3449 1167 ο
3471 1115 3617 1169 Iesu.
3647 1115 3770 1170 Cod

3023 1204 3186 1254 CXVII,
3218 1185 3438 1239 Domine
3472 1185 3623 1241 Iesu.

3094 1260 3170 1313 Id.
3250 1260 3613 1312 Sternerentur
3692 1262 3799 1330 ﬂa-

1108 1376 1280 1417 εειηίο
1310 1373 1490 1415 cum,
2199 1343 2387 1417 ﬂuctus
2460 1343 2617 1417 maris
2686 1337 2906 1417 calcanti
2937 1376 2951 1401 ,
3024 1341 3134 1413 ctus
3158 1331 3337 1412 maris,
3356 1331 3524 1401 campi
3553 1331 3801 1384 cederent

797 1460 1014 1529 Legitur
1054 1457 1107 1510 in
1136 1453 1259 1509 cod.
1288 1451 1496 1506 Cassia.
1528 1464 1636 1515 cvi,
1668 1464 1723 1501 η.
1758 1447 1811 1499 6.

580 1555 720 1609 Edit.
763 1554 827 1608 N.
863 1557 914 1607 1.
963 1550 1127 1605 Nulla
1176 1548 1265 1601 tri-

508 1628 647 1681 stitia
674 1625 995 1694 parturienti.

581 1693 711 1751 Ibid.
740 1696 950 1748 Pondus
963 1693 1146 1747 habere
1165 1706 1267 1743 non

507 1778 723 1841 poterat.
768 1765 934 1820 Facta
962 1774 1055 1831 est,
1088 1772 1193 1819 etc.

510 1926 704 1979 nempe
745 1925 898 1973 cui,
945 1908 1105 1963 verba
1153 1884 1847 1979 pradicainus,adjuiictis
1880 1909 1997 1979 qua!
2050 1884 2103 1945 in
2136 1884 2184 1945 B

1410 1542 1544 1597 Cod.
1572 1542 1737 1596 Nulla
1754 1542 2099 1593 cruciamenta

1339 1616 1519 1684 ingerit
1551 1611 1873 1680 parturienti.

1414 1686 1489 1739 Id.
1535 1686 1704 1739 Inter.
1723 1684 1878 1737 verba
1904 1689 2103 1751 poterat

1342 1765 1397 1813 et
1427 1762 1564 1829 facta
1595 1764 1692 1821 est,
1718 1755 1911 1829 repetit
1936 1751 2103 1829 prima

1344 1824 1606 1887 sermonis
1622 1898 1653 1903 __
1702 1824 2060 1903 praecedentis.
2085 1861 2101 1885 ,

509 1966 671 2037 editis
703 1999 758 2036 η.
789 1982 811 2033 1
842 1966 1085 2049 leguntur
1110 2016 1124 2040 ,
1153 1966 1224 2030 'et
1271 1976 1319 2028 in
1352 1966 1673 2049 praecedenti
1704 1968 1894 2049 codice
1917 1966 2106 2046 deesse

511 2035 917 2116 annotavimus:
955 2035 1181 2112 excepto
1224 2035 1366 2115 quod
1398 2061 1491 2113 pro
1521 2035 2103 2116 Joanttis_purga_tioni,

510 2123 741 2178 habetur
762 2108 955 2176 Joanni
983 2108 1281 2189 baptizanti,
1315 2108 1631 2184 additurque
1654 2122 1701 2167 et
1727 2108 1949 2164 Jordani
1979 2121 2110 2175 pur-

513 2205 649 2265 gata.

1091 2296 1263 2337 διεκιίο
1299 2296 1520 2338 CXXVIII.

589 2401 806 2471 Legitur
831 2401 885 2453 in
906 2397 1006 2453 cod
1032 2396 1241 2452 Cassin.
1268 2410 1453 2458 XCVIII,
1471 2393 1561 2447 fol.
1592 2390 1658 2447 IO
1680 2406 1707 2444 a
1724 2399 1892 2459 tergo;
1912 2386 2109 2442 in'cod.

516 2493 720 2563 pariter
736 2491 945 2545 Cassia.
966 2504 1131 2554 cxvu,
1155 2488 1248 2542 fol.
1264 2487 1352 2551 48,
1374 2489 1424 2540 in
1452 2501 1558 2555 quo
1588 2483 1810 2538 habetur
1831 2482 2111 2535 exordium

518 2587 658 2657 quod
691 2582 1021 2639 Beuedictini
1056 2582 1358 2637 indicarunt
1389 2580 1438 2633 in
1472 2578 1877 2639 admonitione;
1908 2575 1962 2627 in
1990 2572 2110 2628 cod.

517 2678 670 2735 Cass.
704 2693 810 2743 CVI,
864 2676 959 2732 fol.
1000 2676 1139 2737 520;
1171 2685 1225 2730 et
1270 2672 1461 2744 partim
1513 2672 1566 2725 in
1609 2670 1743 2724 Bibl.
1788 2668 2112 2739 Mosellam,

517 2772 640 2827 cod.
672 2788 761 2840 xv,
792 2770 886 2826 fol.
915 2769 1008 2824 25.

590 2866 729 2947 Edit.
760 2864 820 2918 Ν.
857 2866 906 2919 I.
928 2862 1278 2947 .Hodiegtatus

516 2946 588 2992 est
619 2942 726 2991 sine
754 2946 897 3005 patre
922 2942 975 3017 in
998 2942 1167 2987 terris.

594 3079 723 3133 Ibid.
766 3076 934 3132 Mater
983 3077 1150 3145 facta,
1191 3075 1279 3128 sed

520 3151 838 3219 incorrupta.

589 3223 652 3277 N.
695 3223 749 3275 2.
797 3221 1041 3275 Dicamus
1087 3226 1278 3272 sancta:

517 3294 723 3361 virgini,
759 3292 941 3361 Maria:
977 3290 1131 3361 matri
1168 3289 1279 3361 Do-

519 3359 643 3417 mihi
697 3365 855 3417 nostri
896 3359 1024 3414 Jesu
1052 3360 1278 3424 Christi;

521 3435 770 3497 dicamus,
797 3444 901 3488 etc.

590 3576 657 3631 N.
698 3575 752 3629 3.
789 3574 976 3641 Nunc,
1029 3572 1276 3637 Domine,

523 3648 737 3702 dimittis
774 3662 969 3702 servum
1010 3654 1171 3699 tuum.

595 3790 727 3845 Ibid.
788 3790 887 3853 Qui
939 3788 1121 3859 plenus
1175 3791 1281 3838 erat

526 3863 728 3931 pietate.
752 3860 958 3915 Simeon
976 3873 1147 3923 senex,
1175 3866 1279 3910 etc.

1423 2858 1553 2912 Cod.
1586 2872 1767 2911 xcvm.
1803 2854 1877 2908 De
1905 2864 1978 2916 te,
2017 2852 2113 2906 Dei

1350 2932 1592 3001 genitrix,
1623 2939 1771 2980 natus
1798 2936 1869 2979 est
1896 2928 2004 2979 sine
2025 2940 2115 2994 pa-

1352 3011 1426 3054 tre
1457 3002 1507 3053 in
1548 3001 1716 3054 terris.

1426 3073 1498 3125 Id.
1539 3071 1706 3125 Mater
1732 3071 1871 3139 faeta,
1900 3067 1990 3122 sed
2031 3083 2111 3119 tn-

1353 3156 1610 3211 corrupta.
1690 3176 1693 3177 ν

1424 3215 1499 3267 Id.
1543 3214 1781 3266 Dicamus
1803 3220 1990 3265 sancta:
2013 3211 2111 3263 vir-

2200 1416 2430 1466 cederent
2460 1411 2750 1469 imploranti.

2276 1482 2407 1537 Ibid.
2489 1482 2723 1535 Mortuus
2776 1492 2823 1534 te
2872 1496 2957 1533 vo-

2202 1564 2347 1608 cante
2371 1554 2745 1607 resurrexisset.

2279 1625 2410 1680 Ibid.
2486 1624 2648 1678 Terra
2699 1635 2745 1677 te
2792 1638 2964 1677 resur-

2207 1708 2353 1769 gente
2385 1708 2507 1769 trem
2516 1696 2687 1769 uisset.

2282 1768 2343 1822 N.
2420 1768 2473 1823 5.
2557 1766 2751 1836 Ubique
2829 1767 2963 1820 enim

2210 1839 2461 1895 Christus.

2287 1912 2417 1965 Ibid.
2485 1911 2742 1964 Adoratus
2789 1917 2861 1964 est
2914 1908 2969 1962 in

2214 1986 2399 2054 templo
2452 2000 2579 2052 puer
2633 1983 2876 2037 Christus.
2938 1997 2970 2032 a

2212 2072 2331 2110 sene
2354 2056 2624 2116 Simeone;
2651 2062 2875 2124 gestatus
2900 2062 2971 2106 est

2211 2129 2266 2181 in
2294 2128 2446 2191 ulnis,
2473 2136 2573 2179 etc.

2286 2198 2417 2252 Ibid.
2462 2195 2527 2250 In
2549 2195 2834 2250 verberibus
2861 2194 2970 2263 pul-

2214 2271 2374 2333 cher;
2407 2286 2506 2323 non
2534 2284 2743 2327 curans,
2778 2276 2882 2319 etc.

2290 2341 2422 2394 Ibid.
2501 2340 2755 2409 Aspiravit
2818 2339 2970 2400 dies,

2216 2410 2456 2480 effugata:
2484 2422 2601 2465 sunt
2634 2410 2845 2463 umbrat.

2287 2478 2349 2536 NI.
2421 2484 2475 2538 6.
2545 2483 2605 2536 Si
2659 2478 2971 2550 expavescis,

2216 2556 2444 2625 quisquis
2464 2571 2514 2608 es
2544 2554 2771 2616 auditor,
2793 2561 2897 2606 etc.

2290 2627 2353 2679 Ν.
2430 2627 2483 2683 7.
2564 2625 2849 2680 Nuntiatus
2901 2630 2975 2675 est

2218 2696 2429 2752 Eliseo.

2290 2769 2422 2823 Ibid.
2466 2766 2533 2821 Et
2558 2769 2631 2822 ait
2656 2767 2752 2820 illi.

2289 2841 2419 2895 Ibid.
2471 2839 2651 2895 Vivere
2675 2840 2728 2891 in
2752 2838 2844 2892 illa
2878 2852 2976 2891 non

2217 2923 2513 2985 potuerunt.

2294 2984 2426 3039 Ibid.
2467 2983 2604 3036 Audi
2631 2983 2789 3051 legem
2812 2988 2980 3033 muta-

2220 3066 2345 3118 tam,
2373 3057 2416 3109 si
2442 3071 2514 3107 vts
2536 3054 2760 3117 mutari;
2808 3055 2851 3104 si
2879 3067 2979 3105 non

2217 3129 2292 3180 vis
2346 3127 2558 3190 mutari,
2616 3127 2667 3179 in
2715 3132 2982 3197 vetustate,

2218 3208 2322 3253 CIC.

1351 3266 1465 3355 gini
1489 3285 1673 3338 Maria:
1712 3286 1863 3355 matri
1906 3280 2112 3355 Domini
2142 3274 2188 3338 Ο
2232 3326 2257 3355 Α
2467 3266 2625 3355 Eafa?
2655 3277 2773 3355 tutu
2813 3268 2979 3355 cgito}:-

1352 3354 1510 3409 itostri
1552 3355 1676 3409 Jesu
1725 3354 1952 3406 Christi:
1984 3368 2109 3417 ave,

1353 3429 1519 3497 gratia
1587 3427 1779 3489 vlena;
1846 3426 2112 3488 dicamus,

1354 3506 1459 3553 (’IC.

1424 3568 1556 3623 Cod.
1590 3584 1679 3621 xv.
1715 3566 1781 3619 Et
1818 3580 1973 3625 nunc,
2011 3563 2115 3616 Do-

1356 3640 1507 3702 mine,
1524 3639 1723 3691 dimitte
1736 3650 1931 3690 servant
1948 3645 2111 3689 tuum.

1358 3710 1423 3763 Et
1453 3712 1532 3764 sic
1574 3710 1815 3764 inferius.

1426 3780 1557 3835 Cod.
1592 3796 1772 3835 XCVIII.
1811 3776 1912 3844 Qui
1936 3776 2116 3842 plenus

1356 3862 1463 3905 erat
1496 3853 1703 3917 pietate.
1740 3851 1903 3916 liogo,
1934 3850 2119 3916 fratres

1357 3924 1631 3985 carissimi,
1659 3922 1781 3991 quid
1811 3922 1876 3973 sit
1922 3920 2015 3972 iste
2041 3934 2119 3972 se-

528 4020 629 4059 nex
674 4006 915 4068 Simeon,
955 4002 1040 4069 qui
1081 3994 1487 4069 magnitudinem
1537 3994 1780 4069 sentiebat
1820 3993 1889 4069 in.
1925 4006 2118 4059 parvo;

530 4078 665 4141 quod
686 4061 912 4138 videbat,
939 4061 1073 4139 quod
1100 4061 1443 4141 inleltigebitt,
1472 4064 1719 4118 mundum
1757 4061 2121 4141 regebat;_ipse

530 4132 739 4218 ferebat,
769 4158 815 4198 et
844 4132 1080 4218 Christus
1106 4132 1328 4210 regebtit.
1346 4134 1875 4218 Sitneqnseneatteitc.
1899 4132 2030 4186 Cod.
2056 4148 2119 4185 xv

531 4206 652 4287 quia
682 4206 863 4287 plenus
893 4224 1001 4271 erat
1031 4206 1555 4287 pietate,..etdeinde
1576 4207 1711 4274 quod
1725 4206 1940 4287 videbat,
1960 4214 2121 4287 ntater

534 4274 796 4353 portabat;
824 4288 957 4355 quod
988 4274 1318 4355 intelligebat,
1336 4278 1583 4355 mundum
1608 4279 1829 4348 regebat.
1854 4274 2122 4355 Ipsafere-

534 4345 649 4425 bat,
703 4369 749 4413 et
786 4345 1025 4411 Christus
1072 4345 1293 4424 regebat.
1328 4347 1537 4403 Simeon
1590 4345 1773 4413 senex,
1819 4357 1922 4401 etc.
1953 4345 2042 4401 Sic
2071 4355 2123 4401 et

535 4444 650 4494 CVI,
686 4441 738 4483 et
768 4444 933 4482 CXVII.

608 4488 739 4553 Iltitl.
808 4498 1038 4552 Christus
1092 4494 1295 4566 regebat
1375 4564 1381 4566 _
1436 4490 1570 4566 Cod.
1600 4506 1688 4544 xv.
1720 4488 1950 4566 Christus
1984 4502 2123 4556 rege-

534 4572 791 4627 Simeonis
828 4562 1165 4623 senectutem:
1200 4565 1294 4619 Di-
1365 4564 1448 4616 bat
1473 4562 1761 4617 Simeonem
1784 4562 1834 4612 in
1852 4568 2119 4611 senectute.

534 4653 671 4696 ctum
697 4644 742 4697 ei
760 4643 946 4711 fuerat,
973 4649 1079 4695 etc.

1370 4708 1554 4759 Audite
1600 4700 1773 4757 vNunc
1797 4744 1811 4766 ,
1868 4700 2084 4753 Domine
2110 4745 2121 4765 ,

536 4788 739 4840 dimitte
783 4801 979 4840 servum
1010 4792 1153 4837 tuum
1182 4783 1234 4833 in
1265 4794 1419 4844 pace;
1450 4779 1501 4831 iu
1534 4793 1655 4845 pare
1686 4776 1931 4842 inquam;
1978 4787 2130 4845 quam

536 4860 983 4911 commendaturus
1024 4872 1074 4908 es
1125 4842 1408 4919 discipulis
1440 4842 1585 4902 tuis:
1619 4846 1806 4900 Pacem
1856 4860 2018 4896 meam
2043 4842 2129 4919 ~do

536 4930 696 4993 vobis,
731 4946 903 4997 pacm
932 4927 1163 4994 relinquo
1193 4912 1349 4997 vobis.
1384 4919 1881 4997 Dictuntei-fuerat,
1908 4912 2129 4997 etc.'Sic

537 5010 593 5053 et
615 4985 741 5054 Cod:
764 5015 943 5064 XCVIII,
969 4985 1190 5064 excepto
1215 4995 1351 5062 quod
1380 4993 1537 5045 habet
1558 4990 1771 5064 dimittis
1790 5002 1884 5056 pro
1909 4985 2126 5064 dimitte,

538 5074 679 5126 male
728 5073 865 5126 tollit
915 5056 1068 5141 quam
1106 5056 1244 5141 post
1270 5056 2128 5141 inquam,__ponit"commendatus

538 5085 679 5126 male
728 5085 865 5126 ιοιιιι
915 5085 1068 5141 quam
1151 5085 1230 5120 OSI
1270 5085 1506 5133 mquam,
1561 5085 1705 5126 μυιιιι
1750 5085 2128 5110 cumtttcttuutuo

536 5142 657 5197 Ioco
681 5143 826 5197 verbi
859 5085 1337 5202 commend‘itturus,
1385 5147 1437 5191 et
1466 5132 1647 5201 adjicit
1682 5131 1853 5183 dicens
1888 5137 2009 5181 ante
2045 5128 2131 5179 di-

539 5214 772 5277 scipulis.
807 5215 876 5268 Ita
906 5224 959 5267 et
983 5226 1147 5277 cvaI,
1180 5221 1233 5264 et
1272 5223 1378 5263 CVI.

639 5285 745 5340 bid.
778 5284 948 5339 Natus
972 5291 1041 5335 est
1066 5281 1297 5337 Christus

540 5366 611 5438 et“
634 5357 902 5424 impletum
952 5364 1023 5408 est
1098 5353 1297 5406 deside-

540 5443 697 5491 rtum,
726 5438 829 5481 etc.

1410 5275 1573 5333 .Cod.
1613 5289 1676 5327 xv
1700 5280 1936 5326 etcvaI.
1966 5268 2133 5323 Natus

1372 5360 1444 5405 est
1476 5346 1739 5409 Christus;
1768 5341 1854 5395 ille
1881 5342 2123 5402 veniebat,

1374 5431 1420 5473 et
1448 5423 1540 5473 iste
1566 5417 1703 5475 ibat;
1744 5425 1789 5467 et
1818 5415 1915 5465 nisi
1942 5412 2130 5465 veniret

1378 5492 1466 5545 ille
1487 5531 1499 5548 .
1536 5490 1627 5541 iste
1656 5486 1728 5539 ire
1753 5483 1970 5537 nolebat.
2011 5480 2130 5534 Jam

542 5578 774 5622 senectus
802 5578 1007 5621 matura
1035 5565 1353 5631 excludebat,
1386 5564 1471 5617 sed
1498 5561 1696 5631 sincera
1736 5557 1895 5626 pittas
1925 5556 2131 5608 detine-

543 5642 647 5692 bat.
684 5640 747 5692 Αι
780 5641 862 5692 ubi
910 5650 1058 5693 natus
1097 5629 1464 5697 estC/aristas,
1497 5641 1549 5683 at
1596 5629 1683 5680 ubi
1724 5644 1835 5680 eum
1875 5633 2133 5696 portatum

545 5710 779 5764 inanibus
804 5711 1031 5770 vidit,.et
1055 5712 1275 5763 divinam
1304 5707 1584 5780 infantiam
1612 5702 1697 5780 pia
1724 5708 1950 5780 {enectus
1977 5712 2137 5777 agito-

545 5781 636 5846 vit,
661 5782 853 5846 accepit
875 5768 989 5833 eum
1012 5783 1061 5834 in
1090 5782 1319 5834 manibus
1338 5768 1443 5833 sitis
1464 5787 1509 5830 et
1533 5771 1664 5846 dixit
1679 5787 1697 5824 :
1720 5768 1769 5822 Ν
1775 5785 1874 5821 unc
1896 5768 2134 5846 dimittis,

548 5838 791 5925 Dtimine;
831 5867 1030 5925 servum
1071 5861 1211 5904 tuum
1252 5853 1303 5903 in
1347 5865 1491 5918 pace.
1508 5842 1802 5908 'Impletunt
1832 5849 1903 5925 est
1934 5838 2137 5893 deside-

548 5920 684 5974 rium
707 5965 721 5988 ,
763 5909 1017 5979 etcCVid.
1066 5938 1229 5978 serat.
1273 5909 1358 5977 εί
1382 5926 1511 5987 Aug.
1546 5929 1738 5980 CLXIII,
1774 5926 1828 5963 η.
1862 5909 1916 5963 4.

1369 4635 1506 4724 Quid
1542 4649 1671 4724 ergoY
1705 4632 1830 4685 dixit
1866 4630 2076 4724 ξὶὶιηερη
2102 4629 2126 4681 ?
2156 4665 2207 4724 Β

2220 3341 2335 3410 fixit
2380 3338 2660 3405 Christum,
2708 3349 2761 3391 tu
2799 3337 2973 3392 odisti.

2292 3411 2423 3466 Ibid.
2470 3410 2664 3464 Audire
2701 3411 2976 3479 expectatis

2217 3500 2251 3536 a
2279 3500 2359 3536 me
2386 3498 2406 3536 :
2433 3482 2625 3548 autlite,
2655 3490 2760 3536 etc.

2292 3554 2427 3610 Ibid.
2472 3552 2609 3605 Deus
2633 3554 2839 3605 donavit
2859 3567 2979 3622 gra-

2222 3625 2365 3677 tiam.
2391 3623 2595 3685 Gratia,
2624 3633 2729 3677 etc.

2293 3695 2424 3749 Ibid.
2474 3694 2725 3757 lteJdita;
2747 3694 2870 3763 quia
2890 3692 2979 3763 qui

2220 3777 2429 3829 creavit,
2451 3777 2619 3819 sanat.

2293 3838 2427 3891 Ibid.
2498 3836 2622 3889 fiuit
2670 3838 2795 3901 ille,
2864 3834 2987 3904 quia

2223 3910 2414 3961 dimisit
2443 3918 2750 3962 manentem.

2295 3980 2424 4033 Ibid.
2472 3978 2747 4034 Descendit
2790 3977 2873 4030 ad'
2891 3978 2981 4047 ja-

2223 4059 2435 4104 centem.

3030 1404 3322 1468 imperanti.

3098 1474 3230 1527 Cod.
3274 1487 3363 1525 xv.
3408 1470 3609 1525 Μονιυὶ
3642 1484 3800 1528 [ενο-

3034 1555 3181 1599 cante
3209 1544 3621 1598 resurrexissent.

3106 1615 3183 1671 Id.
3230 1614 3391 1668 Terra
3447 1626 3493 1668 te
3550 1615 3803 1669 moriente

3036 1688 3339 1742 tremuisset.

3106 1757 3185 1813 Id.
3267 1756 3463 1829 Ubique
3525 1760 3666 1811 enim
3730 1758 3803 1811 eis

3037 1830 3294 1884 Christus.

3115 1901 3189 1954 Id.
3230 1902 3487 1954 Adoratus
3507 1910 3583 1953 est
3608 1902 3662 1953 in
3684 1910 3807 1953 tens-

3041 1973 3126 2041 plo
3157 1988 3286 2043 puer
3314 1973 3581 2036 Christus;
3621 1989 3653 2023 α
3689 1988 3808 2025 sene

3046 2045 3285 2098 Simeone
3340 2054 3567 2115 gestatus
3626 2052 3700 2096 est
3758 2043 3808 2097 in

3043 2116 3200 2182 ulnis,
3227 2126 3332 2170 etc.

3114 2186 3189 2242 III.
3237 2185 3301 2239 In
3330 2185 3661 2249 verberibus;
3693 2184 3809 2254 pul-

3046 2260 3167 2311 cher
3198 2274 3299 2311 non
3320 2272 3531 2320 curans,
3566 2268 3676 2310 etc.

3120 2329 3194 2383 Id.
3267 2329 3525 2399 Aspiravit
3584 2329 3717 2391 dies,
3764 2332 3812 2379 et

3047 2402 3239 2472 fugata:
3264 2410 3380 2453 sunt
3414 2400 3631 2472 umbrae.

3120 2475 3195 2527 Id.
3241 2472 3302 2526 Si
3322 2470 3621 2539 expavescis
3647 2471 3734 2538 qui
3762 2484 3815 2523 es

3047 2544 3274 2606 auditor,
3303 2552 3408 2596 etc.

3121 2617 3192 2672 Id.
3258 2613 3546 2668 Nuntiatur
3599 2610 3815 2665 Elisteo.

3123 2760 3199 2813 Id.
3243 2756 3309 2811 Et
3338 2758 3471 2811 dixit
3491 2756 3556 2809 ei.

3122 2831 3197 2885 Id.
3248 2829 3426 2883 Vivere
3477 2843 3542 2882 e1:
3596 2844 3663 2880 ea
3724 2843 3821 2879 non

3049 2911 3341 2975 potuerunt.

3121 2972 3294 3028 Codd.
3323 2989 3410 3035 xv,
3442 2980 3499 3024 ct
3523 2985 3701 3023 cun.
3726 2973 3822 3021 Att-

3053 3046 3105 3099 di
3134 3061 3151 3097 :
3183 3044 3330 3097 Muta
3366 3055 3433 3106 te,
3464 3044 3509 3095 si
3540 3043 3615 3094 vis
3656 3046 3821 3093 muta-

3052 3119 3135 3181 ri;
3179 3117 3233 3168 in
3262 3125 3529 3177 vetustate,
3563 3123 3675 3166 etc.

3127 3260 3220 3315 Iid.
3265 3259 3422 3312 Pater
3477 3266 3601 3309 tuus

3049 3334 3181 3402 ﬁxit,
3209 3340 3260 3384 lu
3278 3332 3449 3384 odisti.

3121 3403 3253 3457 Cod.
3308 3418 3396 3462 xv.
3458 3403 3690 3465 Audite;
3739 3416 3817 3453 es-

3051 3475 3289 3545 spectatis
3305 3490 3337 3539 (ι
3364 3489 3476 3536 me;
3500 3474 3701 3545 audite,
3719 3483 3816 3524 etc.

3126 3546 3200 3600 Id.
3247 3544 3387 3597 Deus
3443 3544 3661 3596 donavit
3709 3558 3819 3611 gra-

3054 3619 3179 3672 tiam
3208 3631 3372 3669 suam.
3400 3612 3612 3674 Gratia.
3646 3624 3751 3667 etc.

3126 3690 3203 3743 Id.
3251 3686 3498 3739 Reddita.
3549 3684 3820 3751 Quicrea-

3052 3762 3141 3824 vit,
3166 3767 3333 3814 sanat.

3135 3832 3209 3884 Id.
3256 3829 3374 3883 Ruit
3396 3828 3485 3881 ille
3512 3827 3603 3896 qui
3632 3825 3819 3879 dimisit

3070 3913 3383 3958 manentem.

3124 3976 3254 4041 Quae
3289 3978 3591 4040 sequuntur
3626 3969 3819 4023 desunt

3055 4050 3106 4102 in
3166 4043 3324 4098 codd.
3404 4058 3463 4095 xv
3547 4051 3603 4095 et
3686 4052 3819 4093 cmt

3057 4130 3225 4186 usque
3265 4114 3331 4167 ad
3376 4114 3490 4168 haec
3519 4112 3687 4167 verba
3714 4124 3820 4164 ver-

3658 3255 3822 3309 cruci-

2224 4208 2314 4248 sus
2345 4192 2501 4247 finem
2529 4192 2786 4245 veniamus
2814 4190 2881 4244 ad
2908 4208 3021 4246 eum
3050 4188 3322 4245 credendo.

2298 4264 2361 4317 N.
2422 4268 2473 4316 υ.
2532 4264 2701 4329 Quare
2758 4264 2819 4314 de
2873 4266 2983 4329 eius

2226 4336 2484 4388 nativitate
2507 4334 2810 4403 litigamus?
2837 4351 2903 4387 an
2932 4344 2984 4387 ut

2231 4407 2481 4459 medicum
2558 4415 2815 4459 vocantem
2884 4421 2985 4459 non

2227 4479 2539 4530 audiamus?

2302 4548 2432 4601 Ibid.
2503 4548 2817 4619 Celebremus
2866 4564 2986 4619 ergo

2231 4622 2453 4672 natalem
2502 4618 2751 4683 Domini,
2804 4622 2987 4687 fratres

2233 4691 2481 4744 carissimi
2496 4732 2510 4753 ,
2566 4690 2838 4743 adventum
2894 4690 2988 4743 Dei

3131 4257 3215 4327 Id.
3239 4256 3410 4323 Quare
3428 4254 3490 4307 de
3507 4257 3624 4327 ejus
3639 4251 3819 4327 nativi-

3059 4340 3157 4384 tate
3193 4324 3470 4395 litigamus,
3526 4324 3616 4377 ἓιιιι
3663 4324 3816 4395 magi.

3060 4417 3176 4454 cum
3205 4393 3471 4451 vocantem
3514 4412 3619 4448 non
3647 4393 3817 4446 audio.

3062 4488 3173 4525 inus
3197 4469 3350 4539 (Iege_
3370 4465 3685 4533 audimus)?

3097 4536 3214 4594 "Id.
3313 4536 3641 4592 Celebremus
3710 4548 3823 4603 ergo

3061 4614 3195 4667 diem
3220 4610 3429 4680 festum,
3460 4605 3571 4664 etc.

2232 4772 2277 4814 et
2321 4762 2536 4814 hominis
2568 4764 2899 4825 celebremus,
2948 4770 2999 4814 ut
3055 4775 3144 4813 nos
3181 4760 3248 4813 ad
3288 4753 3454 4807 Deum
3481 4760 3819 4805 revertamur.

2234 4830 2407 4903 Igitur
2461 4833 2595 4884 diem
2642 4832 2826 4901 festum
2867 4832 3195 4897 celebremus,
3227 4838 3333 4885 etc.

2309 4926 2441 4979 Ibid.
2484 4923 2602 4977 Non
2646 4924 2989 4993 formationis,

2233 5000 2318 5051 sed
2345 4997 2739 5065 reformationis.

3138 4922 3214 4977 Id.
3260 4918 3309 4974 Ν
3315 4936 3381 4974 on
3420 4911 3831 4987 informationis,

3067 4996 3155 5049 sed
3182 4991 3587 5065 reformationis.

2766 5130 3000 5188 SERMO
3038 5128 3299 5186 CXXXV.

2313 5249 2528 5318 Legitur
2568 5249 2622 5303 in
2650 5248 2771 5303 ce'd.
2802 5247 3013 5304 Cassia.
3042 5262 3187 5313 CXVI,
3218 5243 3314 5300 fol.
3350 5241 3471 5295 I56.

2309 5341 2371 5396 N.
2422 5341 2470 5395 I.
2530 5338 2825 5411 Intelligere
2876 5355 2996 5410 pos-

2238 5429 2436 5479 sumus,
2481 5412 2665 5481 fratres
2682 5453 2696 5476 ,
2728 5422 2832 5465 etc.

2313 5486 2442 5539 Ibid.
2484 5480 2795 5536 Exultamus
2841 5480 2994 5535 Chri-

2239 5563 2375 5608 stum
2444 5553 2725 5607 Dominum
2789 5563 2997 5616 natum;

2239 5637 2285 5681 et
2326 5628 2432 5689 iant
2472 5641 2587 5679 eum
2622 5625 2856 5677 lwtamur
2903 5638 2998 5693 pro

2240 5699 2407 5750 salute
2429 5698 2639 5750 humani
2660 5695 2856 5767 generis
2884 5696 3000 5765 bap-

2242 5770 2474 5823 tizatum.

2316 5839 2446 5892 Ibid.
2496 5837 2599 5893 Via:
2628 5848 2778 5894 natus
2809 5846 2881 5893 est
2902 5836 3000 5891 lto-

2244 5910 2481 5965 minibus.

3139 5337 3271 5392 Cod.
3357 5332 3481 5387 Non
3580 5330 3839 5400 explicare

3068 5423 3358 5478 possumus,
3383 5409 3594 5478 fratres,
3620 5412 3733 5457 etc.

3141 5478 3221 5533 Id.
3296 5475 3613 5531 Exultamus
3661 5482 3839 5525 natum

3070 5550 3414 5610 Salvatorem,
3447 5556 3493 5599 et
3539 5548 3657 5614 jam
3707 5556 3840 5596 nunc
3922 5552 3927 5557 '

3070 5637 3189 5697 eum
3241 5621 3477 5674 hetamur
3526 5632 3640 5671 esse
3690 5629 3843 5667 rena-

3072 5704 3203 5747 tum.

3144 5834 3221 5888 Id.
3271 5832 3371 5886 Via:
3386 5830 3669 5901 aliquando
3687 5835 3837 5880 nam

3077 5916 3152 5961 est
3184 5903 3435 5960 Dominus
3466 5902 3637 5956 terris.
