4012 6338
261 300 401 360 1253

330 415 461 472 Ibid.
539 415 781 483 Essetque
849 417 1009 470 conti-

261 499 419 543 nuata
448 488 706 557 festivitas.

328 559 462 614 Ibid.
503 557 816 629 lncorrupta
849 568 1012 613 matre

255 632 595 702 progenitum.

330 699 463 756 Ibid.
496 699 606 754 Ista
627 702 770 756 nobis
797 702 1014 755 contulit

255 774 734 842 sancti/icationem.

327 843 458 898 Ibid.
489 843 590 898 Illa
613 861 772 898 unum
786 861 1016 915 procrea-

258 914 350 981 vit,
379 925 427 968 et
475 917 614 989 virgo
641 927 756 982 est;
789 917 887 969 ista
916 933 1014 987 ge-

257 995 402 1045 nerat
433 989 635 1056 plures,
665 996 713 1040 et
741 1003 870 1056 pura
917 997 1009 1042 est.

325 1127 388 1183 Ν.
413 1128 466 1183 2.
494 1129 733 1185 Pessime
754 1139 808 1184 et
829 1139 1015 1184 contra

189 1226 197 1233 ~
255 1213 472 1255 sensum
502 1202 590 1272 qui
631 1212 750 1254 tunc
791 1201 1015 1254 Mariam

251 1272 531 1342 castigavit.

324 1344 454 1397 Ibid.
487 1343 550 1397 In
579 1360 686 1416 quo
727 1344 849 1397 mihi
891 1345 1012 1400 bene

253 1417 558 1488 complacui.
594 1415 597 1416 ⁷
638 1415 766 1488 Hajc
852 1418 1016 1488 prima

252 1487 571 1554 prteclarior.
704 1486 1016 1542 I’rwclarior

253 1555 407 1626 plane
438 1566 511 1612 est
549 1559 803 1622 secunda,
861 1577 1016 1630 quam

257 1629 424 1695 prima
476 1631 731 1684 n'ttivnas.
787 1629 918 1686 Male
962 1641 1017 1686 et

252 1701 454 1768 abSlllIe
477 1715 656 1754 sensu.

322 1772 452 1825 Ibid.
473 1770 584 1825 Ista
607 1789 721 1826 cum
739 1774 1016 1829 divinitatis

250 1842 570 1924 professione
610 1843 888 1898 Dominum
920 1847 1012 1902 ba-

251 1923 482 1982 ptizavtt.

323 1986 394 2038 Ν.
417 1987 470 2038 5.
511 1985 704 2040 Caelum
732 1989 1012 2044 subtilitate

249 2058 528 2136 suspendit,
551 2071 736 2111 terram
752 2068 880 2114 male
897 2065 1010 2136 fun-

250 2129 409 2205 dati“:

322 2200 452 2274 Ibid.
497 2201 524 2251 J
537 2218 722 2256 oanacs
773 2201 1009 2274 Baptista

249 2283 604 2325 comminatur.

322 2343 454 2418 Ibid.
494 2344 622 2418 Qute
653 2361 878 2398 normam
914 2351 1006 2418 ju-

247 2422 339 2468 stas
367 2416 686 2468 discretionis
716 2416 1005 2472 excesserit.

324 2485 386 2539 N.
412 2486 465 2540 4.
486 2486 770 2556 Ubipurior
785 2501 855 2542 est
875 2489 1010 2558 fonte

249 2556 336 2611 ille
357 2559 443 2626 qui
463 2562 727 2628 mergitur.

326 2629 454 2683 Ibid.
483 2630 630 2683 Exeo
655 2632 875 2684 omnium
899 2650 1012 2704 gur-

250 2701 411 2770 gitum
458 2710 649 2755 trartus
685 2701 1011 2757 cunctorum-

249 2787 343 2844 que
365 2773 585 2839 fontium
600 2790 747 2826 venas
770 2779 1010 2844 mysterio

249 2841 560 2912 baptismatis
596 2841 924 2910 consecravit.

323 2914 452 2968 Ibid.
555 2914 716 2969 Nobis
817 2922 1008 2984 ﬂuenta

248 2986 534 3039 mundaret.
565 2988 767 3042 Deinde
797 2989 1007 3061 integer

249 3071 502 3132 numerus
591 3064 827 3132 sequitur
914 3064 1002 3132 qui

248 3130 396 3201 deest
440 3130 495 3200 in
528 3131 674 3196 cod.,
703 3139 758 3185 et
787 3133 877 3201 qui
921 3130 1003 3189 cst

1481 299 1861 356 LEC’I‘IUNES
1902 300 2309 357 VAIIIANI‘ES.

1156 411 1232 468 Id.
1278 413 1520 492 Essetque
1537 416 1646 470 nati
1672 417 1837 470 conti-
1865 424 1918 483 Α
1985 419 2148 492 γιὶιὶἀ.
2185 421 2355 490 Super
2387 431 2526 478 astra
2576 439 2700 492 prte-

1082 496 1239 539 nuata
1263 488 1525 556 festivitas.

1153 558 1228 612 Id.
1318 559 1606 630 lmpolluta
1675 569 1836 613 matre

1080 639 1396 698 conceptum.

1158 699 1232 753 Id.
1280 701 1392 755 Ista
1432 702 1575 756 nobis
1621 701 1862 756 contulit.

1084 781 1421 826 sanctitatem.

1156 841 1230 896 Id.
1261 843 1366 897 llla
1399 861 1557 898 unum
1597 860 1836 912 procrea-

1087 914 1170 979 vit,
1201 923 1248 967 et
1278 932 1406 983 pura
1434 926 1542 982 est;
1587 917 1686 969 ista
1714 932 1840 985 quo-

1086 985 1207 1066 tidie
1263 996 1468 1058 generat
1520 987 1691 1058 plures
1718 1028 1732 1052 ,
1792 997 1839 1042 et

1086 1071 1226 1126 virgo
1251 1067 1345 1112 est.

1092 1187 1103 1200 ι
1159 1131 1235 1183 Id.
1265 1129 1475 1199 Optime
1498 1130 1586 1195 qui
1615 1139 1731 1182 tunc
1757 1144 1842 1182 ca-

1083 1200 1320 1268 stiﬁcavit
1351 1201 1591 1255 Mariam.

1158 1341 1230 1396 Id.
1262 1341 1341 1397 'In
1395 1360 1494 1414 quo
1550 1343 1677 1398 mihi
1721 1343 1846 1399 bene

1086 1415 1398 1487 camplacui,‘
1440 1417 1607 1487 ipsum
1646 1418 1838 1471 audite.

1089 1484 1399 1540 Prwclarior
1409 1484 1558 1557 plane
1572 1499 1643 1540 est
1661 1503 1845 1540 secun-

1088 1559 1175 1624 da,
1205 1575 1360 1628 quam
1387 1559 1555 1629 prima
1578 1559 1842 1613 nativitas.

1152 1773 1227 1827 Id.
1259 1770 1371 1826 Ista
1403 1789 1520 1825 cum
1565 1773 1844 1826 divinitatis

1939 779 2049 847 poli
2077 779 2194 831 lwta
2216 783 2527 834 carminibus
2543 783 2703 852 regia,

1939 859 2044 904 etc.

1940 1001 2076 1046 stunt
2101 995 2342 1059 tenuerit,
2366 1008 2410 1049 et
2432 997 2577 1048 unius
2600 1000 2709 1048 sub-

3396 314 3536 370 1234

2846 425 2924 480 Id.
2959 425 3130 498 Super
3151 436 3291 483 astra
3319 433 3537 498 praecla-

2771 511 2880 551 rus.
2965 497 3246 553 Ferebatur
3297 497 3409 555 ecce
3471 506 3534 558 ab

2773 568 2970 637 angelis
3019 581 3226 628 ventura
3274 589 3394 627 caro
3419 617 3433 639 ,
3488 585 3536 630 et

2773 643 2900 708 poli,
2916 653 3020 696 etc.

2846 711 2920 766 Id.
3000 713 3235 785 Namque
3295 716 3344 767 in
3422 718 3539 771 imis

2782 779 3346 858 [Cod.malelacrymis]
3367 789 3543 842 laxata

2780 857 3072 928 cardinibus
3101 873 3262 928 regia,
3288 857 3394 913 etv.

2853 926 3019 1001 Μ.δὶ
3045 926 3170 998 quis
3189 946 3306 1001 ergo
3328 973 3342 997 ,
3373 939 3543 994 spreta

2186 999 2577 1069 uerit,etu_nius
2600 1000 2709 1048 sub-
2782 999 3008 1067 per/idne
3053 999 3288 1069 caligine,
3339 1005 3450 1068 ejus
3490 1017 3544 1055 se

1947 1064 2144 1141 stantia:
2163 1066 2426 1120 Patremet
2450 1066 2643 1141 Filium
2660 1078 2707 1120 et
2781 1064 3045 1141 praeceptis
3084 1064 3376 1140 acﬁjussis,‘
3421 1071 3542 1124 totis

1953 1135 2203 1212 Spiritum
2226 1148 2483 1212 _sanctum
2510 1140 2711 1212 confes-
2781 1135 2973 1195 nisibus
3000 1135 3543 1212 obtemperarevolue-

1951 1223 2031 1262 sus
2059 1276 2072 1285 _
2103 1208 2299 1274 fuerit,
2353 1210 2464 1263 cazli
2485 1283 2492 1285 Α
2518 1211 2710 1285 junuas
2785 1214 2872 1276 rit,
2929 1217 3037 1268 coeli
3085 1208 3409 1282 paradisique
3439 1217 3542 1285 ja-

1945 1292 2034 1402 ﬁer
2052 1276 2221 1347 ipsum
2248 1295 2453 1336 securus
2478 1276 2704 1337 intrabit.
2786 1300 2912 1402 quas
2942 1276 3150 1340 securus
3178 1276 3408 1350 intrabit,
3432 1276 3539 1340 εις.

1995 1365 2130 1402 men.
2829 1374 2961 1402 nteit-

1995 1365 2130 1405 men.
2785 1357 2962 1411 Amen.

1945 491 2115 544 clarus
2148 507 2167 546 :
2195 503 2240 546 et
2272 495 2398 563 poli,
2427 505 2530 549 etc.

2013 705 2076 759 N.
2108 707 2164 760 2.
2214 706 2450 776 Namque
2488 712 2538 762 in
2585 727 2701 763 imis

2013 919 2077 974 Ν.
2101 920 2154 976 5.
2182 923 2364 991 Siquis
2393 941 2445 978 se
2469 923 2535 977 ad
2559 922 2704 978 Chri-

2528 1481 2700 1524 SERIIO
2727 1484 2957 1525 CLXXXV.

2019 1552 2312 1624 Legiturin
2343 1557 2464 1612 cod.
2495 1559 2703 1614 Cassin.
2727 1577 2845 1629 vni,
2880 1562 2970 1616 fol.
2996 1561 3125 1629 254,
3158 1561 3248 1616 ubi
3271 1577 3324 1615 n.
3356 1561 3414 1626 2,
3441 1575 3541 1632 pro

1951 1646 2033 1702 his
2057 1650 2234 1704 verbis
2264 1668 2277 1703 :
2303 1649 2523 1707 Necesse
2545 1664 2620 1708 est
2647 1656 2805 1725 igitur
2832 1666 2886 1710 ut
2917 1657 3069 1710 unius
3097 1656 3162 1710 sit
3193 1671 3307 1709 cum
3337 1655 3541 1709 Christo

1949 1741 2264 1810 substantias,
2289 1761 2438 1815 quem
2458 1747 2708 1814 videmus,
2738 1762 2868 1818 etc.,
2900 1748 3127 1804 habetur
3152 1769 3164 1804 :
3201 1748 3422 1803 Necesse
3469 1756 3544 1803 est

1087 1820 1416 1914 ρνόῖέεέἷὸἧεζ
1437 1820 1842 1914 “attribui;
1873 1820 1916 1881 B

1956 1833 2102 1902 igitur
2116 1843 2170 1886 ut
2188 1836 2340 1890 unius
2357 1838 2420 1890 sit
2431 1838 2748 1908 substantia,
2770 1841 2920 1895 unius
2949 1852 3147 1896 natura:
3174 1857 3289 1895 cum
3314 1840 3542 1910 Christo,

1085 1917 1277 1970 minum
1307 1915 1599 1985 baptizavit.

1159 1989 1231 2041 Id.
1314 1986 1436 2041 Cceli
1513 1988 1844 2041 subtilitatem

1081 2060 1364 2128 suspendit,
1439 2068 1587 2112 terrw
1658 2060 1843 2113 molem

1081 2133 1337 2202 fundavit.

1156 2203 1231 2257 Id.
1262 2202 1492 2255 Joannes
1519 2201 1838 2255 beatissimus

1082 2281 1323 2343 prolestat
1331 2290 1409 2326 ur.

1152 2345 1228 2399 Id.
1253 2347 1378 2408 Qua:
1400 2359 1632 2398 normam
1641 2346 1670 2415 j
1677 2353 1842 2396 ustum

1083 2421 1372 2471 excesserit.

1154 2489 1228 2541 Id.
1302 2485 1400 2541 Ubi
1474 2487 1653 2555 purior
1728 2487 1874 2555 ipso-

1081 2560 1237 2629 Ιοηιμ,
1272 2561 1358 2629 ille
1384 2558 1469 2627 qui
1500 2559 1764 2625 mergitur.

1155 2633 1230 2684 Id.
1267 2627 1351 2682 Ex
1377 2646 1432 2681 eo
1463 2631 1688 2680 omnium
1718 2644 1841 2697 gur-

1082 2703 1244 2772 gitunt
1311 2712 1502 2752 tractus
1573 2715 1841 2754 consecra-

1085 2788 1173 2828 υιι.

1153 2918 1231 2974 Id.
1277 2917 1440 2972 Nobis
1469 2916 1663 2985 ﬂuenta
1694 2930 1840 2968 mun-

1079 2989 1225 3043 daret
1255 2990 1471 3060 ipsequi
1520 2995 1592 3040 est
1638 2986 1841 3060 benedi-
1887 3035 1890 3038 .

1079 3071 1188 3114 ctus
1215 3058 1283 3114 in'
1298 3061 1487 3115 saecula
1507 3058 1838 3113 siliculorum.

1054 3199 1061 3207 .
1078 3134 1258 3186 Amen.

249 3197 314 3252 de
344 3195 529 3270 Magis.

868 3311 1042 3355 SERHO
1070 3313 1233 3355 CXLII.

319 3381 535 3453 Legitur
564 3384 614 3438 in
645 3387 765 3442 cod.
795 3387 1004 3446 Cassin.
1037 3406 1145 3455 CVI,
1180 3390 1273 3443 fol.
1302 3386 1400 3442 561
1458 3403 1488 3441 a
1543 3395 1709 3456 tergo,
1755 3385 1846 3442 ubi

247 3476 345 3530 n.I
369 3475 556 3532 horum
577 3479 860 3534 verborum
887 3483 1003 3538 loco
1023 3500 1036 3535 :
1056 3482 1314 3538 Secretius
1336 3481 1430 3534 sibi
1450 3479 1568 3544 soli,
1592 3488 1684 3532 aut
1707 3479 1750 3532 si
1772 3485 1847 3532 est

247 3568 380 3622 alius
408 3569 668 3637 inﬁrmus,
700 3588 815 3625 cum
847 3574 958 3642 ipso
1005 3575 1101 3627 sibi
1146 3575 1204 3627 in
1252 3575 1407 3626 domo
1454 3590 1548 3625 sua
1595 3580 1846 3640 prteparet

247 3659 382 3726 quod
410 3661 650 3729 accipiat,
680 3670 723 3715 et
753 3663 870 3717 illos
898 3664 986 3732 qui
1017 3665 1129 3717 sani
1161 3672 1280 3717 sunt
1313 3674 1358 3716 et
1379 3664 1622 3732 jciunare
1649 3679 1846 3733 prteva-

247 3750 351 3806 lent
375 3752 442 3805 ad
455 3754 724 3820 prandium
739 3771 842 3807 non
865 3755 1057 3819 invitet,
1077 3756 1328 3810 habetur:
1357 3755 1616 3810 Secretius
1641 3765 1729 3809 aut
1751 3758 1847 3813 sibi

247 3845 344 3900 soli
371 3853 462 3899 aut
497 3845 588 3898 alii
614 3844 831 3913 iit/irino
876 3846 1110 3900 similiter
1166 3847 1323 3916 faciat
1367 3861 1676 3915 prteparare,
1725 3849 1846 3916 quia

247 3954 349 3994 non
377 3939 424 3992 ei
453 3947 649 4007 Oportet
667 3940 890 4012 aliquem
915 3958 1101 3996 sanum
1126 3958 1312 4012 rogare
1338 3943 1407 3994 ad
1436 3943 1733 4012 prandium.

818 4051 993 4090 SEIIMO
1019 4051 1261 4090 CLXXVII.

317 4127 538 4199 Legitur
569 4130 621 4183 in
645 4129 765 4183 cod.
793 4130 1003 4185 Cassin.
1029 4145 1172 4197 xcnx,
1202 4131 1293 4184 fol.
1318 4129 1447 4196 207,
1475 4128 1565 4184 ubi
1595 4146 1648 4184 n.
1683 4130 1703 4182 I
1734 4146 1846 4186 ma-

246 4239 410 4295 gnum
432 4224 712 4293 corrigitur
743 4224 1210 4279 Benedictinorutn
1236 4224 1512 4291 mendum,
1537 4225 1626 4293 qui
1651 4240 1844 4292 posue-

245 4327 371 4372 runt
399 4317 512 4372 huic
531 4319 691 4373 verba
720 4334 735 4372 :
766 4318 953 4371 Omnes
970 4319 1107 4371 enim
1132 4318 1284 4388 quasi
1310 4317 1619 4388 quibusdam
1640 4334 1845 4386 compe-

246 4412 396 4467 dibus
425 4427 516 4465 nos
561 4421 814 4482 premunt,
864 4426 958 4480 pro
1007 4410 1279 4465 Daemones
1319 4411 1476 4479 enim,
1519 4418 1622 4464 etc.
1678 4409 1844 4480 Cujus

244 4503 598 4560 correctionis
636 4511 831 4574 quanta
873 4503 942 4557 sit
971 4506 1266 4559 necessitas
1313 4501 1572 4573 intelliget
1601 4503 1844 4571 quicum-

247 4614 350 4672 que
372 4599 546 4654 Iocutn
574 4597 746 4667 ipsum
774 4597 984 4651 adierit.
1278 4665 1285 4672 ι
1518 4597 1526 4606 ’

1947 3869 2164 3930 clausa;
2194 3881 2278 3933 qui
2307 3874 2458 3918 natus
2483 3874 2574 3928 est,
2605 3875 2706 3917 etc.
2784 3865 2839 3917 in
2867 3878 2932 3918 eo

1947 1942 2095 2000 quem
2114 1918 2364 1994 videmus,
2391 1940 2496 1986 etc.

2523 2040 2696 2080 SBRIIO
2724 2041 2974 2083 CLXXXVI.

1958 2129 1960 2132 ν
2017 2111 2237 2183 Legitur
2282 2115 2335 2168 in
2365 2115 2486 2170 cod.
2517 2117 2728 2173 CaSsin.
2765 2134 2919 2185 xeix,
2955 2119 3049 2176 fol.
3079 2119 3187 2176 229
3212 2136 3242 2176 a
3273 2132 3442 2194 tergo,
3487 2129 3544 2178 et

1947 2203 2003 2257 in
2025 2205 2147 2261 cod.
2177 2207 2375 2274 pariter
2405 2208 2614 2264 Cassin.
2643 2226 2810 2279 cccv,
2840 2214 2929 2266 fol.
2963 2213 3084 2281 I02,
3119 2215 3207 2268 ubi
3257 2227 3377 2284 post
3419 2213 3533 2272 inec

1947 2294 2220 2367 verbanql
2252 2296 2472 2352 :Cltristi
2500 2302 2641 2370 pium
2669 2318 2967 2371 ascensum,
2993 2305 3225 2362 additur:
3260 2307 3432 2364 Hodie
3456 2325 3544 2364 ce-

1947 2386 2203 2441 lebramus
2251 2391 2501 2446 t-isitantis
2548 2398 2711 2448 sancti
2763 2397 2992 2466 Spiritus
3038 2415 3449 2469 sacramentum;
3491 2415 3544 2463 et

1946 2479 2141 2536 deinde
2163 2492 2280 2551 post
2300 2484 2413 2538 hinc
2434 2485 2557 2551 alia,
2587 2491 2863 2556 prapinans
2879 2493 3032 2545 servis
3047 2510 3252 2548 munera
3277 2497 3544 2567 libertatis,

1948 2571 2100 2640 plura
2119 2575 2300 2645 adjicit
2322 2578 2570 2646 scriptor,
2589 2596 2707 2647 qua:
2732 2585 2982 2637 mendosa
3005 2597 3128 2638 sunt
3153 2587 3203 2640 in
3227 2589 3348 2643 cod.
3377 2604 3474 2644 ccc
3487 2606 3542 2658 ν,

1946 2669 2041 2724 sed
2071 2671 2225 2740 plana
2258 2671 2310 2725 in
2350 2675 2470 2727 cod.
2506 2689 2651 2741 scut,
2695 2690 2747 2732 et
2792 2695 3018 2746 quorum
3061 2682 3181 2736 talis
3221 2693 3303 2737 est
3340 2695 3538 2739 tenor:

1947 2758 2106 2828 Bene,
2131 2765 2316 2834 inquit,
2345 2765 2479 2820 hunc
2507 2769 2637 2820 diem
2665 2769 2848 2824 Tobias
2873 2770 3024 2843 [ϐοά.
3051 2789 3182 2828 cccv
3209 2774 3388 2842 Tobis,
3413 2777 3538 2833 cod.

1947 2869 2068 2909 xeix
2099 2855 2380 2929 nobis]qille
2411 2857 2507 2912 Dei
2553 2861 2745 2921 amicus
2790 2867 3138 2935 temporaliter
3184 2879 3423 2935 cwcatus,
3455 2869 3545 2938 qui

1949 2951 2117 3005 lumen
2139 2954 2285 3022 quasi
2317 2970 2417 3007 non
2439 2954 2672 3022 habebat,
2701 2966 2748 3009 et
2779 2958 2948 3011 lumen
2963 2961 3184 3029 justitite
3213 2963 3536 3038 propinabatl

1948 3059 2121 3100 notum
2141 3046 2375 3115 habebat,
2393 3050 2600 3118 quando
2621 3049 2856 3104 dicebat:
2876 3051 2899 3102 Ι
2910 3055 3043 3117 bam,
3065 3054 3250 3120 inquit,
3267 3055 3334 3106 ad
3358 3053 3535 3108 Ponte.

1949 3152 2120 3194 costen
2142 3142 2275 3194 diem
2301 3145 2516 3211 festum,
2558 3143 2646 3213 qui
2669 3152 2740 3197 est
2764 3153 2971 3199 sanctus
3023 3162 3056 3200 a
3098 3147 3414 3218 septimanis.
3448 3146 3543 3203 Si-

1870 3221 1919 3286 C
1949 3235 2136 3288 militer
2165 3232 2366 3288 Paulus
2392 3234 2586 3305 beatus,
2615 3247 2720 3291 etc.

2573 3343 2744 3382 διειωο
2771 3343 2928 3384 CXCV.

1949 3411 1951 3414 ’
2018 3419 2233 3490 Legitur
2264 3420 2374 3475 sive
2403 3423 2454 3474 in
2487 3421 2608 3476 cod.
2659 3423 2868 3477 Cassin.
2919 3439 2993 3491 χι,
3038 3425 3131 3480 fol.
3183 3426 3276 3497 22,
3327 3429 3440 3483 sive
3489 3427 3546 3488 in

1953 3514 2087 3570 Bibl.
2121 3515 2430 3586 Mugellan.,
2461 3517 2582 3571 cod.
2616 3532 2707 3583 xv,
2740 3517 2830 3572 t‘ol.
2861 3519 2966 3586 53,
2997 3521 3084 3572 ubi
3115 3522 3298 3591 incipit
3347 3523 3546 3578 solum¢

1949 3609 2109 3661 modo
2137 3608 2203 3661 ad
2233 3609 2346 3662 haec
2371 3607 2533 3661 verba
2575 3625 2587 3660 :
2629 3606 2747 3661 Vidi
2776 3621 2998 3678 portam,
3031 3622 3136 3665 etc.

2021 3721 2162 3776 Edit.
2211 3721 2276 3775 N.
2333 3725 2384 3775 I.
2441 3719 2711 3792 Ingressus
2857 3721 2990 3776 Cod.
3023 3739 3095 3778 tu.
3125 3723 3221 3778 Cui
3268 3723 3322 3778 in
3364 3726 3546 3783 multis

1946 3793 2108 3849 estad
2138 3793 2420 3864 discipulos
2464 3809 2553 3862 per
2582 3794 2711 3846 ostia
2784 3794 3075 3847 concordat
3104 3797 3225 3850 cod.
3277 3811 3363 3855 xv,
3413 3799 3548 3854 'Iicet

2972 3868 3119 3934 plura
3151 3867 3348 3934 desint,
3396 3879 3448 3922 et
3474 3873 3546 3922 sit

2783 3936 2985 4004 absque
3032 3952 3192 3990 Scnsu
3224 3955 3234 3988 :
3271 3935 3547 4008 Ingressus

1948 4019 2019 4064 est
2048 4011 2116 4063 ad
2148 4006 2426 4078 discipulos
2454 4023 2542 4074 per
2570 4006 2698 4059 ostia
2724 4007 2900 4060 clausa
2924 4048 2940 4074 ,
2965 4009 3052 4060 sed
3081 4024 3170 4075 per
3203 4006 3354 4078 quam
3380 4027 3547 4078 egres.

1947 4098 2034 4136 sus
2062 4092 2134 4135 est
2166 4096 2354 4152 ptrvus
2386 4083 2452 4130 ad
2481 4077 2837 4152 Acruciﬁxores
2888 4095 3025 4133 suos.
3083 4081 3163 4131 Ad
3216 4077 3547 4149 crut.'i/i.i:ores

1947 4170 2066 4207 suos
2095 4150 2183 4222 per
2216 4166 2337 4204 mea:
2364 4150 2665 4216 virginitatis
2699 4165 2927 4218 egressus
2954 4160 3028 4202 est
3059 4151 3189 4204 ostia
3230 4152 3442 4218 clausa;
3475 4153 3545 4206 ad

1948 4225 2230 4294 discipulos
2255 4235 2446 4283 autem,
2479 4223 2654 4274 clauso
2679 4222 2961 4286 cwnaculo,
3003 4223 3120 4276 ostii
3169 4224 3423 4292 ingressus
3469 4233 3548 4279 est

1947 4297 2203 4360 claustra;
2232 4295 2319 4362 qui
2350 4302 2500 4345 natus
2527 4302 2623 4358 est,
2647 4301 2749 4346 etc.

2018 4369 2082 4421 N.
2112 4369 2166 4421 2.
2195 4366 2461 4432 Quomodo
2484 4363 2713 4418 meruisti

1948 4440 2048 4493 dici
2072 4454 2232 4492 nurus
2263 4434 2496 4502 Dontini,
2529 4436 2659 4490 etc?

2858 4363 3026 4418 Codd.
3065 4367 3244 4422 ambo.
3278 4367 3548 4434 Quomodo

2785 4437 3016 4545 meruisti
3062 4439 3165 4491 dici
3212 4452 3374 4495 mater
3426 4438 3547 4506 Dei,

2785 4517 2867 4545 Mn
2907 4511 2916 4524 '

2782 4517 2922 4562 (πολ

2019 4580 2151 4636 Ibid.
2185 4580 2252 4632 Et
2291 4579 2463 4649 placui
2512 4578 2711 4632 homini
2851 4580 2982 4635 Cod.
3019 4596 3112 4636 xv.
3143 4580 3208 4632 Et
3242 4584 3415 4651 placui
3471 4585 3546 4638 al-

843 4704 1014 4742 SERIIO
1041 4703 1253 4742 CLXXIX.
1275 4665 1285 4685 ³

1869 4623 1923 4683 Β
1950 4623 2076 4706 θεῖ.

2017 4722 2150 4776 Ibid.
2201 4720 2413 4774 lncessu
2457 4719 2707 4785 mirabili,

322 4781 539 4853 Legitur
568 4782 621 4836 in
647 4781 769 4836 cod.
804 4778 1014 4834 Cassia.
1047 4794 1161 4846 VIII,
1192 4777 1285 4833 fol.
1313 4776 1434 4832 I99.

321 4875 464 4930 Edit.
506 4875 570 4930 Ν.
603 4876 654 4930 I.
685 4873 1008 4928 Ascensionis

249 4963 368 5019 ergo
424 4947 707 5000 Βοιηὶηἱειε
760 4947 1009 5019 inclytum

247 5017 497 5091 etfregale
521 5020 839 5091 mysterium,
869 5017 1006 5084 quod

248 5089 330 5215 si.
360 5088 491 5160 quo]
538 5090 772 5142 Christus
820 5101 1006 5141 terram

269 5161 426 5215 evavit
485 5161 552 5212 ad
621 5159 825 5215 ctelum.
870 5163 1006 5211 canit

269 5159 426 5215 evavit
477 5159 552 5212 ad
621 5159 825 5224 ctelum,
870 5163 1006 5211 canit

244 5233 401 5287 etiam
457 5239 605 5284 totus
636 5231 896 5297 mundus,
961 5240 1006 5282 et

248 5303 389 5376 [estis
434 5303 540 5376 agit
578 5302 784 5376 gaudiis
824 5303 1006 5376 trium-

246 5373 375 5446 phos
437 5373 642 5426 Domini
698 5374 781 5446 sui
823 5387 842 5426 .°
886 5373 1006 5440 quia

247 5444 404 5500 erexit
445 5461 479 5496 a
507 5452 644 5498 terra
690 5444 910 5510 inopem.
958 5454 1004 5496 et

248 5518 314 5570 de
337 5528 556 5570 stercore
589 5515 830 5568 exultavit
879 5529 1007 5582 pau-

248 5603 444 5658 perem,
477 5590 803 5658 eamdemque
829 5585 1006 5658 levavit

249 5655 318 5711 ad
367 5657 591 5713 Patrem.
665 5655 792 5724 Quis
849 5657 1006 5727 igitur

249 5729 393 5795 illuc,
436 5739 540 5786 etc.

1153 4871 1285 4926 Cod.
1326 4868 1500 4923 Victor
1531 4869 1734 4933 mundi,
1762 4870 1808 4923 vi
1819 4899 1838 4914 ο

1081 4951 1192 4997 ctor
1220 4943 1429 5003 diaboli,
1460 4942 1620 4993 victor
1648 4941 1839 5008 inferni

1079 5015 1266 5084 absque
1279 5015 1464 5068 ltesura
1485 5022 1722 5082 potentiae
1739 5011 1840 5064 vul-

1079 5096 1289 5140 neratur
1326 5103 1358 5138 a
1389 5087 1734 5150 multitudine,
1765 5085 1838 5137 vi-

1081 5159 1234 5210 ctima
1258 5157 1311 5209 in
1341 5173 1486 5209 crure
1505 5156 1722 5225 explevit
1753 5172 1840 5207 ar-

1079 5245 1264 5283 canum
1286 5243 1378 5297 pro
1407 5227 1625 5280 hominis
1652 5229 1837 5280 libera-

1080 5305 1216 5354 tione
1231 5301 1519 5362 consitium,
1539 5301 1608 5351 ita
1623 5315 1670 5350 ut
1689 5301 1839 5368 quasi

1077 5372 1237 5424 victu's
1269 5371 1452 5423 veniret
1479 5374 1546 5422 ad
1575 5369 1839 5423 stimulum

1078 5441 1152 5514 [l'.
1184 5443 1434 5496 tumulum
1451 5443 1464 5512 j
1495 5459 1508 5507 ;
1540 5442 1628 5495 sed
1658 5441 1838 5494 extulit

1075 5515 1228 5568 sedi'u
1244 5515 1404 5566 celata
1421 5517 1836 5583 mujestas,atque

1076 5590 1300 5640 occisum
1330 5586 1586 5637 hominem
1612 5584 1674 5636 ab
1698 5587 1832 5653 infe-

1077 5657 1148 5710 ris
1195 5656 1396 5710 reduxtt
1436 5656 1760 5721 incolumem,
1785 5665 1833 5708 et

1076 5731 1313 5782 continuo
1341 5730 1578 5796 perduxit
1625 5727 1691 5780 ad
1727 5741 1835 5780 sua:

1077 5800 1256 5869 gloria:
1297 5801 1486 5853 sedem.
1533 5800 1660 5863 Quis
1700 5799 1833 5852 enim

1079 5870 1227 5938 illuc,
1255 5880 1358 5926 etc.

1944 4805 2149 4864 aspectu
2176 4793 2410 4864 terribili.

2014 4867 2079 4919 Ν.
2123 4865 2172 4919 5.
2213 4863 2281 4919 Ut
2330 4878 2472 4919 utero
2523 4880 2704 4936 grave-

1941 4955 2078 4992 scant
2109 4938 2312 5006 pudico.

2015 5010 2148 5064 Ibid.
2212 5007 2416 5076 Exopto
2455 5024 2547 5079 ego
2595 5007 2702 5062 Deo

1945 5099 2077 5136 meo.

2016 5151 2146 5208 Ibid.
2182 5150 2398 5205 Modum
2423 5153 2703 5221 conceptio-

1944 5226 2046 5291 nis,
2078 5225 2214 5292 quod
2255 5225 2306 5277 in
2352 5222 2511 5276 Verbo
2560 5227 2703 5291 ﬁeret

1945 5296 2250 5352 Salvatoris.
2285 5295 2329 5348 υ
2368 5296 2549 5365 inquit,
2597 5305 2700 5350 etc.

2013 5580 2146 5664 Ibid.
2187 5580 2390 5635 Dilecta
2437 5579 2555 5648 Dei,
2591 5581 2700 5651 ﬁlia

1940 5652 2146 5850 .Deibid.
2199 5724 2288 5780 Vel
2314 5723 2567 5793 quomodo
2614 5724 2700 5793 [iet

1940 5813 1992 5850 in
2045 5813 2090 5850 e.

1939 5813 1992 5852 ιη
2023 5813 2090 5851 te.

2011 5867 2074 5923 Ν.
2099 5867 2151 5922 4.
2209 5867 2442 5925 Vidit....
2501 5876 2546 5924 et
2572 5877 2699 5924 atte-

2781 4653 2977 4706 tissimo
3000 4651 3136 4708 Deo.

2853 4723 2928 4776 Id.
2983 4720 3225 4794 Ingressu
3270 4727 3544 4796 mirabilis,

2780 4803 2988 4862 aspectu
3017 4797 3280 4851 terribilis.

2855 4867 2929 4919 Id.
2998 4864 3064 4940 Ut
3122 4877 3264 4922 utero
3327 4870 3546 4940 gravida

2762 4936 2872 4990 sint
2899 4939 3108 5003 pudico.

2852 5010 2924 5063 Id.
2958 5008 3167 5076 Exupto
3200 5027 3292 5082 ego
3321 5027 3401 5064 me
3433 5013 3543 5069 Deo

2774 5095 2888 5134 meo
2914 5097 2931 5145 ;
2957 5085 3096 5153 forte
3127 5097 3204 5134 me
3230 5086 3450 5153 placere.

2845 5153 2918 5206 Id.
2941 5151 2996 5205 Μ
3002 5151 3536 5228 oduntronceptionis,

2776 5229 2863 5294 qui
2886 5229 2937 5277 in
2966 5227 3112 5277 verbo
3134 5224 3276 5291 licret
3301 5224 3540 5283 Salvato-

2779 5300 2869 5349 ris.
2903 5296 2969 5349 Et
2998 5298 3067 5348 ita
3084 5297 3153 5348 ait
3184 5298 3251 5348 ad
3281 5314 3390 5350 eam
3419 5314 3436 5352 .'
3467 5300 3534 5366 0,

2777 5367 2958 5433 inqmt,
2992 5379 3096 5420 etc.
3129 5366 3259 5421 Cod.
3291 5384 3361 5429 tu,
3390 5382 3434 5423 et
3466 5374 3538 5427 ita

2775 5453 2886 5492 eam
2911 5439 3225 5508 alloquitur:
3255 5439 3320 5507 0,
3351 5443 3536 5511 inquit,

2773 5519 2878 5563 CIC.

2843 5581 2975 5635 Cod.
3032 5598 3120 5636 xv.
3166 5581 3365 5637 Dilecta
3413 5583 3530 5649 Dei,

2772 5655 2970 5724 famula
3005 5653 3120 5709 Dei.

2846 5725 2918 5778 Id.
2968 5724 3056 5780 Vel
3077 5724 3332 5796 quomodo
3361 5723 3453 5793 ﬁat
3476 5725 3532 5778 in

2772 5804 3186 5925 “'Ainbocodd.
3223 5865 3466 5922 Videt....
3483 5875 3533 5926 st
