4012 6338
488 363 621 420 9255

483 485 634 542 nuari
658 484 861 555 faciem,
899 491 1242 557 postremum,
1311 477 1568 532 attenuari
1594 477 1775 549 faciem
1818 473 2064 552 quotidie,
2091 475 2148 535 Δ.

483 558 627 603 ὶήάίι-
656 566 760 603 ore.
1307 548 1586 603 oblitterari
1618 547 1898 603 palloribus
1928 546 2064 598 colo-

1307 558 1586 603 oblitterari
1618 558 1898 616 palloribus
1928 558 2064 598 coto-

1306 637 1411 673 rent
1467 621 1749 691 virgineum
1777 661 1791 682 ,
1861 618 2066 691 destitui

478 558 628 623 uidit,
656 566 760 612 etc.

1665 355 2064 416 APPE‘NDICIS
2101 350 2587 412 AUGUSTINIANI

505 697 642 756 Cod.
672 713 742 753 xv
768 700 909 755 male
948 699 1004 756 id
1049 697 1150 768 est]
1195 680 1380 750 rubore
1433 680 1649 762 facieiu,
1700 680 1811 762 post
1856 690 2064 744 modum

507 768 1044 842 Ctjd.yxv_postremo]
1075 771 1227 836 videt,
1258 770 1362 816 elc.

557 839 692 896 Ibid.
723 839 789 894 Et
814 859 964 908 quam
994 839 1094 896 nan
1140 856 1241 894 me-

483 921 660 967 ruerat
692 913 746 965 in
775 914 1002 986 conjugii
1030 912 1239 966 honore.

556 1052 687 1108 Ibid.
714 1053 966 1110 /Estuans
986 1070 1046 1110 ac
1067 1055 1243 1126 dispu-

487 1131 631 1189 tam,
663 1126 806 1180 dicit.

560 1194 691 1250 Ibid.
725 1197 876 1263 Quod
918 1197 970 1250 in
998 1197 1092 1259 illo
1122 1196 1240 1250 Μο-

493 1265 632 1340 saico
686 1266 814 1322 libro
858 1269 984 1340 legis
1042 1278 1244 1340 senten-

487 1333 599 1388 liali
641 1355 712 1392 est
760 1333 928 1393 verbo'
951 1339 1238 1409 prieﬁxum,

486 1409 622 1476 quod
650 1425 994 1480 qtttecumque,
1029 1425 1132 1466 etc.

562 1549 695 1624 Ibid.
730 1551 1012 1624 Coramque
1038 1551 1243 1616 testibu's

487 1619 824 1704 reclinet?-

565 1692 709 1767 ωτι.
742 1693 994 1766 Uli'osqiie
1031 1716 1148 1767 ergo
1180 1700 1244 1753 li-

489 1761 769 1839 bidinarios
790 1768 887 1819 hac
909 1761 1120 1839 ’Μορμὼ
1129 1787 1246 1825 sen-

489 1837 648 1912 tentia
668 1837 813 1906 feriri
829 1837 1013 1910 jussit.

559 1975 698 2056 Ibid.
751 1979 1003 2050 Auferetis
1057 1999 1223 2056 appro

492 2046 678 2104 brium.

566 2118 697 2178 Ibid.
743 2121 879 2188 Quia
900 2132 966 2180 oet
995 2124 1163 2184 David
1188 2127 1251 2194 ﬁ-

492 2188 616 2272 liam
640 2207 766 2262 esse,
799 2203 903 2252 etc.

568 2332 702 2389 Ibid.
747 2333 999 2410 Etregali
1029 2355 1108 2394 me
1135 2339 1246 2410 fun~

490 2413 630 2468 ctum
650 2409 956 2462 sacerdotio.

571 2475 704 2551 Ibid.
746 2477 850 2532 Sed
895 2481 1139 2551 quoniam
1174 2483 1256 2536 ni-

489 2543 572 2600 hil
601 2549 790 2602 mirum
836 2543 931 2615 est',
975 2555 1104 2605 nihil
1161 2571 1255 2606 no-

491 2630 633 2690 stum,
716 2621 847 2674 nihil
925 2622 1254 2690 absconsum,

494 2689 634 2758 quod
665 2706 768 2744 non
797 2693 1063 2750 reveletur.

447 2880 458 2891 ,
506 2829 702 2909 _Ibid_.
746 2831 926 2909 David
976 2852 1147 2909 regem
1202 2840 1253 2892 in

503 2898 748 2959 Bersabee
833 2905 976 2962 Urius
1033 2898 1255 2963 "Cetha’i

498 2975 764 3030 mulierem
811 2981 1031 3033 audacia
1073 2983 1254 3035 extulit

497 3046 709 3115 regalis.
747 3099 758 3110 ,

570 3117 702 3205 Ibid.
754 3118 1036 3205 Consilium
1057 3138 1252 3203 autem,

499 3202 591 3241 nec
620 3192 827 3260 plenum
855 3192 1077 3248 invenio;
1237 3192 1246 3203 “

525 3259 707 3335 _Ibid.
767 3266 1090 3318 Adulterium
1143 3266 1256 3335 qui-

501 3329 615 3382 dem
647 3350 747 3386 non
779 3341 1058 3389 consentio.

577 3401 707 3455 Ibid.
735 3472 751 3474 ᾼ
766 3406 910 3474 Quia
977 3408 1258 3474 secundum

503 3467 691 3545 librum
725 3467 916 3545 oysi.
1085 3475 1088 3480 ’

577 3540 708 3598 Ibid.
751 3540 835 3598 Si'
876 3557 1100 3615 tacuero,
1151 3565 1261 3602 ma-

504 3613 609 3667 lum
640 3618 919 3672 consentio.

495 3731 506 3740 .
579 3686 707 3741 Ibid.
781 3689 1046 3745 Dimittunt
1112 3692 1256 3747 tacite

503 3760 815 3828 conjuginm.

507 3829 512 3836 ’
549 3831 709 3903 Ibid.
752 3831 1005 3903 Cogitavit
1052 3843 1106 3887 ut
1132 3845 1258 3889 esset

504 3902 735 3977 alterius,
765 3897 1014 3977 ciiiii‘jam
1044 3917 1172 3961 esset
1194 3909 1260 3977 al-

505 3973 682 4027 terius.
714 3975 770 4027 In
803 3973 914 4030 var:
951 3977 1118 4042 Maur.
1169 3976 1260 4031 alii

505 4044 662 4098 codd.
713 4045 962 4116 Cogitat-it
1017 4057 1071 4101 ut
1129 4055 1259 4102 esset

1388 831 1517 888 Cod.
1548 848 1639 887 xv.
1667 830 1732 884 Et
1760 847 1912 900 quam
1952 846 2068 884 non-

1316 902 1439 974 dum
1467 913 1716 960 meruerat
1761 905 1814 958 in
1839 902 2068 974 conjugii

1315 973 1558 1030 honorem
1587 974 1788 1028 habere.

1385 1046 1462 1102 Id.
1518 1045 1793 1114 zEstuans,
1841 1043 2070 1118 disputat

1316 1117 1506 1173 dicens.

1389 1190 1464 1243 Id.
1520 1189 1668 1255 Quod
1712 1187 1763 1241 in
1801 1185 1892 1242 illo
1941 1184 2070 1238 libro

1316 1257 1485 1329 Moysi
1547 1261 1670 1330 legis
1703 1301 1718 1324 ,
1781 1255 2072 1330 sentciitiali

1313 1328 1460 1383 verbo
1481 1328 1784 1399 perscripto,
1811 1346 1922 1380 cum
1946 1328 2073 1396 lege-

1313 1411 1452 1454 retur
1491 1403 1662 1454 audivi
1687 1417 1704 1454 :
1725 1415 2070 1468 quaecumque,

1314 1481 1419 1528 etc.

1388 1543 1465 1598 Id.
1522 1545 1806 1610 Coramque
1867 1541 2075 1614 testibus

1317 1630 1417 1673 non
1449 1615 1783 1683 replii'averit.

1386 1686 1462 1738 Id.
1504 1680 1746 1754 Ii'trisque
1788 1699 1904 1753 ergo
1958 1680 2076 1735 libi-

1316 1757 1531 1811 diuariis
1562 1757 1695 1810 haue
1729 1755 1931 1823 Moyses
1959 1770 2076 1806 seu-

1316 1829 1530 1890 teutiam
1567 1829 1708 1892 feriri
1737 1826 1990 1891 simulque
2018 1842 2076 1877 a-

1319 1865 1530 1890 .,..........
1567 1865 1708 1892 ,......
1737 1865 1988 1891 .........,...
2018 1865 2074 1877 ..κ
2106 1865 2156 1928 Β

1319 1899 1545 1953 dulteros
1575 1900 1740 1967 perire
1787 1896 2072 1950 mandavit.

1391 1969 1468 2025 Id.
1491 1971 1701 2038 Auferte
1723 1969 2076 2040 approbrium.

1394 2112 1470 2170 Id.
1516 2111 1651 2178 Quia
1699 2111 1867 2168 Dauid
1909 2109 2079 2180 ﬁlium

1321 2201 1402 2242 me
1440 2201 1568 2250 esse,
1631 2193 1733 2240 etc.
1791 2183 1910 2238 Vid.
1964 2196 2076 2238 var.

1324 2256 1496 2311 Mulir.
2072 2294 2073 2297 η

1396 2328 1471 2382 Μ.
1517 2325 1583 2380 Et
1610 2327 1673 2382 de
1700 2325 1862 2396 regali
1893 2338 1972 2376 nte
1998 2338 2084 2375 sa-

1325 2401 1551 2452 cerdotio
1576 2411 1772 2452 natum.

1400 2469 1476 2524 Id.
1514 2470 1620 2524 Sed
1664 2468 1906 2539 quoniant
1954 2464 2084 2539 nihil

1328 2542 1515 2594 mirum
1540 2552 1634 2604 est,
1666 2537 1794 2593 nihil
1824 2537 2087 2592 abscondi-

1328 2623 1455 2676 tum,
1512 2612 1642 2664 nihil
1691 2627 1904 2676 norum,
1957 2609 2086 2660 nihil

1327 2693 1561 2753 opertum
1591 2686 1727 2753 quod
1760 2697 1863 2735 non
1893 2681 2086 2734 revele-

1327 2764 1432 2810 litt.

1406 2826 1482 2879 Id.
1549 2824 1721 2877 David
1784 2839 1874 2877 rex
1950 2820 2090 2875 L'riat

1327 2895 1519 2950 Cet/imi
1548 2896 1808 2949 mulierem
1844 2892 1967 2947 aula
1996 2908 2080 2946 ex-

1325 2971 1442 3023 tulit
1467 2968 1649 3040 regali.

1400 3108 1478 3164 Id.
1538 3107 1828 3162 Consilium
1889 3123 2088 3176 quwro,

1328 3199 1418 3236 nec
1447 3182 1646 3251 penitus
1675 3177 1895 3251 invenio.

3613 321 3774 410 ηδε

2759 479 2936 526 SIBIO
2971 480 3131 522 CXCIX

2243 565 2460 635 Lqitur
2500 562 2557 618 in
2593 562 2716 620 eod.
2763 562 2974 618 Cassin.
3017 576 3130 626 cu,
3182 559 3279 622 fol.
3315 562 3347 615 8
3376 574 3408 616 ι
3435 569 3612 632 tergo,
3667 564 3768 618 ubi

2171 675 2227 714 ιι.
2245 659 2385 728 Spro
2412 657 2495 711 his
2516 657 2724 712 verbis:
2748 654 2915 710 Vacat
2931 655 3031 721 hic,
3056 657 3265 727 fratres,
3285 657 3542 709 humanus
3568 674 3769 722 sermo,

2171 755 2284 809 silet
2310 751 2607 822 praedicatio
2638 749 2951 812 tractatoris,
2976 748 3204 818 quando,
3229 757 3357 814 etc.,
3391 749 3774 806 habetzVacat

2173 848 2292 917 hic;
2316 850 2523 919 fratres,
2551 862 2679 918 opus
2699 828 3004 910 humanum,
3033 861 3204 902 sermo
3231 845 3369 912 silet,
3397 855 3530 904 tacet
3574 849 3776 908 pradi-

2175 944 2310 998 catio
2335 939 2646 1003 tractatoris,
2674 940 2904 1008 quando,
2927 946 3033 993 etc.

2383 1074 2386 1078 .
2811 1046 2984 1098 siznuo
3021 1047 3139 1088 ccv.

2247 1130 2461 1200 Legitur
2505 1128 2560 1188 in
2608 1127 2733 1184 cod.
2784 1126 2997 1186 Cassin.
3039 1141 3149 1191 clx,
3208 1125 3362 1184 loI.8
3391 1140 3422 1182 a
3453 1135 3628 1194 uirgo,
3677 1125 3780 1181 ubi

2177 1225 2423 1290 n.1pro:
2446 1220 2975 1293 Geminiefestivitatis
2998 1236 3236 1285 occursu,
3259 1220 3485 1276 habetur
3506 1219 3785 1275 :Geau'na.’

2177 1320 2464 1394 festivitatis
2489 1329 2777 1386 occursum.

2775 1421 2949 1472 ςειιρ
2986 1421 3167 1464 CCXIX.

2252 1499 2471 1572 Legitur
2495 1499 2549 1554 i
2578 1498 2703 1554 cod.
2727 1497 2939 1554 Cassin.
2981 1515 3084 1564 xu,
3137 1497 3233 1552 fol.
3291 1498 3382 1565 39,
3433 1498 3527 1553 ubi
3581 1499 3790 1555 borum

2180 1597 2463 1651 verborum
2487 1595 2607 1650 loco
2636 1611 2691 1650 n.
2716 1592 2774 1660 2,
2804 1593 3012 1648 Grande
3039 1596 3362 1660 miraculum,
3397 1594 3610 1649 crudele
3631 1610 3788 1662 spec-

2179 1689 2428 1752 taculum,
2455 1688 2646 1744 melius
2676 1686 2928 1752 habetur,
2962 1685 3170 1741 Grande
3205 1689 3539 1759 martyrium,
3570 1689 3789 1763 crudele

2178 1781 2545 1853 spectaculum.

2779 1866 2953 1914 833.0
2989 1866 3172 1907 CCXXI.

2257 1944 2475 2014 Legitur
2503 1943 2556 1998 in
2579 1941 2703 1998 cod.
2737 1941 2948 1996 Cassin.
2980 1958 3144 2012 cxvu,
3171 1943 3263 1998 τοι.
3287 1943 3378 2000 69.

2205 2040 2214 2046 ’
2257 2038 2400 2108 Edit.
2435 2037 2497 2092 N.
2542 2037 2592 2094 1.
2641 2035 2945 2108 Magniﬁca;

2185 2107 2301 2164 mus
2350 2125 2468 2178 ergo
2528 2119 2804 2178 martyres,
2856 2107 2947 2161 sed

2186 2181 2442 2254 priecipite
2462 2179 2725 2254 illos,_qui,
2743 2194 2946 2254 nascen-

2189 2250 2235 2306 te
2258 2251 2482 2316 Christo,
2505 2254 2557 2302 in
2595 2252 2705 2320 ipso
2735 2250 2946 2303 exordio

2187 2340 2288 2382 non
2314 2323 2587 2386 loquendo,
2618 2322 2706 2374 sed
2728 2322 2945 2376 morien-

2189 2394 2256 2447 do
2285 2393 2522 2462 confessi,
2553 2393 2621 2446 ad
2650 2409 2807 2463 regna
2832 2409 2946 2456 per-

2188 2475 2339 2587 ξξιιια
2351 2475 2556 2520 cwleros
2573 2472 2943 2535 prwveuerunt.

2246 2536 2397 2587 idete.
2430 2547 2534 2587 etc.

2246 2536 2397 2602 idete,
2430 2547 2534 2594 cic.

2190 2689 2441 2751 martyres
2469 2693 2637 2751 _causa
2684 2676 2963 2751 justi/ient,

3089 2037 3225 2093 Cod.
3268 2037 3680 2112 Magniﬁcamus
3709 2059 3791 2097 er-

3017 2124 3086 2184 go
3099 2121 3368 2180 martyres,
3397 2129 3501 2166 non
3528 2115 3656 2184 quia
3680 2131 3792 2184 gra-

3017 2181 3160 2254 vibus
3173 2187 3262 2234 sub
3259 2186 3442 2251 jacuer
3451 2201 3469 2235 μ’
3485 2181 3790 2254 suppliciis,

3015 2251 3106 2324 sed
3135 2255 3255 2320 quia
3275 2256 3496 2324 justitite
3529 2251 3697 2309 causa
3722 2275 3792 2310 ea-

3017 2322 3132 2394 dem
3176 2322 3451 2380 tolerat-ere
3498 2326 3789 2394 supplicia.

3020 2390 3162 2446 Nam
3205 2397 3453 2466 plurimos
3503 2390 3792 2452 scelerato-

3015 2471 3358 2536 rumoejores
3429 2487 3607 2535 pinnas
3663 2471 3792 2522 ridi-

3017 2551 3149 2611 m‘us
3180 2555 3288 2591 esse
3333 2556 3626 2611 perpessos.
3690 2541 3790 2595 Sed

3019 2608 3150 2682 nihil
3226 2613 3298 2664 eis
3334 2608 3601 2677 prositut,
3675 2611 3792 2682 quia

3029 2680 3266 2734 scelestos
3316 2683 3639 2737 conscientia
3689 2680 3793 2737 sua

2191 2749 2419 2823 damnat.
2454 2749 2671 2823 summa
2693 2749 2854 2823 igitur
2886 2759 2934 2802 et
2959 2751 3218 2823 principuo
3250 2752 3364 2805 loco
3395 2766 3607 2822 prapter
3636 2754 3794 2823 [idem

2191 2822 2410 2875 habendi
2436 2830 2551 2874 sunt
2583 2820 2714 2872 beati
2747 2827 3018 2888 martyres.
3052 2818 3250 2877 Videte.
3286 2835 3392 2876 etc.

2266 2893 2396 2958 Ibid.
2432 2891 2828 2946 Melchisedech.
2854 2890 2953 2948 lie-

2193 2973 2270 3018 cte
2295 2966 2384 3017 sub
2414 2963 2592 3028 altari,
2633 2970 2736 3018 etc.

1402 3245 1474 3308 Id.
1542 3250 1810 3304 Aziulterio
1875 3248 2159 3317 quideme
2264 3249 2397 3304 Ibid.
2442 3246 2548 3301 Pro
2601 3245 2804 3301 Christo
2846 3263 2954 3314 prt-

1329 3341 1431 3384 uon
1451 3323 1733 3377 consentio.

1404 3397 1478 3449 Id.
1526 3394 1659 3460 Quia
1696 3391 1995 3446 secundum‘
2027 3392 2092 3444 li-

1332 3467 1407 3520 bri
1440 3466 1606 3534 Moysi
1630 3465 1943 3517 sententiam.

1405 3538 1480 3590 Id.
1525 3538 1586 3592 Si
1616 3548 1846 3599 tacuere,
1875 3549 2091 3587 consen-

1334 3620 1482 3735 "oid.
1544 3676 1812 3730 Dimittunt
1885 3691 1995 3728 eam
2059 3691 2092 3728 α

1333 3770 1442 3808 meo
1469 3751 1729 3817 coniugio.

1403 3825 1479 3879 Id.
1523 3820 1771 3888 Cogitavit
1799 3817 1939 3888 quod
1964 3825 2090 3870 esset

1330 3894 1656 3952 adulterium,
1689 3906 1806 3943 cum
1832 3901 1996 3943 tamen
2017 3902 2091 3940 es-

1333 3978 1406 4022 set
1435 3964 1671 4026 alterius,
1699 3971 1806 4014 etc.

507 4103 904 4184 uitii/tera,".~eu
948 4120 1194 4174 adulterii
1255 4126 1382 4175 rea;
1410 4107 1540 4184 atii,
1571 4103 1808 4176 cogitavit
1861 4111 1918 4156 ut
1965 4110 2092 4154 esset

507 4188 842 4264 adulter-iuni:
874 4206 986 4243 cum
1010 4193 1276 4264 jamesset
1302 4183 1618 4264 mysterium.

579 4258 746 4335 M75.
803 4257 1026 4329 Invoca,
1081 4259 1260 4335 Virgo,

511 4327 808 4398 Dominum.

586 4402 648 4476 N_.
701 4402 775 4476 6.
817 4401 1218 4476 Joseph,inquit
1244 4444 1262 4471 ,

481 4499 488 4506 -
509 4471 588 4541 ﬁli
612 4472 793 4527 David.

583 4543 713 4597 Ibid.
761 4545 897 4610 Quid
925 4555 1095 4599 autent
1145 4555 1266 4602 sunt

511 4613 606 4669 Dei
636 4617 936 4670 mirabilia?

585 4687 716 4741 Ibid.
763 4690 920 4741 Annis
951 4687 1087 4742 sicca
1114 4701 1264 4760 quam

481 4789 486 4796 κ
509 4757 769 4830 plurimis.

584 4830 718 4884 Ibid.
760 4829 826 4883 In
859 4847 1026 4884 eremo
1053 4832 1162 4886 sine
1187 4847 1266 4885 se-

511 4903 780 4968 miuatore,
809 4905 916 4969 ipse
951 4903 1264 4972 fecundavit,

512 4982 619 5030 etc.

585 5045 719 5102 Ibid.
763 5048 973 5117 Semper
1001 5046 1065 5101 de
1093 5063 1151 5100 ea
1184 5061 1263 5100 se—

512 5133 682 5172 curus.

489 5219 493 5226 -
589 5190 720 5243 Ibid.
767 5189 917 5254 Quod
969 5198 1268 5258 conceptum

514 5269 586 5312 est
612 5261 661 5313 in
692 5274 833 5314 utero
864 5264 993 5326 eius.

589 5331 715 5384 Ibid.
765 5332 828 5385 Et
850 5349 1094 5400 generatis
1115 5332 1271 5402 uirgi—

516 5403 651 5456 nitas
685 5403 882 5458 Marini.

594 5473 721 5526 Ibid.
755 5475 825 5529 De
850 5479 971 5530 arto
997 5487 1070 5530 est
1091 5474 1269 5546 pradi-

515 5554 650 5600 cata.

591 5616 722 5672 Ibid.
761 5617 893 5683 Quia
921 5621 1059 5686 solus
1089 5619 1272 5674 merui-

516 5689 582 5743 sti
611 5694 853 5758 virginale
875 5693 1134 5760 possidere
1149 5708 1272 5746 con-

514 5761 736 5836 jugittm.

597 5837 727 5908 Ibid.
759 5832 844 5887 Ita
861 5843 1126 5906 separatus
1147 5851 1265 5890 es...

519 5913 578 5958 ut
604 5913 765 5972 pater,
791 5916 895 5962 etc.

1409 4253 1480 4309 Id.
1525 4249 1735 4309 Invoca,
1783 4261 1926 4316 roga,
1972 4259 2094 4297 san-

1339 4339 1420 4383 cta
1453 4321 1644 4385 Maria,
1684 4317 1982 4370 Dominum.
2017 4371 2027 4380 ,

1411 4397 1487 4449 Id.
1529 4391 1744 4458 Ioseph,
1777 4387 1853 4456 fili
1900 4385 2089 4439 Dauid.

1410 4539 1487 4594 Id.
1532 4535 1660 4602 Qua:
1732 4536 1902 4582 autem
1974 4538 2094 4580 sunt

1339 4609 1590 4667 mirabilia
1608 4605 1632 4659 ?

1413 4651 1690 4740 Idiudwnnis
1716 4673 1906 4728 siccata
1931 4669 2096 4744 pluri-
2119 4651 2177 4714 Ῑ)

1339 4772 1486 4880 mliti.
1531 4819 1595 4874 In
1643 4831 1810 4894 eremo
1832 4814 1941 4868 sine
1977 4829 2096 4894 ara»

1342 4900 1506 4960 tione,
1559 4894 1668 4960 ipse
1715 4889 2090 4957 imprcegnavit,

1339 4980 1488 5094 euIiI.
1535 5033 1746 5102 Semper
1790 5029 1852 5082 de
1902 5043 1962 5082 ea
1990 5035 2097 5080 esto

1341 5124 1567 5167 securus.

1415 5183 1488 5236 Id.
1537 5174 1686 5244 Quod
1714 5173 1768 5226 in
1795 5179 1938 5225 utero
1982 5171 2096 5242 ejus

1342 5263 1414 5309 est
1441 5259 1642 5306 natum.

1414 5325 1492 5380 Id.
1526 5319 1591 5374 Et
1622 5330 1892 5389 praegnans
1914 5311 2100 5366 Maria:

1340 5396 1626 5466 uirginitas.

1412 5456 1491 5522 Id.
1515 5464 1589 5519 De
1611 5461 1737 5518 coelo
1759 5467 1831 5513 est
1851 5456 2096 5512 indicata.

1413 5609 1491 5666 Id.
1536 5605 1638 5672 Qui
1668 5603 1832 5656 solum
1871 5595 2101 5672 meruisti

1342 5669 1642 5755 virginalem
1671 5673 1910 5755 affectum
1933 5669 2099 5742 possi-

1343 5750 1462 5811 dere
1498 5750 1742 5820 conjttqii.

1415 5825 1495 5880 Id.
1539 5823 1823 5891 Separatus
1869 5828 1994 5869 es...

1347 5906 1511 5968 pater,
1533 5903 1639 5948 ctc.

2194 3321 2351 3374 milia:
2381 3328 2682 3388 martyrum.

2264 3393 2331 3446 Ν.
2365 3391 2417 3448 4.
2463 3388 2611 3444 Sicut
2635 3390 2827 3448 dictum
2857 3399 2947 3449 est.

2265 3463 2398 3520 Ibid.
2442 3460 2738 3518 Calestibus
2791 3461 2956 3516 hono-

2193 3546 2391 3610 rantur.

3096 2892 3176 2945 Id.
3206 2891 3604 2950 Melchisedech.
3644 2897 3794 2951 Recte

3025 2963 3118 3016 sub
3145 2981 3240 3037 ara
3265 2976 3516 3037 martyres
3543 2968 3795 3022 collocan-

3026 3042 3124 3097 tur,
3144 3036 3264 3105 quia
3285 3036 3438 3103 super
3459 3056 3608 3091 aram
3645 3039 3794 3093 Chri-

3025 3117 3134 3159 stus
3161 3109 3463 3178 imponitur.
3513 3111 3677 3165 Recte
3707 3110 3794 3164 sub

3025 3178 3201 3245 altari,
3235 3188 3339 3233 etc.

3101 3249 3175 3302 Id.
3220 3249 3322 3315 Qui
3345 3269 3436 3316 pro
3457 3251 3672 3306 Christo
3692 3254 3793 3322 pri-

3025 3321 3186 3375 mitias
3208 3334 3516 3392 martyrum.

3097 3392 3175 3463 Id.
3217 3391 3365 3446 Sicut
3391 3394 3612 3463 dignum
3641 3404 3742 3450 est.

3099 3462 3172 3517 Id.
3203 3462 3502 3519 Caelestibus
3527 3464 3791 3521 honorau-

3027 3542 3132 3589 tur.
3189 3534 3373 3589 Amen.
3434 3534 3648 3591 Caetera
3707 3537 3790 3593 de-

3029 3613 3173 3659 ευηι.

2764 3710 2936 3752 διεκιο
2979 3711 3212 3753 CCXXVII.

2268 3788 2485 3858 Legitur
2515 3789 2566 3844 In
2596 3787 2718 3843 cod.
2748 3787 2958 3843 Cassin.
2988 3805 3084 3856 χιι,
3118 3789 3211 3844 lol.
3237 3790 3359 3848 271.

2270 3882 2412 3936 Edit.
2458 3880 2521 3935 N.
2561 3880 2617 3934 Ξ.
2661 3881 2827 3934 Adest
2878 3881 2952 3934 Ia-

2100 3960 2114 3970 ·
2196 3969 2333 4008 cuna
2353 3964 2472 4021 post
2487 3955 2599 4006 haec
2619 3951 2809 4008 verba:
2829 3951 2958 4018 Qui:

2196 4026 2497 4095 plantaittur
2519 4041 2610 4095 per
2629 4033 2790 4077 totum
2809 4040 2958 4095 mult--

2198 4093 2354 4160 dum;
2412 4093 2707 4150 restaurata
2759 4105 2840 4149 est
2888 4093 2954 4148 ab

2199 4167 2490 4221 editoribus
2509 4207 2523 4232 ,
2604 4165 2700 4221 sed
2778 4165 2956 4220 minus

2197 4237 2354 4292 bene.

3100 3882 3236 3937 Cod.
3265 3884 3392 3946 (latr
3423 3882 3696 3951 plantatur
3712 3902 3793 3951 per

3029 3961 3191 4008 totum
3219 3956 3490 4019 mundum,
3520 3959 3577 4010 iss
3617 3974 3794 4011 cestu-

3031 4026 3170 4099 leriis
3201 4026 3356 4097 [(lod.
3386 4027 3682 4099 cimiteriis]
3720 4045 3794 4083 ec-

3029 4096 3343 4163 clesiarum;
3399 4101 3537 4152 uenit
3596 4096 3790 4162 messis,

3027 4166 3120 4219 illa
3161 4168 3279 4220 tuba
3321 4169 3561 4232 ccclesiis,
3607 4187 3794 4224 monu-

3029 4249 3256 4312 mentum
3277 4237 3428 4310 [fort.
3457 4241 3792 4312 momentum]

2952 4314 2958 4318 ”
3031 4311 3254 4372 terribile
3276 4314 3691 4382 resurrcclianis.
3710 4311 3794 4370 Βεὲ

2273 4450 2406 4505 Ibid.
2463 4447 2674 4504 Crudeli
2720 4450 2956 4506 incendio

2200 4523 2587 4576 concremabant
2601 4563 2616 4585 ,
2659 4537 2769 4576 non
2809 4524 2961 4592 quasi

2201 4597 2356 4665 spicae
2375 4594 2719 4648 solvebantur.

3031 4383 3186 4454 deant
3209 4382 3380 4454 spicae,
3414 4394 3524 4439 etc.

3104 4451 3180 4505 Id.
3235 4451 3468 4506 ‘Crudeli
3560 4455 3788 4508 incendio

3031 4525 3441 4588 eoneremabant,
3500 4538 3552 4579 st
3603 4529 3792 4580 eineres

3034 4612 3207 4650 eorum
3229 4612 3317 4666 per
3347 4607 3521 4650 uentos
3567 4607 3617 4650 et
3648 4615 3790 4664 auras

3032 4669 3338 4739 purgabant,
3377 4683 3481 4720 non
3509 4670 3664 4738 quasi
3695 4666 3792 4736 spi-

3033 4754 3106 4792 σω
3134 4739 3477 4793 solvebantur.

2783 4843 2956 4886 δεκκο
2991 4844 3204 4886 CCXXXI.

2281 4920 2496 4994 Legitur
2519 4921 2570 4978 in
2602 4923 2726 4979 cod.
2757 4921 2969 4980 Cassia.
2997 4939 3192 4994 csxni,
3238 4922 3332 4978 fol.
3365 4919 3489 4992 154,
3519 4923 3613 4998 ubi
3645 4922 3788 4994 plura

2203 5016 2384 5077 insunt
2413 5029 2533 5084 quae
2553 5013 2927 5074 desiderantur
2953 5016 3007 5070 in
3029 5015 3209 5070 editis.

2277 5107 2416 5163 Edit.
2464 5108 2529 5161 N.
2582 5111 2634 5163 I.
2680 5107 2961 5179 Regeuerat

2202 5182 2272 5235 ad
2291 5180 2526 5236 salutem.
2561 5179 2692 5235 Haec
2723 5191 2819 5247 est,
2851 5188 2955 5234 etc.

3103 5107 3238 5164 Cod.
3282 5109 3570 5180 Regeuerst
3617 5111 3688 5164 ad
3714 5125 3789 5163 sa-

3031 5181 3224 5245 lutem;
3270 5197 3358 5246 per
3385 5197 3540 5250 quam
3567 5181 3788 5235 Christus

3033 5251 3152 5320 plus
3209 5253 3428 5305 restituit
3479 5254 3532 5305 in
3583 5253 3782 5320 gratia,

2202 5340 2356 5396 quam
2385 5323 2522 5396 parit
2549 5331 2756 5396 natura,
2797 5332 2847 5377 st
2876 5310 3043 5396 λάϐ’
3063 5324 3451 5396 transgressoris
3491 5310 3787 5395 degenerem

2203 5395 2397 5467 prolem
2420 5395 2472 5447 in
2495 5395 2824 5467 adoptionem
2849 5395 3034 5448 divinat
3057 5395 3377 5467 paterniiatis
3420 5396 3718 5467 assumpsit,
3744 5401 3790 5447 et

2206 5465 2270 5519 de
2299 5467 2540 5534 paradiso
2569 5466 2880 5530 exheredes,
2917 5466 3028 5519 caeli
3051 5466 3279 5520 reddidit
3319 5467 3634 5520 coheredes.
3669 5465 3790 5518 Hart:

2206 5546 2301 5603 est,
2328 5550 2430 5592 etc.

2331 5649 2345 5666 .
2375 5611 2429 5664 4.
2471 5606 2630 5662 Facie
2664 5609 2734 5662 ad
2759 5609 2961 5679 faetens.

2213 5684 2354 5739 Tunc
2384 5685 2546 5746 beata,
2575 5689 2675 5735 etc.

2055 5817 2105 5866 ⁸⁸
2196 5790 2306 5885 illo
2347 5823 2532 5882 sceculo
2577 5822 2728 5893 plena
2774 5821 3021 5876 bonorum

3110 5609 3186 5664 Id.
3227 5607 3390 5665 Facie
3442 5615 3514 5663 ad
3587 5609 3786 5677 faciem.

3039 5679 3189 5747 Cum,
3221 5683 3451 5747 inquam,
3475 5693 3791 5745 unaquaque

3037 5755 3209 5807 anima
3238 5752 3410 5818 ﬁdelis
3437 5761 3484 5806 et
3509 5759 3709 5813 κωπίω,
3739 5749 3792 5800 in

3062 5839 3273 5892 aperum
3302 5822 3574 5892 fructibus,
3608 5819 3792 5892 divinis

2215 5899 2373 5975 fuerit
2418 5890 2723 5970 pi'wseutata
2763 5890 3139 5966 conspectibus,
3195 5890 3434 5950 eishibens
3480 5894 3536 5947 in
3577 5908 3650 5956 se,
3685 5890 3790 5943 iuta
