4012 6338
279 305 422 364 ηδτ

278 487 394 567 iuo.
427 487 689 567 proferens
719 487 876 562 digna
923 491 1048 545 crelo
1079 487 1125 546 et
1156 487 1384 567 valentia
1430 491 1543 567 cteli
1591 487 1858 567 beneficia,

280 559 590 640 multiplicia
645 559 884 640 munera,
933 579 1157 640 gemmas
1212 563 1598 640 misericordia},
1647 559 1866 640 justitite

275 628 611 706 margitritas,
643 628 956 687 diversorum
1001 631 1331 709 o‘doramenta
1355 628 1676 709 meritorum,
1710 628 1764 682 id
1793 637 1869 709 est

277 705 517 760 aromata
545 707 972 770 compunctionis,
999 719 1043 758 et
1076 721 1230 759 suave
1252 706 1432 759 olentis
1455 705 1684 756 balsama
1715 705 1869 752 casti-

279 777 432 841 tatis;
455 775 752 847 prteferens,
779 775 906 830 sicut
936 777 1064 847 dixi,
1099 790 1283 828 aurum
1324 776 1584 842 inﬁnitum
1609 773 1786 847 nimis,

277 858 355 901 est
385 842 638 917 iniegrum
679 848 810 900 inse
837 846 1197 917 reconsignans
1225 847 1353 917 (sic)
1395 847 1467 909 pii
1513 842 1869 917 inaestimabile

285 913 509 986 pretium
556 919 909 984 redemptoris,
939 913 1291 987 spiritualibus
1335 913 1511 970 cordis
1556 928 1602 970 et
1643 913 1870 987 corporis

281 985 622 1042 oblationibus
672 985 999 1041 inserendam
1040 1003 1210 1042 vocem
1242 987 1556 1057 prOphetica:
1595 985 1868 1038 oblationis

283 1061 541 1114 assumit:
572 1059 806 1112 lntroibo
836 1061 888 1112 in
931 1060 1141 1112 domum
1187 1069 1328 1113 tuam
1375 1075 1490 1113 cum
1533 1057 1868 1111 holocaustis.

288 1129 435 1184 Tunc
465 1132 632 1194 beata,
658 1141 762 1184 etc.

354 1201 490 1257 Ibid.
573 1200 779 1270 Quanti
867 1215 1044 1254 rumor
1187 1200 1262 1256 Id.
1307 1202 1473 1270 Quam
1517 1217 1694 1256 rumor
1725 1215 1872 1268 quem

280 1289 429 1343 quem
477 1272 675 1326 audivi.
735 1269 804 1328 Et
847 1287 1042 1338 revera,
1116 1269 1344 1326 audivi.’
1375 1276 1418 1325 0
1465 1273 1714 1332 Domine.
1770 1272 1873 1328 tuis

279 1351 393 1400 etc.
1115 1347 1350 1416 operibus
1379 1343 1534 1416 [Cod.
1581 1343 1875 1416 tribulatio-

1115 1414 1298 1486 nibus}
1315 1414 1502 1486 magna
1530 1414 1737 1486 quidem
1759 1429 1874 1484 spe-

721 1485 733 1497 .
991 1485 1002 1497 .
1115 1433 1298 1486 mousj-
1314 1433 1737 1540 ιιιιῖβηαοιιιαειιι
1759 1433 1872 1484 spe-

281 1501 401 1541 rare
429 1501 757 1558 prtesumpst,
777 1485 867 1558 sed
895 1501 1096 1556 majora
1124 1503 1341 1558 percepi.
1423 1498 1543 1540 inctt
1574 1487 1872 1554 manifesta,

275 1573 437 1626 quant
464 1573 638 1622 cerno,
669 1557 886 1612 dulcedo
918 1557 1319 1630 magnitudinem
1357 1557 1681 1630 coqitationis
1709 1571 1874 1621 mete;

281 1645 485 1683 sensum
515 1637 725 1694 superat
772 1629 1134 1697 expectationis
1165 1628 1394 1695 affectus.
1425 1628 1502 1682 Et
1537 1644 1742 1691 revera,
1766 1640 1871 1686 etc.

369 1698 499 1752 Ibid.
525 1697 800 1752 Aistimari
822 1715 923 1752 non
944 1709 1050 1768 pot-
1195 1701 1270 1755 Id.
1318 1699 1594 1754 Estiiitmi
1624 1716 1726 1753 non
1757 1707 1876 1768 pot-

281 1780 378 1824 est.
410 1768 653 1838 Habebit,
685 1781 792 1824 etc.
1121 1780 1214 1824 est.
1259 1770 1456 1829 Videbit
1500 1773 1648 1824 homo
1693 1772 1878 1824 merita

1106 1858 1202 1895 sua
1250 1843 1600 1910 insuspicabili
1644 1844 1868 1896 retribu-

277 1911 483 2039 igitur?
531 1911 772 1981 largitate
810 1913 1091 1968 increscere
1121 1911 1274 1985 [Cod.
1313 1911 1638 1985 decrescere].
1696 1912 1870 1968 Habe-

314 1999 334 2038 t
363 2025 378 2039 .
409 1998 438 2038 e
464 1997 514 2036 c.

314 1997 378 2048 tt,
409 1997 514 2038 etc.

870 2089 1043 2130 διεκιιο
1079 2090 1271 2131 CCXLI!
1283 2115 1296 2129 .

357 2163 572 2236 Legitur
601 2166 653 2220 in
684 2175 807 2220 coa.
839 2165 1048 2222 Cassio.
1079 2183 1177 2238 xu,
1203 2168 1296 2224 Iol.
1334 2167 1454 2224 114.

355 2257 500 2314 Edit.
532 2255 598 2312 N.
644 2258 698 2313 4.
747 2255 888 2312 Nam
915 2259 1043 2328 quid
1187 2259 1322 2314 Cod.
1368 2262 1506 2314 Ante
1547 2260 1663 2314 huic
1710 2259 1871 2315 verba

283 2329 554 2400 faciemus,
577 2338 682 2384 etc.
1116 2330 1194 2385 sic
1214 2331 1398 2398 incipit
1424 2349 1436 2382 :
1465 2331 1603 2384 Nam
1633 2331 1746 2401 ipsa
1775 2329 1872 2384 Ve-

1123 2403 1250 2474 ritas
1278 2418 1364 2469 per
1390 2401 1624 2456 Ezechiel
1651 2403 1876 2474 prophe-

286 2483 390 2526 tam
439 2487 532 2526 nos
574 2472 816 2528 admonet
860 2472 1035 2528 dicens
1058 2486 1079 2528 :
1110 2473 1171 2527 Si
1212 2474 1402 2542 impius
1439 2475 1596 2541 egerit
1628 2472 1875 2540 paeniten-

284 2543 431 2607 tinm,
461 2551 518 2597 ct
543 2543 738 2598 deinde
766 2544 832 2597 ad
866 2545 1085 2598 verbum
1117 2542 1379 2598 describit
1401 2546 1576 2599 locum
1611 2544 1875 2600 Ezechie-

287 2700 408 2737 nem
437 2687 650 2754 capitis,
679 2700 743 2740 ac
773 2694 960 2752 postea
989 2687 1068 2740 sic
1097 2688 1266 2752 pergil.
1297 2703 1308 2738 :
1341 2687 1402 2740 Si
1425 2695 1591 2742 autem
1621 2689 1688 2738 ad
1715 2685 1878 2744 medi-

283 2753 570 2816 camentum
614 2758 922 2825 ptenitentitu
953 2771 1054 2808 non
1082 2753 1329 2824 fuerimus
1355 2759 1603 2822 conuersi,
1630 2755 1754 2826 quid
1799 2757 1880 2826 fa-

283 2842 496 2890 ciemus,
528 2827 713 2895 fratres
744 2826 1042 2882 carissimi?

362 2896 496 2952 Ibid.
532 2901 697 2963 Quam
725 2899 890 2953 Deum
933 2913 1046 2956 ma-
1197 2897 1270 2952 Id.
1301 2898 1466 2965 Quant
1486 2894 1881 2954 DominuntDe'o

285 2965 451 3023 luisti.
484 2968 610 3021 Cum
635 2970 903 3038 expulsus,
939 2978 1045 3025 etc.
1122 2984 1209 3021 um
1249 2971 1496 3024 maluisti.
1541 2970 1645 3024 Sed
1675 2971 1883 3038 antiqua

1532 296 1915 385 LECTIONES
1960 298 2360 359 νΑΒΙΑιισι-εε.

279 421 438 498 [ϐοά.
494 420 618 498 mia]
672 421 889 498 seipsam
937 419 1235 498 exemplum.
1261 418 1418 498 [ϐοά.
1472 413 1869 498 eaeniumLD'eo
1895 415 1949 478 Α
2047 414 2188 498 Ibid.
2230 417 2378 498 Quod
2426 418 2471 472 si
2508 416 2729 472 decimas

1905 1797 1956 1881 β

1979 2552 2219 2617 stiinatis,
2248 2553 2386 2604 intus
2414 2555 2464 2603 in
2489 2551 2739 2604 thesauris

285 2613 374 2672 Iis.
408 2630 526 2680 cap.
572 2629 726 2682 xvm,
757 2630 788 2669 ει
844 2630 894 2667 v.
924 2615 990 2668 21
1023 2615 1088 2666 ad
1119 2611 1216 2678 ‘25,
1249 2627 1302 2668 et
1325 2630 1535 2669 rursum
1565 2630 1592 2666 a
1622 2613 1690 2668 50
1719 2615 1784 2668 ad
1818 2617 1878 2666 li-

1995 2623 2158 2675 vestris
2178 2611 2224 2675 et
2250 2623 2302 2675 in
2320 2621 2549 2676 domibus
2566 2621 2742 2676 vestris

3415 301 3564 363 Μελ

2867 415 2944 470 Id.
2971 415 3122 482 Quod
3139 419 3187 472 si
3215 417 3436 474 decimas
3450 436 3554 476 non

2802 480 2955 541 habes
2993 480 3267 558 'fructuum
3327 492 3557 548 omnium

2802 565 3144 624 terrenarum,
3197 561 3318 628 quia
3365 578 3466 614 non
3507 580 3558 616 es

2801 629 2955 703 [ϐοά.
2979 629 3072 703 est]
3095 633 3342 700 agricola.

2875 699 2953 754 Id.
2988 699 3185 757 Hdrutn
3224 704 3342 758 loco
3365 705 3432 759 ita
3464 707 3557 758 ha-

2801 771 2896 828 bet
2920 789 2930 823 :
2961 772 3135 828 Redde
3151 776 3273 844 quia
3295 776 3436 828 nasci
3458 794 3572 840 me:

2801 844 2972 897 ruisti.
3023 846 3150 909 Qua
3198 855 3253 900 ut
3295 863 3410 900 vera
3458 864 3563 901 esse

2809 931 3086 984 cognoscas
3114 957 3128 978 ,
3184 928 3565 984 procuratorem

2775 1011 2778 1014 ’
2809 1003 2958 1040 suum
2982 986 3228 1041 Dominus
3248 990 3322 1040 sic
3349 1005 3562 1056 prterito-

1973 1063 2064 1128 net
2080 1057 2418 1111 sacerdotem:
2432 1058 2661 1128 Accipies
2675 1058 2974 1113 oblationem
2986 1057 3211 1126 filiorum
3227 1056 3412 1124 Israel,
3427 1059 3565 1128 quod

1977 1127 2168 1180 dabunt
2192 1129 2245 1181 in
2286 1127 2573 1182 visitatione
2611 1145 2722 1183 sua.
2770 1128 2980 1183 Dabunt
3009 1143 3052 1181 et
3095 1145 3186 1199 pro
3214 1127 3561 1194 redemptione

1975 1200 2271 1252 animarum
2299 1216 2527 1261 suarum,
2556 1211 2602 1252 et
2627 1217 2728 1254 non
2748 1209 2896 1255 erunt
2920 1201 2971 1252 in
2997 1201 3067 1253 eis
3107 1201 3269 1254 morbi
3299 1219 3458 1270 neque
3477 1219 3566 1255 ca-

1976 1286 2065 1323 sus
2095 1270 2292 1340 (Exod.
2328 1287 2453 1332 xxx,
2497 1271 2606 1339 I2).
2637 1270 2768 1326 Hac
2799 1281 2966 1325 autem
2996 1271 3090 1325 erit
3120 1272 3308 1326 oblatio
3334 1288 3353 1326 :
3387 1274 3566 1328 Omnis

1977 1341 2248 1395 adveniens
2291 1360 2321 1393 ιι
2353 1344 2602 1395 viccnnali
2624 1359 2762 1396 anno
2803 1356 2851 1398 et
2893 1358 3076 1410 supra,
3098 1344 3235 1395 dabit
3261 1343 3566 1399 oblationem

1973 501 2073 542 non
2102 487 2254 543 habes
2275 490 2540 554 fructuum
2565 498 2730 543 terre-

1969 574 2170 682 no’rum,
2219 562 2354 630 quod
2397 559 2549 613 habet
2584 560 2726 631 agri-

1969 643 2100 682 eoa.

1968 643 2100 682 00M.

2042 699 2176 754 Ibid.
2212 699 2389 756 Redde
2424 705 2546 769 quia
2589 704 2732 757 nasci

1970 773 2222 826 meruisti.
2258 773 2348 828 Sic
2365 777 2522 836 enim.
2547 783 2601 828 et
2621 789 2728 829 cat-

1973 853 2086 896 tera
2115 859 2281 912 usque
2309 845 2375 898 ad
2408 862 2460 899 ο.
2491 843 2547 899 2.
2593 845 2732 899 Audi

1974 929 2116 984 ergo,
2145 926 2252 970 etc.

1981 1410 2089 1465 Deo
2113 1410 2278 1480 (ibid.
2310 1414 2415 1478 Il).
2451 1414 2582 1467 Ecce
2624 1415 2850 1484 legitima
2875 1421 2949 1466 est
2990 1412 3254 1481 afferendi.
3289 1416 3348 1469 Si
3377 1425 3563 1480 tecum,
3664 1449 3670 1454 -

1978 1498 2132 1536 senex
2162 1484 2316 1556 [ϐοά.
2367 1483 2531 1556 senes]
2577 1483 2747 1552 avare,
2781 1484 3107 1556 consideres,
3158 1501 3415 1553 nunquam
3461 1486 3567 1548 Deo

1979 1553 2362 1616 vixistiildem,
2396 1553 2530 1609 idem
2557 1557 2803 1611 Dominus
2826 1556 2946 1610 dicit
2971 1571 2989 1609 :
3020 1553 3232 1610 Placate
3256 1573 3347 1623 pro
3368 1559 3566 1610 anima-

1981 1626 2071 1698 bus
2117 1627 2294 1680 uestris
2319 1626 2509 1697 ¹[ιιειιίι.
2550 1643 2679 1691 xvu,
2710 1627 2814 1698 II).
2843 1627 2909 1680 Et
2931 1628 3113 1698 iterum
3143 1629 3394 1682 sacerdofi
3422 1648 3438 1680 ;
3468 1628 3563 1681 Ac—

1983 1696 2412 1772 cipepecuniam
2447 1699 2670 1772 ﬁliorum
2695 1696 2884 1767 Israel,
2923 1696 3207 1772 oblationes
3245 1715 3372 1767 quas
3403 1699 3561 1772 [Cod.

1981 1769 2140 1839 quod]
2172 1769 2366 1821 dabunt
2394 1769 2448 1822 in
2471 1770 2758 1838 placatione
2777 1786 2892 1835 sua,
2921 1777 2968 1839 et
2998 1769 3142 1822 dabis
3168 1775 3301 1824 eain
3331 1769 3462 1838 Opus
3483 1779 3565 1823 ta-

1981 1837 2245 1893 bernaculi
2266 1837 2560 1904 testimonii,
2583 1851 2638 1893 ut
2654 1841 2758 1894 sint
2779 1842 2902 1908 [iliis
2923 1837 3091 1894 Israel
3109 1841 3162 1893 in
3179 1837 3498 1904 memoriam,
3522 1851 3568 1895 et

1971 1911 2028 1963 in
2059 1913 2395 1977 placationem
2443 1928 2535 1980 pro
2563 1912 2830 1966 animabus
2878 1912 2985 1966 suis
3028 1911 3230 1982 (Exod.
3279 1928 3416 1980 xxx,
3452 1915 3566 1982 Iti).

1978 1981 2113 2036 Audi
2141 1998 2282 2050 ergo,
2313 1992 2417 2037 etc.

2046 2053 2111 2107 N.
2168 2054 2224 2108 2.
2290 2052 2413 2106 Non

2468 2055 2734 2126 pramium
2876 2054 2952 2108 Id.
2989 2053 3127 2126 Non
3163 2057 3432 2126 premium
3471 2072 3568 2126 po-

1975 2124 2734 2194 postulat,sedhonorem.Non
2810 2127 2997 2190 stulat,
3039 2125 3129 2178 sed
3156 2125 3435 2190 honorem;
3467 2124 3569 2180 non

1977 2195 2042 2248 de
2069 2206 2154 2249 tuo
2183 2196 2379 2265 aliquid
2409 2198 2552 2265 petit.
2807 2196 3149 2265 oblationibus
3177 2199 3402 2264 pascitur
3424 2239 3439 2264 ,
3482 2197 3570 2251 sed

2817 2268 2909 2320 via:
2939 2264 3098 2339 [forte
3120 2266 3351 2339 decima]
3382 2277 3572 2324 nostra:

1973 2336 2192 2407 vectigal
2221 2349 2294 2392 est
2316 2339 2454 2407 quod
2478 2337 2744 2406 oﬁ‘erimus
2782 2351 2877 2404 pro
2909 2336 3096 2392 salute.
3135 2336 3253 2390 Non
3277 2336 3448 2394 de'tuo
3475 2339 3571 2393 ali-

2017 2409 2104 2462 uid
2135 2411 2278 2463 petit.

1979 2425 2102 2478 quia
2134 2425 2278 2478 petit.

2051 2480 2186 2534 Ibid.
2221 2479 2284 2533 Et
2306 2481 2487 2549 fallere
2527 2495 2607 2532 me
2631 2481 2739 2534 επί-
2885 2479 2960 2532 Ιά.
2998 2477 3066 2532 Et
3097 2481 3280 2548 fallere
3303 2495 3381 2534 nte
3399 2481 3575 2535 existi—

2813 2552 2989 2605 matis.
3012 2551 3190 2604 Annus
3207 2552 3320 2618 jam
3342 2567 3577 2605 consum-

2814 2631 2930 2693 ptus
2959 2634 3054 2689 est,
3095 2633 3140 2674 et
3181 2623 3401 2676 decimas
3440 2638 3574 2680 meas

2813 2693 3060 2746 intulistis
3096 2694 3149 2746 in
3195 2697 3450 2746 thesauris
3494 2710 3574 2746 ve-

2816 2767 2957 2816 stris.
2980 2765 3222 2830 Quisquis
3238 2781 3378 2834 ergo,
3399 2781 3575 2828 avare,

2816 2836 2988 2887 divina
3003 2848 3255 2906 praecepta
3272 2837 3577 2902 contemnis,

2815 2907 2960 2959 dabis
2986 2909 3142 2973 impio
3167 2908 3337 2972 militi,
3369 2917 3472 2961 etc.

2893 2978 2968 3031 ld.
3016 2977 3084 3030 Et
3127 2977 3387 3044 effundam
3442 2978 3580 3032 vobis

1983 2696 2093 2768 erit
2118 2695 2360 2768 direptio.
2395 2693 2546 2747 Dabis
2585 2694 2742 2763 impio

1983 2765 2152 2832 manu,
2185 2775 2290 2820 etc.

2060 2977 2192 3033 Ibid.
2225 2975 2294 3032 Et
2314 2977 2575 3046 effundant
2609 2976 2747 3031 vobis

1116 3052 1378 3109 proteret).
1468 3040 1644 3100 Motus
1713 3049 1886 3110 postea
1991 3040 2382 3104 benedictionem
2429 3065 2594 3102 meam
2661 3049 2748 3101 de-
2822 3040 3220 3102 benedictionem
3272 3066 3435 3102 meam
3484 3052 3578 3102 de-

287 3110 655 3175 misericordia,
687 3127 800 3170 cum
839 3111 1104 3180 expulsus,
1133 3121 1238 3166 etc.

358 3181 494 3242 Ibid.
523 3181 796 3240 Occisurus
817 3184 1041 3236 ascendi.

288 3333 395 3378 etc.
1122 3326 1206 3391 lis,
1223 3343 1314 3395 pro
1325 3339 1373 3382 te
1391 3331 1539 3382 homo
1557 3330 1720 3398 factus
1736 3343 1882 3391 sum;

1127 3414 1242 3452 cum
1271 3416 1429 3453 essent
1457 3399 1807 3466 impassibilis.

1195 3470 1274 3524 Id.
1307 3472 1383 3524 Ab
1409 3473 1590 3524 auditu
1618 3471 1754 3522 malo
1777 3485 1882 3526 non

291 3553 390 3592 non
407 3538 671 3598 mereberis
693 3539 924 3600 liberari.
945 3542 1048 3608 Qui
1121 3543 1386 3596 merebet'is
1417 3543 1645 3601 liberari,
1670 3539 1758 3596 sed
1790 3557 1881 3596 au-

291 3618 410 3674 ιιιιιε
437 3611 547 3672 Ml.
581 3620 685 3666 etc.
1117 3613 1317 3666 diturus
1345 3628 1462 3666 cum
1482 3615 1579 3666 tuis
1607 3612 1886 3666 similibus:

1121 3682 1430 3738 Disceditea
1471 3698 1566 3742 me,
1601 3681 1879 3745 maledicti,

288 3749 348 3824 ἑιξ
376 3749 544 3820 ignem
583 3759 855 3824 Meritum,
889 3753 979 3821 qui
1006 3765 1220 3824 paratus
1251 3763 1321 3807 est
1363 3752 1568 3808 diabolo
1598 3764 1642 3804 et
1685 3751 1885 3821 angelis

293 3821 406 3889 ejus
430 3836 450 3886 ;
479 3822 753 3893 desceudes
785 3838 900 3880 cum
931 3821 1023 3878 illo
1047 3830 1100 3882 in
1140 3836 1382 3880 teternutn
1426 3830 1668 3893 gehennae
1692 3824 1883 3892 ignem,

295 3906 439 3965 quem
466 3892 600 3965 ini/ti
619 3895 754 3965 “vitta
783 3905 885 3947 tum
912 3907 1092 3965 captus
1135 3898 1372 3951 dulcibus
1407 3892 1623 3964 laqueis,
1665 3905 1711 3945 et
1743 3895 1886 3946 bouis

289 3961 568 4034 ιμιιαείομε
581 3961 740 4034 LCOd-
767 3961 1016 4040 fallaciis]
1049 3967 1343 4039 prmtulisti.
1377 3961 1481 4033 Qui
1500 3976 1621 4039 tunc
1649 3964 1882 4030 erit,etc.

362 3465 496 3528 Ibid.
547 3467 623 3524 Ab
673 3469 860 3528 auditu
909 3470 1049 3528 ntalo

905 4101 1081 4150 SERIIO
1117 4102 1296 4143 CCLIII.

364 4171 590 4243 Legitur
619 4175 674 4236 in
702 4177 826 4236 cad.
860 4178 1071 4241 Cassin.
1104 4194 1180 4244 xi,
1205 4179 1302 4234 iul.
1331 4179 1387 4246 2,
1417 4178 1508 4242 ubi
1534 4193 1589 4238 ιι.
1624 4176 1651 4244 1
1683 4191 1780 4247 pro
1804 4176 1890 4242 bis

297 4265 479 4320 verbis
531 4281 668 4335 pene
693 4268 1006 4324 acatlioiicis
1034 4287 1048 4324 :
1078 4271 1214 4338 Quia
1243 4272 1334 4326 scit
1366 4289 1466 4326 non
1501 4287 1592 4324 nos
1622 4286 1767 4339 posse
1807 4287 1890 4325 reo

297 4358 431 4436 dire,
453 4361 542 4434 qui
570 4378 660 4430 per
685 4363 976 4438 superbiam
991 4365 1126 4434 lapsi
1146 4382 1344 4428 sumus,
1371 4367 1482 4421 haec
1507 4366 1766 4438 catholica
1779 4381 1893 4439 tua-

300 4451 401 4520 gis,
437 4462 492 4509 et
517 4455 686 4526 magis
710 4457 906 4520 rationi
933 4466 1291 4514 consentanea
1316 4459 1578 4513 habentur
1605 4476 1616 4511 :
1647 4458 1780 4525 Quia
1799 4459 1894 4541 scit
1999 4451 2218 4541 "iam
2238 4451 2440 4540 ρέίέὼε,
2459 4451 2584 4524 δέ...
2606 4451 2759 4540 causa

295 4559 399 4599 non
439 4561 532 4599 nos
569 4562 719 4616 posse
765 4549 952 4616 redire,
983 4545 1085 4603 nisi
1123 4565 1212 4618 per
1253 4550 1624 4617 humilitatem,
1669 4551 1758 4620 qui
1804 4568 1879 4621 pet

1999 4536 2096 4634 hoc
2143 4536 2353 4595 dimittis
2409 4536 2759 4634 ttfotizﬂutc

299 4637 592 4706 superbiam
633 4639 766 4707 lapsi
791 4657 989 4695 sumus.

867 4747 1042 4806 saeuo
1077 4748 1347 4800 ccuxvu.

371 4820 585 4892 Legitur
607 4821 664 4878 in
689 4820 815 4880 cod.
843 4819 1058 4890 Cassia,
1089 4839 1180 4891 ιιι,
1209 4824 1304 4882 fol.
1339 4823 1462 4889 I07,
1495 4823 1587 4880 ubi
1623 4823 1806 4892 incipit
1826 4822 1894 4886 ab

299 4915 384 4970 bis
429 4924 636 4970 tantum
684 4913 862 4970 verbis
901 4931 958 4972 ιι.
1005 4915 1026 4968 1
1068 4933 1082 4971 :
1116 4916 1379 4987 Scriptum
1431 4928 1542 4972 est:
1575 4917 1783 4972 Domini
1821 4925 1898 4973 est
2004 4897 2078 4963 Ρίι
2106 4895 2288 4952 hab!"
2309 4909 2543 4952 “1070m-

301 5015 455 5073 terra,
488 5016 592 5061 etc.

376 5099 519 5155 Iidit.
550 5098 618 5154 N.
650 5098 699 5152 I.
745 5097 806 5158 Si
833 5097 1059 5164 dubitas,

1207 5098 1342 5155 Cod.
1377 5097 1688 5173 Sirdubitas,
1717 5101 1896 5173 perdi-

302 5171 594 5238 perdidisti.
623 5167 865 5234 Decium,
891 5178 996 5224 etc.

1136 5171 1278 5225 disti.
1321 5172 1457 5224 Audi
1494 5181 1681 5234 tamen.
1718 5171 1899 5228 incre-

1135 5241 1298 5305 dule,
1349 5240 1568 5295 Domino
1616 5244 1725 5312 ipso
1781 5245 1901 5296 red-

297 5312 453 5387 dente
500 5311 749 5387 rationm
774 5325 796 5368 :
825 5311 1020 5380 Oﬂ'eres
1048 5312 1206 5387 [Cod.
1251 5312 1432 5387 offer],
1459 5311 1642 5387 inquit,
1681 5313 1902 5387 decimas

245 5385 252 5388 ”
304 5383 529 5440 omnium
565 5383 828 5454 fructuum
869 5383 1095 5448 tuorum,
1139 5392 1186 5438 et
1214 5387 1374 5440 veniet
1405 5383 1574 5449 levita,
1603 5386 1722 5454 quia
1741 5385 1896 5454 [ϐοά.

304 5385 529 5440 omnium
565 5385 828 5453 fructuum
869 5385 1095 5448 tuorum,
1139 5392 1186 5438 et
1214 5387 1374 5440 veniet
1405 5385 1574 5449 levita,
1603 5386 1722 5454 quia
1767 5386 1896 5440 ϐοά.

303 5454 408 5524 qui]
448 5471 548 5507 non
578 5463 650 5508 est
677 5452 754 5529 illi
777 5456 941 5520 portio
980 5471 1138 5524 neque
1167 5454 1322 5526 [Cod.
1365 5458 1594 5529 portione
1627 5385 1763 5529 quea
1793 5472 1904 5511 sors

303 5535 492 5590 tecum,
507 5536 552 5579 et
569 5525 872 5595 proselytus,
893 5534 940 5580 et
959 5525 1242 5592 orphanits,
1267 5536 1311 5579 et
1329 5525 1503 5591 vidua;
1523 5525 1905 5582 manducubunt

307 5598 748 5659 etsaturabuntur,
766 5598 1084 5666 etbenedicet
1106 5607 1150 5650 te
1166 5596 1414 5650 Dominus
1442 5599 1577 5650 Dens
1603 5609 1717 5650 tuus
1744 5602 1908 5653 omni-

234 5720 242 5728 _
311 5669 404 5722 bus
433 5671 610 5723 diebus
653 5669 770 5722 vitae
799 5677 909 5738 tute
933 5667 1119 5733 (Deut.
1169 5683 1286 5731 xiv,
1310 5668 1400 5734 28,
1431 5667 1552 5738 29).
1582 5670 1716 5722 Audi
1755 5672 1908 5724 etiam

241 5793 246 5796 _
312 5750 684 5794 sacramentum
732 5753 751 5792 :
782 5737 1066 5809 Sacrificiis
1122 5739 1343 5795 libamen
1395 5737 1695 5812 imponitur.
1757 5741 1910 5796 Deci-

317 5825 430 5876 maz,
464 5823 566 5865 etc.

1990 3137 2141 3186 super
2179 3137 2198 3175 :
2226 3133 2272 3177 et
2315 3138 2417 3174 non
2455 3121 2594 3174 vobis
2631 3135 2745 3171 cor-
2819 3135 2992 3188 super,
3026 3121 3188 3172 donec
3215 3120 3471 3174 abundent
3494 3136 3580 3174 vo-

879 3184 1041 3263 candi.
1126 3252 1159 3263 Α
1191 3185 1268 3240 Id.
1322 3187 1595 3263 Occisurus
1649 3183 1958 3263 ascendi.c
1987 3183 2288 3261 rumpentur
2346 3197 2543 3263 fructus
2601 3201 2748 3244 terrae
2817 3183 2895 3244 bis
2917 3183 3579 3262 oniniabona,etseparabo

282 3250 414 3314 Eum
460 3269 620 3308 essem
675 3254 1002 3323 impossibilis
1027 3294 1044 3320 ,
1117 3252 1249 3310 Cum
1289 3273 1446 3312 essein
1492 3250 1916 3310 incommutabk'
1984 3250 2181 3317 vestite.

2819 3263 2955 3315 vobis
3004 3263 3070 3318 ad
3124 3263 3312 3324 cibum.
3377 3274 3430 3317 et.
3477 3279 3582 3320 non

2814 3348 3142 3401 corrumpam
3170 3335 3397 3402 fructum
3424 3343 3580 3392 terra:

2827 3414 3025 3458 vestrm.

2059 3477 2124 3532 N.
2170 3477 2225 3531 5.
2256 3475 2388 3532 Ecce
2433 3494 2600 3540 annus
2633 3480 2750 3547 jam
2895 3475 2972 3530 Id.
3001 3474 3133 3528 Ecce
3153 3491 3320 3547 annus
3343 3492 3584 3547 consum-

1989 3549 2167 3620 ﬁnitus
2194 3558 2288 3615 est,
2334 3549 2489 3608 redde
2532 3546 2751 3620 Domino
2824 3546 3583 3620 matus,etiucipitalius.Red-

1992 3614 2190 3687 pluenti
2221 3614 2520 3674 mercedem.
2542 3618 2752 3671 Redime
2825 3617 2888 3669 tle
2919 3614 3139 3687 Domino
3162 3614 3359 3682 pluenti
3384 3619 3583 3687 pensio-

1989 3686 2248 3751 te,homo.
2826 3702 2958 3740 nem.
3003 3686 3107 3739 Cur
3154 3689 3326 3741 reddis
3355 3686 3584 3742 Caesari?

2820 3767 2867 3812 et
2897 3761 3071 3827 pluere
3122 3774 3222 3824 non
3265 3770 3428 3827 potest
3470 3760 3584 3812 Cte-

1990 3847 2096 3885 sar.
2152 3829 2274 3884 Non
2314 3835 2493 3892 habes,
2523 3829 2740 3894 debitor,
2771 3847 2859 3900 per
2889 3829 3303 3900 Cesareuquod
3346 3847 3583 3893 excuses;

1991 3901 2066 3954 sic
2093 3911 2138 3954 et
2169 3902 2266 3972 ipsi
2307 3918 2426 3967 pars
2459 3904 2594 3972 facta
2621 3909 2715 3963 est,
2752 3897 2805 3952 ut
2828 3901 3102 3972 etderima
3133 3897 3354 3972 Domino
3375 3919 3474 3972 non
3495 3919 3587 3954 nc-

1992 3981 2158 4042 getur.
2189 3969 2336 4026 Dicit
2357 3969 2491 4026 enim
2535 3971 2789 4024 Dominus
2835 3969 3110 4026 Christus:
3143 3970 3360 4042 Reddite
3390 3971 3585 4026 Ctesuri

1912 4052 1927 4060 '
1994 4041 2108 4111 qua:
2138 4044 2352 4099 Cwsaris
2387 4053 2529 4107 sntit,
2553 4055 2597 4096 et
2645 4042 2748 4098 Deo
2791 4058 2905 4110 qua:
2934 4042 3026 4094 Dei
3052 4053 3165 4095 sunt
3199 4041 3413 4110 (Matth.
3452 4059 3582 4107 xxii,

1993 4115 2108 4183 21).
2159 4114 2329 4168 Ca'sar
2367 4130 2469 4166 non
2514 4115 2766 4183 particeps
2794 4112 2894 4172 Dei
2918 4124 2988 4170 est
3017 4114 3138 4182 quia
3167 4115 3386 4168 debitum
3419 4117 3587 4184 perci-

1995 4187 2093 4253 pit,
2118 4188 2194 4242 vel
2226 4186 2367 4254 prior
2393 4196 2464 4239 est
2499 4185 2806 4249 nominatus,
2831 4185 2920 4236 sed
2937 4185 3164 4254 homines
3183 4184 3405 4253 perﬁdos
3435 4184 3587 4239 Ultri-

1994 4266 2106 4316 sttts
2132 4253 2348 4316 irridens
2371 4256 2595 4328 praetulit
2623 4254 2776 4328 [Cod.
2807 4253 3043 4327 pertulit]
3070 4255 3326 4325 religioni.
3372 4256 3586 4311 Redime

1995 4336 2065 4392 te.
2094 4330 2246 4388 homo

2067 4400 2204 4456 Ibid.
2268 4397 2442 4457 Vitam
2493 4399 2650 4454 simul
2709 4406 2758 4450 et
2907 4396 2982 4452 Id.
3024 4395 3194 4450 Vitam
3220 4397 3376 4469 simul
3404 4406 3452 4452 et
3475 4415 3592 4469 pre-

2832 4469 2959 4524 tium
3000 4472 3187 4540 perdas
3221 4468 3391 4590 ,[ϐοά.
3451 4468 3592 4526 male

2833 4537 3161 4590 perdidisti].
3271 4554 3441 4590 rustra
3497 4541 3592 4590 hoc

2831 4537 3161 4609 perdidisti].
3221 4537 3441 4592 Frustra
3497 4541 3592 4594 hoc

2831 4607 3000 4666 avaris
3066 4607 3202 4679 legas
3259 4611 3592 4676 litoralibus;

2833 4681 3040 4752 frustra
3085 4687 3325 4748 nuptura:
3376 4685 3596 4752 forsitan

2834 4751 3043 4823 conjugi
3068 4767 3084 4815 ;
3108 4821 3116 4823 _
3151 4757 3349 4819 [rustra
3378 4751 3382 4752 ί
3411 4755 3595 4806 marito

2834 4821 3051 4876 mandas
3097 4821 3226 4887 hwc,
3261 4824 3464 4889 mulier,
3513 4824 3597 4890 qui

2835 4894 2994 4954 aliam
3033 4893 3221 4965 ducere
3267 4897 3405 4965 cupit
3441 4894 3596 4965 [ϐοά.

2843 4967 2980 5021 male
3006 4963 3180 5038 coepit]
3220 4963 3448 5020 uxorem.

2001 4613 2178 4678 forsan
2198 4617 2417 4666 alterum
2443 4611 2644 4666 habebit
2661 4627 2762 4663 ma-

1999 4683 2176 4740 ritum.
2213 4684 2338 4735 eius
2367 4697 2523 4737 causa
2543 4681 2641 4734 hoc
2656 4696 2762 4734 ma-

1998 4755 2099 4811 rita
2144 4753 2379 4817 dimi'tis,
2428 4752 2629 4817 mulier,
2672 4751 2760 4821 qui

2004 4824 2137 4892 forte
2166 4825 2322 4878 aliaat
2346 4823 2454 4878 sine
2493 4837 2638 4880 mora
2669 4839 2763 4878 cu-

2614 5096 2786 5138 SBBIO
2822 5097 2992 5138 CCCVI.

2081 5200 2301 5271 Logitur
2329 5199 2381 5252 in
2409 5199 2530 5254 cod.
2563 5196 2774 5252 Cassia.
2807 5213 2902 5264 xu,
2935 5197 3026 5251 loI.
3063 5197 3182 5253 117.

2084 5316 2227 5372 Edit.
2260 5315 2325 5371 Ν.
2375 5315 2425 5372 1.
2461 5318 2540 5386 Ad
2579 5313 2772 5368 calcem
2915 5313 3046 5369 Cod.
3082 5313 3457 5386 Implere__totis
3478 5317 3603 5370 viri-

2010 5388 2216 5459 implere
2271 5389 2389 5442 totis
2429 5385 2615 5459 viribus
2664 5395 2782 5459 sttt-s
2844 5387 2936 5441 bus
2952 5383 3274 5459 studeamus.
3302 5383 3512 5441 Fratres
3535 5389 3605 5440 di-

2012 5454 2242 5514 deamus.
2323 5457 2525 5522 Deinde
2589 5454 2778 5524 incipit
2845 5455 3183 5520 lectissimi,si
3205 5455 3492 5510 laboramus
3513 5474 3608 5527 pro

2013 5549 2063 5584 n.
2097 5530 2130 5581 τὶ
2161 5531 2242 5583 bis
2272 5531 2451 5584 verbis
2478 5546 2490 5581 :
2530 5528 2594 5581 Et
2631 5529 2767 5594 ideo,
2844 5543 2996 5583 carne
3027 5539 3223 5592 nostra,
3248 5529 3535 5581 laboremus
3562 5537 3610 5582 et

2010 5613 2062 5656 et
2092 5607 2500 5672 extet-artisque
2544 5599 2610 5666 ad
2655 5605 2778 5652 me-‘
2843 5617 2938 5672 pro
2989 5600 3253 5654 animabus
3299 5601 3506 5653 nostris.
3550 5598 3610 5654 Si

2011 5673 2154 5726 diuiti
2207 5690 2260 5725 ιι.
2295 5671 2325 5724 lt
2352 5688 2364 5723 :
2399 5671 2480 5726 Tu
2507 5675 2712 5724 umbras
2736 5681 2784 5724 et
2847 5671 3106 5728 currimus
3136 5689 3225 5734 pro
3257 5687 3428 5735 carne,
3459 5686 3610 5724 orna-

2013 5742 2220 5798 nebulas
2239 5743 2413 5797 stcculi
2439 5742 2614 5814 hujus,
2639 5751 2768 5816 etc.,
2846 5760 2956 5798 mus
3043 5757 3286 5810 carnem,
3371 5743 3612 5796 satiantus
