4012 6338
453 322 600 379 I259

1294 515 1452 553 annos
1482 540 1497 564 ,
1529 507 1614 550 aut
1655 499 1868 568 forsitan
1894 499 2000 550 dies
2021 537 2036 561 ,

1295 586 1485 622 vermes
1512 570 1824 622 devorabunt
1868 570 1921 621 in
1959 585 2038 620 se-

1286 641 1484 710 pulcro,
1523 649 1716 710 quanto
1752 640 1912 708 magis
1939 654 2041 691 non

449 724 686 779 debemus
724 717 979 784 despicere
1026 713 1252 767 animam
1281 724 1526 773 nostram,
1561 728 1674 779 qua:
1717 712 1870 784 [ϐοά.
1902 711 2040 764 male

451 793 621 865 quam]
645 790 753 844 Deo
775 783 822 842 et
853 785 1050 865 angelis
1078 785 1132 837 in
1161 784 1292 865 cwlo
1319 784 1698 865 praisentatur?
1727 783 2036 865 Cogitemus,

450 854 784 936 fratrehquiq
796 857 929 936 quod
945 871 1064 936 caro
1079 857 1299 936 copiosis
1325 855 1525 936 deliciis
1552 855 1794 936 satiatur,
1824 854 2042 936 elabun-

450 923 608 990 dante
628 923 743 989 uino
772 923 1072 1001 [Codnuale
1099 925 1292 994 trinum]
1321 925 1769 1001 inﬁcitur_itiniis,
1799 923 2043 1001 pabulum

452 1008 673 1061 luxuria:
689 995 1026 1061 ministratur,
1048 1014 1160 1068 esca
1178 998 1424 1050 vermibus
1439 996 1592 1068 [Cod.
1614 1013 1640 1048 v
1657 995 1880 1065 mnium]
1905 995 2048 1047 mini-

452 1088 668 1140 stratur,
699 1091 759 1126 ac
783 1070 1092 1141 providetur.
1128 1066 1282 1141 Item,
1304 1066 1587 1141 rogoivos,
1599 1072 1807 1141 fratres,
1833 1067 2046 1141 aspicite

453 1149 523 1203 ad
546 1139 792 1218 sepulcra
806 1143 1038 1218 divitum,
1071 1149 1117 1192 et
1144 1140 1512 1218 quotiesjunta
1530 1139 1620 1191 illa
1645 1139 1896 1218 trt‘msitis,
1923 1152 2047 1218 con-

455 1208 697 1280 siderate,
727 1225 772 1268 et
817 1213 1085 1282 diligenter
1120 1211 1375 1279 respicite,
1407 1209 1492 1261 ubi
1516 1219 1633 1262 sunt
1678 1208 2048 1282 illorumdivi-

456 1292 575 1345 tlte?
603 1289 688 1342 ubi
711 1280 1046 1340 ornamenta?
1072 1282 1156 1334 ubi
1179 1283 1380 1341 annuli,
1405 1282 1481 1333 vel
1511 1282 1848 1334 iuaures?ubi
1868 1280 2048 1332 diade-

455 1349 592 1415 mata
605 1354 960 1432 pretiosa?_ubi_
971 1353 1132 1432 honor
1150 1352 1428 1432 vanitatis?
1447 1352 1526 1403 ubi
1545 1352 1764 1432 laxante
1776 1351 2037 1432 voluptas?

456 1434 540 1486 ubi
566 1421 960 1498 spectacula,vel
983 1424 1203 1498 furiosa,
1225 1423 1301 1475 vel
1319 1433 1548 1498 cruenta,
1578 1425 1652 1498 vel
1680 1425 1888 1498 turpia?
1904 1421 2048 1498 Certe

457 1494 766 1557 transierunt
789 1498 895 1550 haec
915 1497 1086 1548 omnia
1110 1503 1355 1562 tanquam
1378 1494 1576 1546 umbra.
1603 1495 1667 1546 Et
1692 1495 1734 1546 si
1757 1495 2050 1563 pteitentia

457 1591 560 1628 non
583 1566 1077 1633 subvenerit,solain
1095 1575 1336 1632 perpetuo
1368 1566 1643 1632 opprobria
1673 1580 1718 1621 et
1743 1565 1956 1617 crimina
1979 1581 2050 1616 re-

458 1651 770 1699 manserunt.
819 1637 1150 1693 Considerate
1180 1636 1470 1704 diligenter,
1507 1647 1554 1688 et
1601 1637 1758 1688 videte
1800 1639 2047 1702 superbo-

459 1731 574 1768 rum
591 1712 825 1783 sepulcra
849 1752 862 1773 ,
905 1717 950 1783 et
970 1707 1227 1783 agnoscite
1255 1707 1374 1774 quia
1399 1707 1527 1783 nihil
1556 1707 1608 1783 in
1635 1707 1704 1758 eis
1745 1706 1911 1768 aliud,
1953 1706 2052 1758 nisi

458 1786 556 1840 soli
584 1777 797 1839 cineres.
841 1791 884 1833 et
925 1778 1110 1848 faetida:
1138 1792 1383 1829 vermium
1410 1777 1640 1847 reliquiae
1670 1785 2047 1831 remanserunt.

459 1857 591 1913 Htec
614 1869 752 1925 ergo,
779 1852 949 1925 homo»,
981 1847 1500 1925 diligeitter_atteiide,
1529 1861 1575 1901 et
1595 1850 1679 1925 dic
1722 1850 1831 1911 tibi,
1859 1849 2052 1925 tit-ipse

459 1917 876 1999 loquerevtecunt:
897 1920 941 1973 Ο
961 1917 1224 1999 νςιὶδεΓΙᾙι
1246 1921 1339 1999 iste
1359 1920 1636 1999 aliquando
1661 1919 2052 1999 pracitpiditate

460 1989 712 2052 currebat.
742 1992 810 2047 Et
841 1993 934 2046 iste
958 1992 1079 2042 dum
1103 1990 1283 2043 viveret
1324 1990 1374 2042 in
1414 1991 1680 2053 saeculum,
1707 1989 1905 2042 libidini
1949 2005 2054 2042 scr-

459 2071 643 2135 viebat,
666 2078 714 2122 et
743 2079 856 2119 ecce
879 2061 1005 2115 nihil
1032 2076 1093 2135 ea;
1116 2061 1228 2135 illo,
1253 2061 1548 2135 nisifwtidi
1579 2071 1623 2114 et
1647 2060 1916 2135 horribiles
1939 2060 2054 2129 pul-

461 2157 595 2196 veres
622 2131 995 2192 remanserunt.
1027 2131 1088 2186 Si
1113 2131 1257 2194 velis,
1293 2148 1321 2182 ο
1353 2134 1522 2195 homo,
1567 2134 1767 2194 audire,
1797 2134 1910 2199 ipsa
1941 2147 2056 2183 ossa

462 2212 552 2265 tibi
580 2211 726 2263 arida
756 2212 992 2277 poterunt
1026 2200 1327 2277 prcedt'care.
1365 2201 1575 2277 Clamat
1605 2207 1671 2254 att
1700 2214 1747 2256 te
1779 2204 1945 2272 pulvis
1971 2200 2054 2277 at:

463 2283 620 2335 terius
649 2281 710 2333 de
736 2271 968 2345 sepulcro
994 2290 1012 2327 :
1039 2271 1115 2345 U_t_
1133 2273 1498 2345 quid,infelia;,
1531 2286 1733 2325 tantum
1765 2271 1855 2341 pro
1879 2273 2057 2345 saeculi

463 2352 742 2423 cupiditate
765 2341 1018 2423 discurris
1028 2341 1138 2423 t
1159 2344 1546 2423 quidsitpe‘rbite
1564 2347 1637 2423 uel
1656 2345 1884 2423 usui-ite
1898 2342 2053 2423 [ϐοᾷ.

463 2413 701 2491 superbia
732 2422 809 2472 vel
837 2413 1066 2491 luxuria]
1096 2414 1328 2491 infelicia
1350 2413 1485 2491 colla
1514 2416 1802 2491 submittis?
1842 2413 1910 2468 Ut
1927 2416 2058 2491 quid

463 2501 512 2547 te
527 2484 600 2547 'ad
626 2488 945 2544 serviendum
985 2484 1350 2554 crudelissimis
1390 2487 1630 2551 dominis,
1657 2486 1710 2537 id
1733 2496 1804 2540 est
1846 2487 1979 2538 vitiis
2010 2497 2059 2539 et

464 2563 760 2617 criminibus
784 2557 982 2612 tradis?
1011 2555 1212 2609 Clamat
1241 2554 1312 2604 ad
1349 2565 1394 2609 te
1425 2567 1656 2610 mortuus
1683 2557 1744 2609 de
1773 2558 2013 2626 sepulcro
2038 2572 2059 2610 :

465 2633 546 2688 Tu
577 2637 778 2686 umbras
808 2640 856 2684 et
886 2628 1099 2682 nebulas
1128 2626 1303 2678 steruli
1331 2626 1506 2697 hujus,
1533 2640 1638 2682 etc.

535 2705 597 2758 Ν.
635 2705 687 2758 5.
731 2700 918 2756 Nonne
970 2715 1062 2770 ego
1114 2711 1226 2770 qua;
1368 2697 1442 2751 I'd.
1482 2698 1672 2753 Nonne
1698 2716 1790 2770 ego
1813 2700 1951 2769 quod
1971 2716 2061 2754 ac-

466 2777 665 2844 accepi,
741 2782 945 2844 terrena
1004 2768 1227 2844 accepi?
1297 2771 1408 2844 cepi
1439 2768 1845 2844 redimita-retia
1860 2773 2054 2839 accepi,

467 2837 702 2902 Caelestia
761 2842 1010 2903 reddam,
1095 2837 1226 2891 dabo
1297 2842 1519 2894 caelestia
1549 2842 1728 2895 reddo.
1758 2837 2061 2895 Transitura

467 2928 710 2972 aeternum
761 2914 1044 2983 praemium.
1299 2915 1505 2983 accepi,
1546 2923 1735 2966 (eterna
1773 2916 2058 2968 restituam.

1302 2981 1427 3036 Mea
1447 2985 1640 3051 accepi,
1674 2985 1923 3053 meipsunt
1955 2986 2062 3038 red-

1301 3053 1389 3106 do.
1422 3053 1562 3107 Dabo
1597 3064 1680 3107 wt.
1728 3072 1807 3120 pr.

1372 3123 1449 3176 Id.
1497 3125 1640 3194 I-togo
1688 3142 1807 3188 vos,
1855 3127 2060 3196 fratres,

450 502 574 569 ἀθά.
605 521 723 579 quas
748 505 830 558 hic
865 502 1072 555 adsunt.

540 3129 672 3186 Ibid.
707 3129 846 3201 Rogo
880 3142 987 3191 vos,
1019 3124 1225 3201 fratres,

467 3210 525 3258 ut
548 3204 645 3256 ista
671 3195 986 3273 recipiantur
1025 3196 1086 3273 in
1117 3195 1229 3273 anij
1300 3205 1356 3246 ut
1420 3197 1521 3273 ista
1573 3195 1903 3273 admonitio,
1960 3199 2062 3273 imo
2089 3209 2138 3273 ο

467 3275 563 3327 mis
583 3266 842 3337 vestris,'et
862 3270 934 3323 ita
954 3266 1227 3339 proﬁciant
1298 3268 1772 3347 suggestionostra,
1817 3270 1888 3321 ita
1930 3269 2062 3347 reci-

468 3344 768 3415 peregrinis.
1189 3397 1194 3402 _
1298 3340 1470 3415 piatur
1506 3340 1766 3415 inanimis
1795 3343 1988 3415 vestris,
2016 3347 2064 3391 et

1300 3410 1373 3460 ita
1392 3409 1630 3478 proﬁciat
1655 3412 1951 3481 peregrinis.

1062 3514 1233 3555 εειικο
1270 3513 1484 3556 οεεινι.

543 3596 764 3666 Legitur
787 3591 839 3648 in
867 3590 992 3648 cod.
1020 3590 1226 3646 Cassin.
1255 3605 1337 3653 χι.
1363 3591 1454 3645 Iol.
1475 3589 1605 3657 258,
1642 3602 1695 3647 et
1723 3592 1845 3648 cod.
1875 3609 2062 3660 cxxm,

469 3689 565 3746 fol.
599 3687 720 3744 I52.

542 3782 684 3838 Edit.
709 3780 773 3836 Ν.
809 3775 1220 3862 μιαιινεῃείιιηι

468 3864 763 3924 martyrem,
797 3861 943 3922 cujus
959 3888 975 3914 ,
1005 3861 1110 3902 etc.

1371 3771 1503 3829 Cod.
1524 3791 1708 3832 cum.
1730 3778 2065 3839 Laurentium

1300 3847 1717 3922 archidiaconum
1735 3862 1778 3903 et
1792 3861 2066 3922 martyrem

1300 3917 1516 3989 bonum,
1533 3921 1676 3989 cujus
1713 3933 1816 3976 etc.

539 3998 668 4055 Ibid.

465 4069 726 4140 martyrii:
864 4135 873 4140 _
1302 4076 1419 4140 nam
1445 4064 1694 4140 mai-igrii.

537 4133 673 4196 ΝῘΞ.
691 4135 975 4209 Sperabant
992 4147 1228 4204 magnam
1372 4133 1539 4209 Codd.
1558 4134 1612 4209 Δδ
1622 4137 1867 4200 perabant
1915 4152 2057 4209 mag.

466 4204 772 4275 claritatem,
807 4208 1086 4278 gloriosam
1146 4220 1228 4278 re-
1302 4204 1755 4278 nam-claritatem.
1789 4204 2064 4276 sperabant

466 4287 682 4354 quiem;
753 4275 1031 4349 sperabant
1071 4275 1227 4330 caele-
1299 4276 1580 4354 gloriosam
1603 4275 1862 4354 requiem,
1886 4293 2063 4354 sper-9..

1303 4347 1420 4398 bant
1443 4347 1578 4413 quod
1599 4351 1775 4401 oculus
1799 4365 1898 4402 non
1911 4347 2062 4418 vidit,

1301 4432 1392 4470 nec
1431 4419 1573 4470 auris
1611 4419 1826 4482 audivit,
1851 4435 1964 4482 ,nec
2003 4422 2061 4476 in

759 3993 906 4062 Quod
985 4003 1227 4048 coronam

466 4367 626 4419 stem,
654 4361 761 4407 etc.

464 4514 554 4552 cor
583 4494 803 4552 hominis
830 4489 1090 4553 ascendit,
1123 4503 1238 4560 quin
1257 4490 1567 4558 prteparavit
1620 4487 1760 4543 Deus
1785 4490 2055 4560 diligenti-
2122 4491 2125 4494 ”

465 4573 557 4624 bus
580 4585 632 4623 se
649 4609 664 4630 ,
688 4565 959 4633 sperabant
987 4561 1262 4633 caelestem,
1291 4567 1398 4633 etc.

537 4640 670 4693 Ibid.
718 4630 942 4705 Traptea
984 4631 1216 4686 victricia
1362 4630 1458 4684 Iid.

462 4716 808 4780 reperierunt.
830 4702 1082 4758 Lauerunt
1104 4717 1218 4756 san-
1288 4713 1634 4780 repor'tarunt.
1654 4702 2042 4780 Ibidembeatus

467 4770 536 4836 cli
563 4783 720 4835 stolas
742 4819 756 4843 ,
787 4788 892 4832 etc.
1289 4770 1518 4847 oannes
1549 4780 1811 4845 apostolus
1830 4778 1946 4847 jam
1979 4779 2042 4832 de

411 4849 414 4854 '
1203 4913 1207 4914 ν
1293 4843 1418 4912 ipsis
1470 4843 1735 4899 audiverat
1760 4849 1813 4899 in
1831 4843 2044 4914 'Apoca-

463 4926 594 4998 lypst
622 4923 792 4998 dicens
821 4935 840 4974 :
871 4918 952 4998 Hi
971 4926 1088 4998 sunt
1125 4913 1212 4985 qui
1241 4926 1484 4970 venerunt
1516 4933 1580 4998 ea;
1607 4933 1804 4998 magna
1832 4913 2050 4972 tribula-

461 4989 616 5057 tione,
647 5002 694 5046 et
721 4991 955 5044 lavnrunt
977 4990 1131 5059 stolas
1160 5001 1302 5049 suos,
1346 4997 1392 5039 et
1429 4989 1676 5040 cmdidas
1715 4994 1943 5059 fecerunt
1965 5006 2048 5044 eas

461 5069 514 5124 in
534 5064 784 5133 sanguine
806 5064 960 5131 Agni.
981 5058 1251 5133 Lauerunt
1280 5060 1472 5133 stolas,
1500 5069 1602 5133 etc.

533 5128 664 5192 Ibid.
719 5128 1016 5186 Christianis
1089 5145 1216 5199 pau-
1301 5199 1305 5200 ν
1364 5129 1459 5184 Iid.
1496 5128 1798 5184 Christianis
1839 5133 2052 5200 artiﬁci-

459 5209 666 5279 peribus
716 5205 956 5274 eroqasti.
1291 5199 1384 5254 bus
1406 5202 1696 5279 vendidisti,
1738 5199 2051 5272 pauperibus

1288 5284 1531 5340 erogastt.

534 5345 662 5401 Ibid.
694 5347 759 5418 Et
796 5342 1219 5418 Hippolytumad
1365 5344 1472 5418 Iid._
1528 5343 1595 5398 Et
1658 5343 2002 5414 Hippolytum
2035 5387 2051 5412 ,

462 5417 616 5488 ﬁdem
663 5415 871 5472 Christi
918 5415 1220 5469 mirabiliter
1291 5415 1554 5488 custodem
1575 5427 1743 5488 tuum,
1789 5417 1856 5468 ad
1896 5418 2052 5486 ﬁdem

461 5487 798 5542 convertebas.
1298 5487 1486 5542 Christi
1514 5487 1813 5541 mirabiliter
1845 5504 2054 5544 conver-

1297 5558 1457 5613 tebas.

1365 5629 1498 5684 Cod.
1528 5644 1710 5685 cum.
1761 5630 1827 5685 In
1860 5633 2059 5700 confes-

1295 5703 1438 5758 sione
1512 5711 1788 5772 martyrem
1864 5704 2057 5758 Christi

1298 5778 1542 5844 primum,
1582 5776 1783 5830 beatum
1834 5774 2056 5845 Stepha-

515 5630 598 5695 _N.
657 5633 717 5702 5.
781 5629 847 5684 In
910 5631 1223 5702 confessione

465 5703 662 5758 beatum
687 5701 1028 5772 Stephanum.

1373 3989 1445 4043 Id.
1498 3988 1717 4059 Propter
1752 3993 1886 4062 quod
1925 4010 2065 4048 coro-
2132 4017 2137 4022 ·

1635 310 2035 369 APPENDICIS
2076 305 2565 392 AUQUSTINIANI

450 452 676 512 quorum
712 435 829 512 Io_c_o
865 430 1125 512 habentur
1163 427 1216 482 in
1292 442 1494 482 carnem
1514 442 1683 512 quam”
1712 435 1823 509 post
1855 442 2045 512 paucos
2072 433 2126 491 Α

2228 421 2361 477 Ibid.
2393 419 2590 490 Magna
2623 418 2916 473 constantia

2149 494 2468 562 conﬁtentes.

3611 304 3770 362 Im

3055 416 3134 471 Id.
3170 415 3366 489 Magna
3398 417 3588 486 ﬁducia
3627 429 3774 476 coss’

2991 488 3210 557 ﬁtentes.

2151 647 2308 686 LIBER
2361 645 2428 683 ne
2495 641 2854 682 BECTITUDINE
2911 640 3224 682 cuuoucre
3259 627 3772 699 Icouveusutoms.

2225 733 2444 839 Legitur
2499 765 2565 819 ab
2621 762 2775 818 initio
2830 762 2941 816 fere
2998 777 3050 816 n.
3085 763 3151 818 I6
3183 735 3353 834 usque
3377 766 3446 820 ad
3488 767 3674 834 linem,
3711 769 3773 826 in

2151 863 2289 919 Bibl.
2346 861 2635 921 Laurent.,
2697 858 2832 926 plut.
2893 871 3060 910 sum
3114 857 3327 919 sinist..
3387 860 3508 916 cod.
3533 879 3615 928 tv,
3666 865 3770 918 [οι.

2148 954 2219 1014 84
2290 955 2338 1009 b.

2223 1071 2372 1125 Edit.’
2394 1068 2457 1122 Ν.
2487 1068 2572 1120 16.
2601 1065 2739 1120 Dum
2763 1062 2915 1116 habes

2151 1138 2429 1205 licentiam,
2468 1139 2671 1206 paznite.

2225 1214 2358 1268 Ibid.
2389 1214 2522 1276 Quia
2547 1208 2693 1262 nulla
2717 1217 2789 1260 est
2814 1218 2915 1259 tant

2150 1286 2361 1358 grandis
2387 1285 2557 1358 culpa.

2225 1356 2356 1412 Ibid.
2392 1351 2754 1420 Unusquisque
2778 1351 2916 1416 quod

2152 1430 2323 1500 fecerit
2348 1427 2556 1500 bonum,
2581 1424 2679 1476 hoc
2704 1420 2915 1490 accipiet

2155 1499 2186 1553 α
2240 1499 2478 1551 Domino.

2225 1569 2360 1624 Ibid.
2384 1569 2508 1621 Haec
2525 1575 2590 1630 te,
2613 1564 2915 1627 christiane,

2153 1647 2689 1714 prlecepttt__revo_cent.

2229 1713 2361 1767 Ibid.
2406 1709 2492 1762 I’ir
2521 1711 2786 1777 linguosus
2815 1721 2918 1758 non

2155 1784 2404 1852 dirigetur
2434 1783 2486 1834 in
2527 1790 2680 1833 terra.

2227 1850 2290 1908 Ν.
2329 1855 2412 1908 I7.
2461 1852 2526 1904 Et
2573 1850 2764 1904 sanabo
2809 1866 2927 1903 con-

2158 1927 2264 1980 triti
2272 1943 2388 1979 onus
2414 1935 2619 1977 vestras.
2639 1954 2645 1958 -

2227 1997 2358 2051 Ibid.
2395 1996 2500 2049 Sed
2547 2002 2840 2062 peccatores
2873 1992 2924 2044 in

2156 2069 2527 2140 paenitentiam.

2225 2141 2356 2194 Ibid.
2391 2139 2530 2203 Quid
2560 2137 2628 2188 ad
2672 2137 2780 2189 lucc
2823 2152 2929 2189 res-

2160 2212 2346 2279 pondet
2373 2209 2601 2262 humana
2628 2206 2932 2277 fragilitas?

2232 2283 2368 2337 Ibid.
2435 2280 2614 2349 Neque
2681 2280 2920 2344 divitiae,

2159 2371 2274 2426 qua:
2311 2368 2448 2406 nunc
2479 2355 2531 2404 in
2552 2349 2755 2421 angulis
2809 2350 2926 2402 abs-

2160 2427 2401 2480 conditis.

2235 2497 2366 2551 Ibid.
2406 2495 2469 2548 Et
2491 2495 2740 2547 advenam
2763 2500 2808 2545 et
2829 2507 2926 2562 pu-

2162 2567 2346 2640 pillum
2394 2568 2548 2640 nolite
2584 2563 2923 2640 calumniari.

2236 2641 2298 2694 N.
2327 2641 2411 2694 I8.
2465 2637 2530 2689 Et
2561 2635 2624 2688 de
2661 2635 2928 2706 cogitatio-

2162 2711 2308 2765 nibus
2331 2711 2554 2779 judicat.
2741 2721 2748 2728 '

2236 2777 2371 2837 Ibid.
2419 2781 2568 2844 Dico,
2614 2777 2799 2848 inquit,
2843 2792 2930 2829 vo-

2167 2855 2239 2908 bis
2290 2870 2393 2906 non
2450 2854 2635 2922 jurare
2687 2850 2924 2914 omnino,

2165 2941 2325 2994 neque
2354 2939 2442 2992 per
2459 2933 2667 2975 terram.

2216 3082 2220 3086 '
2238 3067 2374 3122 Ibid.
2434 3063 2580 3118 Illud
2628 3062 2933 3117 omnimodis

2169 3146 2529 3210 prtccarentes.

2247 3211 2376 3266 Ibid.
2431 3207 2645 3261 Necnon
2695 3214 2740 3259 et
2802 3204 2936 3258 illud

2168 3286 2305 3354 quod
2377 3296 2494 3354 voce
2568 3277 2795 3354 ueritatis
2879 3277 2931 3328 in

2169 3349 2477 3424 Evangelio__
2499 3349 2856 3424 comminatur.

2241 3415 2371 3481 Ibid.
2437 3421 2496 3474 Et
2528 3418 2620 3491 qui
2653 3422 2932 3491 modonec

2167 3515 2324 3554 unum
2345 3489 2549 3563 quidem
2589 3489 2766 3555 stt/fert
2797 3489 2931 3558 digi.

2170 3580 2278 3623 tum
2303 3570 2356 3621 in
2403 3571 2572 3635 ignem
2604 3564 2821 3615 mittere.

2240 3639 2307 3694 N.
2343 3634 2434 3692 i9.
2473 3634 2576 3687 Sed
2623 3643 2676 3684 ut
2705 3643 2928 3686 reverta-

2170 3723 2253 3765 tur
2280 3719 2325 3763 et
2355 3714 2506 3762 vivat.

2241 3782 2373 3837 Ibid.
2411 3775 2629 3844 Quando
2659 3789 2928 3827 conversus

2167 3855 2495 3925 ingemueris,
2535 3847 2706 3899 salvus
2735 3846 2854 3899 eris.

2243 3995 2376 4050 Ibid.
2413 3993 2512 4061 Qui
2535 3989 2762 4044 observat
2783 3988 2932 4060 jugi-

2169 4075 2245 4122 ter
2262 4083 2378 4135 qua:
2405 4063 2584 4135 egerit.

2243 4084 2378 4191 quia
2405 4084 2584 4145 egerit.
2920 4131 2932 4142 ο

2243 4138 2262 4192 I
2439 4135 2506 4188 Et
2543 4151 2636 4216 vos
2683 4147 2929 4216 _ergo_,g.si

2169 4213 2300 4279 forte
2312 4209 2607 4279 ignoranter
2626 4209 2925 4262 admisistis.

2239 4349 2303 4406 N.
2343 4347 2435 4407 20.
2493 4348 2779 4404 Sanitatem
2823 4365 2932 4403 ser-

2166 4439 2286 4478 vare
2314 4439 2414 4478 non
2437 4423 2586 4476 valet.

2239 4564 2370 4621 Ibid.
2419 4565 2556 4618 Nam
2600 4577 2930 4633 quaecumque

1537 4631 1739 4702 Tropea
1812 4633 2043 4689 victricia
2078 4614 2136 4674 Ῑ)
2161 4638 2296 4691 mala
2339 4653 2445 4691 esse
2478 4614 2713 4689 videritur
2761 4644 2808 4687 et
2836 4614 2931 4688 ito-

2153 4717 2286 4764 cent.

2227 4778 2361 4833 Ibid.
2388 4777 2489 4832 Per
2533 4793 2685 4847 quam
2724 4777 2920 4847 reperi-

2158 4860 2242 4904 tur
2269 4861 2458 4904 aaterna
2497 4849 2738 4904 latitudo.

2231 4922 2364 4975 Ibid.
2403 4923 2468 4975 At
2509 4935 2670 4990 quare
2725 4935 2920 4990 pauper

2158 4992 2434 5055 vobiscum,
2467 5001 2573 5046 etc.
2875 5056 2877 5058 _

2240 5063 2369 5118 Ibid.
2447 5062 2512 5116 Et
2594 5062 2921 5130 Apostolus:

2160 5135 2504 5201 Deponentes,
2538 5135 2721 5204 inquit,
2751 5144 2856 5188 etc.

2230 5206 2295 5260 Ν.
2318 5206 2411 5259 24.
2447 5204 2512 5258 Ut
2544 5221 2657 5258 cum
2686 5206 2805 5258 hinc
2828 5207 2919 5260 mi-

2158 5279 2441 5348 graveritis.

2231 5345 2363 5402 Ibid.
2425 5347 2486 5403 Si
2543 5348 2676 5418 forte
2740 5346 2927 5418 putatis

2160 5421 2298 5489 quod
2331 5419 2447 5489 ﬁnis
2479 5421 2678 5473 mundi.

2241 5491 2371 5545 Ibid.
2404 5489 2671 5560 Multaque
2692 5490 2745 5543 in
2772 5491 2924 5562 longo

2999 5421 3136 5490 quod

3059 1064 3192 1149 God.
3220 1066 3360 1121 Dum
3409 1081 3482 1125 est
3525 1074 3772 1143 licentia,

2988 1149 3194 1206 paenite.

3061 1208 3136 1261 Id.
3171 1210 3307 1276 Quia
3352 1214 3500 1268 nulla
3536 1227 3619 1271 est
3661 1229 3777 1274 tam

2988 1282 3157 1352 grauis
3189 1283 3362 1352 culpa,

3060 1349 3138 1402 Id.
3175 1349 3538 1422 Unusquisque
3591 1365 3775 1427 quod-

2989 1427 3401 1497 cumquefecerit
3430 1430 3639 1497 bonum,
3667 1437 3780 1488 hoc

2993 1496 3118 1561 feret
3142 1511 3174 1546 a
3203 1496 3444 1552 Domino.

3065 1565 3141 1618 Id.
3196 1567 3320 1622 lltec
3367 1581 3414 1623 te
3479 1572 3782 1633 christiana

2995 1649 3249 1706 pracepta
3280 1655 3528 1697 revocent.

3065 1708 3142 1784 Id.
3195 1710 3286 1763 I’ir
3340 1715 3608 1784 linguosus
3664 1737 3783 1776 non

2993 1777 3241 1848 dirigetur
3264 1777 3656 1851 supervterrant.

3071 1852 3149 1904 Id.
3181 1851 3248 1907 Et
3271 1856 3458 1909 satiabo
3474 1864 3783 1919 aversioncs

2998 1933 3210 1976 vestros.
3237 1925 3352 1978 Vid.
3379 1943 3490 1982 var.
3519 1932 3692 1987 Maur.

3071 1993 3147 2077 Id:
3211 1994 3315 2077 Sed
3359 2014 3648 2068 peccatores
3706 2007 3783 2060 ad

3001 2077 3367 2134 penitentiam.

3073 2137 3162 2213 Id._
3184 2139 3317 2201 Quid
3337 2143 3406 2193 ad
3427 2145 3537 2196 ha'c
3563 2163 3782 2213 responc

3003 2208 3122 2283 des,
3142 2208 3366 2283 humana
3389 2208 3663 2283 fragilitas
3675 2223 3702 2273 2

3071 2279 3145 2332 Id.
3185 2279 3609 2357 Neque'dibitite
3646 2308 3782 2357 quas

2999 2367 3135 2426 nunc
3191 2353 3243 2405 in
3288 2358 3500 2426 angulis
3544 2353 3780 2417 abscon-

2999 2424 3146 2476 ditis.

3073 2493 3152 2549 Id.
3191 2495 3256 2546 Et
3305 2500 3564 2569 pupillum
3599 2515 3649 2557 et
3678 2509 3783 2559 ad-

2999 2581 3176 2618 venam
3206 2570 3363 2623 nolite
3407 2575 3781 2633 condemnare.

3190 2637 3253 2717 Et
3272 2642 3347 2717 de
3375 2644 3784 2714 cogitationibus

3003 2711 3152 2762 malis
3185 2712 3404 2775 iudicat.

3077 2779 3154 2835 Id.
3201 2780 3348 2846 Dico,
3395 2786 3584 2854 inquit,
3641 2792 3786 2846 vobis

3003 2854 3310 2931 non.jurare
3338 2860 3548 2911 omnino
3566 2902 3582 2923 ,
3620 2879 3785 2931 neque

3004 2939 3093 2992 per
3118 2926 3320 2992 ctzlum,
3356 2943 3520 2998 neque
3545 2948 3643 3000 per
3675 2926 3785 2987 ter-

3002 3010 3137 3048 ram.

3081 3066 3156 3120 Id.
3188 3066 3218 3120 Ι
3222 3067 3335 3122 llud
3352 3072 3593 3126 omnibus
3612 3076 3784 3132 modis

3006 3151 3365 3208 prrecaventes.

3080 3210 3156 3263 Id.
3193 3210 3242 3263 Ν
3246 3224 3463 3288 ccnonet
3481 3215 3619 3288 il_lud
3641 3220 3784 3288 quod

3007 3298 3105 3335 vox
3127 3285 3354 3364 veritatis
3397 3285 3449 3338 in
3493 3284 3782 3360 Evangelia

3005 3366 3366 3408 comminatur.

3078 3425 3155 3479 Id.
3193 3425 3257 3478 Et
3320 3428 3412 3496 qui
3473 3430 3636 3483 modo
3693 3450 3784 3488 nec

3001 3510 3159 3570 unum
3174 3497 3375 3566 quidem
3393 3500 3617 3570 digitum
3631 3519 3783 3560 suum

2999 3566 3183 3632 suffert
3204 3571 3255 3621 in
3285 3566 3464 3638 ignem'
3479 3573 3647 3628 mitti.

3076 3639 3154 3691 Id.
3201 3639 3308 3693 Sed
3350 3650 3405 3693 ut
3452 3653 3778 3701 convertatur

3004 3717 3052 3762 et
3080 3711 3231 3766 vivat.

3074 3780 3151 3835 Id.
3214 3783 3432 3848 Quando
3504 3800 3779 3844 conversus

3003 3852 3165 3920 fueris
3208 3863 3254 3908 et
3281 3856 3615 3925 ingemueris,
3659 3871 3778 3914 tunc

3003 3925 3174 3978 salvus
3202 3927 3321 3979 eris.

3028 4038 3053 4056 ,
3075 3994 3154 4048 Id.
3184 3998 3284 4073 Qui
3321 3996 3556 4052 observat
3587 4002 3778 4073 iugiter

3003 4082 3118 4138 ιιιιςε
3150 4068 3299 4138 gerit-

3077 4136 3166 4191 Μ.
3189 4136 3256 4214 Et
3281 4155 3368 4192 vos
3406 4155 3529 4211 ergo
3561 4143 3609 4195 si
3655 4145 3778 4214 quid

3002 4208 3136 4277 forte
3224 4208 3526 4281 ignorantia
3611 4208 3776 4270 admi-

2963 4309 2971 4338 ;
3000 4281 3157 4334 sistis.

3076 4350 3150 4406 Id.
3181 4351 3248 4405 Et
3276 4368 3482 4409 servare
3527 4361 3775 4412 saturita-

3005 4430 3104 4476 tem
3132 4439 3234 4477 non
3263 4426 3416 4480 valet.
3468 4427 3607 4483 Vide
3661 4445 3771 4485 var.

3001 4493 3170 4552 Maur.

3079 4565 3157 4619 Id.
3179 4565 3449 4638 Namque,
3483 4585 3607 4622 cum
3634 4571 3773 4626 mala

3001 4653 3110 4691 esse
3139 4637 3371 4692 vidtntur
3408 4652 3456 4694 et
3491 4653 3702 4698 nocent.

3063 4779 3142 4834 Id.
3183 4779 3284 4835 Per
3303 4797 3459 4852 quam
3478 4786 3779 4852 reperietur

2991 4861 3182 4906 eterna
3201 4853 3446 4909 latitudo.

3187 4925 3287 4977 Aut
3358 4941 3519 4995 quare
3569 4944 3774 4997 pauper

2997 4995 3274 5059 vobiscum,
3306 5003 3411 5051 etc.

3065 5065 3142 5118 Id.
3181 5064 3329 5120 Unde
3356 5076 3402 5120 et
3443 5069 3726 5136 Apostolus
3750 5088 3772 5126 :

2994 5135 3347 5209 Deponentes,
3378 5135 3571 5209 inquit,
3601 5151 3709 5196 etc.

3070 5209 3148 5262 Id.
3186 5206 3254 5261 Ut
3293 5225 3412 5262 cum
3440 5206 3504 5262 ab
3533 5211 3634 5265 hac
3663 5215 3768 5267 vita

2993 5280 3354 5348 migraveritis.

3076 5350 3152 5423 Id_.
3187 5349 3315 5423 _Sed
3385 5353 3520 5423 forte
3574 5355 3769 5422 putatis

3163 5421 3282 5490 ﬁnis
3314 5421 3515 5479 mundi.
3577 5421 3585 5422 ί
3755 5433 3769 5444 °

3069 5491 3151 5548 Id.
3247 5492 3512 5563 Multaque

3618 5498 3776 5571 longo

2167 5571 2390 5632 tempore
2429 5562 2654 5631 disponit
2703 5567 2920 5634 agenda.
2997 5571 3221 5638 tempore
3269 5562 3495 5636 disponit
3541 5562 3772 5638 agenda.

2237 5703 2370 5777 Ibid.
2405 5703 2596 5759 Statim
2625 5714 2714 5759 aut
2744 5706 2795 5760 in
2835 5721 2928 5777 pa-

2165 5775 2340 5830 radiso
2391 5792 2485 5846 pro
2515 5777 2658 5833 bonis
2712 5775 2924 5845 meritis,

2167 5856 2255 5901 aut
2285 5856 2435 5913 certe,
2463 5857 2564 5902 etc.

3003 5635 3125 5691 Vid.
3171 5649 3286 5689 var.
3322 5635 3491 5691 Maur.

3077 5704 3153 5762 Id.
3181 5707 3373 5761 Statim
3399 5719 3490 5761 aut
3533 5709 3585 5762 in
3620 5727 3775 5776 parts-

3003 5778 3116 5830 diso
3145 5793 3238 5846 pro
3264 5779 3408 5832 bonis
3439 5781 3636 5834 meritis
3664 5784 3777 5836 cot-

3012 5849 3219 5915 'ocatur,
3243 5859 3332 5904 aut
3359 5861 3517 5922 certe,
3547 5862 3657 5918 etc,
