  <div class='ocr_page' id='page_1' title='image "/cluster/home/n/w/nwhite01/storage/ocr_20150623/47/hvd.32044015471527/626.png"; bbox 0 0 4012 6338; ppageno 0'>
   <div class='ocr_carea' id='block_1_1' title="bbox 255 285 388 344">
    <p class='ocr_par' dir='ltr' id='par_1_1' title="bbox 255 285 388 344">
     <span class='ocr_line' id='line_1_1' title="bbox 255 285 388 344; baseline 0 0"><span class='ocrx_word' id='word_1_1' title='bbox 255 285 388 344; x_wconf 66' lang='lat' dir='ltr'><strong><em>52M</em></strong></span> 
     </span>
    </p>
   </div>
   <div class='ocr_carea' id='block_1_2' title="bbox 324 398 1004 472">
    <p class='ocr_par' dir='ltr' id='par_1_2' title="bbox 324 398 1004 472">
     <span class='ocr_line' id='line_1_2' title="bbox 324 398 1004 472; baseline -0.015 -12"><span class='ocrx_word' id='word_1_2' title='bbox 324 405 454 460; x_wconf 90' lang='lat' dir='ltr'><strong><em>Ibid.</em></strong></span> <span class='ocrx_word' id='word_1_3' title='bbox 487 403 554 459; x_wconf 84' lang='lat' dir='ltr'><strong><em>Et</em></strong></span> <span class='ocrx_word' id='word_1_4' title='bbox 583 403 676 456; x_wconf 91' lang='lat' dir='ltr'><strong><em>hoc</em></strong></span> <span class='ocrx_word' id='word_1_5' title='bbox 689 403 801 472; x_wconf 87' lang='lat' dir='ltr'><strong><em>jam</em></strong></span> <span class='ocrx_word' id='word_1_6' title='bbox 828 398 878 452; x_wconf 91' lang='lat' dir='ltr'><strong><em>in</em></strong></span> <span class='ocrx_word' id='word_1_7' title='bbox 903 398 1004 452; x_wconf 89' lang='lat' dir='ltr'><strong><em>vita</em></strong></span> 
     </span>
    </p>
   </div>
   <div class='ocr_carea' id='block_1_3' title="bbox 245 473 809 544">
    <p class='ocr_par' dir='ltr' id='par_1_3' title="bbox 245 473 809 544">
     <span class='ocr_line' id='line_1_3' title="bbox 245 473 809 544; baseline -0.012 -12"><span class='ocrx_word' id='word_1_8' title='bbox 245 488 413 532; x_wconf 79' lang='lat' dir='ltr'><strong><em>vestra</em></strong></span> <span class='ocrx_word' id='word_1_9' title='bbox 437 475 518 530; x_wconf 88' lang='lat' dir='ltr'><strong><em>hic</em></strong></span> <span class='ocrx_word' id='word_1_10' title='bbox 539 473 809 544; x_wconf 86' lang='lat' dir='ltr'><strong><em>disponite.</em></strong></span> 
     </span>
    </p>
   </div>
   <div class='ocr_carea' id='block_1_4' title="bbox 323 543 1002 611">
    <p class='ocr_par' dir='ltr' id='par_1_4' title="bbox 323 543 1002 611">
     <span class='ocr_line' id='line_1_4' title="bbox 323 543 1002 611; baseline -0.015 -9"><span class='ocrx_word' id='word_1_11' title='bbox 323 549 455 603; x_wconf 86' lang='lat' dir='ltr'><strong><em>Ibid.</em></strong></span> <span class='ocrx_word' id='word_1_12' title='bbox 494 545 666 600; x_wconf 82' lang='lat' dir='ltr'><strong><em>Nolite</em></strong></span> <span class='ocrx_word' id='word_1_13' title='bbox 710 559 846 611; x_wconf 88' lang='lat' dir='ltr'><strong><em>ergo,</em></strong></span> <span class='ocrx_word' id='word_1_14' title='bbox 891 543 1002 610; x_wconf 90' lang='lat' dir='ltr'><strong><em>fra-</em></strong></span> 
     </span>
    </p>
   </div>
   <div class='ocr_carea' id='block_1_5' title="bbox 244 613 1007 685">
    <p class='ocr_par' dir='ltr' id='par_1_5' title="bbox 244 613 1007 685">
     <span class='ocr_line' id='line_1_5' title="bbox 244 613 1007 685; baseline -0.013 -11"><span class='ocrx_word' id='word_1_15' title='bbox 244 628 369 685; x_wconf 89' lang='lat' dir='ltr'><strong><em>tres,</em></strong></span> <span class='ocrx_word' id='word_1_16' title='bbox 404 619 647 672; x_wconf 85' lang='lat' dir='ltr'><strong><em>mundum</em></strong></span> <span class='ocrx_word' id='word_1_17' title='bbox 659 617 774 685; x_wconf 88' lang='lat' dir='ltr'><strong><em>jam</em></strong></span> <span class='ocrx_word' id='word_1_18' title='bbox 798 613 1007 681; x_wconf 79' lang='lat' dir='ltr'><strong><em>diligere</em></strong></span> 
     </span>
    </p>
   </div>
   <div class='ocr_carea' id='block_1_6' title="bbox 243 685 1005 759">
    <p class='ocr_par' dir='ltr' id='par_1_6' title="bbox 243 685 1005 759">
     <span class='ocr_line' id='line_1_6' title="bbox 243 685 1005 759; baseline -0.016 -13"><span class='ocrx_word' id='word_1_19' title='bbox 243 708 398 759; x_wconf 85' lang='lat' dir='ltr'><strong><em>quem</em></strong></span> <span class='ocrx_word' id='word_1_20' title='bbox 453 697 595 742; x_wconf 85' lang='lat' dir='ltr'><strong><em>tanta</em></strong></span> <span class='ocrx_word' id='word_1_21' title='bbox 640 685 1005 759; x_wconf 50' lang='lat' dir='ltr'><strong><em>cernitisucum</em></strong></span> 
     </span>
    </p>
   </div>
   <div class='ocr_carea' id='block_1_7' title="bbox 243 753 1008 816">
    <p class='ocr_par' dir='ltr' id='par_1_7' title="bbox 243 753 1008 816">
     <span class='ocr_line' id='line_1_7' title="bbox 243 753 1008 816; baseline -0.014 0"><span class='ocrx_word' id='word_1_22' title='bbox 243 753 510 816; x_wconf 63' lang='lat' dir='ltr'><strong><em>uelocitate</em></strong></span> <span class='ocrx_word' id='word_1_23' title='bbox 550 758 785 812; x_wconf 89' lang='lat' dir='ltr'><strong><em>transire.</em></strong></span> <span class='ocrx_word' id='word_1_24' title='bbox 835 753 1008 807; x_wconf 87' lang='lat' dir='ltr'><strong><em>Nolite</em></strong></span> 
     </span>
    </p>
   </div>
   <div class='ocr_carea' id='block_1_8' title="bbox 245 827 1006 902">
    <p class='ocr_par' dir='ltr' id='par_1_8' title="bbox 245 827 1006 902">
     <span class='ocr_line' id='line_1_8' title="bbox 245 827 1006 902; baseline -0.014 -16"><span class='ocrx_word' id='word_1_25' title='bbox 245 833 300 887; x_wconf 86' lang='lat' dir='ltr'><strong><em>in</em></strong></span> <span class='ocrx_word' id='word_1_26' title='bbox 349 835 458 902; x_wconf 88' lang='lat' dir='ltr'><strong><em>ejus</em></strong></span> <span class='ocrx_word' id='word_1_27' title='bbox 501 846 674 902; x_wconf 89' lang='lat' dir='ltr'><strong><em>amore</em></strong></span> <span class='ocrx_word' id='word_1_28' title='bbox 727 827 1006 880; x_wconf 83' lang='lat' dir='ltr'><strong><em>anchoram</em></strong></span> 
     </span>
    </p>
   </div>
   <div class='ocr_carea' id='block_1_9' title="bbox 245 901 1006 973">
    <p class='ocr_par' dir='ltr' id='par_1_9' title="bbox 245 901 1006 973">
     <span class='ocr_line' id='line_1_9' title="bbox 245 901 1006 973; baseline -0.012 -16"><span class='ocrx_word' id='word_1_29' title='bbox 245 901 422 960; x_wconf 82' lang='lat' dir='ltr'><strong><em>cordis</em></strong></span> <span class='ocrx_word' id='word_1_30' title='bbox 460 907 574 973; x_wconf 85' lang='lat' dir='ltr'><strong><em>jam</em></strong></span> <span class='ocrx_word' id='word_1_31' title='bbox 637 901 811 969; x_wconf 83' lang='lat' dir='ltr'><strong><em>ﬁgere,</em></strong></span> <span class='ocrx_word' id='word_1_32' title='bbox 860 913 1006 968; x_wconf 84' lang='lat' dir='ltr'><strong><em>quem</em></strong></span> 
     </span>
    </p>
   </div>
   <div class='ocr_carea' id='block_1_10' title="bbox 242 977 733 1036">
    <p class='ocr_par' dir='ltr' id='par_1_10' title="bbox 242 977 733 1036">
     <span class='ocr_line' id='line_1_10' title="bbox 242 977 733 1036; baseline -0.016 -6"><span class='ocrx_word' id='word_1_33' title='bbox 242 978 317 1030; x_wconf 88' lang='lat' dir='ltr'><strong><em>sic</em></strong></span> <span class='ocrx_word' id='word_1_34' title='bbox 346 977 409 1029; x_wconf 90' lang='lat' dir='ltr'><strong><em>ad</em></strong></span> <span class='ocrx_word' id='word_1_35' title='bbox 434 977 605 1036; x_wconf 78' lang='lat' dir='ltr'><strong><em>ﬁnem,</em></strong></span> <span class='ocrx_word' id='word_1_36' title='bbox 630 981 733 1024; x_wconf 89' lang='lat' dir='ltr'><strong><em>etc.</em></strong></span> 
     </span>
    </p>
   </div>
   <div class='ocr_carea' id='block_1_11' title="bbox 319 1039 1008 1102">
    <p class='ocr_par' dir='ltr' id='par_1_11' title="bbox 319 1039 1008 1102">
     <span class='ocr_line' id='line_1_11' title="bbox 319 1039 1008 1102; baseline -0.012 -2"><span class='ocrx_word' id='word_1_37' title='bbox 319 1046 386 1102; x_wconf 86' lang='lat' dir='ltr'><strong><em>N.</em></strong></span> <span class='ocrx_word' id='word_1_38' title='bbox 431 1046 520 1099; x_wconf 67' lang='lat'><strong><em>‘22.</em></strong></span> <span class='ocrx_word' id='word_1_39' title='bbox 573 1042 736 1096; x_wconf 87' lang='lat' dir='ltr'><strong><em>Nemo</em></strong></span> <span class='ocrx_word' id='word_1_40' title='bbox 793 1043 844 1094; x_wconf 87' lang='lat' dir='ltr'><strong><em>in</em></strong></span> <span class='ocrx_word' id='word_1_41' title='bbox 897 1039 1008 1092; x_wconf 83' lang='lat' dir='ltr'><strong><em>loco</em></strong></span> 
     </span>
    </p>
   </div>
   <div class='ocr_carea' id='block_1_12' title="bbox 243 1112 1010 1189">
    <p class='ocr_par' dir='ltr' id='par_1_12' title="bbox 243 1112 1010 1189">
     <span class='ocr_line' id='line_1_12' title="bbox 243 1112 1010 1189; baseline -0.009 -18"><span class='ocrx_word' id='word_1_42' title='bbox 243 1116 340 1171; x_wconf 87' lang='lat' dir='ltr'><strong><em>illo</em></strong></span> <span class='ocrx_word' id='word_1_43' title='bbox 369 1119 592 1189; x_wconf 85' lang='lat' dir='ltr'><strong><em>glorioso</em></strong></span> <span class='ocrx_word' id='word_1_44' title='bbox 640 1112 832 1183; x_wconf 75' lang='lat' dir='ltr'><strong><em>indiget</em></strong></span> <span class='ocrx_word' id='word_1_45' title='bbox 861 1114 1010 1165; x_wconf 86' lang='lat' dir='ltr'><strong><em>vesti-</em></strong></span> 
     </span>
    </p>
   </div>
   <div class='ocr_carea' id='block_1_13' title="bbox 243 1200 432 1242">
    <p class='ocr_par' dir='ltr' id='par_1_13' title="bbox 243 1200 432 1242">
     <span class='ocr_line' id='line_1_13' title="bbox 243 1200 432 1242; baseline 0.005 -2"><span class='ocrx_word' id='word_1_46' title='bbox 243 1200 432 1242; x_wconf 85' lang='lat' dir='ltr'><strong><em>mento.</em></strong></span> 
     </span>
    </p>
   </div>
   <div class='ocr_carea' id='block_1_14' title="bbox 317 1253 1010 1324">
    <p class='ocr_par' dir='ltr' id='par_1_14' title="bbox 317 1253 1010 1324">
     <span class='ocr_line' id='line_1_14' title="bbox 317 1253 1010 1324; baseline -0.014 -9"><span class='ocrx_word' id='word_1_47' title='bbox 317 1259 380 1315; x_wconf 84' lang='lat' dir='ltr'><strong><em>N.</em></strong></span> <span class='ocrx_word' id='word_1_48' title='bbox 411 1259 501 1314; x_wconf 72' lang='lat'><strong><em>‘23.</em></strong></span> <span class='ocrx_word' id='word_1_49' title='bbox 547 1255 887 1324; x_wconf 85' lang='lat' dir='ltr'><strong><em>Omniumque</em></strong></span> <span class='ocrx_word' id='word_1_50' title='bbox 918 1253 1010 1306; x_wconf 82' lang='lat' dir='ltr'><strong><em>ho-</em></strong></span> 
     </span>
    </p>
   </div>
   <div class='ocr_carea' id='block_1_15' title="bbox 244 1326 1009 1394">
    <p class='ocr_par' dir='ltr' id='par_1_15' title="bbox 244 1326 1009 1394">
     <span class='ocr_line' id='line_1_15' title="bbox 244 1326 1009 1394; baseline -0.012 -9"><span class='ocrx_word' id='word_1_51' title='bbox 244 1332 442 1385; x_wconf 86' lang='lat' dir='ltr'><strong><em>minum</em></strong></span> <span class='ocrx_word' id='word_1_52' title='bbox 463 1330 753 1384; x_wconf 74' lang='lat' dir='ltr'><strong><em>erubescere</em></strong></span> <span class='ocrx_word' id='word_1_53' title='bbox 771 1369 784 1390; x_wconf 95' lang='lat'><strong><em>,</em></strong></span> <span class='ocrx_word' id='word_1_54' title='bbox 816 1327 903 1394; x_wconf 81' lang='lat' dir='ltr'><strong><em>qui</em></strong></span> <span class='ocrx_word' id='word_1_55' title='bbox 928 1326 1009 1377; x_wconf 91' lang='lat' dir='ltr'><strong><em>hic</em></strong></span> 
     </span>
    </p>
   </div>
   <div class='ocr_carea' id='block_1_16' title="bbox 243 1397 1008 1470">
    <p class='ocr_par' dir='ltr' id='par_1_16' title="bbox 243 1397 1008 1470">
     <span class='ocr_line' id='line_1_16' title="bbox 243 1397 1008 1470; baseline -0.01 -14"><span class='ocrx_word' id='word_1_56' title='bbox 243 1419 334 1456; x_wconf 86' lang='lat' dir='ltr'><strong><em>nec</em></strong></span> <span class='ocrx_word' id='word_1_57' title='bbox 356 1418 513 1458; x_wconf 90' lang='lat' dir='ltr'><strong><em>unum</em></strong></span> <span class='ocrx_word' id='word_1_58' title='bbox 529 1399 734 1470; x_wconf 84' lang='lat' dir='ltr'><strong><em>quidem</em></strong></span> <span class='ocrx_word' id='word_1_59' title='bbox 757 1397 1008 1470; x_wconf 77' lang='lat' dir='ltr'><strong><em>hominem</em></strong></span> 
     </span>
    </p>
   </div>
   <div class='ocr_carea' id='block_1_17' title="bbox 242 1468 1006 1542">
    <p class='ocr_par' dir='ltr' id='par_1_17' title="bbox 242 1468 1006 1542">
     <span class='ocr_line' id='line_1_17' title="bbox 242 1468 1006 1542; baseline -0.01 -16"><span class='ocrx_word' id='word_1_60' title='bbox 242 1476 298 1527; x_wconf 90' lang='lat' dir='ltr'><strong><em>in</em></strong></span> <span class='ocrx_word' id='word_1_61' title='bbox 326 1491 378 1528; x_wconf 89' lang='lat' dir='ltr'><strong><em>se</em></strong></span> <span class='ocrx_word' id='word_1_62' title='bbox 406 1468 690 1542; x_wconf 77' lang='lat' dir='ltr'><strong><em>peccantem</em></strong></span> <span class='ocrx_word' id='word_1_63' title='bbox 715 1468 820 1523; x_wconf 91' lang='lat' dir='ltr'><strong><em>vult</em></strong></span> <span class='ocrx_word' id='word_1_64' title='bbox 861 1469 1006 1534; x_wconf 86' lang='lat' dir='ltr'><strong><em>aspi-</em></strong></span> 
     </span>
    </p>
   </div>
   <div class='ocr_carea' id='block_1_18' title="bbox 243 1561 373 1612">
    <p class='ocr_par' dir='ltr' id='par_1_18' title="bbox 243 1561 373 1612">
     <span class='ocr_line' id='line_1_18' title="bbox 243 1561 373 1612; baseline -0.008 -13"><span class='ocrx_word' id='word_1_65' title='bbox 243 1561 373 1612; x_wconf 84' lang='lat' dir='ltr'><strong><em>cere.</em></strong></span> 
     </span>
    </p>
   </div>
   <div class='ocr_carea' id='block_1_19' title="bbox 317 1612 1006 1671">
    <p class='ocr_par' dir='ltr' id='par_1_19' title="bbox 317 1612 1006 1671">
     <span class='ocr_line' id='line_1_19' title="bbox 317 1612 1006 1671; baseline -0.01 -2"><span class='ocrx_word' id='word_1_66' title='bbox 317 1615 450 1671; x_wconf 91' lang='lat' dir='ltr'><strong><em>Ibid.</em></strong></span> <span class='ocrx_word' id='word_1_67' title='bbox 526 1613 673 1667; x_wconf 89' lang='lat' dir='ltr'><strong><em>Tunc</em></strong></span> <span class='ocrx_word' id='word_1_68' title='bbox 763 1612 1006 1665; x_wconf 81' lang='lat' dir='ltr'><strong><em>nimirum</em></strong></span> 
     </span>
    </p>
   </div>
   <div class='ocr_carea' id='block_1_20' title="bbox 243 1684 1007 1759">
    <p class='ocr_par' dir='ltr' id='par_1_20' title="bbox 243 1684 1007 1759">
     <span class='ocr_line' id='line_1_20' title="bbox 243 1684 1007 1759; baseline -0.012 -17"><span class='ocrx_word' id='word_1_69' title='bbox 243 1686 638 1759; x_wconf 81' lang='lat' dir='ltr'><strong><em>prwcinentibus</em></strong></span> <span class='ocrx_word' id='word_1_70' title='bbox 698 1684 1007 1754; x_wconf 80' lang='lat' dir='ltr'><strong><em>Angelorum</em></strong></span> 
     </span>
    </p>
   </div>
   <div class='ocr_carea' id='block_1_21' title="bbox 241 1759 602 1816">
    <p class='ocr_par' dir='ltr' id='par_1_21' title="bbox 241 1759 602 1816">
     <span class='ocr_line' id='line_1_21' title="bbox 241 1759 602 1816; baseline 0.011 -4"><span class='ocrx_word' id='word_1_71' title='bbox 241 1759 394 1812; x_wconf 87' lang='lat' dir='ltr'><strong><em>tubis.</em></strong></span> <span class='ocrx_word' id='word_1_72' title='bbox 595 1809 602 1816; x_wconf 94' lang='lat'><strong><em>.</em></strong></span> 
     </span>
    </p>
   </div>
   <div class='ocr_carea' id='block_1_22' title="bbox 231 1827 1008 1883">
    <p class='ocr_par' dir='ltr' id='par_1_22' title="bbox 231 1827 1008 1883">
     <span class='ocr_line' id='line_1_22' title="bbox 231 1827 1008 1883; baseline -0.008 1"><span class='ocrx_word' id='word_1_73' title='bbox 231 1855 238 1864; x_wconf 70' lang='grc'><em>’</em></span> <span class='ocrx_word' id='word_1_74' title='bbox 317 1830 448 1883; x_wconf 96' lang='lat' dir='ltr'><strong><em>Ibid.</em></strong></span> <span class='ocrx_word' id='word_1_75' title='bbox 478 1827 544 1882; x_wconf 88' lang='lat' dir='ltr'><strong><em>In</em></strong></span> <span class='ocrx_word' id='word_1_76' title='bbox 582 1843 641 1882; x_wconf 89' lang='lat' dir='ltr'><strong><em>eo</em></strong></span> <span class='ocrx_word' id='word_1_77' title='bbox 684 1843 808 1880; x_wconf 75' lang='lat' dir='ltr'><strong><em>sexu</em></strong></span> <span class='ocrx_word' id='word_1_78' title='bbox 850 1843 1008 1879; x_wconf 88' lang='lat' dir='ltr'><strong><em>unus-</em></strong></span> 
     </span>
    </p>
   </div>
   <div class='ocr_carea' id='block_1_23' title="bbox 243 1899 922 1971">
    <p class='ocr_par' dir='ltr' id='par_1_23' title="bbox 243 1899 922 1971">
     <span class='ocr_line' id='line_1_23' title="bbox 243 1899 922 1971; baseline -0.004 -16"><span class='ocrx_word' id='word_1_79' title='bbox 243 1901 448 1971; x_wconf 77' lang='lat' dir='ltr'><strong><em>quisque</em></strong></span> <span class='ocrx_word' id='word_1_80' title='bbox 469 1916 571 1971; x_wconf 89' lang='lat' dir='ltr'><strong><em>quo</em></strong></span> <span class='ocrx_word' id='word_1_81' title='bbox 603 1907 749 1971; x_wconf 88' lang='lat' dir='ltr'><strong><em>natus</em></strong></span> <span class='ocrx_word' id='word_1_82' title='bbox 774 1899 922 1965; x_wconf 91' lang='lat' dir='ltr'><strong><em>fuit.-</em></strong></span> 
     </span>
    </p>
   </div>
   <div class='ocr_carea' id='block_1_24' title="bbox 316 1970 1006 2038">
    <p class='ocr_par' dir='ltr' id='par_1_24' title="bbox 316 1970 1006 2038">
     <span class='ocr_line' id='line_1_24' title="bbox 316 1970 1006 2038; baseline -0.007 -12"><span class='ocrx_word' id='word_1_83' title='bbox 316 1972 448 2027; x_wconf 76' lang='lat' dir='ltr'><strong><em>Ibzd.</em></strong></span> <span class='ocrx_word' id='word_1_84' title='bbox 474 1970 600 2028; x_wconf 86' lang='lat' dir='ltr'><strong><em>Cum</em></strong></span> <span class='ocrx_word' id='word_1_85' title='bbox 624 1970 804 2024; x_wconf 70' lang='lat' dir='ltr'><strong><em>virtute</em></strong></span> <span class='ocrx_word' id='word_1_86' title='bbox 823 1985 1006 2038; x_wconf 90' lang='lat' dir='ltr'><strong><em>magna</em></strong></span> 
     </span>
    </p>
   </div>
   <div class='ocr_carea' id='block_1_25' title="bbox 244 2048 602 2114">
    <p class='ocr_par' dir='ltr' id='par_1_25' title="bbox 244 2048 602 2114">
     <span class='ocr_line' id='line_1_25' title="bbox 244 2048 602 2114; baseline -0.003 -16"><span class='ocrx_word' id='word_1_87' title='bbox 244 2052 292 2099; x_wconf 91' lang='lat' dir='ltr'><strong><em>et</em></strong></span> <span class='ocrx_word' id='word_1_88' title='bbox 321 2048 602 2114; x_wconf 70' lang='lat' dir='ltr'><strong><em>majestate.</em></strong></span> 
     </span>
    </p>
   </div>
   <div class='ocr_carea' id='block_1_26' title="bbox 315 2113 1069 2184">
    <p class='ocr_par' dir='ltr' id='par_1_26' title="bbox 315 2113 1069 2184">
     <span class='ocr_line' id='line_1_26' title="bbox 315 2113 1069 2184; baseline -0.009 -15"><span class='ocrx_word' id='word_1_89' title='bbox 315 2113 448 2169; x_wconf 90' lang='lat' dir='ltr'><strong><em>Ibid.</em></strong></span> <span class='ocrx_word' id='word_1_90' title='bbox 479 2113 543 2167; x_wconf 87' lang='lat' dir='ltr'><strong><em>Et</em></strong></span> <span class='ocrx_word' id='word_1_91' title='bbox 574 2113 816 2184; x_wconf 80' lang='lat' dir='ltr'><strong><em>plangent</em></strong></span> <span class='ocrx_word' id='word_1_92' title='bbox 858 2127 1007 2180; x_wconf 90' lang='lat' dir='ltr'><strong><em>super</em></strong></span> <span class='ocrx_word' id='word_1_93' title='bbox 1067 2120 1069 2122; x_wconf 75' lang='lat'><strong><em>‘</em></strong></span> 
     </span>
    </p>
   </div>
   <div class='ocr_carea' id='block_1_27' title="bbox 243 2187 866 2240">
    <p class='ocr_par' dir='ltr' id='par_1_27' title="bbox 243 2187 866 2240">
     <span class='ocr_line' id='line_1_27' title="bbox 243 2187 866 2240; baseline -0.008 0"><span class='ocrx_word' id='word_1_94' title='bbox 243 2202 297 2240; x_wconf 88' lang='lat' dir='ltr'><strong><em>se</em></strong></span> <span class='ocrx_word' id='word_1_95' title='bbox 317 2203 486 2239; x_wconf 89' lang='lat' dir='ltr'><strong><em>omnes</em></strong></span> <span class='ocrx_word' id='word_1_96' title='bbox 517 2187 674 2238; x_wconf 84' lang='lat' dir='ltr'><strong><em>tribus</em></strong></span> <span class='ocrx_word' id='word_1_97' title='bbox 699 2193 866 2236; x_wconf 81' lang='lat' dir='ltr'><strong><em>teme.</em></strong></span> 
     </span>
    </p>
   </div>
   <div class='ocr_carea' id='block_1_28' title="bbox 318 2251 1006 2311">
    <p class='ocr_par' dir='ltr' id='par_1_28' title="bbox 318 2251 1006 2311">
     <span class='ocr_line' id='line_1_28' title="bbox 318 2251 1006 2311; baseline -0.009 -1"><span class='ocrx_word' id='word_1_98' title='bbox 318 2251 450 2311; x_wconf 88' lang='lat' dir='ltr'><strong><em>Ibid.</em></strong></span> <span class='ocrx_word' id='word_1_99' title='bbox 527 2255 714 2309; x_wconf 85' lang='lat' dir='ltr'><strong><em>Postea</em></strong></span> <span class='ocrx_word' id='word_1_100' title='bbox 775 2255 1006 2307; x_wconf 86' lang='lat' dir='ltr'><strong><em>misertus</em></strong></span> 
     </span>
    </p>
   </div>
   <div class='ocr_carea' id='block_1_29' title="bbox 244 2328 1002 2394">
    <p class='ocr_par' dir='ltr' id='par_1_29' title="bbox 244 2328 1002 2394">
     <span class='ocr_line' id='line_1_29' title="bbox 244 2328 1002 2394; baseline -0.009 -11"><span class='ocrx_word' id='word_1_101' title='bbox 244 2344 355 2383; x_wconf 90' lang='lat' dir='ltr'><strong><em>sum</em></strong></span> <span class='ocrx_word' id='word_1_102' title='bbox 381 2330 478 2392; x_wconf 89' lang='lat' dir='ltr'><strong><em>tui,</em></strong></span> <span class='ocrx_word' id='word_1_103' title='bbox 501 2343 702 2381; x_wconf 87' lang='lat' dir='ltr'><strong><em>carnem</em></strong></span> <span class='ocrx_word' id='word_1_104' title='bbox 731 2328 1002 2394; x_wconf 78' lang='lat' dir='ltr'><strong><em>assumpsi.</em></strong></span> 
     </span>
    </p>
   </div>
   <div class='ocr_carea' id='block_1_30' title="bbox 319 2396 1007 2455">
    <p class='ocr_par' dir='ltr' id='par_1_30' title="bbox 319 2396 1007 2455">
     <span class='ocr_line' id='line_1_30' title="bbox 319 2396 1007 2455; baseline -0.007 -1"><span class='ocrx_word' id='word_1_105' title='bbox 319 2400 450 2455; x_wconf 84' lang='lat' dir='ltr'><strong><em>Ibid.</em></strong></span> <span class='ocrx_word' id='word_1_106' title='bbox 480 2398 729 2454; x_wconf 79' lang='lat' dir='ltr'><strong><em>Conditus</em></strong></span> <span class='ocrx_word' id='word_1_107' title='bbox 785 2396 914 2449; x_wconf 88' lang='lat' dir='ltr'><strong><em>latui</em></strong></span> <span class='ocrx_word' id='word_1_108' title='bbox 953 2399 1007 2449; x_wconf 91' lang='lat' dir='ltr'><strong><em>iu</em></strong></span> 
     </span>
    </p>
   </div>
   <div class='ocr_carea' id='block_1_31' title="bbox 246 2471 772 2543">
    <p class='ocr_par' dir='ltr' id='par_1_31' title="bbox 246 2471 772 2543">
     <span class='ocr_line' id='line_1_31' title="bbox 246 2471 772 2543; baseline -0.004 -16"><span class='ocrx_word' id='word_1_109' title='bbox 246 2471 540 2543; x_wconf 81' lang='lat' dir='ltr'><strong><em>sepulcro._</em></strong></span> <span class='ocrx_word' id='word_1_110' title='bbox 762 2493 772 2501; x_wconf 69' lang='grc' dir='ltr'><strong>ο</strong></span> 
     </span>
    </p>
   </div>
   <div class='ocr_carea' id='block_1_32' title="bbox 315 2535 1008 2598">
    <p class='ocr_par' dir='ltr' id='par_1_32' title="bbox 315 2535 1008 2598">
     <span class='ocr_line' id='line_1_32' title="bbox 315 2535 1008 2598; baseline -0.012 0"><span class='ocrx_word' id='word_1_111' title='bbox 315 2535 450 2598; x_wconf 77' lang='lat' dir='ltr'><strong><em>Ibid.</em></strong></span> <span class='ocrx_word' id='word_1_112' title='bbox 502 2541 642 2596; x_wconf 86' lang='lat' dir='ltr'><strong><em>Tunc</em></strong></span> <span class='ocrx_word' id='word_1_113' title='bbox 715 2545 810 2594; x_wconf 84' lang='lat' dir='ltr'><strong><em>erit</em></strong></span> <span class='ocrx_word' id='word_1_114' title='bbox 875 2540 1008 2591; x_wconf 86' lang='lat' dir='ltr'><strong><em>dura</em></strong></span> 
     </span>
    </p>
   </div>
   <div class='ocr_carea' id='block_1_33' title="bbox 247 2617 524 2682">
    <p class='ocr_par' dir='ltr' id='par_1_33' title="bbox 247 2617 524 2682">
     <span class='ocr_line' id='line_1_33' title="bbox 247 2617 524 2682; baseline -0.014 -12"><span class='ocrx_word' id='word_1_115' title='bbox 247 2617 524 2682; x_wconf 88' lang='lat' dir='ltr'><strong><em>separatio.</em></strong></span> 
     </span>
    </p>
   </div>
   <div class='ocr_carea' id='block_1_34' title="bbox 316 2683 1007 2752">
    <p class='ocr_par' dir='ltr' id='par_1_34' title="bbox 316 2683 1007 2752">
     <span class='ocr_line' id='line_1_34' title="bbox 316 2683 1007 2752; baseline -0.007 -13"><span class='ocrx_word' id='word_1_116' title='bbox 316 2687 448 2741; x_wconf 70' lang='lat' dir='ltr'><strong><em>It‘ii‘d.</em></strong></span> <span class='ocrx_word' id='word_1_117' title='bbox 514 2683 798 2752; x_wconf 85' lang='lat' dir='ltr'><strong><em>Nunquam</em></strong></span> <span class='ocrx_word' id='word_1_118' title='bbox 837 2697 1007 2750; x_wconf 75' lang='lat' dir='ltr'><strong><em>poenas</em></strong></span> 
     </span>
    </p>
   </div>
   <div class='ocr_carea' id='block_1_35' title="bbox 248 2757 460 2825">
    <p class='ocr_par' dir='ltr' id='par_1_35' title="bbox 248 2757 460 2825">
     <span class='ocr_line' id='line_1_35' title="bbox 248 2757 460 2825; baseline -0.009 -13"><span class='ocrx_word' id='word_1_119' title='bbox 248 2757 460 2825; x_wconf 72' lang='lat' dir='ltr'><strong><em>finituri.</em></strong></span> 
     </span>
    </p>
   </div>
   <div class='ocr_carea' id='block_1_36' title="bbox 317 2823 1009 2893">
    <p class='ocr_par' dir='ltr' id='par_1_36' title="bbox 317 2823 1009 2893">
     <span class='ocr_line' id='line_1_36' title="bbox 317 2823 1009 2893; baseline -0.012 -10"><span class='ocrx_word' id='word_1_120' title='bbox 317 2828 449 2884; x_wconf 90' lang='lat' dir='ltr'><strong><em>Ibid&#39;.</em></strong></span> <span class='ocrx_word' id='word_1_121' title='bbox 472 2826 632 2888; x_wconf 71' lang='lat' dir='ltr'><strong><em>quta</em></strong></span> <span class='ocrx_word' id='word_1_122' title='bbox 653 2842 766 2880; x_wconf 81' lang='lat' dir='ltr'><strong><em>vero</em></strong></span> <span class='ocrx_word' id='word_1_123' title='bbox 789 2823 1009 2893; x_wconf 90' lang='lat' dir='ltr'><strong><em>qualita-</em></strong></span> 
     </span>
    </p>
   </div>
   <div class='ocr_carea' id='block_1_37' title="bbox 248 2895 1011 2967">
    <p class='ocr_par' dir='ltr' id='par_1_37' title="bbox 248 2895 1011 2967">
     <span class='ocr_line' id='line_1_37' title="bbox 248 2895 1011 2967; baseline -0.009 -13"><span class='ocrx_word' id='word_1_124' title='bbox 248 2908 344 2954; x_wconf 90' lang='lat' dir='ltr'><strong><em>tem</em></strong></span> <span class='ocrx_word' id='word_1_125' title='bbox 407 2899 609 2966; x_wconf 72' lang='lat' dir='ltr'><strong><em>culpae,</em></strong></span> <span class='ocrx_word' id='word_1_126' title='bbox 667 2913 866 2967; x_wconf 67' lang='lat' dir='ltr'><strong><em>poenam</em></strong></span> <span class='ocrx_word' id='word_1_127' title='bbox 940 2895 1011 2948; x_wconf 86' lang='lat' dir='ltr'><strong><em>ibi</em></strong></span> 
     </span>
    </p>
   </div>
   <div class='ocr_carea' id='block_1_38' title="bbox 249 2969 1009 3041">
    <p class='ocr_par' dir='ltr' id='par_1_38' title="bbox 249 2969 1009 3041">
     <span class='ocr_line' id='line_1_38' title="bbox 249 2969 1009 3041; baseline -0.007 -17"><span class='ocrx_word' id='word_1_128' title='bbox 249 2974 592 3041; x_wconf 77' lang='lat' dir='ltr'><strong><em>unusquisque</em></strong></span> <span class='ocrx_word' id='word_1_129' title='bbox 651 2969 864 3041; x_wconf 88' lang='lat' dir='ltr'><strong><em>sustinet</em></strong></span> <span class='ocrx_word' id='word_1_130' title='bbox 922 2983 1009 3041; x_wconf 78' lang='lat' dir='ltr'><strong><em>ge—</em></strong></span> 
     </span>
    </p>
   </div>
   <div class='ocr_carea' id='block_1_39' title="bbox 249 3037 1010 3098">
    <p class='ocr_par' dir='ltr' id='par_1_39' title="bbox 249 3037 1010 3098">
     <span class='ocr_line' id='line_1_39' title="bbox 249 3037 1010 3098; baseline -0.007 -3"><span class='ocrx_word' id='word_1_131' title='bbox 249 3037 448 3098; x_wconf 77' lang='lat' dir='ltr'><strong><em>hennte.</em></strong></span> <span class='ocrx_word' id='word_1_132' title='bbox 509 3037 639 3096; x_wconf 74' lang='lat' dir='ltr'><strong><em>Non</em></strong></span> <span class='ocrx_word' id='word_1_133' title='bbox 714 3040 781 3093; x_wconf 89' lang='lat' dir='ltr'><strong><em>ibi</em></strong></span> <span class='ocrx_word' id='word_1_134' title='bbox 856 3037 1010 3092; x_wconf 85' lang='lat' dir='ltr'><strong><em>audi-</em></strong></span> 
     </span>
    </p>
   </div>
   <div class='ocr_carea' id='block_1_40' title="bbox 249 3121 480 3182">
    <p class='ocr_par' dir='ltr' id='par_1_40' title="bbox 249 3121 480 3182">
     <span class='ocr_line' id='line_1_40' title="bbox 249 3121 480 3182; baseline 0.004 -15"><span class='ocrx_word' id='word_1_135' title='bbox 249 3121 350 3182; x_wconf 88' lang='lat' dir='ltr'><strong><em>tur,</em></strong></span> <span class='ocrx_word' id='word_1_136' title='bbox 377 3124 480 3170; x_wconf 87' lang='lat' dir='ltr'><strong><em>etc.</em></strong></span> 
     </span>
    </p>
   </div>
   <div class='ocr_carea' id='block_1_41' title="bbox 227 3319 1005 3396">
    <p class='ocr_par' dir='ltr' id='par_1_41' title="bbox 227 3319 1005 3396">
     <span class='ocr_line' id='line_1_41' title="bbox 227 3319 1005 3396; baseline -0.014 -12"><span class='ocrx_word' id='word_1_137' title='bbox 227 3319 234 3324; x_wconf 57' lang='grc'><em>’</em></span> <span class='ocrx_word' id='word_1_138' title='bbox 317 3327 509 3383; x_wconf 71' lang='grc' dir='ltr'><strong>Ν.24.</strong></span> <span class='ocrx_word' id='word_1_139' title='bbox 568 3324 840 3396; x_wconf 86' lang='lat' dir='ltr'><strong><em>Supplicia</em></strong></span> <span class='ocrx_word' id='word_1_140' title='bbox 902 3339 1005 3375; x_wconf 80' lang='lat' dir='ltr'><strong><em>im-</em></strong></span> 
     </span>
    </p>
   </div>
   <div class='ocr_carea' id='block_1_42' title="bbox 248 3399 1004 3468">
    <p class='ocr_par' dir='ltr' id='par_1_42' title="bbox 248 3399 1004 3468">
     <span class='ocr_line' id='line_1_42' title="bbox 248 3399 1004 3468; baseline -0.009 -13"><span class='ocrx_word' id='word_1_141' title='bbox 248 3402 452 3467; x_wconf 83' lang='lat' dir='ltr'><strong><em>piorunt</em></strong></span> <span class='ocrx_word' id='word_1_142' title='bbox 473 3409 520 3454; x_wconf 90' lang='lat' dir='ltr'><strong><em>et</em></strong></span> <span class='ocrx_word' id='word_1_143' title='bbox 545 3399 710 3468; x_wconf 89' lang='lat' dir='ltr'><strong><em>gloria</em></strong></span> <span class='ocrx_word' id='word_1_144' title='bbox 719 3399 1004 3467; x_wconf 90' lang='lat' dir='ltr'><strong><em>justorum.</em></strong></span> 
     </span>
    </p>
   </div>
   <div class='ocr_carea' id='block_1_43' title="bbox 249 3469 660 3532">
    <p class='ocr_par' dir='ltr' id='par_1_43' title="bbox 249 3469 660 3532">
     <span class='ocr_line' id='line_1_43' title="bbox 249 3469 660 3532; baseline -0.01 -6"><span class='ocrx_word' id='word_1_145' title='bbox 249 3469 365 3526; x_wconf 79' lang='lat' dir='ltr'><strong><em>lam</em></strong></span> <span class='ocrx_word' id='word_1_146' title='bbox 393 3487 530 3532; x_wconf 84' lang='lat' dir='ltr'><strong><em>vero.</em></strong></span> <span class='ocrx_word' id='word_1_147' title='bbox 554 3479 660 3525; x_wconf 85' lang='lat' dir='ltr'><strong><em>etc.</em></strong></span> 
     </span>
    </p>
   </div>
   <div class='ocr_carea' id='block_1_44' title="bbox 318 3540 1008 3596">
    <p class='ocr_par' dir='ltr' id='par_1_44' title="bbox 318 3540 1008 3596">
     <span class='ocr_line' id='line_1_44' title="bbox 318 3540 1008 3596; baseline -0.01 0"><span class='ocrx_word' id='word_1_148' title='bbox 318 3542 454 3596; x_wconf 87' lang='lat' dir='ltr'><strong><em>Ibi&#39;d.</em></strong></span> <span class='ocrx_word' id='word_1_149' title='bbox 507 3540 758 3595; x_wconf 89' lang='lat' dir='ltr'><strong><em>Dominus</em></strong></span> <span class='ocrx_word' id='word_1_150' title='bbox 835 3544 1008 3593; x_wconf 89' lang='lat' dir='ltr'><strong><em>autem</em></strong></span> 
     </span>
    </p>
   </div>
   <div class='ocr_carea' id='block_1_45' title="bbox 249 3611 1000 3684">
    <p class='ocr_par' dir='ltr' id='par_1_45' title="bbox 249 3611 1000 3684">
     <span class='ocr_line' id='line_1_45' title="bbox 249 3611 1000 3684; baseline -0.012 -16"><span class='ocrx_word' id='word_1_151' title='bbox 249 3623 494 3684; x_wconf 87' lang='lat' dir='ltr'><strong><em>quantum</em></strong></span> <span class='ocrx_word' id='word_1_152' title='bbox 532 3613 702 3684; x_wconf 5' lang='lat' dir='ltr'><strong><em>patris,</em></strong></span> <span class='ocrx_word' id='word_1_153' title='bbox 721 3611 1000 3684; x_wconf 71' lang='lat' dir='ltr'><strong><em>pietate...,</em></strong></span> 
     </span>
    </p>
   </div>
   <div class='ocr_carea' id='block_1_46' title="bbox 251 3679 1007 3756">
    <p class='ocr_par' dir='ltr' id='par_1_46' title="bbox 251 3679 1007 3756">
     <span class='ocr_line' id='line_1_46' title="bbox 251 3679 1007 3756; baseline -0.008 -18"><span class='ocrx_word' id='word_1_154' title='bbox 251 3679 446 3738; x_wconf 66' lang='lat' dir='ltr'><strong><em>tantum</em></strong></span> <span class='ocrx_word' id='word_1_155' title='bbox 532 3679 730 3756; x_wconf 76' lang='lat' dir='ltr'><strong><em>judicis</em></strong></span> <span class='ocrx_word' id='word_1_156' title='bbox 847 3679 1007 3751; x_wconf 88' lang='lat' dir='ltr'><strong><em>maje-</em></strong></span> 
     </span>
    </p>
   </div>
   <div class='ocr_carea' id='block_1_47' title="bbox 251 3763 550 3822">
    <p class='ocr_par' dir='ltr' id='par_1_47' title="bbox 251 3763 550 3822">
     <span class='ocr_line' id='line_1_47' title="bbox 251 3763 550 3822; baseline 0.003 -13"><span class='ocrx_word' id='word_1_157' title='bbox 251 3763 378 3809; x_wconf 80' lang='lat' dir='ltr'><strong><em>state</em></strong></span> <span class='ocrx_word' id='word_1_158' title='bbox 401 3799 416 3822; x_wconf 94' lang='lat'><strong><em>,</em></strong></span> <span class='ocrx_word' id='word_1_159' title='bbox 445 3763 550 3810; x_wconf 85' lang='lat' dir='ltr'><strong><em>etc.</em></strong></span> 
     </span>
    </p>
   </div>
   <div class='ocr_carea' id='block_1_48' title="bbox 321 3821 1008 3891">
    <p class='ocr_par' dir='ltr' id='par_1_48' title="bbox 321 3821 1008 3891">
     <span class='ocr_line' id='line_1_48' title="bbox 321 3821 1008 3891; baseline -0.01 -11"><span class='ocrx_word' id='word_1_160' title='bbox 321 3825 456 3880; x_wconf 79' lang='lat' dir='ltr'><strong><em>Ii&#39;iiiI.</em></strong></span> <span class='ocrx_word' id='word_1_161' title='bbox 515 3824 688 3880; x_wconf 82' lang='lat' dir='ltr'><strong><em>Potest</em></strong></span> <span class='ocrx_word' id='word_1_162' title='bbox 747 3821 1008 3891; x_wconf 77' lang='lat' dir='ltr'><strong><em>paenitenti</em></strong></span> 
     </span>
    </p>
   </div>
   <div class='ocr_carea' id='block_1_49' title="bbox 253 3895 765 3969">
    <p class='ocr_par' dir='ltr' id='par_1_49' title="bbox 253 3895 765 3969">
     <span class='ocr_line' id='line_1_49' title="bbox 253 3895 765 3969; baseline -0.008 -18"><span class='ocrx_word' id='word_1_163' title='bbox 253 3898 440 3969; x_wconf 77' lang='lat' dir='ltr'><strong><em>gratias</em></strong></span> <span class='ocrx_word' id='word_1_164' title='bbox 478 3895 765 3968; x_wconf 87' lang='lat' dir='ltr'><strong><em>indulgere.</em></strong></span> 
     </span>
    </p>
   </div>
   <div class='ocr_carea' id='block_1_50' title="bbox 227 4033 1011 4109">
    <p class='ocr_par' dir='ltr' id='par_1_50' title="bbox 227 4033 1011 4109">
     <span class='ocr_line' id='line_1_50' title="bbox 227 4033 1011 4109; baseline -0.011 -12"><span class='ocrx_word' id='word_1_165' title='bbox 227 4059 232 4064; x_wconf 91' lang='grc'>·</span> <span class='ocrx_word' id='word_1_166' title='bbox 319 4041 386 4098; x_wconf 81' lang='grc' dir='ltr'><strong><em>Ν.</em></strong></span> <span class='ocrx_word' id='word_1_167' title='bbox 412 4040 504 4098; x_wconf 75' lang='grc'><strong>25.</strong></span> <span class='ocrx_word' id='word_1_168' title='bbox 538 4039 662 4094; x_wconf 91' lang='lat' dir='ltr'><strong><em>Non</em></strong></span> <span class='ocrx_word' id='word_1_169' title='bbox 690 4054 778 4092; x_wconf 91' lang='lat' dir='ltr'><strong><em>vos</em></strong></span> <span class='ocrx_word' id='word_1_170' title='bbox 794 4040 910 4109; x_wconf 88' lang='lat' dir='ltr'><strong><em>jam</em></strong></span> <span class='ocrx_word' id='word_1_171' title='bbox 937 4033 1011 4088; x_wconf 87' lang='lat' dir='ltr'><strong><em>di-</em></strong></span> 
     </span>
    </p>
   </div>
   <div class='ocr_carea' id='block_1_51' title="bbox 252 4113 828 4174">
    <p class='ocr_par' dir='ltr' id='par_1_51' title="bbox 252 4113 828 4174">
     <span class='ocr_line' id='line_1_51' title="bbox 252 4113 828 4174; baseline -0.009 -7"><span class='ocrx_word' id='word_1_172' title='bbox 252 4113 488 4168; x_wconf 71' lang='lat' dir='ltr'><strong><em>vitiarum</em></strong></span> <span class='ocrx_word' id='word_1_173' title='bbox 519 4128 692 4174; x_wconf 88' lang='lat' dir='ltr'><strong><em>onera,</em></strong></span> <span class='ocrx_word' id='word_1_174' title='bbox 723 4117 828 4164; x_wconf 88' lang='lat' dir='ltr'><strong><em>etc.</em></strong></span> 
     </span>
    </p>
   </div>
   <div class='ocr_carea' id='block_1_52' title="bbox 223 4181 1011 4248">
    <p class='ocr_par' dir='ltr' id='par_1_52' title="bbox 223 4181 1011 4248">
     <span class='ocr_line' id='line_1_52' title="bbox 223 4181 1011 4248; baseline -0.011 -8"><span class='ocrx_word' id='word_1_175' title='bbox 223 4190 228 4193; x_wconf 77' lang='lat'>&#39;</span> <span class='ocrx_word' id='word_1_176' title='bbox 322 4184 385 4239; x_wconf 81' lang='grc' dir='ltr'><strong><em>Ν.</em></strong></span> <span class='ocrx_word' id='word_1_177' title='bbox 417 4183 506 4237; x_wconf 68' lang='grc'><strong><em>26.</em></strong></span> <span class='ocrx_word' id='word_1_178' title='bbox 537 4181 632 4237; x_wconf 89' lang='lat' dir='ltr'><strong><em>Cui</em></strong></span> <span class='ocrx_word' id='word_1_179' title='bbox 661 4182 816 4234; x_wconf 81' lang='lat' dir='ltr'><strong><em>vicem</em></strong></span> <span class='ocrx_word' id='word_1_180' title='bbox 836 4194 1011 4248; x_wconf 86' lang='lat' dir='ltr'><strong><em>repen-</em></strong></span> 
     </span>
    </p>
   </div>
   <div class='ocr_carea' id='block_1_53' title="bbox 254 4255 812 4321">
    <p class='ocr_par' dir='ltr' id='par_1_53' title="bbox 254 4255 812 4321">
     <span class='ocr_line' id='line_1_53' title="bbox 254 4255 812 4321; baseline -0.007 -11"><span class='ocrx_word' id='word_1_181' title='bbox 254 4255 372 4311; x_wconf 73' lang='lat' dir='ltr'><strong><em>dere</em></strong></span> <span class='ocrx_word' id='word_1_182' title='bbox 402 4271 502 4310; x_wconf 89' lang='lat' dir='ltr'><strong><em>non</em></strong></span> <span class='ocrx_word' id='word_1_183' title='bbox 526 4268 812 4321; x_wconf 88' lang='lat' dir='ltr'><strong><em>possumus.</em></strong></span> 
     </span>
    </p>
   </div>
   <div class='ocr_carea' id='block_1_54' title="bbox 323 4324 1011 4390">
    <p class='ocr_par' dir='ltr' id='par_1_54' title="bbox 323 4324 1011 4390">
     <span class='ocr_line' id='line_1_54' title="bbox 323 4324 1011 4390; baseline -0.007 -11"><span class='ocrx_word' id='word_1_184' title='bbox 323 4327 452 4382; x_wconf 85' lang='lat' dir='ltr'><strong><em>Ibid.</em></strong></span> <span class='ocrx_word' id='word_1_185' title='bbox 483 4325 617 4390; x_wconf 86' lang='lat' dir='ltr'><strong><em>Quia</em></strong></span> <span class='ocrx_word' id='word_1_186' title='bbox 646 4324 781 4377; x_wconf 88' lang='lat' dir='ltr'><strong><em>mitis</em></strong></span> <span class='ocrx_word' id='word_1_187' title='bbox 821 4337 934 4375; x_wconf 90' lang='lat' dir='ltr'><strong><em>sum</em></strong></span> <span class='ocrx_word' id='word_1_188' title='bbox 961 4329 1011 4374; x_wconf 91' lang='lat' dir='ltr'><strong><em>et</em></strong></span> 
     </span>
    </p>
   </div>
   <div class='ocr_carea' id='block_1_55' title="bbox 256 4393 1012 4465">
    <p class='ocr_par' dir='ltr' id='par_1_55' title="bbox 256 4393 1012 4465">
     <span class='ocr_line' id='line_1_55' title="bbox 256 4393 1012 4465; baseline -0.012 -13"><span class='ocrx_word' id='word_1_189' title='bbox 256 4398 457 4452; x_wconf 78' lang='lat' dir='ltr'><strong><em>humilis</em></strong></span> <span class='ocrx_word' id='word_1_190' title='bbox 488 4396 659 4451; x_wconf 83' lang='lat' dir='ltr'><strong><em>corde.</em></strong></span> <span class='ocrx_word' id='word_1_191' title='bbox 683 4393 893 4465; x_wconf 89' lang='lat' dir='ltr'><strong><em>Oportet</em></strong></span> <span class='ocrx_word' id='word_1_192' title='bbox 915 4393 1012 4464; x_wconf 81' lang='lat' dir='ltr'><strong><em>igi—</em></strong></span> 
     </span>
    </p>
   </div>
   <div class='ocr_carea' id='block_1_56' title="bbox 256 4477 498 4536">
    <p class='ocr_par' dir='ltr' id='par_1_56' title="bbox 256 4477 498 4536">
     <span class='ocr_line' id='line_1_56' title="bbox 256 4477 498 4536; baseline 0 -14"><span class='ocrx_word' id='word_1_193' title='bbox 256 4478 358 4536; x_wconf 88' lang='lat' dir='ltr'><strong><em>tur,</em></strong></span> <span class='ocrx_word' id='word_1_194' title='bbox 391 4477 498 4524; x_wconf 86' lang='lat' dir='ltr'><strong><em>etc.</em></strong></span> 
     </span>
    </p>
   </div>
   <div class='ocr_carea' id='block_1_57' title="bbox 225 4609 1009 4666">
    <p class='ocr_par' dir='ltr' id='par_1_57' title="bbox 225 4609 1009 4666">
     <span class='ocr_line' id='line_1_57' title="bbox 225 4609 1009 4666; baseline -0.005 -2"><span class='ocrx_word' id='word_1_195' title='bbox 225 4629 230 4635; x_wconf 80' lang='grc'><em>’</em></span> <span class='ocrx_word' id='word_1_196' title='bbox 327 4611 461 4666; x_wconf 89' lang='lat' dir='ltr'><strong><em>Ibid.</em></strong></span> <span class='ocrx_word' id='word_1_197' title='bbox 507 4610 614 4666; x_wconf 90' lang='lat' dir='ltr'><strong><em>Sed</em></strong></span> <span class='ocrx_word' id='word_1_198' title='bbox 657 4609 859 4663; x_wconf 88' lang='lat' dir='ltr'><strong><em>divinus</em></strong></span> <span class='ocrx_word' id='word_1_199' title='bbox 917 4622 1009 4661; x_wconf 90' lang='lat' dir='ltr'><strong><em>nos</em></strong></span> 
     </span>
    </p>
   </div>
   <div class='ocr_carea' id='block_1_58' title="bbox 257 4678 1009 4752">
    <p class='ocr_par' dir='ltr' id='par_1_58' title="bbox 257 4678 1009 4752">
     <span class='ocr_line' id='line_1_58' title="bbox 257 4678 1009 4752; baseline -0.013 -14"><span class='ocrx_word' id='word_1_200' title='bbox 257 4690 491 4752; x_wconf 88' lang='lat' dir='ltr'><strong><em>aspectus</em></strong></span> <span class='ocrx_word' id='word_1_201' title='bbox 513 4696 710 4752; x_wconf 88' lang='lat' dir='ltr'><strong><em>semper</em></strong></span> <span class='ocrx_word' id='word_1_202' title='bbox 729 4696 761 4732; x_wconf 92' lang='lat' dir='ltr'><strong><em>a</em></strong></span> <span class='ocrx_word' id='word_1_203' title='bbox 789 4678 1009 4749; x_wconf 80' lang='lat' dir='ltr'><strong><em>peccatis</em></strong></span> 
     </span>
    </p>
   </div>
   <div class='ocr_carea' id='block_1_59' title="bbox 257 4763 443 4810">
    <p class='ocr_par' dir='ltr' id='par_1_59' title="bbox 257 4763 443 4810">
     <span class='ocr_line' id='line_1_59' title="bbox 257 4763 443 4810; baseline 0 -1"><span class='ocrx_word' id='word_1_204' title='bbox 257 4763 423 4810; x_wconf 83' lang='lat' dir='ltr'><strong><em>arceat</em></strong></span> <span class='ocrx_word' id='word_1_205' title='bbox 428 4794 443 4809; x_wconf 84' lang='lat'><strong><em>.</em></strong></span> 
     </span>
    </p>
   </div>
   <div class='ocr_carea' id='block_1_60' title="bbox 332 4819 1014 4890">
    <p class='ocr_par' dir='ltr' id='par_1_60' title="bbox 332 4819 1014 4890">
     <span class='ocr_line' id='line_1_60' title="bbox 332 4819 1014 4890; baseline -0.009 -12"><span class='ocrx_word' id='word_1_206' title='bbox 332 4825 464 4880; x_wconf 87' lang='lat' dir='ltr'><strong><em>Ibid.</em></strong></span> <span class='ocrx_word' id='word_1_207' title='bbox 497 4824 604 4880; x_wconf 85' lang='lat' dir='ltr'><strong><em>Sed</em></strong></span> <span class='ocrx_word' id='word_1_208' title='bbox 631 4822 784 4877; x_wconf 89' lang='lat' dir='ltr'><strong><em>etiam</em></strong></span> <span class='ocrx_word' id='word_1_209' title='bbox 816 4819 1014 4890; x_wconf 83' lang='lat' dir='ltr'><strong><em>cogita-</em></strong></span> 
     </span>
    </p>
   </div>
   <div class='ocr_carea' id='block_1_61' title="bbox 259 4893 1012 4952">
    <p class='ocr_par' dir='ltr' id='par_1_61' title="bbox 259 4893 1012 4952">
     <span class='ocr_line' id='line_1_61' title="bbox 259 4893 1012 4952; baseline -0.009 0"><span class='ocrx_word' id='word_1_210' title='bbox 259 4897 420 4952; x_wconf 87' lang='lat' dir='ltr'><strong><em>tiones</em></strong></span> <span class='ocrx_word' id='word_1_211' title='bbox 451 4897 739 4950; x_wconf 86' lang='lat' dir='ltr'><strong><em>considerat</em></strong></span> <span class='ocrx_word' id='word_1_212' title='bbox 769 4904 812 4947; x_wconf 91' lang='lat' dir='ltr'><strong><em>et</em></strong></span> <span class='ocrx_word' id='word_1_213' title='bbox 859 4893 1012 4945; x_wconf 85' lang='lat' dir='ltr'><strong><em>videt.</em></strong></span> 
     </span>
    </p>
   </div>
   <div class='ocr_carea' id='block_1_62' title="bbox 336 4966 1016 5033">
    <p class='ocr_par' dir='ltr' id='par_1_62' title="bbox 336 4966 1016 5033">
     <span class='ocr_line' id='line_1_62' title="bbox 336 4966 1016 5033; baseline -0.012 -10"><span class='ocrx_word' id='word_1_214' title='bbox 336 4967 467 5023; x_wconf 93' lang='lat' dir='ltr'><strong><em>Ibid.</em></strong></span> <span class='ocrx_word' id='word_1_215' title='bbox 502 4966 551 5020; x_wconf 84' lang='grc' dir='ltr'><strong><em>Ν</em></strong></span> <span class='ocrx_word' id='word_1_216' title='bbox 560 4968 724 5020; x_wconf 90' lang='lat' dir='ltr'><strong><em>ullum</em></strong></span> <span class='ocrx_word' id='word_1_217' title='bbox 750 4971 1016 5033; x_wconf 84' lang='lat' dir='ltr'><strong><em>ponentem</em></strong></span> 
     </span>
    </p>
   </div>
   <div class='ocr_carea' id='block_1_63' title="bbox 259 5040 768 5094">
    <p class='ocr_par' dir='ltr' id='par_1_63' title="bbox 259 5040 768 5094">
     <span class='ocr_line' id='line_1_63' title="bbox 259 5040 768 5094; baseline -0.012 1"><span class='ocrx_word' id='word_1_218' title='bbox 259 5056 466 5094; x_wconf 89' lang='lat' dir='ltr'><strong><em>manum</em></strong></span> <span class='ocrx_word' id='word_1_219' title='bbox 494 5040 546 5092; x_wconf 87' lang='lat' dir='ltr'><strong><em>in</em></strong></span> <span class='ocrx_word' id='word_1_220' title='bbox 576 5047 768 5091; x_wconf 90' lang='lat' dir='ltr'><strong><em>aratro.</em></strong></span> 
     </span>
    </p>
   </div>
   <div class='ocr_carea' id='block_1_64' title="bbox 331 5106 1017 5176">
    <p class='ocr_par' dir='ltr' id='par_1_64' title="bbox 331 5106 1017 5176">
     <span class='ocr_line' id='line_1_64' title="bbox 331 5106 1017 5176; baseline -0.009 -12"><span class='ocrx_word' id='word_1_221' title='bbox 331 5112 396 5164; x_wconf 84' lang='grc' dir='ltr'><strong><em>Ν.</em></strong></span> <span class='ocrx_word' id='word_1_222' title='bbox 429 5108 520 5163; x_wconf 71' lang='grc'><strong><em>27.</em></strong></span> <span class='ocrx_word' id='word_1_223' title='bbox 556 5109 634 5162; x_wconf 90' lang='lat' dir='ltr'><strong><em>lbi</em></strong></span> <span class='ocrx_word' id='word_1_224' title='bbox 661 5123 778 5176; x_wconf 88' lang='lat' dir='ltr'><strong><em>ergo</em></strong></span> <span class='ocrx_word' id='word_1_225' title='bbox 814 5106 1017 5173; x_wconf 73' lang='lat' dir='ltr'><strong><em>festine-</em></strong></span> 
     </span>
    </p>
   </div>
   <div class='ocr_carea' id='block_1_65' title="bbox 260 5178 1019 5250">
    <p class='ocr_par' dir='ltr' id='par_1_65' title="bbox 260 5178 1019 5250">
     <span class='ocr_line' id='line_1_65' title="bbox 260 5178 1019 5250; baseline -0.008 -14"><span class='ocrx_word' id='word_1_226' title='bbox 260 5198 375 5236; x_wconf 85' lang='lat' dir='ltr'><strong><em>mus</em></strong></span> <span class='ocrx_word' id='word_1_227' title='bbox 401 5181 484 5234; x_wconf 91' lang='lat' dir='ltr'><strong><em>ubi</em></strong></span> <span class='ocrx_word' id='word_1_228' title='bbox 511 5184 619 5250; x_wconf 80' lang='lat' dir='ltr'><strong><em>jam</em></strong></span> <span class='ocrx_word' id='word_1_229' title='bbox 648 5195 752 5232; x_wconf 89' lang='lat' dir='ltr'><strong><em>non</em></strong></span> <span class='ocrx_word' id='word_1_230' title='bbox 798 5178 1019 5231; x_wconf 87' lang='lat' dir='ltr'><strong><em>timetur.</em></strong></span> 
     </span>
    </p>
   </div>
   <div class='ocr_carea' id='block_1_66' title="bbox 1470 271 2301 352">
    <p class='ocr_par' dir='ltr' id='par_1_66' title="bbox 1470 271 2301 352">
     <span class='ocr_line' id='line_1_66' title="bbox 1470 271 2301 352; baseline -0.008 -17"><span class='ocrx_word' id='word_1_231' title='bbox 1470 273 1850 352; x_wconf 76' lang='lat' dir='ltr'><strong><em>LECTIONES</em></strong></span> <span class='ocrx_word' id='word_1_232' title='bbox 1887 271 2301 332; x_wconf 79' lang='lat' dir='ltr'><strong><em>VARIAN&#39;I‘ES.</em></strong></span> 
     </span>
    </p>
   </div>
   <div class='ocr_carea' id='block_1_67' title="bbox 1152 392 1917 466">
    <p class='ocr_par' dir='ltr' id='par_1_67' title="bbox 1152 392 1917 466">
     <span class='ocr_line' id='line_1_67' title="bbox 1152 392 1917 466; baseline -0.007 -18"><span class='ocrx_word' id='word_1_233' title='bbox 1152 394 1224 449; x_wconf 94' lang='lat' dir='ltr'><strong><em>Id.</em></strong></span> <span class='ocrx_word' id='word_1_234' title='bbox 1258 395 1323 450; x_wconf 89' lang='lat' dir='ltr'><strong><em>Et</em></strong></span> <span class='ocrx_word' id='word_1_235' title='bbox 1352 395 1448 448; x_wconf 91' lang='lat' dir='ltr'><strong><em>hoc</em></strong></span> <span class='ocrx_word' id='word_1_236' title='bbox 1495 396 1609 466; x_wconf 86' lang='lat' dir='ltr'><strong><em>jam</em></strong></span> <span class='ocrx_word' id='word_1_237' title='bbox 1628 395 1682 447; x_wconf 90' lang='lat' dir='ltr'><strong><em>in</em></strong></span> <span class='ocrx_word' id='word_1_238' title='bbox 1731 392 1834 447; x_wconf 84' lang='lat' dir='ltr'><strong><em>vita</em></strong></span> <span class='ocrx_word' id='word_1_239' title='bbox 1861 392 1917 454; x_wconf 81' lang='grc' dir='ltr'><strong>Α</strong></span> 
     </span>
    </p>
   </div>
   <div class='ocr_carea' id='block_1_68' title="bbox 1076 467 1538 536">
    <p class='ocr_par' dir='ltr' id='par_1_68' title="bbox 1076 467 1538 536">
     <span class='ocr_line' id='line_1_68' title="bbox 1076 467 1538 536; baseline -0.004 -15"><span class='ocrx_word' id='word_1_240' title='bbox 1076 478 1238 521; x_wconf 86' lang='lat' dir='ltr'><strong><em>vestra</em></strong></span> <span class='ocrx_word' id='word_1_241' title='bbox 1264 467 1538 536; x_wconf 83' lang='lat' dir='ltr'><strong><em>disponite.</em></strong></span> 
     </span>
    </p>
   </div>
   <div class='ocr_carea' id='block_1_69' title="bbox 1151 537 1832 609">
    <p class='ocr_par' dir='ltr' id='par_1_69' title="bbox 1151 537 1832 609">
     <span class='ocr_line' id='line_1_69' title="bbox 1151 537 1832 609; baseline -0.006 -17"><span class='ocrx_word' id='word_1_242' title='bbox 1151 539 1226 593; x_wconf 92' lang='lat' dir='ltr'><strong><em>Id.</em></strong></span> <span class='ocrx_word' id='word_1_243' title='bbox 1261 537 1439 591; x_wconf 85' lang='lat' dir='ltr'><strong><em>Nolite</em></strong></span> <span class='ocrx_word' id='word_1_244' title='bbox 1457 555 1600 609; x_wconf 83' lang='lat' dir='ltr'><strong><em>ergo,</em></strong></span> <span class='ocrx_word' id='word_1_245' title='bbox 1626 537 1832 604; x_wconf 75' lang='lat' dir='ltr'><strong><em>fratres,</em></strong></span> 
     </span>
    </p>
   </div>
   <div class='ocr_carea' id='block_1_70' title="bbox 1080 609 1838 678">
    <p class='ocr_par' dir='ltr' id='par_1_70' title="bbox 1080 609 1838 678">
     <span class='ocr_line' id='line_1_70' title="bbox 1080 609 1838 678; baseline -0.001 -17"><span class='ocrx_word' id='word_1_246' title='bbox 1080 611 1323 662; x_wconf 88' lang='lat' dir='ltr'><strong><em>mundum</em></strong></span> <span class='ocrx_word' id='word_1_247' title='bbox 1420 613 1525 676; x_wconf 79' lang='lat' dir='ltr'><strong><em>iam</em></strong></span> <span class='ocrx_word' id='word_1_248' title='bbox 1626 609 1838 678; x_wconf 86' lang='lat' dir='ltr'><strong><em>diligere</em></strong></span> 
     </span>
    </p>
   </div>
   <div class='ocr_carea' id='block_1_71' title="bbox 1079 681 1834 749">
    <p class='ocr_par' dir='ltr' id='par_1_71' title="bbox 1079 681 1834 749">
     <span class='ocr_line' id='line_1_71' title="bbox 1079 681 1834 749; baseline -0.001 -16"><span class='ocrx_word' id='word_1_249' title='bbox 1079 697 1225 749; x_wconf 77' lang='lat' dir='ltr'><strong><em>quem</em></strong></span> <span class='ocrx_word' id='word_1_250' title='bbox 1271 681 1345 734; x_wconf 88' lang='lat' dir='ltr'><strong><em>sic</em></strong></span> <span class='ocrx_word' id='word_1_251' title='bbox 1405 684 1471 734; x_wconf 87' lang='lat' dir='ltr'><strong><em>ad</em></strong></span> <span class='ocrx_word' id='word_1_252' title='bbox 1509 683 1680 745; x_wconf 83' lang='lat' dir='ltr'><strong><em>finem,</em></strong></span> <span class='ocrx_word' id='word_1_253' title='bbox 1730 691 1834 733; x_wconf 86' lang='lat' dir='ltr'><strong><em>etc.</em></strong></span> 
     </span>
    </p>
   </div>
   <div class='ocr_carea' id='block_1_72' title="bbox 1081 752 1835 808">
    <p class='ocr_par' dir='ltr' id='par_1_72' title="bbox 1081 752 1835 808">
     <span class='ocr_line' id='line_1_72' title="bbox 1081 752 1835 808; baseline 0 -3"><span class='ocrx_word' id='word_1_254' title='bbox 1081 754 1285 806; x_wconf 70' lang='lat' dir='ltr'><strong><em>Cmtera</em></strong></span> <span class='ocrx_word' id='word_1_255' title='bbox 1314 752 1634 808; x_wconf 79' lang='lat' dir='ltr'><strong><em>addiderunt</em></strong></span> <span class='ocrx_word' id='word_1_256' title='bbox 1659 752 1835 805; x_wconf 80' lang='lat' dir='ltr'><strong><em>Bene-</em></strong></span> 
     </span>
    </p>
   </div>
   <div class='ocr_carea' id='block_1_73' title="bbox 1081 822 1838 878">
    <p class='ocr_par' dir='ltr' id='par_1_73' title="bbox 1081 822 1838 878">
     <span class='ocr_line' id='line_1_73' title="bbox 1081 822 1838 878; baseline -0.003 -2"><span class='ocrx_word' id='word_1_257' title='bbox 1081 823 1264 876; x_wconf 88' lang='lat' dir='ltr'><strong><em>dictini</em></strong></span> <span class='ocrx_word' id='word_1_258' title='bbox 1297 838 1360 877; x_wconf 76' lang='lat' dir='ltr'><strong><em>ex</em></strong></span> <span class='ocrx_word' id='word_1_259' title='bbox 1409 825 1542 878; x_wconf 81' lang='lat' dir='ltr'><strong><em>libro</em></strong></span> <span class='ocrx_word' id='word_1_260' title='bbox 1572 822 1638 875; x_wconf 84' lang='lat' dir='ltr'><strong><em>de</em></strong></span> <span class='ocrx_word' id='word_1_261' title='bbox 1678 823 1838 876; x_wconf 83' lang='lat' dir='ltr'><strong><em>Vani-</em></strong></span> 
     </span>
    </p>
   </div>
   <div class='ocr_carea' id='block_1_74' title="bbox 1081 893 1838 959">
    <p class='ocr_par' dir='ltr' id='par_1_74' title="bbox 1081 893 1838 959">
     <span class='ocr_line' id='line_1_74' title="bbox 1081 893 1838 959; baseline 0.003 -13"><span class='ocrx_word' id='word_1_262' title='bbox 1081 903 1190 948; x_wconf 88' lang='lat' dir='ltr'><strong><em>tate</em></strong></span> <span class='ocrx_word' id='word_1_263' title='bbox 1219 895 1421 959; x_wconf 54' lang='lat' dir='ltr'><strong><em>saeculi,</em></strong></span> <span class='ocrx_word' id='word_1_264' title='bbox 1453 895 1545 950; x_wconf 89' lang='lat' dir='ltr'><strong><em>sed</em></strong></span> <span class='ocrx_word' id='word_1_265' title='bbox 1571 895 1763 948; x_wconf 82' lang='lat' dir='ltr'><strong><em>desunt</em></strong></span> <span class='ocrx_word' id='word_1_266' title='bbox 1784 893 1838 948; x_wconf 86' lang='lat' dir='ltr'><strong><em>in</em></strong></span> 
     </span>
    </p>
   </div>
   <div class='ocr_carea' id='block_1_75' title="bbox 1081 966 1286 1021">
    <p class='ocr_par' dir='ltr' id='par_1_75' title="bbox 1081 966 1286 1021">
     <span class='ocr_line' id='line_1_75' title="bbox 1081 966 1286 1021; baseline -0.01 -5"><span class='ocrx_word' id='word_1_267' title='bbox 1081 966 1286 1021; x_wconf 58' lang='lat' dir='ltr'><strong><em>codicm</em></strong></span> 
     </span>
    </p>
   </div>
   <div class='ocr_carea' id='block_1_76' title="bbox 1156 1036 1839 1108">
    <p class='ocr_par' dir='ltr' id='par_1_76' title="bbox 1156 1036 1839 1108">
     <span class='ocr_line' id='line_1_76' title="bbox 1156 1036 1839 1108; baseline 0.003 -20"><span class='ocrx_word' id='word_1_268' title='bbox 1156 1037 1230 1090; x_wconf 88' lang='lat' dir='ltr'><strong><em>Id.</em></strong></span> <span class='ocrx_word' id='word_1_269' title='bbox 1260 1036 1424 1090; x_wconf 82' lang='lat' dir='ltr'><strong><em>Nemo</em></strong></span> <span class='ocrx_word' id='word_1_270' title='bbox 1449 1038 1554 1092; x_wconf 86' lang='lat' dir='ltr'><strong><em>illic</em></strong></span> <span class='ocrx_word' id='word_1_271' title='bbox 1595 1037 1701 1090; x_wconf 87' lang='lat' dir='ltr'><strong><em>ullo</em></strong></span> <span class='ocrx_word' id='word_1_272' title='bbox 1731 1037 1839 1108; x_wconf 88' lang='lat' dir='ltr'><strong><em>glo-</em></strong></span> 
     </span>
    </p>
   </div>
   <div class='ocr_carea' id='block_1_77' title="bbox 1083 1107 1772 1178">
    <p class='ocr_par' dir='ltr' id='par_1_77' title="bbox 1083 1107 1772 1178">
     <span class='ocr_line' id='line_1_77' title="bbox 1083 1107 1772 1178; baseline 0.007 -19"><span class='ocrx_word' id='word_1_273' title='bbox 1083 1107 1218 1162; x_wconf 87' lang='lat' dir='ltr'><strong><em>rioso</em></strong></span> <span class='ocrx_word' id='word_1_274' title='bbox 1242 1110 1431 1178; x_wconf 83' lang='lat' dir='ltr'><strong><em>indiget</em></strong></span> <span class='ocrx_word' id='word_1_275' title='bbox 1461 1107 1772 1164; x_wconf 89' lang='lat' dir='ltr'><strong><em>vestimento.</em></strong></span> 
     </span>
    </p>
   </div>
   <div class='ocr_carea' id='block_1_78' title="bbox 1153 1249 1842 1320">
    <p class='ocr_par' dir='ltr' id='par_1_78' title="bbox 1153 1249 1842 1320">
     <span class='ocr_line' id='line_1_78' title="bbox 1153 1249 1842 1320; baseline 0.004 -17"><span class='ocrx_word' id='word_1_276' title='bbox 1153 1249 1228 1304; x_wconf 90' lang='lat' dir='ltr'><strong><em>Id.</em></strong></span> <span class='ocrx_word' id='word_1_277' title='bbox 1293 1250 1627 1320; x_wconf 88' lang='lat' dir='ltr'><strong><em>Omniumque</em></strong></span> <span class='ocrx_word' id='word_1_278' title='bbox 1677 1253 1842 1306; x_wconf 85' lang='lat' dir='ltr'><strong><em>homi-</em></strong></span> 
     </span>
    </p>
   </div>
   <div class='ocr_carea' id='block_1_79' title="bbox 1083 1323 1842 1391">
    <p class='ocr_par' dir='ltr' id='par_1_79' title="bbox 1083 1323 1842 1391">
     <span class='ocr_line' id='line_1_79' title="bbox 1083 1323 1842 1391; baseline 0.007 -18"><span class='ocrx_word' id='word_1_279' title='bbox 1083 1337 1204 1374; x_wconf 85' lang='lat' dir='ltr'><strong><em>num</em></strong></span> <span class='ocrx_word' id='word_1_280' title='bbox 1251 1331 1296 1375; x_wconf 91' lang='lat' dir='ltr'><strong><em>et</em></strong></span> <span class='ocrx_word' id='word_1_281' title='bbox 1337 1323 1632 1391; x_wconf 72' lang='lat' dir='ltr'><strong><em>angelorum</em></strong></span> <span class='ocrx_word' id='word_1_282' title='bbox 1665 1325 1842 1378; x_wconf 85' lang='lat' dir='ltr'><strong><em>erube-</em></strong></span> 
     </span>
    </p>
   </div>
   <div class='ocr_carea' id='block_1_80' title="bbox 1080 1395 1842 1464">
    <p class='ocr_par' dir='ltr' id='par_1_80' title="bbox 1080 1395 1842 1464">
     <span class='ocr_line' id='line_1_80' title="bbox 1080 1395 1842 1464; baseline 0.003 -18"><span class='ocrx_word' id='word_1_283' title='bbox 1080 1409 1250 1456; x_wconf 86' lang='lat' dir='ltr'><strong><em>scere,</em></strong></span> <span class='ocrx_word' id='word_1_284' title='bbox 1303 1395 1388 1464; x_wconf 88' lang='lat' dir='ltr'><strong><em>qui</em></strong></span> <span class='ocrx_word' id='word_1_285' title='bbox 1438 1396 1519 1446; x_wconf 87' lang='lat' dir='ltr'><strong><em>hic</em></strong></span> <span class='ocrx_word' id='word_1_286' title='bbox 1564 1411 1653 1448; x_wconf 86' lang='lat' dir='ltr'><strong><em>nec</em></strong></span> <span class='ocrx_word' id='word_1_287' title='bbox 1683 1411 1842 1448; x_wconf 90' lang='lat' dir='ltr'><strong><em>unum</em></strong></span> 
     </span>
    </p>
   </div>
   <div class='ocr_carea' id='block_1_81' title="bbox 1081 1465 1844 1535">
    <p class='ocr_par' dir='ltr' id='par_1_81' title="bbox 1081 1465 1844 1535">
     <span class='ocr_line' id='line_1_81' title="bbox 1081 1465 1844 1535; baseline 0.007 -20"><span class='ocrx_word' id='word_1_288' title='bbox 1081 1465 1283 1533; x_wconf 89' lang='lat' dir='ltr'><strong><em>quidem</em></strong></span> <span class='ocrx_word' id='word_1_289' title='bbox 1353 1467 1603 1518; x_wconf 77' lang='lat' dir='ltr'><strong><em>hominem</em></strong></span> <span class='ocrx_word' id='word_1_290' title='bbox 1668 1468 1844 1535; x_wconf 86' lang='lat' dir='ltr'><strong><em>inspe-</em></strong></span> 
     </span>
    </p>
   </div>
   <div class='ocr_carea' id='block_1_82' title="bbox 1081 1539 1695 1607">
    <p class='ocr_par' dir='ltr' id='par_1_82' title="bbox 1081 1539 1695 1607">
     <span class='ocr_line' id='line_1_82' title="bbox 1081 1539 1695 1607; baseline 0.01 -21"><span class='ocrx_word' id='word_1_291' title='bbox 1081 1546 1300 1607; x_wconf 86' lang='lat' dir='ltr'><strong><em>ctantem</em></strong></span> <span class='ocrx_word' id='word_1_292' title='bbox 1315 1541 1418 1590; x_wconf 89' lang='lat' dir='ltr'><strong><em>vult</em></strong></span> <span class='ocrx_word' id='word_1_293' title='bbox 1431 1539 1695 1607; x_wconf 74' lang='lat' dir='ltr'><strong><em>inspicere.</em></strong></span> 
     </span>
    </p>
   </div>
   <div class='ocr_carea' id='block_1_83' title="bbox 1155 1606 1845 1662">
    <p class='ocr_par' dir='ltr' id='par_1_83' title="bbox 1155 1606 1845 1662">
     <span class='ocr_line' id='line_1_83' title="bbox 1155 1606 1845 1662; baseline 0.006 -3"><span class='ocrx_word' id='word_1_294' title='bbox 1155 1606 1232 1660; x_wconf 90' lang='lat' dir='ltr'><strong><em>Id.</em></strong></span> <span class='ocrx_word' id='word_1_295' title='bbox 1253 1608 1396 1661; x_wconf 87' lang='lat' dir='ltr'><strong><em>&#39;l&#39;unc</em></strong></span> <span class='ocrx_word' id='word_1_296' title='bbox 1422 1606 1662 1662; x_wconf 86' lang='lat' dir='ltr'><strong><em>nimirum</em></strong></span> <span class='ocrx_word' id='word_1_297' title='bbox 1704 1626 1845 1662; x_wconf 78' lang='lat' dir='ltr'><strong><em>reso-</em></strong></span> 
     </span>
    </p>
   </div>
   <div class='ocr_carea' id='block_1_84' title="bbox 1083 1680 1840 1749">
    <p class='ocr_par' dir='ltr' id='par_1_84' title="bbox 1083 1680 1840 1749">
     <span class='ocr_line' id='line_1_84' title="bbox 1083 1680 1840 1749; baseline 0.008 -19"><span class='ocrx_word' id='word_1_298' title='bbox 1083 1680 1320 1733; x_wconf 86' lang='lat' dir='ltr'><strong><em>nantibus</em></strong></span> <span class='ocrx_word' id='word_1_299' title='bbox 1345 1682 1656 1749; x_wconf 80' lang='lat' dir='ltr'><strong><em>Angelorum</em></strong></span> <span class='ocrx_word' id='word_1_300' title='bbox 1683 1681 1840 1736; x_wconf 89' lang='lat' dir='ltr'><strong><em>tubis.</em></strong></span> 
     </span>
    </p>
   </div>
   <div class='ocr_carea' id='block_1_85' title="bbox 2010 386 2697 456">
    <p class='ocr_par' dir='ltr' id='par_1_85' title="bbox 2010 386 2697 456">
     <span class='ocr_line' id='line_1_85' title="bbox 2010 386 2697 456; baseline -0.009 -15"><span class='ocrx_word' id='word_1_301' title='bbox 2010 388 2140 456; x_wconf 84' lang='lat' dir='ltr'><strong><em>Cap.</em></strong></span> <span class='ocrx_word' id='word_1_302' title='bbox 2174 405 2209 442; x_wconf 94' lang='lat' dir='ltr'><strong><em>l.</em></strong></span> <span class='ocrx_word' id='word_1_303' title='bbox 2248 386 2489 455; x_wconf 84' lang='lat' dir='ltr'><strong><em>Obsecro,</em></strong></span> <span class='ocrx_word' id='word_1_304' title='bbox 2519 390 2575 438; x_wconf 86' lang='lat' dir='ltr'><strong><em>ut</em></strong></span> <span class='ocrx_word' id='word_1_305' title='bbox 2603 397 2697 454; x_wconf 81' lang='lat' dir='ltr'><strong><em>pro</em></strong></span> 
     </span>
    </p>
   </div>
   <div class='ocr_carea' id='block_1_86' title="bbox 1939 462 2426 527">
    <p class='ocr_par' dir='ltr' id='par_1_86' title="bbox 1939 462 2426 527">
     <span class='ocr_line' id='line_1_86' title="bbox 1939 462 2426 527; baseline 0.002 -15"><span class='ocrx_word' id='word_1_306' title='bbox 1939 475 2019 513; x_wconf 91' lang='lat' dir='ltr'><strong><em>me</em></strong></span> <span class='ocrx_word' id='word_1_307' title='bbox 2044 462 2426 527; x_wconf 75' lang='lat' dir='ltr'><strong><em>inter-precetur.</em></strong></span> 
     </span>
    </p>
   </div>
   <div class='ocr_carea' id='block_1_87' title="bbox 2017 527 2701 596">
    <p class='ocr_par' dir='ltr' id='par_1_87' title="bbox 2017 527 2701 596">
     <span class='ocr_line' id='line_1_87' title="bbox 2017 527 2701 596; baseline -0.007 -12"><span class='ocrx_word' id='word_1_308' title='bbox 2017 529 2144 585; x_wconf 89' lang='lat' dir='ltr'><strong><em>Ibid.</em></strong></span> <span class='ocrx_word' id='word_1_309' title='bbox 2179 531 2437 596; x_wconf 89' lang='lat' dir='ltr'><strong><em>Quantum</em></strong></span> <span class='ocrx_word' id='word_1_310' title='bbox 2458 529 2593 582; x_wconf 89' lang='lat' dir='ltr'><strong><em>Deus</em></strong></span> <span class='ocrx_word' id='word_1_311' title='bbox 2609 527 2701 580; x_wconf 90' lang='lat' dir='ltr'><strong><em>do-</em></strong></span> 
     </span>
    </p>
   </div>
   <div class='ocr_carea' id='block_1_88' title="bbox 1941 601 2698 670">
    <p class='ocr_par' dir='ltr' id='par_1_88' title="bbox 1941 601 2698 670">
     <span class='ocr_line' id='line_1_88' title="bbox 1941 601 2698 670; baseline -0.008 -13"><span class='ocrx_word' id='word_1_312' title='bbox 1941 603 2156 666; x_wconf 86' lang='lat' dir='ltr'><strong><em>naverit,</em></strong></span> <span class='ocrx_word' id='word_1_313' title='bbox 2189 603 2323 670; x_wconf 88' lang='lat' dir='ltr'><strong><em>loqui</em></strong></span> <span class='ocrx_word' id='word_1_314' title='bbox 2348 601 2698 669; x_wconf 84' lang='lat' dir='ltr'><strong><em>suscipientes.</em></strong></span> 
     </span>
    </p>
   </div>
   <div class='ocr_carea' id='block_1_89' title="bbox 1929 670 2700 740">
    <p class='ocr_par' dir='ltr' id='par_1_89' title="bbox 1929 670 2700 740">
     <span class='ocr_line' id='line_1_89' title="bbox 1929 670 2700 740; baseline -0.012 -11"><span class='ocrx_word' id='word_1_315' title='bbox 1929 696 1932 698; x_wconf 67' lang='lat'><strong>&#39;</strong></span> <span class='ocrx_word' id='word_1_316' title='bbox 2017 675 2146 728; x_wconf 89' lang='lat' dir='ltr'><strong><em>Ibid.</em></strong></span> <span class='ocrx_word' id='word_1_317' title='bbox 2186 673 2292 728; x_wconf 86' lang='lat' dir='ltr'><strong><em>Sed</em></strong></span> <span class='ocrx_word' id='word_1_318' title='bbox 2325 675 2441 740; x_wconf 86' lang='lat' dir='ltr'><strong><em>quia</em></strong></span> <span class='ocrx_word' id='word_1_319' title='bbox 2467 670 2700 738; x_wconf 68' lang='lat' dir='ltr'><strong><em>qua’dam</em></strong></span> 
     </span>
    </p>
   </div>
   <div class='ocr_carea' id='block_1_90' title="bbox 1944 745 2702 811">
    <p class='ocr_par' dir='ltr' id='par_1_90' title="bbox 1944 745 2702 811">
     <span class='ocr_line' id='line_1_90' title="bbox 1944 745 2702 811; baseline -0.012 -9"><span class='ocrx_word' id='word_1_320' title='bbox 1944 747 2215 811; x_wconf 83' lang='lat' dir='ltr'><strong><em>Scriptura</em></strong></span> <span class='ocrx_word' id='word_1_321' title='bbox 2263 755 2439 798; x_wconf 79' lang='lat' dir='ltr'><strong><em>sancta</em></strong></span> <span class='ocrx_word' id='word_1_322' title='bbox 2490 745 2702 811; x_wconf 88' lang='lat' dir='ltr'><strong><em>indaga-</em></strong></span> 
     </span>
    </p>
   </div>
   <div class='ocr_carea' id='block_1_91' title="bbox 1943 815 2701 886">
    <p class='ocr_par' dir='ltr' id='par_1_91' title="bbox 1943 815 2701 886">
     <span class='ocr_line' id='line_1_91' title="bbox 1943 815 2701 886; baseline -0.005 -16"><span class='ocrx_word' id='word_1_323' title='bbox 1943 817 2134 870; x_wconf 89' lang='lat' dir='ltr'><strong><em>tionum</em></strong></span> <span class='ocrx_word' id='word_1_324' title='bbox 2157 822 2164 828; x_wconf 85' lang='lat'><strong><em>&#39;</em></strong></span> <span class='ocrx_word' id='word_1_325' title='bbox 2191 817 2371 869; x_wconf 88' lang='lat' dir='ltr'><strong><em>studiis</em></strong></span> <span class='ocrx_word' id='word_1_326' title='bbox 2422 815 2701 886; x_wconf 67' lang='lat' dir='ltr'><strong><em>quaerenda</em></strong></span> 
     </span>
    </p>
   </div>
   <div class='ocr_carea' id='block_1_92' title="bbox 1942 889 2167 956">
    <p class='ocr_par' dir='ltr' id='par_1_92' title="bbox 1942 889 2167 956">
     <span class='ocr_line' id='line_1_92' title="bbox 1942 889 2167 956; baseline 0 -14"><span class='ocrx_word' id='word_1_327' title='bbox 1942 889 2167 956; x_wconf 86' lang='lat' dir='ltr'><strong><em>reliquit.</em></strong></span> 
     </span>
    </p>
   </div>
   <div class='ocr_carea' id='block_1_93' title="bbox 2018 958 2700 1028">
    <p class='ocr_par' dir='ltr' id='par_1_93' title="bbox 2018 958 2700 1028">
     <span class='ocr_line' id='line_1_93' title="bbox 2018 958 2700 1028; baseline -0.007 -16"><span class='ocrx_word' id='word_1_328' title='bbox 2018 960 2146 1014; x_wconf 82' lang='lat' dir='ltr'><strong><em>Ibid.</em></strong></span> <span class='ocrx_word' id='word_1_329' title='bbox 2183 958 2317 1011; x_wconf 85' lang='lat' dir='ltr'><strong><em>Dum</em></strong></span> <span class='ocrx_word' id='word_1_330' title='bbox 2342 975 2457 1012; x_wconf 85' lang='lat' dir='ltr'><strong><em>vera</em></strong></span> <span class='ocrx_word' id='word_1_331' title='bbox 2486 958 2700 1028; x_wconf 85' lang='lat' dir='ltr'><strong><em>indaga-</em></strong></span> 
     </span>
    </p>
   </div>
   <div class='ocr_carea' id='block_1_94' title="bbox 1941 1030 2591 1099">
    <p class='ocr_par' dir='ltr' id='par_1_94' title="bbox 1941 1030 2591 1099">
     <span class='ocr_line' id='line_1_94' title="bbox 1941 1030 2591 1099; baseline -0.005 -16"><span class='ocrx_word' id='word_1_332' title='bbox 1941 1033 2078 1086; x_wconf 89' lang='lat' dir='ltr'><strong><em>tione</em></strong></span> <span class='ocrx_word' id='word_1_333' title='bbox 2107 1031 2290 1098; x_wconf 76' lang='lat' dir='ltr'><strong><em>fuerint</em></strong></span> <span class='ocrx_word' id='word_1_334' title='bbox 2323 1030 2591 1099; x_wconf 83' lang='lat' dir='ltr'><strong><em>patefacta.</em></strong></span> 
     </span>
    </p>
   </div>
   <div class='ocr_carea' id='block_1_95' title="bbox 2017 1097 2698 1172">
    <p class='ocr_par' dir='ltr' id='par_1_95' title="bbox 2017 1097 2698 1172">
     <span class='ocr_line' id='line_1_95' title="bbox 2017 1097 2698 1172; baseline -0.009 -17"><span class='ocrx_word' id='word_1_335' title='bbox 2017 1103 2145 1157; x_wconf 91' lang='lat' dir='ltr'><strong><em>Ibid.</em></strong></span> <span class='ocrx_word' id='word_1_336' title='bbox 2176 1102 2238 1156; x_wconf 83' lang='lat' dir='ltr'><strong><em>Et</em></strong></span> <span class='ocrx_word' id='word_1_337' title='bbox 2261 1097 2526 1172; x_wconf 83' lang='lat' dir='ltr'><strong><em>mysticum</em></strong></span> <span class='ocrx_word' id='word_1_338' title='bbox 2548 1097 2698 1153; x_wconf 81' lang='lat' dir='ltr'><strong><em>intel-</em></strong></span> 
     </span>
    </p>
   </div>
   <div class='ocr_carea' id='block_1_96' title="bbox 1944 1175 2382 1229">
    <p class='ocr_par' dir='ltr' id='par_1_96' title="bbox 1944 1175 2382 1229">
     <span class='ocr_line' id='line_1_96' title="bbox 1944 1175 2382 1229; baseline -0.009 -1"><span class='ocrx_word' id='word_1_339' title='bbox 1944 1175 2126 1229; x_wconf 87' lang='lat' dir='ltr'><strong><em>lectum</em></strong></span> <span class='ocrx_word' id='word_1_340' title='bbox 2143 1175 2382 1228; x_wconf 88' lang='lat' dir='ltr'><strong><em>insinuet.</em></strong></span> 
     </span>
    </p>
   </div>
   <div class='ocr_carea' id='block_1_97' title="bbox 2013 1315 2702 1389">
    <p class='ocr_par' dir='ltr' id='par_1_97' title="bbox 2013 1315 2702 1389">
     <span class='ocr_line' id='line_1_97' title="bbox 2013 1315 2702 1389; baseline -0.007 -18"><span class='ocrx_word' id='word_1_341' title='bbox 2013 1315 2142 1385; x_wconf 86' lang='lat' dir='ltr'><strong><em>Cap.</em></strong></span> <span class='ocrx_word' id='word_1_342' title='bbox 2189 1333 2246 1372; x_wconf 84' lang='grc' dir='ltr'><strong><em>ιι.</em></strong></span> <span class='ocrx_word' id='word_1_343' title='bbox 2281 1318 2358 1370; x_wconf 83' lang='lat' dir='ltr'><strong><em>Ad</em></strong></span> <span class='ocrx_word' id='word_1_344' title='bbox 2408 1317 2544 1389; x_wconf 90' lang='lat' dir='ltr'><strong><em>quod</em></strong></span> <span class='ocrx_word' id='word_1_345' title='bbox 2589 1315 2702 1385; x_wconf 86' lang='lat' dir='ltr'><strong><em>ipsa</em></strong></span> 
     </span>
    </p>
   </div>
   <div class='ocr_carea' id='block_1_98' title="bbox 1945 1389 2562 1452">
    <p class='ocr_par' dir='ltr' id='par_1_98' title="bbox 1945 1389 2562 1452">
     <span class='ocr_line' id='line_1_98' title="bbox 1945 1389 2562 1452; baseline -0.002 -13"><span class='ocrx_word' id='word_1_346' title='bbox 1945 1389 2289 1442; x_wconf 80' lang='lat' dir='ltr'><strong><em>convenientia</em></strong></span> <span class='ocrx_word' id='word_1_347' title='bbox 2334 1390 2428 1452; x_wconf 88' lang='lat' dir='ltr'><strong><em>rei,</em></strong></span> <span class='ocrx_word' id='word_1_348' title='bbox 2459 1397 2562 1442; x_wconf 88' lang='lat' dir='ltr'><strong><em>etc.</em></strong></span> 
     </span>
    </p>
   </div>
   <div class='ocr_carea' id='block_1_99' title="bbox 2018 1457 2700 1514">
    <p class='ocr_par' dir='ltr' id='par_1_99' title="bbox 2018 1457 2700 1514">
     <span class='ocr_line' id='line_1_99' title="bbox 2018 1457 2700 1514; baseline -0.001 -4"><span class='ocrx_word' id='word_1_349' title='bbox 2018 1459 2152 1514; x_wconf 86' lang='lat' dir='ltr'><strong><em>Ibid.</em></strong></span> <span class='ocrx_word' id='word_1_350' title='bbox 2190 1459 2336 1514; x_wconf 84' lang='lat' dir='ltr'><strong><em>Unde</em></strong></span> <span class='ocrx_word' id='word_1_351' title='bbox 2369 1460 2540 1512; x_wconf 88' lang='lat' dir='ltr'><strong><em>divina</em></strong></span> <span class='ocrx_word' id='word_1_352' title='bbox 2559 1457 2700 1512; x_wconf 80' lang='lat' dir='ltr'><strong><em>Scri-</em></strong></span> 
     </span>
    </p>
   </div>
   <div class='ocr_carea' id='block_1_100' title="bbox 1947 1529 2626 1598">
    <p class='ocr_par' dir='ltr' id='par_1_100' title="bbox 1947 1529 2626 1598">
     <span class='ocr_line' id='line_1_100' title="bbox 1947 1529 2626 1598; baseline -0.003 -16"><span class='ocrx_word' id='word_1_353' title='bbox 1947 1540 2099 1598; x_wconf 88' lang='lat' dir='ltr'><strong><em>ptura</em></strong></span> <span class='ocrx_word' id='word_1_354' title='bbox 2129 1532 2258 1583; x_wconf 85' lang='lat' dir='ltr'><strong><em>nihil</em></strong></span> <span class='ocrx_word' id='word_1_355' title='bbox 2289 1529 2626 1584; x_wconf 76' lang='lat' dir='ltr'><strong><em>commendat.</em></strong></span> 
     </span>
    </p>
   </div>
   <div class='ocr_carea' id='block_1_101' title="bbox 2019 1601 2708 1662">
    <p class='ocr_par' dir='ltr' id='par_1_101' title="bbox 2019 1601 2708 1662">
     <span class='ocr_line' id='line_1_101' title="bbox 2019 1601 2708 1662; baseline 0 -8"><span class='ocrx_word' id='word_1_356' title='bbox 2019 1601 2152 1655; x_wconf 87' lang='lat' dir='ltr'><strong><em>Ibid.</em></strong></span> <span class='ocrx_word' id='word_1_357' title='bbox 2203 1601 2327 1656; x_wconf 90' lang='lat' dir='ltr'><strong><em>Sine</em></strong></span> <span class='ocrx_word' id='word_1_358' title='bbox 2363 1618 2464 1662; x_wconf 83' lang='lat' dir='ltr'><strong><em>qua</em></strong></span> <span class='ocrx_word' id='word_1_359' title='bbox 2512 1616 2708 1654; x_wconf 83' lang='lat' dir='ltr'><strong><em>necesse</em></strong></span> 
     </span>
    </p>
   </div>
   <div class='ocr_carea' id='block_1_102' title="bbox 1946 1673 2640 1726">
    <p class='ocr_par' dir='ltr' id='par_1_102' title="bbox 1946 1673 2640 1726">
     <span class='ocr_line' id='line_1_102' title="bbox 1946 1673 2640 1726; baseline 0 -2"><span class='ocrx_word' id='word_1_360' title='bbox 1946 1681 2020 1725; x_wconf 91' lang='lat' dir='ltr'><strong><em>est</em></strong></span> <span class='ocrx_word' id='word_1_361' title='bbox 2051 1689 2141 1726; x_wconf 89' lang='lat' dir='ltr'><strong><em>nec</em></strong></span> <span class='ocrx_word' id='word_1_362' title='bbox 2159 1673 2319 1726; x_wconf 83' lang='lat' dir='ltr'><strong><em>valeat</em></strong></span> <span class='ocrx_word' id='word_1_363' title='bbox 2341 1674 2640 1726; x_wconf 87' lang='lat' dir='ltr'><strong><em>auctoritas.</em></strong></span> 
     </span>
    </p>
   </div>
   <div class='ocr_carea' id='block_1_103' title="bbox 1155 1784 2706 1893">
    <p class='ocr_par' dir='ltr' id='par_1_103' title="bbox 1155 1784 2706 1893">
     <span class='ocr_line' id='line_1_103' title="bbox 1155 1784 2706 1893; baseline 0.001 -17"><span class='ocrx_word' id='word_1_364' title='bbox 1155 1821 1229 1876; x_wconf 92' lang='lat' dir='ltr'><strong><em>Id.</em></strong></span> <span class='ocrx_word' id='word_1_365' title='bbox 1262 1821 1840 1893; x_wconf 77' lang='lat' dir='ltr'><strong><em>lneosexuunusquis-</em></strong></span> <span class='ocrx_word' id='word_1_366' title='bbox 1873 1784 1922 1844; x_wconf 82' lang='lat' dir='ltr'><strong>B</strong></span> <span class='ocrx_word' id='word_1_367' title='bbox 2021 1816 2274 1893; x_wconf 73' lang='lat' dir='ltr'><strong><em>C3P-__||_l-</em></strong></span> <span class='ocrx_word' id='word_1_368' title='bbox 2339 1816 2486 1880; x_wconf 71' lang='grc' dir='ltr'><strong><em>ρηοά</em></strong></span> <span class='ocrx_word' id='word_1_369' title='bbox 2541 1814 2585 1868; x_wconf 71' lang='grc' dir='ltr'><strong><em>εί</em></strong></span> <span class='ocrx_word' id='word_1_370' title='bbox 2644 1813 2706 1868; x_wconf 63' lang='lat' dir='ltr'><strong><em>de</em></strong></span> 
     </span>
    </p>
   </div>
   <div class='ocr_carea' id='block_1_104' title="bbox 1080 1896 1698 1966">
    <p class='ocr_par' dir='ltr' id='par_1_104' title="bbox 1080 1896 1698 1966">
     <span class='ocr_line' id='line_1_104' title="bbox 1080 1896 1698 1966; baseline 0.008 -21"><span class='ocrx_word' id='word_1_371' title='bbox 1080 1909 1177 1961; x_wconf 90' lang='lat' dir='ltr'><strong><em>que</em></strong></span> <span class='ocrx_word' id='word_1_372' title='bbox 1202 1896 1252 1946; x_wconf 91' lang='lat' dir='ltr'><strong><em>in</em></strong></span> <span class='ocrx_word' id='word_1_373' title='bbox 1284 1912 1384 1964; x_wconf 89' lang='lat' dir='ltr'><strong><em>quo</em></strong></span> <span class='ocrx_word' id='word_1_374' title='bbox 1409 1905 1558 1948; x_wconf 83' lang='lat' dir='ltr'><strong><em>italus</em></strong></span> <span class='ocrx_word' id='word_1_375' title='bbox 1581 1896 1698 1966; x_wconf 88' lang='lat' dir='ltr'><strong><em>fuit.</em></strong></span> 
     </span>
    </p>
   </div>
   <div class='ocr_carea' id='block_1_105' title="bbox 1152 1965 1845 2020">
    <p class='ocr_par' dir='ltr' id='par_1_105' title="bbox 1152 1965 1845 2020">
     <span class='ocr_line' id='line_1_105' title="bbox 1152 1965 1845 2020; baseline 0.003 -2"><span class='ocrx_word' id='word_1_376' title='bbox 1152 1966 1228 2018; x_wconf 87' lang='lat' dir='ltr'><strong><em>Id.</em></strong></span> <span class='ocrx_word' id='word_1_377' title='bbox 1277 1968 1402 2019; x_wconf 78' lang='lat' dir='ltr'><strong><em>Cum</em></strong></span> <span class='ocrx_word' id='word_1_378' title='bbox 1450 1965 1632 2020; x_wconf 83' lang='lat' dir='ltr'><strong><em>virtute</em></strong></span> <span class='ocrx_word' id='word_1_379' title='bbox 1683 1965 1845 2020; x_wconf 60' lang='lat' dir='ltr'><strong><em>multa</em></strong></span> 
     </span>
    </p>
   </div>
   <div class='ocr_carea' id='block_1_106' title="bbox 1078 2038 1444 2106">
    <p class='ocr_par' dir='ltr' id='par_1_106' title="bbox 1078 2038 1444 2106">
     <span class='ocr_line' id='line_1_106' title="bbox 1078 2038 1444 2106; baseline 0.016 -19"><span class='ocrx_word' id='word_1_380' title='bbox 1078 2045 1124 2088; x_wconf 90' lang='lat' dir='ltr'><strong><em>et</em></strong></span> <span class='ocrx_word' id='word_1_381' title='bbox 1163 2038 1444 2106; x_wconf 86' lang='lat' dir='ltr'><strong><em>majestate.</em></strong></span> 
     </span>
    </p>
   </div>
   <div class='ocr_carea' id='block_1_107' title="bbox 1151 2107 1843 2179">
    <p class='ocr_par' dir='ltr' id='par_1_107' title="bbox 1151 2107 1843 2179">
     <span class='ocr_line' id='line_1_107' title="bbox 1151 2107 1843 2179; baseline 0.004 -18"><span class='ocrx_word' id='word_1_382' title='bbox 1151 2107 1228 2161; x_wconf 89' lang='lat' dir='ltr'><strong><em>Id.</em></strong></span> <span class='ocrx_word' id='word_1_383' title='bbox 1253 2109 1314 2161; x_wconf 79' lang='lat' dir='ltr'><strong><em>Et</em></strong></span> <span class='ocrx_word' id='word_1_384' title='bbox 1339 2111 1577 2179; x_wconf 88' lang='lat' dir='ltr'><strong><em>plangent</em></strong></span> <span class='ocrx_word' id='word_1_385' title='bbox 1600 2126 1651 2164; x_wconf 91' lang='lat' dir='ltr'><strong><em>se</em></strong></span> <span class='ocrx_word' id='word_1_386' title='bbox 1671 2126 1843 2164; x_wconf 90' lang='lat' dir='ltr'><strong><em>omnes</em></strong></span> 
     </span>
    </p>
   </div>
   <div class='ocr_carea' id='block_1_108' title="bbox 1080 2179 1440 2235">
    <p class='ocr_par' dir='ltr' id='par_1_108' title="bbox 1080 2179 1440 2235">
     <span class='ocr_line' id='line_1_108' title="bbox 1080 2179 1440 2235; baseline 0.003 -4"><span class='ocrx_word' id='word_1_387' title='bbox 1080 2179 1240 2233; x_wconf 88' lang='lat' dir='ltr'><strong><em>tribus</em></strong></span> <span class='ocrx_word' id='word_1_388' title='bbox 1260 2193 1440 2235; x_wconf 66' lang='lat' dir='ltr'><strong><em>terras-</em></strong></span> 
     </span>
    </p>
   </div>
   <div class='ocr_carea' id='block_1_109' title="bbox 1153 2249 1843 2307">
    <p class='ocr_par' dir='ltr' id='par_1_109' title="bbox 1153 2249 1843 2307">
     <span class='ocr_line' id='line_1_109' title="bbox 1153 2249 1843 2307; baseline 0.006 -4"><span class='ocrx_word' id='word_1_389' title='bbox 1153 2249 1230 2304; x_wconf 89' lang='lat' dir='ltr'><strong><em>Id.</em></strong></span> <span class='ocrx_word' id='word_1_390' title='bbox 1270 2250 1455 2306; x_wconf 78' lang='lat' dir='ltr'><strong><em>Postea</em></strong></span> <span class='ocrx_word' id='word_1_391' title='bbox 1497 2253 1730 2307; x_wconf 87' lang='lat' dir='ltr'><strong><em>misertus</em></strong></span> <span class='ocrx_word' id='word_1_392' title='bbox 1770 2255 1843 2307; x_wconf 92' lang='lat' dir='ltr'><strong><em>tui</em></strong></span> 
     </span>
    </p>
   </div>
   <div class='ocr_carea' id='block_1_110' title="bbox 1082 2324 1591 2392">
    <p class='ocr_par' dir='ltr' id='par_1_110' title="bbox 1082 2324 1591 2392">
     <span class='ocr_line' id='line_1_110' title="bbox 1082 2324 1591 2392; baseline 0.004 -18"><span class='ocrx_word' id='word_1_393' title='bbox 1082 2337 1286 2392; x_wconf 88' lang='lat' dir='ltr'><strong><em>carnem</em></strong></span> <span class='ocrx_word' id='word_1_394' title='bbox 1319 2324 1591 2392; x_wconf 74' lang='lat' dir='ltr'><strong><em>assumpsi.</em></strong></span> 
     </span>
    </p>
   </div>
   <div class='ocr_carea' id='block_1_111' title="bbox 1157 2391 1843 2466">
    <p class='ocr_par' dir='ltr' id='par_1_111' title="bbox 1157 2391 1843 2466">
     <span class='ocr_line' id='line_1_111' title="bbox 1157 2391 1843 2466; baseline 0.007 -21"><span class='ocrx_word' id='word_1_395' title='bbox 1157 2391 1232 2466; x_wconf 70' lang='lat' dir='ltr'><strong><em>Id;</em></strong></span> <span class='ocrx_word' id='word_1_396' title='bbox 1283 2392 1528 2448; x_wconf 80' lang='lat' dir='ltr'><strong><em>Conditus</em></strong></span> <span class='ocrx_word' id='word_1_397' title='bbox 1577 2395 1722 2466; x_wconf 88' lang='lat' dir='ltr'><strong><em>jacui</em></strong></span> <span class='ocrx_word' id='word_1_398' title='bbox 1789 2396 1843 2450; x_wconf 87' lang='lat' dir='ltr'><strong><em>in</em></strong></span> 
     </span>
    </p>
   </div>
   <div class='ocr_carea' id='block_1_112' title="bbox 1081 2464 1336 2535">
    <p class='ocr_par' dir='ltr' id='par_1_112' title="bbox 1081 2464 1336 2535">
     <span class='ocr_line' id='line_1_112' title="bbox 1081 2464 1336 2535; baseline 0 -17"><span class='ocrx_word' id='word_1_399' title='bbox 1081 2464 1336 2535; x_wconf 87' lang='lat' dir='ltr'><strong><em>sepulcro.</em></strong></span> 
     </span>
    </p>
   </div>
   <div class='ocr_carea' id='block_1_113' title="bbox 1154 2535 1842 2591">
    <p class='ocr_par' dir='ltr' id='par_1_113' title="bbox 1154 2535 1842 2591">
     <span class='ocr_line' id='line_1_113' title="bbox 1154 2535 1842 2591; baseline 0.004 -3"><span class='ocrx_word' id='word_1_400' title='bbox 1154 2535 1398 2589; x_wconf 76' lang='lat' dir='ltr'><strong><em>Iil.Tunc</em></strong></span> <span class='ocrx_word' id='word_1_401' title='bbox 1454 2537 1549 2590; x_wconf 86' lang='lat' dir='ltr'><strong><em>erit</em></strong></span> <span class='ocrx_word' id='word_1_402' title='bbox 1607 2537 1744 2589; x_wconf 90' lang='lat' dir='ltr'><strong><em>mala</em></strong></span> <span class='ocrx_word' id='word_1_403' title='bbox 1795 2547 1842 2591; x_wconf 87' lang='lat' dir='ltr'><strong><em>et</em></strong></span> 
     </span>
    </p>
   </div>
   <div class='ocr_carea' id='block_1_114' title="bbox 1081 2607 1516 2671">
    <p class='ocr_par' dir='ltr' id='par_1_114' title="bbox 1081 2607 1516 2671">
     <span class='ocr_line' id='line_1_114' title="bbox 1081 2607 1516 2671; baseline 0 -11"><span class='ocrx_word' id='word_1_404' title='bbox 1081 2607 1213 2660; x_wconf 88' lang='lat' dir='ltr'><strong><em>dura</em></strong></span> <span class='ocrx_word' id='word_1_405' title='bbox 1240 2609 1516 2671; x_wconf 82' lang='lat' dir='ltr'><strong><em>separatio.</em></strong></span> 
     </span>
    </p>
   </div>
   <div class='ocr_carea' id='block_1_115' title="bbox 1157 2677 1843 2750">
    <p class='ocr_par' dir='ltr' id='par_1_115' title="bbox 1157 2677 1843 2750">
     <span class='ocr_line' id='line_1_115' title="bbox 1157 2677 1843 2750; baseline 0.004 -19"><span class='ocrx_word' id='word_1_406' title='bbox 1157 2677 1229 2731; x_wconf 91' lang='lat' dir='ltr'><strong><em>Id.</em></strong></span> <span class='ocrx_word' id='word_1_407' title='bbox 1256 2678 1536 2749; x_wconf 86' lang='lat' dir='ltr'><strong><em>Nunquam</em></strong></span> <span class='ocrx_word' id='word_1_408' title='bbox 1564 2696 1736 2748; x_wconf 79' lang='lat' dir='ltr'><strong><em>poenas</em></strong></span> <span class='ocrx_word' id='word_1_409' title='bbox 1761 2681 1843 2750; x_wconf 84' lang='lat' dir='ltr'><strong><em>fu-</em></strong></span> 
     </span>
    </p>
   </div>
   <div class='ocr_carea' id='block_1_116' title="bbox 1081 2749 1253 2821">
    <p class='ocr_par' dir='ltr' id='par_1_116' title="bbox 1081 2749 1253 2821">
     <span class='ocr_line' id='line_1_116' title="bbox 1081 2749 1253 2821; baseline 0 -19"><span class='ocrx_word' id='word_1_410' title='bbox 1081 2749 1253 2821; x_wconf 90' lang='lat' dir='ltr'><strong><em>gituri.</em></strong></span> 
     </span>
    </p>
   </div>
   <div class='ocr_carea' id='block_1_117' title="bbox 1155 2820 1842 2894">
    <p class='ocr_par' dir='ltr' id='par_1_117' title="bbox 1155 2820 1842 2894">
     <span class='ocr_line' id='line_1_117' title="bbox 1155 2820 1842 2894; baseline 0.003 -20"><span class='ocrx_word' id='word_1_411' title='bbox 1155 2821 1231 2874; x_wconf 92' lang='lat' dir='ltr'><strong><em>Id.</em></strong></span> <span class='ocrx_word' id='word_1_412' title='bbox 1257 2820 1418 2894; x_wconf 74' lang='lat' dir='ltr'><strong><em>Juxta</em></strong></span> <span class='ocrx_word' id='word_1_413' title='bbox 1457 2838 1571 2876; x_wconf 59' lang='lat' dir='ltr'><strong><em>vero</em></strong></span> <span class='ocrx_word' id='word_1_414' title='bbox 1619 2824 1842 2894; x_wconf 90' lang='lat' dir='ltr'><strong><em>qualita-</em></strong></span> 
     </span>
    </p>
   </div>
   <div class='ocr_carea' id='block_1_118' title="bbox 1084 2892 1842 2963">
    <p class='ocr_par' dir='ltr' id='par_1_118' title="bbox 1084 2892 1842 2963">
     <span class='ocr_line' id='line_1_118' title="bbox 1084 2892 1842 2963; baseline 0.005 -20"><span class='ocrx_word' id='word_1_415' title='bbox 1084 2900 1180 2946; x_wconf 90' lang='lat' dir='ltr'><strong><em>tem</em></strong></span> <span class='ocrx_word' id='word_1_416' title='bbox 1235 2892 1439 2962; x_wconf 72' lang='lat' dir='ltr'><strong><em>culpaz,</em></strong></span> <span class='ocrx_word' id='word_1_417' title='bbox 1509 2892 1707 2963; x_wconf 73' lang='lat' dir='ltr'><strong><em>pa&#39;nam</em></strong></span> <span class='ocrx_word' id='word_1_418' title='bbox 1773 2895 1842 2948; x_wconf 86' lang='lat' dir='ltr'><strong><em>ibi</em></strong></span> 
     </span>
    </p>
   </div>
   <div class='ocr_carea' id='block_1_119' title="bbox 1083 2967 1842 3035">
    <p class='ocr_par' dir='ltr' id='par_1_119' title="bbox 1083 2967 1842 3035">
     <span class='ocr_line' id='line_1_119' title="bbox 1083 2967 1842 3035; baseline 0 -18"><span class='ocrx_word' id='word_1_419' title='bbox 1083 2967 1427 3034; x_wconf 89' lang='lat' dir='ltr'><strong><em>unusquisque</em></strong></span> <span class='ocrx_word' id='word_1_420' title='bbox 1489 2967 1701 3019; x_wconf 81' lang='lat' dir='ltr'><strong><em>sustinet</em></strong></span> <span class='ocrx_word' id='word_1_421' title='bbox 1755 2983 1842 3035; x_wconf 88' lang='lat' dir='ltr'><strong><em>ge-</em></strong></span> 
     </span>
    </p>
   </div>
   <div class='ocr_carea' id='block_1_120' title="bbox 1080 3035 1842 3103">
    <p class='ocr_par' dir='ltr' id='par_1_120' title="bbox 1080 3035 1842 3103">
     <span class='ocr_line' id='line_1_120' title="bbox 1080 3035 1842 3103; baseline 0.004 -17"><span class='ocrx_word' id='word_1_422' title='bbox 1080 3035 1281 3102; x_wconf 68' lang='lat' dir='ltr'><strong><em>hennae,</em></strong></span> <span class='ocrx_word' id='word_1_423' title='bbox 1331 3045 1378 3087; x_wconf 92' lang='lat' dir='ltr'><strong><em>et</em></strong></span> <span class='ocrx_word' id='word_1_424' title='bbox 1452 3037 1633 3089; x_wconf 89' lang='lat' dir='ltr'><strong><em>similis</em></strong></span> <span class='ocrx_word' id='word_1_425' title='bbox 1675 3036 1842 3103; x_wconf 73' lang='lat' dir='ltr'><strong><em>culpa:</em></strong></span> 
     </span>
    </p>
   </div>
   <div class='ocr_carea' id='block_1_121' title="bbox 1080 3106 1840 3178">
    <p class='ocr_par' dir='ltr' id='par_1_121' title="bbox 1080 3106 1840 3178">
     <span class='ocr_line' id='line_1_121' title="bbox 1080 3106 1840 3178; baseline 0.001 -18"><span class='ocrx_word' id='word_1_426' title='bbox 1080 3108 1154 3160; x_wconf 86' lang='lat' dir='ltr'><strong><em>rei</em></strong></span> <span class='ocrx_word' id='word_1_427' title='bbox 1176 3108 1281 3160; x_wconf 85' lang='lat' dir='ltr'><strong><em>suis</em></strong></span> <span class='ocrx_word' id='word_1_428' title='bbox 1312 3106 1565 3178; x_wconf 60' lang='lat' dir='ltr'><strong><em>similibus</em></strong></span> <span class='ocrx_word' id='word_1_429' title='bbox 1602 3109 1840 3178; x_wconf 85' lang='lat' dir='ltr'><strong><em>jungun-</em></strong></span> 
     </span>
    </p>
   </div>
   <div class='ocr_carea' id='block_1_122' title="bbox 1950 1887 2364 1942">
    <p class='ocr_par' dir='ltr' id='par_1_122' title="bbox 1950 1887 2364 1942">
     <span class='ocr_line' id='line_1_122' title="bbox 1950 1887 2364 1942; baseline 0.01 -4"><span class='ocrx_word' id='word_1_430' title='bbox 1950 1897 2109 1940; x_wconf 90' lang='lat' dir='ltr'><strong><em>morte</em></strong></span> <span class='ocrx_word' id='word_1_431' title='bbox 2139 1887 2364 1942; x_wconf 79' lang='lat' dir='ltr'><strong><em>dicitur.</em></strong></span> 
     </span>
    </p>
   </div>
   <div class='ocr_carea' id='block_1_123' title="bbox 1984 1957 2710 2038">
    <p class='ocr_par' dir='ltr' id='par_1_123' title="bbox 1984 1957 2710 2038">
     <span class='ocr_line' id='line_1_123' title="bbox 1984 1957 2710 2038; baseline -0.001 -28"><span class='ocrx_word' id='word_1_432' title='bbox 1984 2028 1994 2038; x_wconf 42' lang='grc'><strong><em>⁸</em></strong></span> <span class='ocrx_word' id='word_1_433' title='bbox 2018 1957 2148 2026; x_wconf 87' lang='lat' dir='ltr'><strong><em>Cap.</em></strong></span> <span class='ocrx_word' id='word_1_434' title='bbox 2164 1973 2240 2038; x_wconf 68' lang='lat' dir='ltr'><strong><em>iv.</em></strong></span> <span class='ocrx_word' id='word_1_435' title='bbox 2269 1957 2574 2010; x_wconf 67' lang='lat' dir='ltr'><strong><em>dirumnam</em></strong></span> <span class='ocrx_word' id='word_1_436' title='bbox 2594 1957 2710 2010; x_wconf 83' lang='lat' dir='ltr'><strong><em>Ma-</em></strong></span> 
     </span>
    </p>
   </div>
   <div class='ocr_carea' id='block_1_124' title="bbox 1949 2030 2314 2082">
    <p class='ocr_par' dir='ltr' id='par_1_124' title="bbox 1949 2030 2314 2082">
     <span class='ocr_line' id='line_1_124' title="bbox 1949 2030 2314 2082; baseline 0.005 -2"><span class='ocrx_word' id='word_1_437' title='bbox 1949 2030 2028 2081; x_wconf 89' lang='lat' dir='ltr'><strong><em>ria</em></strong></span> <span class='ocrx_word' id='word_1_438' title='bbox 2055 2030 2314 2082; x_wconf 81' lang='lat' dir='ltr'><strong><em>sustinuit.</em></strong></span> 
     </span>
    </p>
   </div>
   <div class='ocr_carea' id='block_1_125' title="bbox 2023 2099 2707 2167">
    <p class='ocr_par' dir='ltr' id='par_1_125' title="bbox 2023 2099 2707 2167">
     <span class='ocr_line' id='line_1_125' title="bbox 2023 2099 2707 2167; baseline -0.003 -15"><span class='ocrx_word' id='word_1_439' title='bbox 2023 2099 2155 2154; x_wconf 88' lang='lat' dir='ltr'><strong><em>Ibid.</em></strong></span> <span class='ocrx_word' id='word_1_440' title='bbox 2175 2100 2290 2154; x_wconf 89' lang='lat' dir='ltr'><strong><em>Hoc</em></strong></span> <span class='ocrx_word' id='word_1_441' title='bbox 2307 2101 2438 2154; x_wconf 89' lang='lat' dir='ltr'><strong><em>enim</em></strong></span> <span class='ocrx_word' id='word_1_442' title='bbox 2457 2101 2620 2167; x_wconf 89' lang='lat' dir='ltr'><strong><em>potuit</em></strong></span> <span class='ocrx_word' id='word_1_443' title='bbox 2635 2101 2707 2163; x_wconf 80' lang='lat' dir='ltr'><strong><em>ef-</em></strong></span> 
     </span>
    </p>
   </div>
   <div class='ocr_carea' id='block_1_126' title="bbox 1947 2169 2707 2238">
    <p class='ocr_par' dir='ltr' id='par_1_126' title="bbox 1947 2169 2707 2238">
     <span class='ocr_line' id='line_1_126' title="bbox 1947 2169 2707 2238; baseline -0.003 -14"><span class='ocrx_word' id='word_1_444' title='bbox 1947 2172 2100 2238; x_wconf 82' lang='lat' dir='ltr'><strong><em>ﬁcere</em></strong></span> <span class='ocrx_word' id='word_1_445' title='bbox 2144 2176 2205 2224; x_wconf 88' lang='lat' dir='ltr'><strong><em>de</em></strong></span> <span class='ocrx_word' id='word_1_446' title='bbox 2230 2182 2422 2236; x_wconf 83' lang='lat' dir='ltr'><strong><em>matre,</em></strong></span> <span class='ocrx_word' id='word_1_447' title='bbox 2456 2173 2574 2238; x_wconf 86' lang='lat' dir='ltr'><strong><em>quia</em></strong></span> <span class='ocrx_word' id='word_1_448' title='bbox 2601 2169 2707 2223; x_wconf 89' lang='lat' dir='ltr'><strong><em>ele-</em></strong></span> 
     </span>
    </p>
   </div>
   <div class='ocr_carea' id='block_1_127' title="bbox 1945 2243 2169 2310">
    <p class='ocr_par' dir='ltr' id='par_1_127' title="bbox 1945 2243 2169 2310">
     <span class='ocr_line' id='line_1_127' title="bbox 1945 2243 2169 2310; baseline 0.013 -17"><span class='ocrx_word' id='word_1_449' title='bbox 1945 2243 2037 2310; x_wconf 87' lang='lat' dir='ltr'><strong><em>git,</em></strong></span> <span class='ocrx_word' id='word_1_450' title='bbox 2067 2250 2169 2296; x_wconf 89' lang='lat' dir='ltr'><strong><em>etc.</em></strong></span> 
     </span>
    </p>
   </div>
   <div class='ocr_carea' id='block_1_128' title="bbox 2021 2311 2710 2382">
    <p class='ocr_par' dir='ltr' id='par_1_128' title="bbox 2021 2311 2710 2382">
     <span class='ocr_line' id='line_1_128' title="bbox 2021 2311 2710 2382; baseline 0 -16"><span class='ocrx_word' id='word_1_451' title='bbox 2021 2311 2152 2367; x_wconf 90' lang='lat' dir='ltr'><strong><em>lbid.</em></strong></span> <span class='ocrx_word' id='word_1_452' title='bbox 2206 2312 2465 2376; x_wconf 89' lang='lat' dir='ltr'><strong><em>Quantum</em></strong></span> <span class='ocrx_word' id='word_1_453' title='bbox 2542 2312 2710 2382; x_wconf 88' lang='lat' dir='ltr'><strong><em>gratia</em></strong></span> 
     </span>
    </p>
   </div>
   <div class='ocr_carea' id='block_1_129' title="bbox 1949 2381 2624 2445">
    <p class='ocr_par' dir='ltr' id='par_1_129' title="bbox 1949 2381 2624 2445">
     <span class='ocr_line' id='line_1_129' title="bbox 1949 2381 2624 2445; baseline 0.001 -10"><span class='ocrx_word' id='word_1_454' title='bbox 1949 2381 2135 2437; x_wconf 81' lang='lat' dir='ltr'><strong><em>Maria:</em></strong></span> <span class='ocrx_word' id='word_1_455' title='bbox 2160 2385 2491 2445; x_wconf 88' lang='lat' dir='ltr'><strong><em>demonstrat,</em></strong></span> <span class='ocrx_word' id='word_1_456' title='bbox 2522 2381 2624 2436; x_wconf 78' lang='lat' dir='ltr'><strong><em>etc.</em></strong></span> 
     </span>
    </p>
   </div>
   <div class='ocr_carea' id='block_1_130' title="bbox 2017 2454 2705 2522">
    <p class='ocr_par' dir='ltr' id='par_1_130' title="bbox 2017 2454 2705 2522">
     <span class='ocr_line' id='line_1_130' title="bbox 2017 2454 2705 2522; baseline -0.004 -13"><span class='ocrx_word' id='word_1_457' title='bbox 2017 2454 2148 2522; x_wconf 87' lang='lat' dir='ltr'><strong><em>Cap.</em></strong></span> <span class='ocrx_word' id='word_1_458' title='bbox 2181 2471 2232 2508; x_wconf 79' lang='grc' dir='ltr'><strong>ν.</strong></span> <span class='ocrx_word' id='word_1_459' title='bbox 2260 2455 2377 2522; x_wconf 90' lang='lat' dir='ltr'><strong><em>Ipse</em></strong></span> <span class='ocrx_word' id='word_1_460' title='bbox 2399 2471 2516 2522; x_wconf 79' lang='lat' dir='ltr'><strong><em>ergo</em></strong></span> <span class='ocrx_word' id='word_1_461' title='bbox 2547 2454 2705 2506; x_wconf 86' lang='lat' dir='ltr'><strong><em>idem-</em></strong></span> 
     </span>
    </p>
   </div>
   <div class='ocr_carea' id='block_1_131' title="bbox 1945 2526 2707 2594">
    <p class='ocr_par' dir='ltr' id='par_1_131' title="bbox 1945 2526 2707 2594">
     <span class='ocr_line' id='line_1_131' title="bbox 1945 2526 2707 2594; baseline 0 -16"><span class='ocrx_word' id='word_1_462' title='bbox 1945 2541 2042 2594; x_wconf 91' lang='lat' dir='ltr'><strong><em>que</em></strong></span> <span class='ocrx_word' id='word_1_463' title='bbox 2115 2527 2264 2578; x_wconf 72' lang='lat' dir='ltr'><strong><em>ctelos</em></strong></span> <span class='ocrx_word' id='word_1_464' title='bbox 2327 2526 2598 2586; x_wconf 87' lang='lat' dir='ltr'><strong><em>ascendit;</em></strong></span> <span class='ocrx_word' id='word_1_465' title='bbox 2653 2534 2707 2578; x_wconf 89' lang='lat' dir='ltr'><strong><em>et</em></strong></span> 
     </span>
    </p>
   </div>
   <div class='ocr_carea' id='block_1_132' title="bbox 1945 2595 2706 2664">
    <p class='ocr_par' dir='ltr' id='par_1_132' title="bbox 1945 2595 2706 2664">
     <span class='ocr_line' id='line_1_132' title="bbox 1945 2595 2706 2664; baseline 0 -15"><span class='ocrx_word' id='word_1_466' title='bbox 1945 2595 2139 2650; x_wconf 87' lang='lat' dir='ltr'><strong><em>deinde</em></strong></span> <span class='ocrx_word' id='word_1_467' title='bbox 2187 2595 2426 2664; x_wconf 79' lang='lat' dir='ltr'><strong><em>sequitur</em></strong></span> <span class='ocrx_word' id='word_1_468' title='bbox 2492 2610 2706 2662; x_wconf 83' lang='lat' dir='ltr'><strong><em>semper</em></strong></span> 
     </span>
    </p>
   </div>
   <div class='ocr_carea' id='block_1_133' title="bbox 1950 2668 2384 2736">
    <p class='ocr_par' dir='ltr' id='par_1_133' title="bbox 1950 2668 2384 2736">
     <span class='ocr_line' id='line_1_133' title="bbox 1950 2668 2384 2736; baseline -0.002 -16"><span class='ocrx_word' id='word_1_469' title='bbox 1950 2668 2109 2720; x_wconf 83' lang='lat' dir='ltr'><strong><em>tertia</em></strong></span> <span class='ocrx_word' id='word_1_470' title='bbox 2137 2682 2384 2736; x_wconf 87' lang='lat' dir='ltr'><strong><em>persona.</em></strong></span> 
     </span>
    </p>
   </div>
   <div class='ocr_carea' id='block_1_134' title="bbox 2018 2736 2711 2809">
    <p class='ocr_par' dir='ltr' id='par_1_134' title="bbox 2018 2736 2711 2809">
     <span class='ocr_line' id='line_1_134' title="bbox 2018 2736 2711 2809; baseline 0.006 -22"><span class='ocrx_word' id='word_1_471' title='bbox 2018 2736 2146 2791; x_wconf 89' lang='lat' dir='ltr'><strong><em>Ibid.</em></strong></span> <span class='ocrx_word' id='word_1_472' title='bbox 2167 2737 2211 2790; x_wconf 91' lang='lat'><em>0</em></span> <span class='ocrx_word' id='word_1_473' title='bbox 2229 2754 2467 2809; x_wconf 88' lang='lat' dir='ltr'><strong><em>magnam</em></strong></span> <span class='ocrx_word' id='word_1_474' title='bbox 2515 2747 2561 2790; x_wconf 90' lang='lat' dir='ltr'><strong><em>et</em></strong></span> <span class='ocrx_word' id='word_1_475' title='bbox 2588 2737 2711 2791; x_wconf 66' lang='lat' dir='ltr'><strong><em>inat-</em></strong></span> 
     </span>
    </p>
   </div>
   <div class='ocr_carea' id='block_1_135' title="bbox 1948 2809 2710 2863">
    <p class='ocr_par' dir='ltr' id='par_1_135' title="bbox 1948 2809 2710 2863">
     <span class='ocr_line' id='line_1_135' title="bbox 1948 2809 2710 2863; baseline 0 -2"><span class='ocrx_word' id='word_1_476' title='bbox 1948 2809 2255 2862; x_wconf 77' lang='lat' dir='ltr'><strong><em>stimabit-em</em></strong></span> <span class='ocrx_word' id='word_1_477' title='bbox 2287 2810 2559 2863; x_wconf 80' lang='lat' dir='ltr'><strong><em>bonitatem</em></strong></span> <span class='ocrx_word' id='word_1_478' title='bbox 2580 2809 2710 2861; x_wconf 88' lang='lat' dir='ltr'><strong><em>Dei!</em></strong></span> 
     </span>
    </p>
   </div>
   <div class='ocr_carea' id='block_1_136' title="bbox 1930 2877 2705 2951">
    <p class='ocr_par' dir='ltr' id='par_1_136' title="bbox 1930 2877 2705 2951">
     <span class='ocr_line' id='line_1_136' title="bbox 1930 2877 2705 2951; baseline -0.001 -18"><span class='ocrx_word' id='word_1_479' title='bbox 1930 2887 1932 2889; x_wconf 72' lang='grc'><em>’</em></span> <span class='ocrx_word' id='word_1_480' title='bbox 2017 2877 2148 2946; x_wconf 76' lang='lat' dir='ltr'><strong><em>Cap.</em></strong></span> <span class='ocrx_word' id='word_1_481' title='bbox 2182 2896 2251 2934; x_wconf 66' lang='grc' dir='ltr'><strong>γι.</strong></span> <span class='ocrx_word' id='word_1_482' title='bbox 2289 2881 2551 2947; x_wconf 88' lang='lat' dir='ltr'><strong><em>Quantum</em></strong></span> <span class='ocrx_word' id='word_1_483' title='bbox 2605 2881 2705 2951; x_wconf 85' lang='lat' dir='ltr'><strong><em>igi-</em></strong></span> 
     </span>
    </p>
   </div>
   <div class='ocr_carea' id='block_1_137' title="bbox 1947 2961 2312 3005">
    <p class='ocr_par' dir='ltr' id='par_1_137' title="bbox 1947 2961 2312 3005">
     <span class='ocr_line' id='line_1_137' title="bbox 1947 2961 2312 3005; baseline 0.003 -1"><span class='ocrx_word' id='word_1_484' title='bbox 1947 2961 2028 3004; x_wconf 85' lang='lat' dir='ltr'><strong><em>tur</em></strong></span> <span class='ocrx_word' id='word_1_485' title='bbox 2053 2963 2312 3005; x_wconf 88' lang='lat' dir='ltr'><strong><em>contueor.</em></strong></span> 
     </span>
    </p>
   </div>
   <div class='ocr_carea' id='block_1_138' title="bbox 2018 3021 2708 3083">
    <p class='ocr_par' dir='ltr' id='par_1_138' title="bbox 2018 3021 2708 3083">
     <span class='ocr_line' id='line_1_138' title="bbox 2018 3021 2708 3083; baseline 0 -9"><span class='ocrx_word' id='word_1_486' title='bbox 2018 3021 2150 3075; x_wconf 87' lang='lat' dir='ltr'><strong><em>Ibid.</em></strong></span> <span class='ocrx_word' id='word_1_487' title='bbox 2208 3021 2329 3076; x_wconf 91' lang='lat' dir='ltr'><strong><em>Post</em></strong></span> <span class='ocrx_word' id='word_1_488' title='bbox 2386 3037 2624 3083; x_wconf 86' lang='lat' dir='ltr'><strong><em>vermem,</em></strong></span> <span class='ocrx_word' id='word_1_489' title='bbox 2654 3030 2708 3074; x_wconf 90' lang='lat' dir='ltr'><strong><em>ut</em></strong></span> 
     </span>
    </p>
   </div>
   <div class='ocr_carea' id='block_1_139' title="bbox 1945 3093 2708 3165">
    <p class='ocr_par' dir='ltr' id='par_1_139' title="bbox 1945 3093 2708 3165">
     <span class='ocr_line' id='line_1_139' title="bbox 1945 3093 2708 3165; baseline 0.001 -20"><span class='ocrx_word' id='word_1_490' title='bbox 1945 3093 2156 3164; x_wconf 89' lang='lat' dir='ltr'><strong><em>dignum</em></strong></span> <span class='ocrx_word' id='word_1_491' title='bbox 2199 3104 2310 3162; x_wconf 90' lang='lat' dir='ltr'><strong><em>est,</em></strong></span> <span class='ocrx_word' id='word_1_492' title='bbox 2344 3093 2708 3165; x_wconf 83' lang='lat' dir='ltr'><strong><em>abjectissimus</em></strong></span> 
     </span>
    </p>
   </div>
   <div class='ocr_carea' id='block_1_140' title="bbox 1082 3165 2129 3238">
    <p class='ocr_par' dir='ltr' id='par_1_140' title="bbox 1082 3165 2129 3238">
     <span class='ocr_line' id='line_1_140' title="bbox 1082 3165 2129 3238; baseline -0.001 -8"><span class='ocrx_word' id='word_1_493' title='bbox 1082 3187 1163 3230; x_wconf 88' lang='lat' dir='ltr'><strong><em>tur</em></strong></span> <span class='ocrx_word' id='word_1_494' title='bbox 1186 3178 1472 3231; x_wconf 87' lang='lat' dir='ltr'><strong><em>cruciandi.</em></strong></span> <span class='ocrx_word' id='word_1_495' title='bbox 1510 3165 1632 3231; x_wconf 69' lang='lat' dir='ltr'><strong><em>Non</em></strong></span> <span class='ocrx_word' id='word_1_496' title='bbox 1662 3165 1730 3233; x_wconf 75' lang='lat' dir='ltr'><strong><em>ibi</em></strong></span> <span class='ocrx_word' id='word_1_497' title='bbox 1753 3197 1840 3233; x_wconf 90' lang='lat' dir='ltr'><strong><em>au-</em></strong></span> <span class='ocrx_word' id='word_1_498' title='bbox 1866 3175 1914 3238; x_wconf 87' lang='lat' dir='ltr'><strong><em>C</em></strong></span> <span class='ocrx_word' id='word_1_499' title='bbox 1945 3165 2129 3238; x_wconf 55' lang='grc' dir='ltr'><strong><em>Ριίιξβίε·</em></strong></span> 
     </span>
    </p>
   </div>
   <div class='ocr_carea' id='block_1_141' title="bbox 1082 3249 1374 3313">
    <p class='ocr_par' dir='ltr' id='par_1_141' title="bbox 1082 3249 1374 3313">
     <span class='ocr_line' id='line_1_141' title="bbox 1082 3249 1374 3313; baseline 0.014 -14"><span class='ocrx_word' id='word_1_500' title='bbox 1082 3249 1240 3313; x_wconf 89' lang='lat' dir='ltr'><strong><em>ditur,</em></strong></span> <span class='ocrx_word' id='word_1_501' title='bbox 1267 3259 1374 3303; x_wconf 87' lang='lat' dir='ltr'><strong><em>etc.</em></strong></span> 
     </span>
    </p>
   </div>
   <div class='ocr_carea' id='block_1_142' title="bbox 1155 3320 1839 3390">
    <p class='ocr_par' dir='ltr' id='par_1_142' title="bbox 1155 3320 1839 3390">
     <span class='ocr_line' id='line_1_142' title="bbox 1155 3320 1839 3390; baseline 0.003 -17"><span class='ocrx_word' id='word_1_502' title='bbox 1155 3321 1232 3373; x_wconf 91' lang='lat' dir='ltr'><strong><em>Id.</em></strong></span> <span class='ocrx_word' id='word_1_503' title='bbox 1258 3320 1530 3390; x_wconf 84' lang='lat' dir='ltr'><strong><em>Supplicia</em></strong></span> <span class='ocrx_word' id='word_1_504' title='bbox 1561 3323 1839 3388; x_wconf 89' lang='lat' dir='ltr'><strong><em>impiorum</em></strong></span> 
     </span>
    </p>
   </div>
   <div class='ocr_carea' id='block_1_143' title="bbox 1082 3392 1839 3460">
    <p class='ocr_par' dir='ltr' id='par_1_143' title="bbox 1082 3392 1839 3460">
     <span class='ocr_line' id='line_1_143' title="bbox 1082 3392 1839 3460; baseline 0.008 -18"><span class='ocrx_word' id='word_1_505' title='bbox 1082 3399 1129 3443; x_wconf 88' lang='lat' dir='ltr'><strong><em>et</em></strong></span> <span class='ocrx_word' id='word_1_506' title='bbox 1175 3392 1339 3460; x_wconf 89' lang='lat' dir='ltr'><strong><em>gloria</em></strong></span> <span class='ocrx_word' id='word_1_507' title='bbox 1391 3392 1652 3459; x_wconf 81' lang='lat' dir='ltr'><strong><em>justorum</em></strong></span> <span class='ocrx_word' id='word_1_508' title='bbox 1701 3395 1839 3448; x_wconf 86' lang='lat' dir='ltr'><strong><em>vobis</em></strong></span> 
     </span>
    </p>
   </div>
   <div class='ocr_carea' id='block_1_144' title="bbox 1081 3463 1536 3516">
    <p class='ocr_par' dir='ltr' id='par_1_144' title="bbox 1081 3463 1536 3516">
     <span class='ocr_line' id='line_1_144' title="bbox 1081 3463 1536 3516; baseline 0.009 -4"><span class='ocrx_word' id='word_1_509' title='bbox 1081 3463 1380 3515; x_wconf 88' lang='lat' dir='ltr'><strong><em>denuntiata</em></strong></span> <span class='ocrx_word' id='word_1_510' title='bbox 1405 3473 1536 3516; x_wconf 88' lang='lat' dir='ltr'><strong><em>sunt.</em></strong></span> 
     </span>
    </p>
   </div>
   <div class='ocr_carea' id='block_1_145' title="bbox 1157 3532 1841 3589">
    <p class='ocr_par' dir='ltr' id='par_1_145' title="bbox 1157 3532 1841 3589">
     <span class='ocr_line' id='line_1_145' title="bbox 1157 3532 1841 3589; baseline 0.004 -3"><span class='ocrx_word' id='word_1_511' title='bbox 1157 3534 1233 3587; x_wconf 93' lang='lat' dir='ltr'><strong><em>Id.</em></strong></span> <span class='ocrx_word' id='word_1_512' title='bbox 1329 3532 1580 3588; x_wconf 89' lang='lat' dir='ltr'><strong><em>Dominus</em></strong></span> <span class='ocrx_word' id='word_1_513' title='bbox 1669 3545 1841 3589; x_wconf 91' lang='lat' dir='ltr'><strong><em>autem</em></strong></span> 
     </span>
    </p>
   </div>
   <div class='ocr_carea' id='block_1_146' title="bbox 1082 3605 1835 3673">
    <p class='ocr_par' dir='ltr' id='par_1_146' title="bbox 1082 3605 1835 3673">
     <span class='ocr_line' id='line_1_146' title="bbox 1082 3605 1835 3673; baseline 0.001 -16"><span class='ocrx_word' id='word_1_514' title='bbox 1082 3613 1273 3673; x_wconf 90' lang='lat' dir='ltr'><strong><em>quanto</em></strong></span> <span class='ocrx_word' id='word_1_515' title='bbox 1312 3605 1477 3673; x_wconf 84' lang='lat' dir='ltr'><strong><em>patris</em></strong></span> <span class='ocrx_word' id='word_1_516' title='bbox 1509 3606 1835 3672; x_wconf 87' lang='lat' dir='ltr'><strong><em>pietate.....,</em></strong></span> 
     </span>
    </p>
   </div>
   <div class='ocr_carea' id='block_1_147' title="bbox 1080 3676 1838 3746">
    <p class='ocr_par' dir='ltr' id='par_1_147' title="bbox 1080 3676 1838 3746">
     <span class='ocr_line' id='line_1_147' title="bbox 1080 3676 1838 3746; baseline 0.004 -19"><span class='ocrx_word' id='word_1_517' title='bbox 1080 3676 1419 3746; x_wconf 86' lang='lat' dir='ltr'><strong><em>tantojudicis</em></strong></span> <span class='ocrx_word' id='word_1_518' title='bbox 1437 3678 1720 3746; x_wconf 84' lang='lat' dir='ltr'><strong><em>majestate,</em></strong></span> <span class='ocrx_word' id='word_1_519' title='bbox 1733 3689 1838 3732; x_wconf 90' lang='lat' dir='ltr'><strong><em>etc.</em></strong></span> 
     </span>
    </p>
   </div>
   <div class='ocr_carea' id='block_1_148' title="bbox 1155 3814 1841 3888">
    <p class='ocr_par' dir='ltr' id='par_1_148' title="bbox 1155 3814 1841 3888">
     <span class='ocr_line' id='line_1_148' title="bbox 1155 3814 1841 3888; baseline 0.006 -18"><span class='ocrx_word' id='word_1_520' title='bbox 1155 3816 1231 3871; x_wconf 87' lang='lat' dir='ltr'><strong><em>Id.</em></strong></span> <span class='ocrx_word' id='word_1_521' title='bbox 1262 3814 1440 3888; x_wconf 87' lang='lat' dir='ltr'><strong><em>Potest</em></strong></span> <span class='ocrx_word' id='word_1_522' title='bbox 1491 3819 1841 3888; x_wconf 75' lang='lat' dir='ltr'><strong><em>paenitentiam</em></strong></span> 
     </span>
    </p>
   </div>
   <div class='ocr_carea' id='block_1_149' title="bbox 1116 3886 1838 3960">
    <p class='ocr_par' dir='ltr' id='par_1_149' title="bbox 1116 3886 1838 3960">
     <span class='ocr_line' id='line_1_149' title="bbox 1116 3886 1838 3960; baseline 0.01 -20"><span class='ocrx_word' id='word_1_523' title='bbox 1116 3890 1239 3942; x_wconf 89' lang='lat' dir='ltr'><strong><em>ratis</em></strong></span> <span class='ocrx_word' id='word_1_524' title='bbox 1260 3886 1548 3960; x_wconf 82' lang='lat' dir='ltr'><strong><em>indulgere.</em></strong></span> <span class='ocrx_word' id='word_1_525' title='bbox 1571 3889 1689 3944; x_wconf 85' lang='lat' dir='ltr'><strong><em>Vid.</em></strong></span> <span class='ocrx_word' id='word_1_526' title='bbox 1726 3907 1838 3946; x_wconf 85' lang='lat' dir='ltr'><strong><em>var.</em></strong></span> 
     </span>
    </p>
   </div>
   <div class='ocr_carea' id='block_1_150' title="bbox 1137 3975 1254 4013">
    <p class='ocr_par' dir='ltr' id='par_1_150' title="bbox 1137 3975 1254 4013">
     <span class='ocr_line' id='line_1_150' title="bbox 1137 3975 1254 4013; baseline 0 0"><span class='ocrx_word' id='word_1_527' title='bbox 1137 3975 1254 4013; x_wconf 87' lang='lat' dir='ltr'><strong><em>aur.</em></strong></span> 
     </span>
    </p>
   </div>
   <div class='ocr_carea' id='block_1_151' title="bbox 1155 4030 1841 4102">
    <p class='ocr_par' dir='ltr' id='par_1_151' title="bbox 1155 4030 1841 4102">
     <span class='ocr_line' id='line_1_151' title="bbox 1155 4030 1841 4102; baseline 0.004 -17"><span class='ocrx_word' id='word_1_528' title='bbox 1155 4031 1232 4085; x_wconf 93' lang='lat' dir='ltr'><strong><em>Id.</em></strong></span> <span class='ocrx_word' id='word_1_529' title='bbox 1265 4030 1387 4086; x_wconf 87' lang='lat' dir='ltr'><strong><em>Non</em></strong></span> <span class='ocrx_word' id='word_1_530' title='bbox 1415 4047 1506 4086; x_wconf 89' lang='lat' dir='ltr'><strong><em>nos</em></strong></span> <span class='ocrx_word' id='word_1_531' title='bbox 1549 4033 1662 4102; x_wconf 82' lang='lat' dir='ltr'><strong><em>jam</em></strong></span> <span class='ocrx_word' id='word_1_532' title='bbox 1708 4034 1841 4088; x_wconf 87' lang='lat' dir='ltr'><strong><em>divi-</em></strong></span> 
     </span>
    </p>
   </div>
   <div class='ocr_carea' id='block_1_152' title="bbox 1083 4103 1602 4167">
    <p class='ocr_par' dir='ltr' id='par_1_152' title="bbox 1083 4103 1602 4167">
     <span class='ocr_line' id='line_1_152' title="bbox 1083 4103 1602 4167; baseline 0.006 -12"><span class='ocrx_word' id='word_1_533' title='bbox 1083 4103 1273 4157; x_wconf 86' lang='lat' dir='ltr'><strong><em>tiarum</em></strong></span> <span class='ocrx_word' id='word_1_534' title='bbox 1293 4120 1468 4167; x_wconf 86' lang='lat' dir='ltr'><strong><em>onera,</em></strong></span> <span class='ocrx_word' id='word_1_535' title='bbox 1499 4112 1602 4158; x_wconf 84' lang='lat' dir='ltr'><strong><em>etc.</em></strong></span> 
     </span>
    </p>
   </div>
   <div class='ocr_carea' id='block_1_153' title="bbox 1157 4174 1844 4245">
    <p class='ocr_par' dir='ltr' id='par_1_153' title="bbox 1157 4174 1844 4245">
     <span class='ocr_line' id='line_1_153' title="bbox 1157 4174 1844 4245; baseline 0.004 -17"><span class='ocrx_word' id='word_1_536' title='bbox 1157 4175 1232 4228; x_wconf 91' lang='lat' dir='ltr'><strong><em>Id.</em></strong></span> <span class='ocrx_word' id='word_1_537' title='bbox 1261 4174 1354 4230; x_wconf 88' lang='lat' dir='ltr'><strong><em>Cui</em></strong></span> <span class='ocrx_word' id='word_1_538' title='bbox 1394 4179 1548 4228; x_wconf 79' lang='lat' dir='ltr'><strong><em>ricem</em></strong></span> <span class='ocrx_word' id='word_1_539' title='bbox 1574 4191 1844 4245; x_wconf 86' lang='lat' dir='ltr'><strong><em>repensare</em></strong></span> 
     </span>
    </p>
   </div>
   <div class='ocr_carea' id='block_1_154' title="bbox 1082 4261 1508 4319">
    <p class='ocr_par' dir='ltr' id='par_1_154' title="bbox 1082 4261 1508 4319">
     <span class='ocr_line' id='line_1_154' title="bbox 1082 4261 1508 4319; baseline 0 -19"><span class='ocrx_word' id='word_1_540' title='bbox 1082 4261 1201 4319; x_wconf 78' lang='lat' dir='ltr'><strong><em>non</em></strong></span> <span class='ocrx_word' id='word_1_541' title='bbox 1219 4263 1508 4319; x_wconf 87' lang='lat' dir='ltr'><strong><em>possumus.</em></strong></span> 
     </span>
    </p>
   </div>
   <div class='ocr_carea' id='block_1_155' title="bbox 1153 4317 1846 4384">
    <p class='ocr_par' dir='ltr' id='par_1_155' title="bbox 1153 4317 1846 4384">
     <span class='ocr_line' id='line_1_155' title="bbox 1153 4317 1846 4384; baseline 0.006 -12"><span class='ocrx_word' id='word_1_542' title='bbox 1153 4317 1229 4374; x_wconf 83' lang='lat' dir='ltr'><strong><em>Id.</em></strong></span> <span class='ocrx_word' id='word_1_543' title='bbox 1277 4320 1410 4384; x_wconf 90' lang='lat' dir='ltr'><strong><em>Quia</em></strong></span> <span class='ocrx_word' id='word_1_544' title='bbox 1462 4317 1600 4372; x_wconf 86' lang='lat' dir='ltr'><strong><em>mitis</em></strong></span> <span class='ocrx_word' id='word_1_545' title='bbox 1650 4335 1762 4373; x_wconf 80' lang='lat' dir='ltr'><strong><em>sum</em></strong></span> <span class='ocrx_word' id='word_1_546' title='bbox 1797 4330 1846 4376; x_wconf 91' lang='lat' dir='ltr'><strong><em>et</em></strong></span> 
     </span>
    </p>
   </div>
   <div class='ocr_carea' id='block_1_156' title="bbox 1084 4389 1846 4456">
    <p class='ocr_par' dir='ltr' id='par_1_156' title="bbox 1084 4389 1846 4456">
     <span class='ocr_line' id='line_1_156' title="bbox 1084 4389 1846 4456; baseline 0.003 -12"><span class='ocrx_word' id='word_1_547' title='bbox 1084 4389 1293 4444; x_wconf 82' lang='lat' dir='ltr'><strong><em>humilis</em></strong></span> <span class='ocrx_word' id='word_1_548' title='bbox 1315 4392 1486 4456; x_wconf 91' lang='lat' dir='ltr'><strong><em>corde,</em></strong></span> <span class='ocrx_word' id='word_1_549' title='bbox 1516 4400 1561 4443; x_wconf 92' lang='lat' dir='ltr'><strong><em>et</em></strong></span> <span class='ocrx_word' id='word_1_550' title='bbox 1583 4392 1846 4446; x_wconf 90' lang='lat' dir='ltr'><strong><em>invenietis</em></strong></span> 
     </span>
    </p>
   </div>
   <div class='ocr_carea' id='block_1_157' title="bbox 1081 4462 1840 4528">
    <p class='ocr_par' dir='ltr' id='par_1_157' title="bbox 1081 4462 1840 4528">
     <span class='ocr_line' id='line_1_157' title="bbox 1081 4462 1840 4528; baseline 0.001 -13"><span class='ocrx_word' id='word_1_551' title='bbox 1081 4463 1306 4528; x_wconf 88' lang='lat' dir='ltr'><strong><em>requiem</em></strong></span> <span class='ocrx_word' id='word_1_552' title='bbox 1328 4462 1595 4514; x_wconf 88' lang='lat' dir='ltr'><strong><em>animabus</em></strong></span> <span class='ocrx_word' id='word_1_553' title='bbox 1641 4465 1840 4516; x_wconf 87' lang='lat' dir='ltr'><strong><em>vestris.</em></strong></span> 
     </span>
    </p>
   </div>
   <div class='ocr_carea' id='block_1_158' title="bbox 1088 4532 1623 4605">
    <p class='ocr_par' dir='ltr' id='par_1_158' title="bbox 1088 4532 1623 4605">
     <span class='ocr_line' id='line_1_158' title="bbox 1088 4532 1623 4605; baseline 0 -19"><span class='ocrx_word' id='word_1_554' title='bbox 1088 4533 1306 4605; x_wconf 74' lang='lat' dir='ltr'><strong><em>Oportet</em></strong></span> <span class='ocrx_word' id='word_1_555' title='bbox 1324 4532 1496 4605; x_wconf 81' lang='lat' dir='ltr'><strong><em>igitur,</em></strong></span> <span class='ocrx_word' id='word_1_556' title='bbox 1520 4542 1623 4588; x_wconf 85' lang='lat' dir='ltr'><strong><em>etc.</em></strong></span> 
     </span>
    </p>
   </div>
   <div class='ocr_carea' id='block_1_159' title="bbox 1157 4603 1846 4659">
    <p class='ocr_par' dir='ltr' id='par_1_159' title="bbox 1157 4603 1846 4659">
     <span class='ocr_line' id='line_1_159' title="bbox 1157 4603 1846 4659; baseline 0.003 -2"><span class='ocrx_word' id='word_1_557' title='bbox 1157 4605 1232 4658; x_wconf 89' lang='lat' dir='ltr'><strong><em>Id.</em></strong></span> <span class='ocrx_word' id='word_1_558' title='bbox 1277 4603 1381 4659; x_wconf 76' lang='lat' dir='ltr'><strong><em>Sed</em></strong></span> <span class='ocrx_word' id='word_1_559' title='bbox 1427 4605 1624 4657; x_wconf 88' lang='lat' dir='ltr'><strong><em>divinus</em></strong></span> <span class='ocrx_word' id='word_1_560' title='bbox 1654 4621 1743 4658; x_wconf 85' lang='lat' dir='ltr'><strong><em>nos</em></strong></span> <span class='ocrx_word' id='word_1_561' title='bbox 1773 4623 1846 4659; x_wconf 85' lang='lat' dir='ltr'><strong><em>re-</em></strong></span> 
     </span>
    </p>
   </div>
   <div class='ocr_carea' id='block_1_160' title="bbox 1085 4679 1844 4744">
    <p class='ocr_par' dir='ltr' id='par_1_160' title="bbox 1085 4679 1844 4744">
     <span class='ocr_line' id='line_1_160' title="bbox 1085 4679 1844 4744; baseline 0.005 -18"><span class='ocrx_word' id='word_1_562' title='bbox 1085 4685 1282 4744; x_wconf 88' lang='lat' dir='ltr'><strong><em>spectus</em></strong></span> <span class='ocrx_word' id='word_1_563' title='bbox 1310 4690 1507 4744; x_wconf 90' lang='lat' dir='ltr'><strong><em>semper</em></strong></span> <span class='ocrx_word' id='word_1_564' title='bbox 1546 4691 1578 4726; x_wconf 90' lang='lat' dir='ltr'><strong><em>a</em></strong></span> <span class='ocrx_word' id='word_1_565' title='bbox 1625 4679 1844 4744; x_wconf 90' lang='lat' dir='ltr'><strong><em>peccatis</em></strong></span> 
     </span>
    </p>
   </div>
   <div class='ocr_carea' id='block_1_161' title="bbox 1085 4754 1274 4800">
    <p class='ocr_par' dir='ltr' id='par_1_161' title="bbox 1085 4754 1274 4800">
     <span class='ocr_line' id='line_1_161' title="bbox 1085 4754 1274 4800; baseline 0.021 -4"><span class='ocrx_word' id='word_1_566' title='bbox 1085 4754 1274 4800; x_wconf 90' lang='lat' dir='ltr'><strong><em>arceat.</em></strong></span> 
     </span>
    </p>
   </div>
   <div class='ocr_carea' id='block_1_162' title="bbox 1161 4816 1846 4872">
    <p class='ocr_par' dir='ltr' id='par_1_162' title="bbox 1161 4816 1846 4872">
     <span class='ocr_line' id='line_1_162' title="bbox 1161 4816 1846 4872; baseline 0 -1"><span class='ocrx_word' id='word_1_567' title='bbox 1161 4817 1238 4871; x_wconf 91' lang='lat' dir='ltr'><strong><em>Id.</em></strong></span> <span class='ocrx_word' id='word_1_568' title='bbox 1298 4816 1404 4872; x_wconf 88' lang='lat' dir='ltr'><strong><em>Sed</em></strong></span> <span class='ocrx_word' id='word_1_569' title='bbox 1453 4817 1605 4870; x_wconf 90' lang='lat' dir='ltr'><strong><em>etiam</em></strong></span> <span class='ocrx_word' id='word_1_570' title='bbox 1653 4825 1846 4871; x_wconf 88' lang='lat' dir='ltr'><strong><em>secreta</em></strong></span> 
     </span>
    </p>
   </div>
   <div class='ocr_carea' id='block_1_163' title="bbox 1088 4889 1843 4945">
    <p class='ocr_par' dir='ltr' id='par_1_163' title="bbox 1088 4889 1843 4945">
     <span class='ocr_line' id='line_1_163' title="bbox 1088 4889 1843 4945; baseline 0.003 -3"><span class='ocrx_word' id='word_1_571' title='bbox 1088 4889 1254 4942; x_wconf 88' lang='lat' dir='ltr'><strong><em>cordis</em></strong></span> <span class='ocrx_word' id='word_1_572' title='bbox 1281 4889 1569 4942; x_wconf 74' lang='lat' dir='ltr'><strong><em>considerat</em></strong></span> <span class='ocrx_word' id='word_1_573' title='bbox 1597 4898 1643 4942; x_wconf 93' lang='lat' dir='ltr'><strong><em>et</em></strong></span> <span class='ocrx_word' id='word_1_574' title='bbox 1687 4889 1843 4945; x_wconf 88' lang='lat' dir='ltr'><strong><em>videt.</em></strong></span> 
     </span>
    </p>
   </div>
   <div class='ocr_carea' id='block_1_164' title="bbox 1163 4957 1846 5029">
    <p class='ocr_par' dir='ltr' id='par_1_164' title="bbox 1163 4957 1846 5029">
     <span class='ocr_line' id='line_1_164' title="bbox 1163 4957 1846 5029; baseline 0.001 -16"><span class='ocrx_word' id='word_1_575' title='bbox 1163 4960 1237 5014; x_wconf 92' lang='lat' dir='ltr'><strong><em>Id.</em></strong></span> <span class='ocrx_word' id='word_1_576' title='bbox 1293 4957 1510 5013; x_wconf 90' lang='lat' dir='ltr'><strong><em>Nullum</em></strong></span> <span class='ocrx_word' id='word_1_577' title='bbox 1577 4974 1846 5029; x_wconf 86' lang='lat' dir='ltr'><strong><em>ponentem</em></strong></span> 
     </span>
    </p>
   </div>
   <div class='ocr_carea' id='block_1_165' title="bbox 1091 5032 1654 5084">
    <p class='ocr_par' dir='ltr' id='par_1_165' title="bbox 1091 5032 1654 5084">
     <span class='ocr_line' id='line_1_165' title="bbox 1091 5032 1654 5084; baseline 0 0"><span class='ocrx_word' id='word_1_578' title='bbox 1091 5048 1299 5084; x_wconf 89' lang='lat' dir='ltr'><strong><em>manum</em></strong></span> <span class='ocrx_word' id='word_1_579' title='bbox 1323 5032 1376 5084; x_wconf 88' lang='lat' dir='ltr'><strong><em>in</em></strong></span> <span class='ocrx_word' id='word_1_580' title='bbox 1406 5041 1654 5084; x_wconf 90' lang='lat' dir='ltr'><strong><em>aratrum.</em></strong></span> 
     </span>
    </p>
   </div>
   <div class='ocr_carea' id='block_1_166' title="bbox 1165 5100 1847 5174">
    <p class='ocr_par' dir='ltr' id='par_1_166' title="bbox 1165 5100 1847 5174">
     <span class='ocr_line' id='line_1_166' title="bbox 1165 5100 1847 5174; baseline -0.001 -17"><span class='ocrx_word' id='word_1_581' title='bbox 1165 5101 1239 5157; x_wconf 92' lang='lat' dir='ltr'><strong><em>Id.</em></strong></span> <span class='ocrx_word' id='word_1_582' title='bbox 1265 5100 1346 5155; x_wconf 92' lang='lat' dir='ltr'><strong><em>Ibi</em></strong></span> <span class='ocrx_word' id='word_1_583' title='bbox 1373 5119 1491 5174; x_wconf 85' lang='lat' dir='ltr'><strong><em>ergo</em></strong></span> <span class='ocrx_word' id='word_1_584' title='bbox 1513 5104 1847 5171; x_wconf 88' lang='lat' dir='ltr'><strong><em>suspiremus,</em></strong></span> 
     </span>
    </p>
   </div>
   <div class='ocr_carea' id='block_1_167' title="bbox 1094 5175 1845 5246">
    <p class='ocr_par' dir='ltr' id='par_1_167' title="bbox 1094 5175 1845 5246">
     <span class='ocr_line' id='line_1_167' title="bbox 1094 5175 1845 5246; baseline 0.001 -17"><span class='ocrx_word' id='word_1_585' title='bbox 1094 5175 1182 5229; x_wconf 90' lang='lat' dir='ltr'><strong><em>ubi</em></strong></span> <span class='ocrx_word' id='word_1_586' title='bbox 1200 5191 1336 5229; x_wconf 91' lang='lat' dir='ltr'><strong><em>mors</em></strong></span> <span class='ocrx_word' id='word_1_587' title='bbox 1347 5175 1464 5246; x_wconf 83' lang='lat' dir='ltr'><strong><em>jam</em></strong></span> <span class='ocrx_word' id='word_1_588' title='bbox 1495 5191 1595 5228; x_wconf 91' lang='lat' dir='ltr'><strong><em>non</em></strong></span> <span class='ocrx_word' id='word_1_589' title='bbox 1623 5176 1845 5230; x_wconf 88' lang='lat' dir='ltr'><strong><em>timetur.</em></strong></span> 
     </span>
    </p>
   </div>
   <div class='ocr_carea' id='block_1_168' title="bbox 333 5287 1767 5415">
    <p class='ocr_par' dir='ltr' id='par_1_168' title="bbox 333 5287 1767 5415">
     <span class='ocr_line' id='line_1_168' title="bbox 333 5287 1767 5415; baseline -0.003 -67"><span class='ocrx_word' id='word_1_590' title='bbox 333 5292 540 5349; x_wconf 81' lang='lat' dir='ltr'><strong><em>LIBER</em></strong></span> <span class='ocrx_word' id='word_1_591' title='bbox 579 5291 667 5346; x_wconf 84' lang='lat' dir='ltr'><strong><em>DE</em></strong></span> <span class='ocrx_word' id='word_1_592' title='bbox 707 5287 1195 5415; x_wconf 48' lang='grc' dir='ltr'><strong><em>Αδὸυῦῧῗέἑίῖξὲ</em></strong></span> <span class='ocrx_word' id='word_1_593' title='bbox 1237 5288 1489 5344; x_wconf 69' lang='grc' dir='ltr'><strong><em>ΒΕΑΤΛΕ</em></strong></span> <span class='ocrx_word' id='word_1_594' title='bbox 1530 5288 1767 5344; x_wconf 64' lang='lat' dir='ltr'><strong><em>MARIA‘I</em></strong></span> 
     </span>
    </p>
   </div>
   <div class='ocr_carea' id='block_1_169' title="bbox 337 5453 1849 5532">
    <p class='ocr_par' dir='ltr' id='par_1_169' title="bbox 337 5453 1849 5532">
     <span class='ocr_line' id='line_1_169' title="bbox 337 5453 1849 5532; baseline -0.004 -15"><span class='ocrx_word' id='word_1_595' title='bbox 337 5459 555 5532; x_wconf 76' lang='lat' dir='ltr'><strong><em>Legitur</em></strong></span> <span class='ocrx_word' id='word_1_596' title='bbox 583 5458 637 5512; x_wconf 88' lang='lat' dir='ltr'><strong><em>iu</em></strong></span> <span class='ocrx_word' id='word_1_597' title='bbox 677 5455 815 5512; x_wconf 88' lang='lat' dir='ltr'><strong><em>Bibl.</em></strong></span> <span class='ocrx_word' id='word_1_598' title='bbox 843 5453 1225 5524; x_wconf 80' lang='lat' dir='ltr'><strong><em>Magliabech.,</em></strong></span> <span class='ocrx_word' id='word_1_599' title='bbox 1252 5454 1370 5509; x_wconf 92' lang='lat' dir='ltr'><strong><em>cod.</em></strong></span> <span class='ocrx_word' id='word_1_600' title='bbox 1407 5471 1569 5511; x_wconf 77' lang='lat' dir='ltr'><strong><em>Lxxxi</em></strong></span> <span class='ocrx_word' id='word_1_601' title='bbox 1591 5495 1606 5520; x_wconf 85' lang='lat'><strong><em>,</em></strong></span> <span class='ocrx_word' id='word_1_602' title='bbox 1635 5456 1728 5512; x_wconf 83' lang='lat' dir='ltr'><strong><em>fol.</em></strong></span> <span class='ocrx_word' id='word_1_603' title='bbox 1759 5458 1849 5512; x_wconf 83' lang='lat'><strong><em>68.</em></strong></span> 
     </span>
    </p>
   </div>
   <div class='ocr_carea' id='block_1_170' title="bbox 340 5549 1018 5614">
    <p class='ocr_par' dir='ltr' id='par_1_170' title="bbox 340 5549 1018 5614">
     <span class='ocr_line' id='line_1_170' title="bbox 340 5549 1018 5614; baseline -0.016 -5"><span class='ocrx_word' id='word_1_604' title='bbox 340 5553 484 5609; x_wconf 80' lang='lat' dir='ltr'><strong><em>Edit.</em></strong></span> <span class='ocrx_word' id='word_1_605' title='bbox 511 5551 669 5608; x_wconf 68' lang='lat' dir='ltr'><strong><em>Praei.</em></strong></span> <span class='ocrx_word' id='word_1_606' title='bbox 696 5549 889 5614; x_wconf 84' lang='lat' dir='ltr'><strong><em>Quibus</em></strong></span> <span class='ocrx_word' id='word_1_607' title='bbox 909 5563 1018 5600; x_wconf 87' lang='lat' dir='ltr'><strong><em>cre-</em></strong></span> 
     </span>
    </p>
   </div>
   <div class='ocr_carea' id='block_1_171' title="bbox 267 5624 927 5681">
    <p class='ocr_par' dir='ltr' id='par_1_171' title="bbox 267 5624 927 5681">
     <span class='ocr_line' id='line_1_171' title="bbox 267 5624 927 5681; baseline -0.011 -1"><span class='ocrx_word' id='word_1_608' title='bbox 267 5627 488 5681; x_wconf 89' lang='lat' dir='ltr'><strong><em>didimus</em></strong></span> <span class='ocrx_word' id='word_1_609' title='bbox 511 5634 558 5677; x_wconf 92' lang='lat' dir='ltr'><strong><em>et</em></strong></span> <span class='ocrx_word' id='word_1_610' title='bbox 590 5624 710 5677; x_wconf 88' lang='lat' dir='ltr'><strong><em>certi</em></strong></span> <span class='ocrx_word' id='word_1_611' title='bbox 734 5637 927 5676; x_wconf 88' lang='lat' dir='ltr'><strong><em>sumus.</em></strong></span> 
     </span>
    </p>
   </div>
   <div class='ocr_carea' id='block_1_172' title="bbox 341 5695 1024 5765">
    <p class='ocr_par' dir='ltr' id='par_1_172' title="bbox 341 5695 1024 5765">
     <span class='ocr_line' id='line_1_172' title="bbox 341 5695 1024 5765; baseline -0.006 -13"><span class='ocrx_word' id='word_1_612' title='bbox 341 5695 472 5752; x_wconf 78' lang='lat' dir='ltr'><strong><em>Ibid.</em></strong></span> <span class='ocrx_word' id='word_1_613' title='bbox 516 5695 706 5751; x_wconf 85' lang='lat' dir='ltr'><strong><em>Tamen</em></strong></span> <span class='ocrx_word' id='word_1_614' title='bbox 754 5696 921 5765; x_wconf 87' lang='lat' dir='ltr'><strong><em>ipsum</em></strong></span> <span class='ocrx_word' id='word_1_615' title='bbox 961 5708 1024 5748; x_wconf 67' lang='lat' dir='ltr'><strong><em>es</em></strong></span> 
     </span>
    </p>
   </div>
   <div class='ocr_carea' id='block_1_173' title="bbox 271 5851 364 5898">
    <p class='ocr_par' dir='ltr' id='par_1_173' title="bbox 271 5851 364 5898">
     <span class='ocr_line' id='line_1_173' title="bbox 271 5851 364 5898; baseline 0 -4"><span class='ocrx_word' id='word_1_616' title='bbox 271 5851 340 5898; x_wconf 68' lang='grc' dir='ltr'><strong><em>σει</em></strong></span> <span class='ocrx_word' id='word_1_617' title='bbox 347 5878 364 5895; x_wconf 71' lang='grc' dir='ltr'>ι</span> 
     </span>
    </p>
   </div>
   <div class='ocr_carea' id='block_1_174' title="bbox 1163 5545 1858 5614">
    <p class='ocr_par' dir='ltr' id='par_1_174' title="bbox 1163 5545 1858 5614">
     <span class='ocr_line' id='line_1_174' title="bbox 1163 5545 1858 5614; baseline 0.009 -14"><span class='ocrx_word' id='word_1_618' title='bbox 1163 5545 1297 5602; x_wconf 89' lang='lat' dir='ltr'><strong><em>Cod.</em></strong></span> <span class='ocrx_word' id='word_1_619' title='bbox 1354 5548 1549 5614; x_wconf 89' lang='lat' dir='ltr'><strong><em>Quibus</em></strong></span> <span class='ocrx_word' id='word_1_620' title='bbox 1605 5549 1858 5606; x_wconf 83' lang='lat' dir='ltr'><strong><em>credimus</em></strong></span> 
     </span>
    </p>
   </div>
   <div class='ocr_carea' id='block_1_175' title="bbox 1097 5619 1510 5674">
    <p class='ocr_par' dir='ltr' id='par_1_175' title="bbox 1097 5619 1510 5674">
     <span class='ocr_line' id='line_1_175' title="bbox 1097 5619 1510 5674; baseline 0.012 -4"><span class='ocrx_word' id='word_1_621' title='bbox 1097 5626 1142 5670; x_wconf 90' lang='lat' dir='ltr'><strong><em>et</em></strong></span> <span class='ocrx_word' id='word_1_622' title='bbox 1165 5619 1287 5672; x_wconf 88' lang='lat' dir='ltr'><strong><em>certi</em></strong></span> <span class='ocrx_word' id='word_1_623' title='bbox 1313 5637 1510 5674; x_wconf 86' lang='lat' dir='ltr'><strong><em>sumus.</em></strong></span> 
     </span>
    </p>
   </div>
   <div class='ocr_carea' id='block_1_176' title="bbox 1172 5689 1860 5762">
    <p class='ocr_par' dir='ltr' id='par_1_176' title="bbox 1172 5689 1860 5762">
     <span class='ocr_line' id='line_1_176' title="bbox 1172 5689 1860 5762; baseline 0.004 -18"><span class='ocrx_word' id='word_1_624' title='bbox 1172 5689 1249 5745; x_wconf 90' lang='lat' dir='ltr'><strong><em>Id.</em></strong></span> <span class='ocrx_word' id='word_1_625' title='bbox 1320 5691 1510 5746; x_wconf 85' lang='lat' dir='ltr'><strong><em>Tamen</em></strong></span> <span class='ocrx_word' id='word_1_626' title='bbox 1573 5692 1740 5762; x_wconf 88' lang='lat' dir='ltr'><strong><em>ipsum</em></strong></span> <span class='ocrx_word' id='word_1_627' title='bbox 1798 5709 1860 5748; x_wconf 76' lang='lat' dir='ltr'><strong><em>ex</em></strong></span> 
     </span>
    </p>
   </div>
   <div class='ocr_carea' id='block_1_177' title="bbox 271 5765 1858 5839">
    <p class='ocr_par' dir='ltr' id='par_1_177' title="bbox 271 5765 1858 5839">
     <span class='ocr_line' id='line_1_177' title="bbox 271 5765 1858 5839; baseline -0.004 -16"><span class='ocrx_word' id='word_1_628' title='bbox 271 5778 414 5839; x_wconf 83' lang='lat' dir='ltr'><strong><em>parte</em></strong></span> <span class='ocrx_word' id='word_1_629' title='bbox 443 5768 580 5838; x_wconf 86' lang='lat' dir='ltr'><strong><em>quod</em></strong></span> <span class='ocrx_word' id='word_1_630' title='bbox 623 5774 713 5831; x_wconf 84' lang='lat' dir='ltr'><strong><em>est,</em></strong></span> <span class='ocrx_word' id='word_1_631' title='bbox 743 5765 947 5820; x_wconf 89' lang='lat' dir='ltr'><strong><em>dicatur</em></strong></span> <span class='ocrx_word' id='word_1_632' title='bbox 977 5776 1028 5821; x_wconf 86' lang='lat' dir='ltr'><strong><em>ut</em></strong></span> <span class='ocrx_word' id='word_1_633' title='bbox 1104 5774 1246 5829; x_wconf 87' lang='lat' dir='ltr'><strong><em>parte</em></strong></span> <span class='ocrx_word' id='word_1_634' title='bbox 1281 5765 1416 5834; x_wconf 87' lang='lat' dir='ltr'><strong><em>quod</em></strong></span> <span class='ocrx_word' id='word_1_635' title='bbox 1467 5774 1560 5827; x_wconf 88' lang='lat' dir='ltr'><strong><em>est,</em></strong></span> <span class='ocrx_word' id='word_1_636' title='bbox 1595 5766 1760 5820; x_wconf 86' lang='lat' dir='ltr'><strong><em>dicam</em></strong></span> <span class='ocrx_word' id='word_1_637' title='bbox 1805 5775 1858 5818; x_wconf 89' lang='lat' dir='ltr'><strong><em>ut</em></strong></span> 
     </span>
    </p>
   </div>
   <div class='ocr_carea' id='block_1_178' title="bbox 1102 5843 1194 5890">
    <p class='ocr_par' dir='ltr' id='par_1_178' title="bbox 1102 5843 1194 5890">
     <span class='ocr_line' id='line_1_178' title="bbox 1102 5843 1194 5890; baseline 0.022 -4"><span class='ocrx_word' id='word_1_638' title='bbox 1102 5843 1194 5890; x_wconf 89' lang='lat' dir='ltr'><strong><em>est.</em></strong></span> 
     </span>
    </p>
   </div>
   <div class='ocr_carea' id='block_1_179' title="bbox 2019 3232 2770 3303">
    <p class='ocr_par' dir='ltr' id='par_1_179' title="bbox 2019 3232 2770 3303">
     <span class='ocr_line' id='line_1_179' title="bbox 2019 3232 2770 3303; baseline -0.004 -13"><span class='ocrx_word' id='word_1_639' title='bbox 2019 3236 2147 3303; x_wconf 87' lang='lat' dir='ltr'><strong><em>Cap.</em></strong></span> <span class='ocrx_word' id='word_1_640' title='bbox 2182 3251 2274 3290; x_wconf 74' lang='lat' dir='ltr'><strong><em>\‘II.</em></strong></span> <span class='ocrx_word' id='word_1_641' title='bbox 2324 3235 2386 3290; x_wconf 85' lang='lat' dir='ltr'><strong><em>Si</em></strong></span> <span class='ocrx_word' id='word_1_642' title='bbox 2411 3236 2546 3289; x_wconf 84' lang='lat' dir='ltr'><strong><em>enim</em></strong></span> <span class='ocrx_word' id='word_1_643' title='bbox 2599 3232 2707 3287; x_wconf 73' lang='lat' dir='ltr'><strong><em>lucc</em></strong></span> <span class='ocrx_word' id='word_1_644' title='bbox 2765 3255 2770 3259; x_wconf 57' lang='grc' dir='ltr'>λ</span> 
     </span>
    </p>
   </div>
   <div class='ocr_carea' id='block_1_180' title="bbox 1945 3308 2488 3379">
    <p class='ocr_par' dir='ltr' id='par_1_180' title="bbox 1945 3308 2488 3379">
     <span class='ocr_line' id='line_1_180' title="bbox 1945 3308 2488 3379; baseline -0.006 -18"><span class='ocrx_word' id='word_1_645' title='bbox 1945 3308 2488 3379; x_wconf 28' lang='grc' dir='ltr'><strong><em>θεηβιηιὶδᾼδεηιεηιὶα.</em></strong></span> 
     </span>
    </p>
   </div>
   <div class='ocr_carea' id='block_1_181' title="bbox 2014 3377 2707 3447">
    <p class='ocr_par' dir='ltr' id='par_1_181' title="bbox 2014 3377 2707 3447">
     <span class='ocr_line' id='line_1_181' title="bbox 2014 3377 2707 3447; baseline -0.007 -14"><span class='ocrx_word' id='word_1_646' title='bbox 2014 3377 2148 3433; x_wconf 90' lang='lat' dir='ltr'><strong><em>Ibid.</em></strong></span> <span class='ocrx_word' id='word_1_647' title='bbox 2180 3377 2359 3431; x_wconf 88' lang='lat' dir='ltr'><strong><em>Omnis</em></strong></span> <span class='ocrx_word' id='word_1_648' title='bbox 2392 3378 2481 3447; x_wconf 90' lang='lat' dir='ltr'><strong><em>qui</em></strong></span> <span class='ocrx_word' id='word_1_649' title='bbox 2523 3391 2707 3429; x_wconf 88' lang='lat' dir='ltr'><strong><em>sanum</em></strong></span> 
     </span>
    </p>
   </div>
   <div class='ocr_carea' id='block_1_182' title="bbox 1943 3447 2382 3521">
    <p class='ocr_par' dir='ltr' id='par_1_182' title="bbox 1943 3447 2382 3521">
     <span class='ocr_line' id='line_1_182' title="bbox 1943 3447 2382 3521; baseline -0.005 -18"><span class='ocrx_word' id='word_1_650' title='bbox 1943 3451 2096 3517; x_wconf 75' lang='lat' dir='ltr'><strong><em>sapit,</em></strong></span> <span class='ocrx_word' id='word_1_651' title='bbox 2118 3447 2382 3521; x_wconf 72' lang='lat' dir='ltr'><strong><em>intelligit.</em></strong></span> 
     </span>
    </p>
   </div>
   <div class='ocr_carea' id='block_1_183' title="bbox 1933 3517 2709 3589">
    <p class='ocr_par' dir='ltr' id='par_1_183' title="bbox 1933 3517 2709 3589">
     <span class='ocr_line' id='line_1_183' title="bbox 1933 3517 2709 3589; baseline -0.008 -13"><span class='ocrx_word' id='word_1_652' title='bbox 1933 3585 1936 3588; x_wconf 15' lang='lat'><strong>~</strong></span> <span class='ocrx_word' id='word_1_653' title='bbox 2018 3519 2149 3575; x_wconf 88' lang='lat' dir='ltr'><strong><em>Ibid.</em></strong></span> <span class='ocrx_word' id='word_1_654' title='bbox 2186 3519 2250 3573; x_wconf 89' lang='lat' dir='ltr'><strong><em>In</em></strong></span> <span class='ocrx_word' id='word_1_655' title='bbox 2286 3517 2533 3589; x_wconf 79' lang='lat' dir='ltr'><strong><em>prtesepio</em></strong></span> <span class='ocrx_word' id='word_1_656' title='bbox 2559 3517 2709 3571; x_wconf 89' lang='lat' dir='ltr'><strong><em>recli-</em></strong></span> 
     </span>
    </p>
   </div>
   <div class='ocr_carea' id='block_1_184' title="bbox 1947 3593 2105 3646">
    <p class='ocr_par' dir='ltr' id='par_1_184' title="bbox 1947 3593 2105 3646">
     <span class='ocr_line' id='line_1_184' title="bbox 1947 3593 2105 3646; baseline -0.025 0"><span class='ocrx_word' id='word_1_657' title='bbox 1947 3593 2083 3646; x_wconf 84' lang='lat' dir='ltr'><strong><em>navit</em></strong></span> <span class='ocrx_word' id='word_1_658' title='bbox 2093 3631 2105 3643; x_wconf 92' lang='lat'><strong><em>.</em></strong></span> 
     </span>
    </p>
   </div>
   <div class='ocr_carea' id='block_1_185' title="bbox 2018 3659 2712 3715">
    <p class='ocr_par' dir='ltr' id='par_1_185' title="bbox 2018 3659 2712 3715">
     <span class='ocr_line' id='line_1_185' title="bbox 2018 3659 2712 3715; baseline -0.006 0"><span class='ocrx_word' id='word_1_659' title='bbox 2018 3661 2146 3715; x_wconf 89' lang='lat' dir='ltr'><strong><em>Ibid.</em></strong></span> <span class='ocrx_word' id='word_1_660' title='bbox 2177 3659 2297 3713; x_wconf 86' lang='lat' dir='ltr'><strong><em>Non</em></strong></span> <span class='ocrx_word' id='word_1_661' title='bbox 2315 3659 2572 3714; x_wconf 87' lang='lat' dir='ltr'><strong><em>recesserit</em></strong></span> <span class='ocrx_word' id='word_1_662' title='bbox 2592 3674 2712 3712; x_wconf 91' lang='lat' dir='ltr'><strong><em>con-</em></strong></span> 
     </span>
    </p>
   </div>
   <div class='ocr_carea' id='block_1_186' title="bbox 1928 3729 2710 3801">
    <p class='ocr_par' dir='ltr' id='par_1_186' title="bbox 1928 3729 2710 3801">
     <span class='ocr_line' id='line_1_186' title="bbox 1928 3729 2710 3801; baseline -0.006 -14"><span class='ocrx_word' id='word_1_663' title='bbox 1928 3733 2162 3794; x_wconf 78' lang='lat' dir='ltr'><strong><em>sectata,</em></strong></span> <span class='ocrx_word' id='word_1_664' title='bbox 2188 3748 2291 3784; x_wconf 89' lang='lat' dir='ltr'><strong><em>non</em></strong></span> <span class='ocrx_word' id='word_1_665' title='bbox 2335 3731 2503 3785; x_wconf 90' lang='lat' dir='ltr'><strong><em>solum</em></strong></span> <span class='ocrx_word' id='word_1_666' title='bbox 2526 3729 2710 3801; x_wconf 81' lang='lat' dir='ltr'><strong><em>gressi—</em></strong></span> 
     </span>
    </p>
   </div>
   <div class='ocr_carea' id='block_1_187' title="bbox 1945 3803 2404 3872">
    <p class='ocr_par' dir='ltr' id='par_1_187' title="bbox 1945 3803 2404 3872">
     <span class='ocr_line' id='line_1_187' title="bbox 1945 3803 2404 3872; baseline -0.007 -15"><span class='ocrx_word' id='word_1_667' title='bbox 1945 3805 2038 3857; x_wconf 88' lang='lat' dir='ltr'><strong><em>bus</em></strong></span> <span class='ocrx_word' id='word_1_668' title='bbox 2061 3803 2267 3872; x_wconf 90' lang='lat' dir='ltr'><strong><em>pedum,</em></strong></span> <span class='ocrx_word' id='word_1_669' title='bbox 2300 3810 2404 3857; x_wconf 88' lang='lat' dir='ltr'><strong><em>etc.</em></strong></span> 
     </span>
    </p>
   </div>
   <div class='ocr_carea' id='block_1_188' title="bbox 2018 3871 2711 3940">
    <p class='ocr_par' dir='ltr' id='par_1_188' title="bbox 2018 3871 2711 3940">
     <span class='ocr_line' id='line_1_188' title="bbox 2018 3871 2711 3940; baseline -0.009 -12"><span class='ocrx_word' id='word_1_670' title='bbox 2018 3871 2149 3928; x_wconf 91' lang='lat' dir='ltr'><strong><em>Ibid.</em></strong></span> <span class='ocrx_word' id='word_1_671' title='bbox 2195 3872 2316 3927; x_wconf 89' lang='lat' dir='ltr'><strong><em>Non</em></strong></span> <span class='ocrx_word' id='word_1_672' title='bbox 2367 3872 2501 3928; x_wconf 88' lang='lat' dir='ltr'><strong><em>enim</em></strong></span> <span class='ocrx_word' id='word_1_673' title='bbox 2547 3871 2711 3940; x_wconf 91' lang='lat' dir='ltr'><strong><em>potuit</em></strong></span> 
     </span>
    </p>
   </div>
   <div class='ocr_carea' id='block_1_189' title="bbox 1947 3943 2714 4016">
    <p class='ocr_par' dir='ltr' id='par_1_189' title="bbox 1947 3943 2714 4016">
     <span class='ocr_line' id='line_1_189' title="bbox 1947 3943 2714 4016; baseline -0.008 -16"><span class='ocrx_word' id='word_1_674' title='bbox 1947 3946 2224 4000; x_wconf 88' lang='lat' dir='ltr'><strong><em>divinitatis</em></strong></span> <span class='ocrx_word' id='word_1_675' title='bbox 2301 3945 2413 4016; x_wconf 88' lang='lat' dir='ltr'><strong><em>ejus</em></strong></span> <span class='ocrx_word' id='word_1_676' title='bbox 2461 3943 2558 3996; x_wconf 91' lang='lat' dir='ltr'><strong><em>nisi</em></strong></span> <span class='ocrx_word' id='word_1_677' title='bbox 2606 3957 2714 3996; x_wconf 88' lang='lat' dir='ltr'><strong><em>esse</em></strong></span> 
     </span>
    </p>
   </div>
   <div class='ocr_carea' id='block_1_190' title="bbox 1950 4018 2183 4070">
    <p class='ocr_par' dir='ltr' id='par_1_190' title="bbox 1950 4018 2183 4070">
     <span class='ocr_line' id='line_1_190' title="bbox 1950 4018 2183 4070; baseline 0 0"><span class='ocrx_word' id='word_1_678' title='bbox 1950 4018 2183 4070; x_wconf 88' lang='lat' dir='ltr'><strong><em>credula.</em></strong></span> 
     </span>
    </p>
   </div>
   <div class='ocr_carea' id='block_1_191' title="bbox 2019 4084 2713 4157">
    <p class='ocr_par' dir='ltr' id='par_1_191' title="bbox 2019 4084 2713 4157">
     <span class='ocr_line' id='line_1_191' title="bbox 2019 4084 2713 4157; baseline -0.006 -15"><span class='ocrx_word' id='word_1_679' title='bbox 2019 4088 2148 4157; x_wconf 85' lang='lat' dir='ltr'><strong><em>Cap.</em></strong></span> <span class='ocrx_word' id='word_1_680' title='bbox 2197 4101 2309 4140; x_wconf 85' lang='lat' dir='ltr'><strong><em>vm.</em></strong></span> <span class='ocrx_word' id='word_1_681' title='bbox 2363 4084 2713 4157; x_wconf 88' lang='lat' dir='ltr'><strong><em>Consideratis</em></strong></span> 
     </span>
    </p>
   </div>
   <div class='ocr_carea' id='block_1_192' title="bbox 1948 4156 2714 4232">
    <p class='ocr_par' dir='ltr' id='par_1_192' title="bbox 1948 4156 2714 4232">
     <span class='ocr_line' id='line_1_192' title="bbox 1948 4156 2714 4232; baseline -0.007 -19"><span class='ocrx_word' id='word_1_682' title='bbox 1948 4156 2107 4232; x_wconf 78' lang='lat' dir='ltr'><strong><em>igitur</em></strong></span> <span class='ocrx_word' id='word_1_683' title='bbox 2127 4159 2204 4211; x_wconf 81' lang='lat' dir='ltr'><strong><em>his</em></strong></span> <span class='ocrx_word' id='word_1_684' title='bbox 2234 4156 2504 4232; x_wconf 74' lang='lat' dir='ltr'><strong><em>universis,</em></strong></span> <span class='ocrx_word' id='word_1_685' title='bbox 2531 4165 2576 4209; x_wconf 91' lang='lat' dir='ltr'><strong><em>et</em></strong></span> <span class='ocrx_word' id='word_1_686' title='bbox 2597 4171 2714 4208; x_wconf 88' lang='lat' dir='ltr'><strong><em>vera</em></strong></span> 
     </span>
    </p>
   </div>
   <div class='ocr_carea' id='block_1_193' title="bbox 1947 4227 2713 4297">
    <p class='ocr_par' dir='ltr' id='par_1_193' title="bbox 1947 4227 2713 4297">
     <span class='ocr_line' id='line_1_193' title="bbox 1947 4227 2713 4297; baseline -0.005 -13"><span class='ocrx_word' id='word_1_687' title='bbox 1947 4227 2168 4296; x_wconf 77' lang='lat' dir='ltr'><strong><em>ratione,</em></strong></span> <span class='ocrx_word' id='word_1_688' title='bbox 2198 4227 2543 4297; x_wconf 84' lang='lat' dir='ltr'><strong><em>conﬁtendum</em></strong></span> <span class='ocrx_word' id='word_1_689' title='bbox 2597 4242 2713 4280; x_wconf 90' lang='lat' dir='ltr'><strong><em>cen-</em></strong></span> 
     </span>
    </p>
   </div>
   <div class='ocr_carea' id='block_1_194' title="bbox 1947 4319 2052 4356">
    <p class='ocr_par' dir='ltr' id='par_1_194' title="bbox 1947 4319 2052 4356">
     <span class='ocr_line' id='line_1_194' title="bbox 1947 4319 2052 4356; baseline -0.019 0"><span class='ocrx_word' id='word_1_690' title='bbox 1947 4319 2052 4356; x_wconf 67' lang='grc'><strong><em>800.</em></strong></span> 
     </span>
    </p>
   </div>
   <div class='ocr_carea' id='block_1_195' title="bbox 2022 4368 2715 4438">
    <p class='ocr_par' dir='ltr' id='par_1_195' title="bbox 2022 4368 2715 4438">
     <span class='ocr_line' id='line_1_195' title="bbox 2022 4368 2715 4438; baseline -0.009 -12"><span class='ocrx_word' id='word_1_691' title='bbox 2022 4372 2154 4426; x_wconf 92' lang='lat' dir='ltr'><strong><em>Ibid.</em></strong></span> <span class='ocrx_word' id='word_1_692' title='bbox 2218 4371 2370 4438; x_wconf 81' lang='lat' dir='ltr'><strong><em>Apud</em></strong></span> <span class='ocrx_word' id='word_1_693' title='bbox 2453 4368 2715 4422; x_wconf 84' lang='lat' dir='ltr'><strong><em>Christum</em></strong></span> 
     </span>
    </p>
   </div>
   <div class='ocr_carea' id='block_1_196' title="bbox 1949 4441 2713 4515">
    <p class='ocr_par' dir='ltr' id='par_1_196' title="bbox 1949 4441 2713 4515">
     <span class='ocr_line' id='line_1_196' title="bbox 1949 4441 2713 4515; baseline -0.007 -17"><span class='ocrx_word' id='word_1_694' title='bbox 1949 4445 2169 4515; x_wconf 88' lang='lat' dir='ltr'><strong><em>gloriose</em></strong></span> <span class='ocrx_word' id='word_1_695' title='bbox 2191 4444 2257 4496; x_wconf 90' lang='lat' dir='ltr'><strong><em>ad</em></strong></span> <span class='ocrx_word' id='word_1_696' title='bbox 2275 4441 2573 4515; x_wconf 68' lang='lat' dir='ltr'><strong><em>a’ternitatis</em></strong></span> <span class='ocrx_word' id='word_1_697' title='bbox 2587 4456 2713 4515; x_wconf 86' lang='lat' dir='ltr'><strong><em>gau-</em></strong></span> 
     </span>
    </p>
   </div>
   <div class='ocr_carea' id='block_1_197' title="bbox 1950 4513 2714 4583">
    <p class='ocr_par' dir='ltr' id='par_1_197' title="bbox 1950 4513 2714 4583">
     <span class='ocr_line' id='line_1_197' title="bbox 1950 4513 2714 4583; baseline -0.009 -14"><span class='ocrx_word' id='word_1_698' title='bbox 1950 4513 2038 4569; x_wconf 84' lang='lat' dir='ltr'><strong><em>dia</em></strong></span> <span class='ocrx_word' id='word_1_699' title='bbox 2091 4525 2424 4582; x_wconf 86' lang='lat' dir='ltr'><strong><em>assumptain,</em></strong></span> <span class='ocrx_word' id='word_1_700' title='bbox 2485 4513 2714 4583; x_wconf 87' lang='lat' dir='ltr'><strong><em>benigni-</em></strong></span> 
     </span>
    </p>
   </div>
   <div class='ocr_carea' id='block_1_198' title="bbox 1872 4566 2213 4652">
    <p class='ocr_par' dir='ltr' id='par_1_198' title="bbox 1872 4566 2213 4652">
     <span class='ocr_line' id='line_1_198' title="bbox 1872 4566 2213 4652; baseline -0.009 -12"><span class='ocrx_word' id='word_1_701' title='bbox 1872 4566 1925 4625; x_wconf 83' lang='lat' dir='ltr'><strong><em>D</em></strong></span> <span class='ocrx_word' id='word_1_702' title='bbox 1950 4566 2073 4652; x_wconf 56' lang='lat' dir='ltr'><strong><em>ac,</em></strong></span> <span class='ocrx_word' id='word_1_703' title='bbox 2095 4566 2213 4640; x_wconf 22' lang='lat' dir='ltr'><strong><em>“sic;</em></strong></span> 
     </span>
    </p>
   </div>
   <div class='ocr_carea' id='block_1_199' title="bbox 2021 4653 2715 4724">
    <p class='ocr_par' dir='ltr' id='par_1_199' title="bbox 2021 4653 2715 4724">
     <span class='ocr_line' id='line_1_199' title="bbox 2021 4653 2715 4724; baseline -0.009 -14"><span class='ocrx_word' id='word_1_704' title='bbox 2021 4657 2150 4724; x_wconf 85' lang='lat' dir='ltr'><strong><em>Cap.</em></strong></span> <span class='ocrx_word' id='word_1_705' title='bbox 2179 4670 2254 4708; x_wconf 83' lang='lat' dir='ltr'><strong><em>ix.</em></strong></span> <span class='ocrx_word' id='word_1_706' title='bbox 2285 4653 2453 4720; x_wconf 89' lang='lat' dir='ltr'><strong><em>Quam</em></strong></span> <span class='ocrx_word' id='word_1_707' title='bbox 2494 4669 2574 4707; x_wconf 91' lang='lat' dir='ltr'><strong><em>me</em></strong></span> <span class='ocrx_word' id='word_1_708' title='bbox 2601 4669 2715 4706; x_wconf 89' lang='lat' dir='ltr'><strong><em>cum</em></strong></span> 
     </span>
    </p>
   </div>
   <div class='ocr_carea' id='block_1_200' title="bbox 1951 4726 2718 4796">
    <p class='ocr_par' dir='ltr' id='par_1_200' title="bbox 1951 4726 2718 4796">
     <span class='ocr_line' id='line_1_200' title="bbox 1951 4726 2718 4796; baseline -0.003 -17"><span class='ocrx_word' id='word_1_709' title='bbox 1951 4726 2192 4792; x_wconf 79' lang='lat' dir='ltr'><strong><em>Apostolo</em></strong></span> <span class='ocrx_word' id='word_1_710' title='bbox 2238 4727 2400 4796; x_wconf 87' lang='lat' dir='ltr'><strong><em>digna</em></strong></span> <span class='ocrx_word' id='word_1_711' title='bbox 2438 4726 2718 4796; x_wconf 88' lang='lat' dir='ltr'><strong><em>reverentia</em></strong></span> 
     </span>
    </p>
   </div>
   <div class='ocr_carea' id='block_1_201' title="bbox 1949 4795 2714 4858">
    <p class='ocr_par' dir='ltr' id='par_1_201' title="bbox 1949 4795 2714 4858">
     <span class='ocr_line' id='line_1_201' title="bbox 1949 4795 2714 4858; baseline -0.003 -8"><span class='ocrx_word' id='word_1_712' title='bbox 1949 4797 2124 4850; x_wconf 89' lang='lat' dir='ltr'><strong><em>videor</em></strong></span> <span class='ocrx_word' id='word_1_713' title='bbox 2136 4795 2317 4849; x_wconf 82' lang='lat' dir='ltr'><strong><em>debere</em></strong></span> <span class='ocrx_word' id='word_1_714' title='bbox 2346 4796 2614 4858; x_wconf 87' lang='lat' dir='ltr'><strong><em>admirari,</em></strong></span> <span class='ocrx_word' id='word_1_715' title='bbox 2629 4795 2714 4848; x_wconf 87' lang='lat' dir='ltr'><strong><em>di-</em></strong></span> 
     </span>
    </p>
   </div>
   <div class='ocr_carea' id='block_1_202' title="bbox 1949 4884 2083 4924">
    <p class='ocr_par' dir='ltr' id='par_1_202' title="bbox 1949 4884 2083 4924">
     <span class='ocr_line' id='line_1_202' title="bbox 1949 4884 2083 4924; baseline 0.022 -3"><span class='ocrx_word' id='word_1_716' title='bbox 1949 4884 2083 4924; x_wconf 88' lang='lat' dir='ltr'><strong><em>cens.</em></strong></span> 
     </span>
    </p>
   </div>
   <div class='ocr_carea' id='block_1_203' title="bbox 2022 4937 2714 5008">
    <p class='ocr_par' dir='ltr' id='par_1_203' title="bbox 2022 4937 2714 5008">
     <span class='ocr_line' id='line_1_203' title="bbox 2022 4937 2714 5008; baseline -0.009 -14"><span class='ocrx_word' id='word_1_717' title='bbox 2022 4938 2156 4994; x_wconf 89' lang='lat' dir='ltr'><strong><em>Ibid.</em></strong></span> <span class='ocrx_word' id='word_1_718' title='bbox 2181 4938 2371 4992; x_wconf 87' lang='lat' dir='ltr'><strong><em>Tamen</em></strong></span> <span class='ocrx_word' id='word_1_719' title='bbox 2387 4937 2714 5008; x_wconf 86' lang='lat' dir='ltr'><strong><em>quemadmo-</em></strong></span> 
     </span>
    </p>
   </div>
   <div class='ocr_carea' id='block_1_204' title="bbox 1953 5007 2711 5064">
    <p class='ocr_par' dir='ltr' id='par_1_204' title="bbox 1953 5007 2711 5064">
     <span class='ocr_line' id='line_1_204' title="bbox 1953 5007 2711 5064; baseline -0.003 -1"><span class='ocrx_word' id='word_1_720' title='bbox 1953 5011 2077 5063; x_wconf 89' lang='lat' dir='ltr'><strong><em>dum</em></strong></span> <span class='ocrx_word' id='word_1_721' title='bbox 2123 5026 2204 5064; x_wconf 90' lang='lat' dir='ltr'><strong><em>me</em></strong></span> <span class='ocrx_word' id='word_1_722' title='bbox 2253 5007 2421 5062; x_wconf 88' lang='lat' dir='ltr'><strong><em>dicere</em></strong></span> <span class='ocrx_word' id='word_1_723' title='bbox 2476 5007 2711 5062; x_wconf 86' lang='lat' dir='ltr'><strong><em>debuisse</em></strong></span> 
     </span>
    </p>
   </div>
   <div class='ocr_carea' id='block_1_205' title="bbox 1953 5081 2166 5136">
    <p class='ocr_par' dir='ltr' id='par_1_205' title="bbox 1953 5081 2166 5136">
     <span class='ocr_line' id='line_1_205' title="bbox 1953 5081 2166 5136; baseline 0.009 -2"><span class='ocrx_word' id='word_1_724' title='bbox 1953 5081 2166 5136; x_wconf 88' lang='lat' dir='ltr'><strong><em>credidi.</em></strong></span> 
     </span>
    </p>
   </div>
   <div class='ocr_carea' id='block_1_206' title="bbox 2028 5151 2717 5208">
    <p class='ocr_par' dir='ltr' id='par_1_206' title="bbox 2028 5151 2717 5208">
     <span class='ocr_line' id='line_1_206' title="bbox 2028 5151 2717 5208; baseline -0.004 -3"><span class='ocrx_word' id='word_1_725' title='bbox 2028 5153 2158 5206; x_wconf 85' lang='lat' dir='ltr'><strong><em>Ibid.</em></strong></span> <span class='ocrx_word' id='word_1_726' title='bbox 2187 5151 2246 5208; x_wconf 93' lang='lat' dir='ltr'><strong><em>Si</em></strong></span> <span class='ocrx_word' id='word_1_727' title='bbox 2296 5161 2470 5205; x_wconf 89' lang='lat' dir='ltr'><strong><em>autem</em></strong></span> <span class='ocrx_word' id='word_1_728' title='bbox 2516 5160 2571 5203; x_wconf 91' lang='lat' dir='ltr'><strong><em>ut</em></strong></span> <span class='ocrx_word' id='word_1_729' title='bbox 2615 5166 2717 5205; x_wconf 88' lang='lat' dir='ltr'><strong><em>non</em></strong></span> 
     </span>
    </p>
   </div>
   <div class='ocr_carea' id='block_1_207' title="bbox 1957 5223 2658 5295">
    <p class='ocr_par' dir='ltr' id='par_1_207' title="bbox 1957 5223 2658 5295">
     <span class='ocr_line' id='line_1_207' title="bbox 1957 5223 2658 5295; baseline -0.003 -17"><span class='ocrx_word' id='word_1_730' title='bbox 1957 5224 2126 5289; x_wconf 82' lang='lat' dir='ltr'><strong><em>debui,</em></strong></span> <span class='ocrx_word' id='word_1_731' title='bbox 2152 5225 2357 5295; x_wconf 89' lang='lat' dir='ltr'><strong><em>ignosce</em></strong></span> <span class='ocrx_word' id='word_1_732' title='bbox 2381 5233 2434 5276; x_wconf 86' lang='lat' dir='ltr'><strong><em>tu</em></strong></span> <span class='ocrx_word' id='word_1_733' title='bbox 2460 5232 2508 5276; x_wconf 90' lang='lat' dir='ltr'><strong><em>et</em></strong></span> <span class='ocrx_word' id='word_1_734' title='bbox 2538 5223 2658 5276; x_wconf 85' lang='lat' dir='ltr'><strong><em>tui?</em></strong></span> 
     </span>
    </p>
   </div>
   <div class='ocr_carea' id='block_1_208' title="bbox 3385 272 3526 331">
    <p class='ocr_par' dir='ltr' id='par_1_208' title="bbox 3385 272 3526 331">
     <span class='ocr_line' id='line_1_208' title="bbox 3385 272 3526 331; baseline 0.043 -6"><span class='ocrx_word' id='word_1_735' title='bbox 3385 272 3526 331; x_wconf 69' lang='grc' dir='ltr'><strong><em>ιω</em></strong></span> 
     </span>
    </p>
   </div>
   <div class='ocr_carea' id='block_1_209' title="bbox 2837 379 3529 457">
    <p class='ocr_par' dir='ltr' id='par_1_209' title="bbox 2837 379 3529 457">
     <span class='ocr_line' id='line_1_209' title="bbox 2837 379 3529 457; baseline 0.012 -23"><span class='ocrx_word' id='word_1_736' title='bbox 2837 379 2915 435; x_wconf 91' lang='lat' dir='ltr'><strong><em>Id.</em></strong></span> <span class='ocrx_word' id='word_1_737' title='bbox 2959 379 3199 457; x_wconf 83' lang='lat' dir='ltr'><strong><em>Obsecro,</em></strong></span> <span class='ocrx_word' id='word_1_738' title='bbox 3229 391 3287 438; x_wconf 83' lang='lat' dir='ltr'><strong><em>ut</em></strong></span> <span class='ocrx_word' id='word_1_739' title='bbox 3330 401 3426 457; x_wconf 86' lang='lat' dir='ltr'><strong><em>pro</em></strong></span> <span class='ocrx_word' id='word_1_740' title='bbox 3448 403 3529 442; x_wconf 84' lang='lat' dir='ltr'><strong><em>me</em></strong></span> 
     </span>
    </p>
   </div>
   <div class='ocr_carea' id='block_1_210' title="bbox 2765 451 3071 521">
    <p class='ocr_par' dir='ltr' id='par_1_210' title="bbox 2765 451 3071 521">
     <span class='ocr_line' id='line_1_210' title="bbox 2765 451 3071 521; baseline 0 -16"><span class='ocrx_word' id='word_1_741' title='bbox 2765 451 3071 521; x_wconf 83' lang='lat' dir='ltr'><strong><em>interpellet.</em></strong></span> 
     </span>
    </p>
   </div>
   <div class='ocr_carea' id='block_1_211' title="bbox 2843 524 3532 590">
    <p class='ocr_par' dir='ltr' id='par_1_211' title="bbox 2843 524 3532 590">
     <span class='ocr_line' id='line_1_211' title="bbox 2843 524 3532 590; baseline 0.013 -12"><span class='ocrx_word' id='word_1_742' title='bbox 2843 524 2920 578; x_wconf 93' lang='lat' dir='ltr'><strong><em>Id.</em></strong></span> <span class='ocrx_word' id='word_1_743' title='bbox 2955 524 3212 590; x_wconf 88' lang='lat' dir='ltr'><strong><em>Quantum</em></strong></span> <span class='ocrx_word' id='word_1_744' title='bbox 3261 526 3397 583; x_wconf 89' lang='lat' dir='ltr'><strong><em>Deus</em></strong></span> <span class='ocrx_word' id='word_1_745' title='bbox 3437 531 3532 588; x_wconf 81' lang='lat' dir='ltr'><strong><em>do-</em></strong></span> 
     </span>
    </p>
   </div>
   <div class='ocr_carea' id='block_1_212' title="bbox 2775 595 3472 666">
    <p class='ocr_par' dir='ltr' id='par_1_212' title="bbox 2775 595 3472 666">
     <span class='ocr_line' id='line_1_212' title="bbox 2775 595 3472 666; baseline 0.009 -18"><span class='ocrx_word' id='word_1_746' title='bbox 2775 595 2957 665; x_wconf 89' lang='lat' dir='ltr'><strong><em>cuerit,</em></strong></span> <span class='ocrx_word' id='word_1_747' title='bbox 2989 596 3127 664; x_wconf 89' lang='lat' dir='ltr'><strong><em>loqui</em></strong></span> <span class='ocrx_word' id='word_1_748' title='bbox 3157 599 3472 666; x_wconf 88' lang='lat' dir='ltr'><strong><em>incipientes.</em></strong></span> 
     </span>
    </p>
   </div>
   <div class='ocr_carea' id='block_1_213' title="bbox 2846 666 3531 740">
    <p class='ocr_par' dir='ltr' id='par_1_213' title="bbox 2846 666 3531 740">
     <span class='ocr_line' id='line_1_213' title="bbox 2846 666 3531 740; baseline 0.007 -19"><span class='ocrx_word' id='word_1_749' title='bbox 2846 668 2920 721; x_wconf 89' lang='lat' dir='ltr'><strong><em>Id.</em></strong></span> <span class='ocrx_word' id='word_1_750' title='bbox 2981 666 3086 721; x_wconf 88' lang='lat' dir='ltr'><strong><em>Sed</em></strong></span> <span class='ocrx_word' id='word_1_751' title='bbox 3131 673 3248 738; x_wconf 86' lang='lat' dir='ltr'><strong><em>quia</em></strong></span> <span class='ocrx_word' id='word_1_752' title='bbox 3293 675 3531 740; x_wconf 64' lang='lat' dir='ltr'><strong><em>quadam</em></strong></span> 
     </span>
    </p>
   </div>
   <div class='ocr_carea' id='block_1_214' title="bbox 2777 737 3530 807">
    <p class='ocr_par' dir='ltr' id='par_1_214' title="bbox 2777 737 3530 807">
     <span class='ocr_line' id='line_1_214' title="bbox 2777 737 3530 807; baseline 0.005 -15"><span class='ocrx_word' id='word_1_753' title='bbox 2777 737 3045 807; x_wconf 85' lang='lat' dir='ltr'><strong><em>Scriptura</em></strong></span> <span class='ocrx_word' id='word_1_754' title='bbox 3064 737 3240 793; x_wconf 85' lang='lat' dir='ltr'><strong><em>sancta</em></strong></span> <span class='ocrx_word' id='word_1_755' title='bbox 3265 737 3432 795; x_wconf 85' lang='lat' dir='ltr'><strong><em>verum</em></strong></span> <span class='ocrx_word' id='word_1_756' title='bbox 3458 743 3530 796; x_wconf 83' lang='lat' dir='ltr'><strong><em>in-</em></strong></span> 
     </span>
    </p>
   </div>
   <div class='ocr_carea' id='block_1_215' title="bbox 2775 809 3530 880">
    <p class='ocr_par' dir='ltr' id='par_1_215' title="bbox 2775 809 3530 880">
     <span class='ocr_line' id='line_1_215' title="bbox 2775 809 3530 880; baseline 0.008 -20"><span class='ocrx_word' id='word_1_757' title='bbox 2775 809 3078 878; x_wconf 86' lang='lat' dir='ltr'><strong><em>dagantibus</em></strong></span> <span class='ocrx_word' id='word_1_758' title='bbox 3106 814 3377 880; x_wconf 65' lang='lat' dir='ltr'><strong><em>quaerenda</em></strong></span> <span class='ocrx_word' id='word_1_759' title='bbox 3409 813 3530 866; x_wconf 90' lang='lat' dir='ltr'><strong><em>reli-</em></strong></span> 
     </span>
    </p>
   </div>
   <div class='ocr_carea' id='block_1_216' title="bbox 2772 885 2898 949">
    <p class='ocr_par' dir='ltr' id='par_1_216' title="bbox 2772 885 2898 949">
     <span class='ocr_line' id='line_1_216' title="bbox 2772 885 2898 949; baseline 0.024 -17"><span class='ocrx_word' id='word_1_760' title='bbox 2772 885 2898 949; x_wconf 89' lang='lat' dir='ltr'><strong><em>quit.</em></strong></span> 
     </span>
    </p>
   </div>
   <div class='ocr_carea' id='block_1_217' title="bbox 2847 953 3530 1026">
    <p class='ocr_par' dir='ltr' id='par_1_217' title="bbox 2847 953 3530 1026">
     <span class='ocr_line' id='line_1_217' title="bbox 2847 953 3530 1026; baseline 0.007 -22"><span class='ocrx_word' id='word_1_761' title='bbox 2847 954 2920 1005; x_wconf 85' lang='lat' dir='ltr'><strong><em>ld.</em></strong></span> <span class='ocrx_word' id='word_1_762' title='bbox 2958 953 3096 1026; x_wconf 89' lang='lat' dir='ltr'><strong><em>Cum</em></strong></span> <span class='ocrx_word' id='word_1_763' title='bbox 3149 971 3265 1007; x_wconf 91' lang='lat' dir='ltr'><strong><em>vera</em></strong></span> <span class='ocrx_word' id='word_1_764' title='bbox 3312 955 3530 1026; x_wconf 89' lang='lat' dir='ltr'><strong><em>indaga-</em></strong></span> 
     </span>
    </p>
   </div>
   <div class='ocr_carea' id='block_1_218' title="bbox 2774 1024 3419 1095">
    <p class='ocr_par' dir='ltr' id='par_1_218' title="bbox 2774 1024 3419 1095">
     <span class='ocr_line' id='line_1_218' title="bbox 2774 1024 3419 1095; baseline 0.008 -19"><span class='ocrx_word' id='word_1_765' title='bbox 2774 1024 2910 1078; x_wconf 88' lang='lat' dir='ltr'><strong><em>tione</em></strong></span> <span class='ocrx_word' id='word_1_766' title='bbox 2939 1025 3123 1095; x_wconf 77' lang='lat' dir='ltr'><strong><em>fuerint</em></strong></span> <span class='ocrx_word' id='word_1_767' title='bbox 3145 1026 3419 1095; x_wconf 89' lang='lat' dir='ltr'><strong><em>patefacta.</em></strong></span> 
     </span>
    </p>
   </div>
   <div class='ocr_carea' id='block_1_219' title="bbox 2852 1094 3534 1166">
    <p class='ocr_par' dir='ltr' id='par_1_219' title="bbox 2852 1094 3534 1166">
     <span class='ocr_line' id='line_1_219' title="bbox 2852 1094 3534 1166; baseline 0.009 -19"><span class='ocrx_word' id='word_1_768' title='bbox 2852 1096 2924 1150; x_wconf 91' lang='lat' dir='ltr'><strong><em>Id.</em></strong></span> <span class='ocrx_word' id='word_1_769' title='bbox 2952 1094 3014 1147; x_wconf 87' lang='lat' dir='ltr'><strong><em>Et</em></strong></span> <span class='ocrx_word' id='word_1_770' title='bbox 3040 1098 3304 1166; x_wconf 77' lang='lat' dir='ltr'><strong><em>mysticum</em></strong></span> <span class='ocrx_word' id='word_1_771' title='bbox 3334 1097 3534 1152; x_wconf 79' lang='lat' dir='ltr'><strong><em>intelle-</em></strong></span> 
     </span>
    </p>
   </div>
   <div class='ocr_carea' id='block_1_220' title="bbox 2693 1167 3530 1230">
    <p class='ocr_par' dir='ltr' id='par_1_220' title="bbox 2693 1167 3530 1230">
     <span class='ocr_line' id='line_1_220' title="bbox 2693 1167 3530 1230; baseline 0.01 -13"><span class='ocrx_word' id='word_1_772' title='bbox 2693 1228 2695 1230; x_wconf 25' lang='grc' dir='ltr'><strong>η</strong></span> <span class='ocrx_word' id='word_1_773' title='bbox 2774 1175 2908 1219; x_wconf 88' lang='lat' dir='ltr'><strong><em>ctum</em></strong></span> <span class='ocrx_word' id='word_1_774' title='bbox 2959 1167 3196 1220; x_wconf 89' lang='lat' dir='ltr'><strong><em>instruat.</em></strong></span> <span class='ocrx_word' id='word_1_775' title='bbox 3247 1167 3365 1221; x_wconf 78' lang='lat' dir='ltr'><strong><em>V&#39;id.</em></strong></span> <span class='ocrx_word' id='word_1_776' title='bbox 3411 1184 3530 1227; x_wconf 77' lang='lat' dir='ltr'><strong><em>var.</em></strong></span> 
     </span>
    </p>
   </div>
   <div class='ocr_carea' id='block_1_221' title="bbox 2773 1237 2940 1292">
    <p class='ocr_par' dir='ltr' id='par_1_221' title="bbox 2773 1237 2940 1292">
     <span class='ocr_line' id='line_1_221' title="bbox 2773 1237 2940 1292; baseline 0 -1"><span class='ocrx_word' id='word_1_777' title='bbox 2773 1237 2940 1292; x_wconf 83' lang='lat' dir='ltr'><strong><em>Maur.</em></strong></span> 
     </span>
    </p>
   </div>
   <div class='ocr_carea' id='block_1_222' title="bbox 2814 1309 3535 1391">
    <p class='ocr_par' dir='ltr' id='par_1_222' title="bbox 2814 1309 3535 1391">
     <span class='ocr_line' id='line_1_222' title="bbox 2814 1309 3535 1391; baseline 0.007 -29"><span class='ocrx_word' id='word_1_778' title='bbox 2814 1381 2825 1391; x_wconf 42' lang='lat'><strong><em>.</em></strong></span> <span class='ocrx_word' id='word_1_779' title='bbox 2847 1309 2930 1391; x_wconf 60' lang='lat' dir='ltr'><strong><em>Id.</em></strong></span> <span class='ocrx_word' id='word_1_780' title='bbox 2947 1311 3027 1363; x_wconf 86' lang='lat' dir='ltr'><strong><em>Ad</em></strong></span> <span class='ocrx_word' id='word_1_781' title='bbox 3055 1325 3167 1391; x_wconf 72' lang='lat' dir='ltr'><strong><em>quae</em></strong></span> <span class='ocrx_word' id='word_1_782' title='bbox 3188 1310 3304 1379; x_wconf 87' lang='lat' dir='ltr'><strong><em>ipsa</em></strong></span> <span class='ocrx_word' id='word_1_783' title='bbox 3355 1327 3535 1367; x_wconf 81' lang='lat' dir='ltr'><strong><em>conve-</em></strong></span> 
     </span>
    </p>
   </div>
   <div class='ocr_carea' id='block_1_223' title="bbox 2772 1382 3212 1444">
    <p class='ocr_par' dir='ltr' id='par_1_223' title="bbox 2772 1382 3212 1444">
     <span class='ocr_line' id='line_1_223' title="bbox 2772 1382 3212 1444; baseline 0.005 -11"><span class='ocrx_word' id='word_1_784' title='bbox 2772 1382 2965 1434; x_wconf 82' lang='lat' dir='ltr'><strong><em>nientia</em></strong></span> <span class='ocrx_word' id='word_1_785' title='bbox 2992 1383 3084 1444; x_wconf 89' lang='lat' dir='ltr'><strong><em>rei,</em></strong></span> <span class='ocrx_word' id='word_1_786' title='bbox 3110 1391 3212 1435; x_wconf 89' lang='lat' dir='ltr'><strong><em>etc.</em></strong></span> 
     </span>
    </p>
   </div>
   <div class='ocr_carea' id='block_1_224' title="bbox 2847 1450 3524 1520">
    <p class='ocr_par' dir='ltr' id='par_1_224' title="bbox 2847 1450 3524 1520">
     <span class='ocr_line' id='line_1_224' title="bbox 2847 1450 3524 1520; baseline 0.006 -16"><span class='ocrx_word' id='word_1_787' title='bbox 2847 1451 2921 1505; x_wconf 88' lang='lat' dir='ltr'><strong><em>Id.</em></strong></span> <span class='ocrx_word' id='word_1_788' title='bbox 2945 1450 3021 1504; x_wconf 87' lang='lat' dir='ltr'><strong><em>De</em></strong></span> <span class='ocrx_word' id='word_1_789' title='bbox 3042 1469 3142 1520; x_wconf 88' lang='lat' dir='ltr'><strong><em>qua</em></strong></span> <span class='ocrx_word' id='word_1_790' title='bbox 3163 1454 3330 1506; x_wconf 77' lang='lat' dir='ltr'><strong><em>divina</em></strong></span> <span class='ocrx_word' id='word_1_791' title='bbox 3381 1452 3524 1508; x_wconf 85' lang='lat' dir='ltr'><strong><em>Scri-</em></strong></span> 
     </span>
    </p>
   </div>
   <div class='ocr_carea' id='block_1_225' title="bbox 2775 1523 3458 1591">
    <p class='ocr_par' dir='ltr' id='par_1_225' title="bbox 2775 1523 3458 1591">
     <span class='ocr_line' id='line_1_225' title="bbox 2775 1523 3458 1591; baseline 0.001 -15"><span class='ocrx_word' id='word_1_792' title='bbox 2775 1532 2924 1591; x_wconf 90' lang='lat' dir='ltr'><strong><em>ptura</em></strong></span> <span class='ocrx_word' id='word_1_793' title='bbox 2953 1523 3079 1575; x_wconf 84' lang='lat' dir='ltr'><strong><em>nihil</em></strong></span> <span class='ocrx_word' id='word_1_794' title='bbox 3119 1525 3458 1578; x_wconf 85' lang='lat' dir='ltr'><strong><em>commendat.</em></strong></span> 
     </span>
    </p>
   </div>
   <div class='ocr_carea' id='block_1_226' title="bbox 2852 1593 3536 1662">
    <p class='ocr_par' dir='ltr' id='par_1_226' title="bbox 2852 1593 3536 1662">
     <span class='ocr_line' id='line_1_226' title="bbox 2852 1593 3536 1662; baseline 0.004 -15"><span class='ocrx_word' id='word_1_795' title='bbox 2852 1593 2985 1648; x_wconf 86' lang='lat' dir='ltr'><strong><em>Ibid.</em></strong></span> <span class='ocrx_word' id='word_1_796' title='bbox 3012 1594 3138 1648; x_wconf 85' lang='lat' dir='ltr'><strong><em>Sine</em></strong></span> <span class='ocrx_word' id='word_1_797' title='bbox 3161 1611 3261 1662; x_wconf 91' lang='lat' dir='ltr'><strong><em>qua</em></strong></span> <span class='ocrx_word' id='word_1_798' title='bbox 3288 1595 3414 1647; x_wconf 82' lang='lat' dir='ltr'><strong><em>nihil</em></strong></span> <span class='ocrx_word' id='word_1_799' title='bbox 3462 1603 3536 1650; x_wconf 87' lang='lat' dir='ltr'><strong><em>est</em></strong></span> 
     </span>
    </p>
   </div>
   <div class='ocr_carea' id='block_1_227' title="bbox 2780 1666 3532 1722">
    <p class='ocr_par' dir='ltr' id='par_1_227' title="bbox 2780 1666 3532 1722">
     <span class='ocr_line' id='line_1_227' title="bbox 2780 1666 3532 1722; baseline 0.003 -2"><span class='ocrx_word' id='word_1_800' title='bbox 2780 1682 2872 1720; x_wconf 87' lang='lat' dir='ltr'><strong><em>nec</em></strong></span> <span class='ocrx_word' id='word_1_801' title='bbox 2905 1666 3034 1720; x_wconf 88' lang='lat' dir='ltr'><strong><em>valet</em></strong></span> <span class='ocrx_word' id='word_1_802' title='bbox 3086 1667 3380 1720; x_wconf 89' lang='lat' dir='ltr'><strong><em>auctoritas.</em></strong></span> <span class='ocrx_word' id='word_1_803' title='bbox 3411 1666 3532 1722; x_wconf 83' lang='lat' dir='ltr'><strong><em>Vid.</em></strong></span> 
     </span>
    </p>
   </div>
   <div class='ocr_carea' id='block_1_228' title="bbox 2778 1737 3088 1792">
    <p class='ocr_par' dir='ltr' id='par_1_228' title="bbox 2778 1737 3088 1792">
     <span class='ocr_line' id='line_1_228' title="bbox 2778 1737 3088 1792; baseline 0 -2"><span class='ocrx_word' id='word_1_804' title='bbox 2778 1753 2891 1792; x_wconf 87' lang='lat' dir='ltr'><strong><em>var.</em></strong></span> <span class='ocrx_word' id='word_1_805' title='bbox 2922 1737 3088 1790; x_wconf 86' lang='lat' dir='ltr'><strong><em>Maur.</em></strong></span> 
     </span>
    </p>
   </div>
   <div class='ocr_carea' id='block_1_229' title="bbox 2851 1807 3536 1880">
    <p class='ocr_par' dir='ltr' id='par_1_229' title="bbox 2851 1807 3536 1880">
     <span class='ocr_line' id='line_1_229' title="bbox 2851 1807 3536 1880; baseline 0 -18"><span class='ocrx_word' id='word_1_806' title='bbox 2851 1809 2925 1863; x_wconf 88' lang='lat' dir='ltr'><strong><em>Id.</em></strong></span> <span class='ocrx_word' id='word_1_807' title='bbox 2955 1807 3102 1873; x_wconf 88' lang='lat' dir='ltr'><strong><em>Quod</em></strong></span> <span class='ocrx_word' id='word_1_808' title='bbox 3126 1809 3167 1860; x_wconf 90' lang='lat' dir='ltr'><strong><em>si</em></strong></span> <span class='ocrx_word' id='word_1_809' title='bbox 3198 1808 3259 1862; x_wconf 88' lang='lat' dir='ltr'><strong><em>de</em></strong></span> <span class='ocrx_word' id='word_1_810' title='bbox 3278 1817 3435 1880; x_wconf 84' lang='lat' dir='ltr'><strong><em>morte</em></strong></span> <span class='ocrx_word' id='word_1_811' title='bbox 3457 1808 3536 1862; x_wconf 89' lang='lat' dir='ltr'><strong><em>di-</em></strong></span> 
     </span>
    </p>
   </div>
   <div class='ocr_carea' id='block_1_230' title="bbox 2781 1890 3332 1933">
    <p class='ocr_par' dir='ltr' id='par_1_230' title="bbox 2781 1890 3332 1933">
     <span class='ocr_line' id='line_1_230' title="bbox 2781 1890 3332 1933; baseline 0 -1"><span class='ocrx_word' id='word_1_812' title='bbox 2781 1890 2945 1933; x_wconf 74' lang='grc' dir='ltr'><strong><em>εαιιιν.</em></strong></span> <span class='ocrx_word' id='word_1_813' title='bbox 3329 1915 3332 1919; x_wconf 82' lang='lat'><strong><em>~</em></strong></span> 
     </span>
    </p>
   </div>
   <div class='ocr_carea' id='block_1_231' title="bbox 2852 1950 3537 2007">
    <p class='ocr_par' dir='ltr' id='par_1_231' title="bbox 2852 1950 3537 2007">
     <span class='ocr_line' id='line_1_231' title="bbox 2852 1950 3537 2007; baseline 0.003 -2"><span class='ocrx_word' id='word_1_814' title='bbox 2852 1952 2929 2005; x_wconf 91' lang='lat' dir='ltr'><strong><em>Id.</em></strong></span> <span class='ocrx_word' id='word_1_815' title='bbox 2947 1950 3233 2004; x_wconf 62' lang='lat' dir='ltr'><strong><em>xEruinnas</em></strong></span> <span class='ocrx_word' id='word_1_816' title='bbox 3250 1950 3302 2003; x_wconf 79' lang='grc' dir='ltr'><em>Μ</em></span> <span class='ocrx_word' id='word_1_817' title='bbox 3309 1952 3418 2004; x_wconf 89' lang='lat' dir='ltr'><strong><em>aria</em></strong></span> <span class='ocrx_word' id='word_1_818' title='bbox 3431 1966 3537 2007; x_wconf 54' lang='lat' dir='ltr'><strong><em>sur</em></strong></span> 
     </span>
    </p>
   </div>
   <div class='ocr_carea' id='block_1_232' title="bbox 2785 2023 2951 2075">
    <p class='ocr_par' dir='ltr' id='par_1_232' title="bbox 2785 2023 2951 2075">
     <span class='ocr_line' id='line_1_232' title="bbox 2785 2023 2951 2075; baseline 0.006 -1"><span class='ocrx_word' id='word_1_819' title='bbox 2785 2023 2951 2075; x_wconf 91' lang='lat' dir='ltr'><strong><em>tinuit.</em></strong></span> 
     </span>
    </p>
   </div>
   <div class='ocr_carea' id='block_1_233' title="bbox 2851 2093 3541 2164">
    <p class='ocr_par' dir='ltr' id='par_1_233' title="bbox 2851 2093 3541 2164">
     <span class='ocr_line' id='line_1_233' title="bbox 2851 2093 3541 2164; baseline -0.001 -17"><span class='ocrx_word' id='word_1_820' title='bbox 2851 2094 2926 2148; x_wconf 94' lang='lat' dir='ltr'><strong><em>Id.</em></strong></span> <span class='ocrx_word' id='word_1_821' title='bbox 2961 2093 3077 2146; x_wconf 85' lang='lat' dir='ltr'><strong><em>Hoc</em></strong></span> <span class='ocrx_word' id='word_1_822' title='bbox 3103 2095 3236 2146; x_wconf 90' lang='lat' dir='ltr'><strong><em>enim</em></strong></span> <span class='ocrx_word' id='word_1_823' title='bbox 3263 2093 3423 2162; x_wconf 85' lang='lat' dir='ltr'><strong><em>potuit</em></strong></span> <span class='ocrx_word' id='word_1_824' title='bbox 3464 2096 3541 2164; x_wconf 82' lang='lat' dir='ltr'><strong><em>ef-</em></strong></span> 
     </span>
    </p>
   </div>
   <div class='ocr_carea' id='block_1_234' title="bbox 2783 2164 3541 2232">
    <p class='ocr_par' dir='ltr' id='par_1_234' title="bbox 2783 2164 3541 2232">
     <span class='ocr_line' id='line_1_234' title="bbox 2783 2164 3541 2232; baseline 0.005 -19"><span class='ocrx_word' id='word_1_825' title='bbox 2783 2164 2934 2231; x_wconf 78' lang='lat' dir='ltr'><strong><em>ﬁcere</em></strong></span> <span class='ocrx_word' id='word_1_826' title='bbox 2983 2165 3044 2217; x_wconf 88' lang='lat' dir='ltr'><strong><em>de</em></strong></span> <span class='ocrx_word' id='word_1_827' title='bbox 3087 2173 3270 2229; x_wconf 88' lang='lat' dir='ltr'><strong><em>matre,</em></strong></span> <span class='ocrx_word' id='word_1_828' title='bbox 3313 2164 3403 2232; x_wconf 86' lang='lat' dir='ltr'><strong><em>qui</em></strong></span> <span class='ocrx_word' id='word_1_829' title='bbox 3440 2167 3541 2217; x_wconf 89' lang='lat' dir='ltr'><strong><em>ele-</em></strong></span> 
     </span>
    </p>
   </div>
   <div class='ocr_carea' id='block_1_235' title="bbox 2783 2237 3010 2303">
    <p class='ocr_par' dir='ltr' id='par_1_235' title="bbox 2783 2237 3010 2303">
     <span class='ocr_line' id='line_1_235' title="bbox 2783 2237 3010 2303; baseline 0.009 -17"><span class='ocrx_word' id='word_1_830' title='bbox 2783 2237 2875 2303; x_wconf 89' lang='lat' dir='ltr'><strong><em>git,</em></strong></span> <span class='ocrx_word' id='word_1_831' title='bbox 2906 2244 3010 2288; x_wconf 91' lang='lat' dir='ltr'><strong><em>etc.</em></strong></span> 
     </span>
    </p>
   </div>
   <div class='ocr_carea' id='block_1_236' title="bbox 2858 2303 3543 2376">
    <p class='ocr_par' dir='ltr' id='par_1_236' title="bbox 2858 2303 3543 2376">
     <span class='ocr_line' id='line_1_236' title="bbox 2858 2303 3543 2376; baseline 0 -18"><span class='ocrx_word' id='word_1_832' title='bbox 2858 2306 2932 2359; x_wconf 90' lang='lat' dir='ltr'><strong><em>Id.</em></strong></span> <span class='ocrx_word' id='word_1_833' title='bbox 2961 2307 3223 2369; x_wconf 85' lang='lat' dir='ltr'><strong><em>Quantum</em></strong></span> <span class='ocrx_word' id='word_1_834' title='bbox 3253 2305 3416 2376; x_wconf 89' lang='lat' dir='ltr'><strong><em>gratia</em></strong></span> <span class='ocrx_word' id='word_1_835' title='bbox 3449 2303 3543 2358; x_wconf 80' lang='lat' dir='ltr'><strong><em>Dei</em></strong></span> 
     </span>
    </p>
   </div>
   <div class='ocr_carea' id='block_1_237' title="bbox 2786 2374 3393 2440">
    <p class='ocr_par' dir='ltr' id='par_1_237' title="bbox 2786 2374 3393 2440">
     <span class='ocr_line' id='line_1_237' title="bbox 2786 2374 3393 2440; baseline 0.003 -12"><span class='ocrx_word' id='word_1_836' title='bbox 2786 2374 2971 2430; x_wconf 76' lang='lat' dir='ltr'><strong><em>Maria:</em></strong></span> <span class='ocrx_word' id='word_1_837' title='bbox 2993 2374 3265 2440; x_wconf 80' lang='lat' dir='ltr'><strong><em>monstrat,</em></strong></span> <span class='ocrx_word' id='word_1_838' title='bbox 3290 2387 3393 2431; x_wconf 88' lang='lat' dir='ltr'><strong><em>etc.</em></strong></span> 
     </span>
    </p>
   </div>
   <div class='ocr_carea' id='block_1_238' title="bbox 2853 2447 3544 2518">
    <p class='ocr_par' dir='ltr' id='par_1_238' title="bbox 2853 2447 3544 2518">
     <span class='ocr_line' id='line_1_238' title="bbox 2853 2447 3544 2518; baseline 0.001 -17"><span class='ocrx_word' id='word_1_839' title='bbox 2853 2447 2932 2501; x_wconf 61' lang='lat' dir='ltr'><strong><em>Iit.</em></strong></span> <span class='ocrx_word' id='word_1_840' title='bbox 2994 2447 3116 2516; x_wconf 84' lang='lat' dir='ltr'><strong><em>Ipse</em></strong></span> <span class='ocrx_word' id='word_1_841' title='bbox 3167 2465 3259 2518; x_wconf 87' lang='lat' dir='ltr'><strong><em>ego</em></strong></span> <span class='ocrx_word' id='word_1_842' title='bbox 3312 2448 3544 2518; x_wconf 82' lang='lat' dir='ltr'><strong><em>idemque</em></strong></span> 
     </span>
    </p>
   </div>
   <div class='ocr_carea' id='block_1_239' title="bbox 2778 2517 3545 2581">
    <p class='ocr_par' dir='ltr' id='par_1_239' title="bbox 2778 2517 3545 2581">
     <span class='ocr_line' id='line_1_239' title="bbox 2778 2517 3545 2581; baseline 0.004 -11"><span class='ocrx_word' id='word_1_843' title='bbox 2778 2519 2928 2571; x_wconf 74' lang='lat' dir='ltr'><strong><em>caelos</em></strong></span> <span class='ocrx_word' id='word_1_844' title='bbox 2980 2517 3218 2581; x_wconf 41' lang='lat' dir='ltr'><strong><em>ascendi&#39;;</em></strong></span> <span class='ocrx_word' id='word_1_845' title='bbox 3270 2527 3325 2571; x_wconf 90' lang='lat' dir='ltr'><strong><em>et</em></strong></span> <span class='ocrx_word' id='word_1_846' title='bbox 3352 2517 3545 2574; x_wconf 80' lang='lat' dir='ltr'><strong><em>deinde</em></strong></span> 
     </span>
    </p>
   </div>
   <div class='ocr_carea' id='block_1_240' title="bbox 2779 2590 3542 2659">
    <p class='ocr_par' dir='ltr' id='par_1_240' title="bbox 2779 2590 3542 2659">
     <span class='ocr_line' id='line_1_240' title="bbox 2779 2590 3542 2659; baseline 0.005 -19"><span class='ocrx_word' id='word_1_847' title='bbox 2779 2590 3022 2657; x_wconf 78' lang='lat' dir='ltr'><strong><em>sequitur</em></strong></span> <span class='ocrx_word' id='word_1_848' title='bbox 3084 2603 3297 2657; x_wconf 88' lang='lat' dir='ltr'><strong><em>semper</em></strong></span> <span class='ocrx_word' id='word_1_849' title='bbox 3373 2591 3542 2659; x_wconf 86' lang='lat' dir='ltr'><strong><em>prima</em></strong></span> 
     </span>
    </p>
   </div>
   <div class='ocr_carea' id='block_1_241' title="bbox 2779 2673 3026 2727">
    <p class='ocr_par' dir='ltr' id='par_1_241' title="bbox 2779 2673 3026 2727">
     <span class='ocr_line' id='line_1_241' title="bbox 2779 2673 3026 2727; baseline 0.008 -16"><span class='ocrx_word' id='word_1_850' title='bbox 2779 2673 3026 2727; x_wconf 76' lang='lat' dir='ltr'><strong><em>persona.</em></strong></span> 
     </span>
    </p>
   </div>
   <div class='ocr_carea' id='block_1_242' title="bbox 2855 2729 3543 2801">
    <p class='ocr_par' dir='ltr' id='par_1_242' title="bbox 2855 2729 3543 2801">
     <span class='ocr_line' id='line_1_242' title="bbox 2855 2729 3543 2801; baseline 0.006 -19"><span class='ocrx_word' id='word_1_851' title='bbox 2855 2729 2936 2784; x_wconf 93' lang='lat' dir='ltr'><strong><em>Id.</em></strong></span> <span class='ocrx_word' id='word_1_852' title='bbox 2974 2732 3016 2784; x_wconf 89' lang='lat'><em>0</em></span> <span class='ocrx_word' id='word_1_853' title='bbox 3047 2745 3286 2801; x_wconf 88' lang='lat' dir='ltr'><strong><em>magnam</em></strong></span> <span class='ocrx_word' id='word_1_854' title='bbox 3328 2739 3374 2785; x_wconf 91' lang='lat' dir='ltr'><strong><em>et</em></strong></span> <span class='ocrx_word' id='word_1_855' title='bbox 3425 2732 3543 2786; x_wconf 69' lang='lat' dir='ltr'><strong><em>inat-</em></strong></span> 
     </span>
    </p>
   </div>
   <div class='ocr_carea' id='block_1_243' title="bbox 2781 2801 3539 2858">
    <p class='ocr_par' dir='ltr' id='par_1_243' title="bbox 2781 2801 3539 2858">
     <span class='ocr_line' id='line_1_243' title="bbox 2781 2801 3539 2858; baseline 0.004 -3"><span class='ocrx_word' id='word_1_856' title='bbox 2781 2802 3080 2855; x_wconf 85' lang='lat' dir='ltr'><strong><em>stimabilem</em></strong></span> <span class='ocrx_word' id='word_1_857' title='bbox 3095 2803 3394 2855; x_wconf 83' lang='lat' dir='ltr'><strong><em>charitatem</em></strong></span> <span class='ocrx_word' id='word_1_858' title='bbox 3425 2801 3539 2858; x_wconf 89' lang='lat' dir='ltr'><strong><em>Dei.</em></strong></span> 
     </span>
    </p>
   </div>
   <div class='ocr_carea' id='block_1_244' title="bbox 2855 2874 3540 2943">
    <p class='ocr_par' dir='ltr' id='par_1_244' title="bbox 2855 2874 3540 2943">
     <span class='ocr_line' id='line_1_244' title="bbox 2855 2874 3540 2943; baseline 0.003 -17"><span class='ocrx_word' id='word_1_859' title='bbox 2855 2874 2930 2926; x_wconf 94' lang='lat' dir='ltr'><strong><em>Id.</em></strong></span> <span class='ocrx_word' id='word_1_860' title='bbox 2985 2876 3247 2938; x_wconf 85' lang='lat' dir='ltr'><strong><em>Quantum</em></strong></span> <span class='ocrx_word' id='word_1_861' title='bbox 3299 2890 3416 2943; x_wconf 87' lang='lat' dir='ltr'><strong><em>ergo</em></strong></span> <span class='ocrx_word' id='word_1_862' title='bbox 3459 2876 3540 2928; x_wconf 88' lang='lat' dir='ltr'><strong><em>in-</em></strong></span> 
     </span>
    </p>
   </div>
   <div class='ocr_carea' id='block_1_245' title="bbox 2784 2954 2944 2997">
    <p class='ocr_par' dir='ltr' id='par_1_245' title="bbox 2784 2954 2944 2997">
     <span class='ocr_line' id='line_1_245' title="bbox 2784 2954 2944 2997; baseline 0 0"><span class='ocrx_word' id='word_1_863' title='bbox 2784 2954 2944 2997; x_wconf 89' lang='lat' dir='ltr'><strong><em>tueor.</em></strong></span> 
     </span>
    </p>
   </div>
   <div class='ocr_carea' id='block_1_246' title="bbox 2857 3014 3546 3083">
    <p class='ocr_par' dir='ltr' id='par_1_246' title="bbox 2857 3014 3546 3083">
     <span class='ocr_line' id='line_1_246' title="bbox 2857 3014 3546 3083; baseline 0.001 -15"><span class='ocrx_word' id='word_1_864' title='bbox 2857 3016 2932 3069; x_wconf 89' lang='lat' dir='ltr'><strong><em>Id.</em></strong></span> <span class='ocrx_word' id='word_1_865' title='bbox 2952 3014 3075 3069; x_wconf 90' lang='lat' dir='ltr'><strong><em>Post</em></strong></span> <span class='ocrx_word' id='word_1_866' title='bbox 3097 3031 3308 3069; x_wconf 81' lang='lat' dir='ltr'><strong><em>vermem</em></strong></span> <span class='ocrx_word' id='word_1_867' title='bbox 3323 3054 3343 3083; x_wconf 95' lang='lat'><strong><em>,</em></strong></span> <span class='ocrx_word' id='word_1_868' title='bbox 3363 3025 3418 3069; x_wconf 93' lang='lat' dir='ltr'><strong><em>ut</em></strong></span> <span class='ocrx_word' id='word_1_869' title='bbox 3461 3015 3546 3069; x_wconf 89' lang='lat' dir='ltr'><strong><em>di-</em></strong></span> 
     </span>
    </p>
   </div>
   <div class='ocr_carea' id='block_1_247' title="bbox 2782 3086 3546 3157">
    <p class='ocr_par' dir='ltr' id='par_1_247' title="bbox 2782 3086 3546 3157">
     <span class='ocr_line' id='line_1_247' title="bbox 2782 3086 3546 3157; baseline 0.001 -18"><span class='ocrx_word' id='word_1_870' title='bbox 2782 3095 2918 3140; x_wconf 89' lang='lat' dir='ltr'><strong><em>ctum</em></strong></span> <span class='ocrx_word' id='word_1_871' title='bbox 2934 3096 3028 3152; x_wconf 88' lang='lat' dir='ltr'><strong><em>est,</em></strong></span> <span class='ocrx_word' id='word_1_872' title='bbox 3046 3086 3422 3157; x_wconf 79' lang='lat' dir='ltr'><strong><em>abjectissiinus</em></strong></span> <span class='ocrx_word' id='word_1_873' title='bbox 3440 3088 3546 3157; x_wconf 75' lang='lat' dir='ltr'><strong><em>pul—</em></strong></span> 
     </span>
    </p>
   </div>
   <div class='ocr_carea' id='block_1_248' title="bbox 2781 3174 2875 3212">
    <p class='ocr_par' dir='ltr' id='par_1_248' title="bbox 2781 3174 2875 3212">
     <span class='ocr_line' id='line_1_248' title="bbox 2781 3174 2875 3212; baseline 0.011 -1"><span class='ocrx_word' id='word_1_874' title='bbox 2781 3174 2875 3212; x_wconf 78' lang='lat' dir='ltr'><strong><em>vis.</em></strong></span> 
     </span>
    </p>
   </div>
   <div class='ocr_carea' id='block_1_249' title="bbox 2853 3227 3544 3300">
    <p class='ocr_par' dir='ltr' id='par_1_249' title="bbox 2853 3227 3544 3300">
     <span class='ocr_line' id='line_1_249' title="bbox 2853 3227 3544 3300; baseline 0.003 -18"><span class='ocrx_word' id='word_1_875' title='bbox 2853 3229 2928 3282; x_wconf 90' lang='lat' dir='ltr'><strong><em>Id.</em></strong></span> <span class='ocrx_word' id='word_1_876' title='bbox 2953 3227 3014 3282; x_wconf 88' lang='lat' dir='ltr'><strong><em>Si</em></strong></span> <span class='ocrx_word' id='word_1_877' title='bbox 3043 3238 3113 3282; x_wconf 87' lang='lat' dir='ltr'><strong><em>est</em></strong></span> <span class='ocrx_word' id='word_1_878' title='bbox 3133 3231 3269 3282; x_wconf 90' lang='lat' dir='ltr'><strong><em>enim</em></strong></span> <span class='ocrx_word' id='word_1_879' title='bbox 3291 3229 3544 3300; x_wconf 87' lang='lat' dir='ltr'><strong><em>generalis</em></strong></span> 
     </span>
    </p>
   </div>
   <div class='ocr_carea' id='block_1_250' title="bbox 2781 3299 3182 3354">
    <p class='ocr_par' dir='ltr' id='par_1_250' title="bbox 2781 3299 3182 3354">
     <span class='ocr_line' id='line_1_250' title="bbox 2781 3299 3182 3354; baseline 0.002 -3"><span class='ocrx_word' id='word_1_880' title='bbox 2781 3299 2889 3354; x_wconf 74' lang='lat' dir='ltr'><strong><em>[nec</em></strong></span> <span class='ocrx_word' id='word_1_881' title='bbox 2913 3301 3182 3354; x_wconf 77' lang='lat' dir='ltr'><strong><em>sententia.</em></strong></span> 
     </span>
    </p>
   </div>
   <div class='ocr_carea' id='block_1_251' title="bbox 2852 3370 3541 3441">
    <p class='ocr_par' dir='ltr' id='par_1_251' title="bbox 2852 3370 3541 3441">
     <span class='ocr_line' id='line_1_251' title="bbox 2852 3370 3541 3441; baseline 0.001 -18"><span class='ocrx_word' id='word_1_882' title='bbox 2852 3371 2928 3424; x_wconf 90' lang='lat' dir='ltr'><strong><em>Id.</em></strong></span> <span class='ocrx_word' id='word_1_883' title='bbox 2948 3370 3124 3424; x_wconf 86' lang='lat' dir='ltr'><strong><em>Omnis</em></strong></span> <span class='ocrx_word' id='word_1_884' title='bbox 3136 3372 3224 3440; x_wconf 90' lang='lat' dir='ltr'><strong><em>qui</em></strong></span> <span class='ocrx_word' id='word_1_885' title='bbox 3241 3388 3366 3426; x_wconf 88' lang='lat' dir='ltr'><strong><em>sane</em></strong></span> <span class='ocrx_word' id='word_1_886' title='bbox 3382 3372 3541 3441; x_wconf 88' lang='lat' dir='ltr'><strong><em>sapit,</em></strong></span> 
     </span>
    </p>
   </div>
   <div class='ocr_carea' id='block_1_252' title="bbox 2779 3442 3298 3511">
    <p class='ocr_par' dir='ltr' id='par_1_252' title="bbox 2779 3442 3298 3511">
     <span class='ocr_line' id='line_1_252' title="bbox 2779 3442 3298 3511; baseline 0 -17"><span class='ocrx_word' id='word_1_887' title='bbox 2779 3442 3042 3511; x_wconf 85' lang='lat' dir='ltr'><strong><em>intelligit.</em></strong></span> <span class='ocrx_word' id='word_1_888' title='bbox 3291 3499 3298 3505; x_wconf 52' lang='grc'>,</span> 
     </span>
    </p>
   </div>
   <div class='ocr_carea' id='block_1_253' title="bbox 2818 3511 3544 3593">
    <p class='ocr_par' dir='ltr' id='par_1_253' title="bbox 2818 3511 3544 3593">
     <span class='ocr_line' id='line_1_253' title="bbox 2818 3511 3544 3593; baseline 0 -27"><span class='ocrx_word' id='word_1_889' title='bbox 2818 3513 2927 3593; x_wconf 45' lang='lat' dir='ltr'><strong><em>‘Id.</em></strong></span> <span class='ocrx_word' id='word_1_890' title='bbox 2956 3511 3024 3564; x_wconf 84' lang='lat' dir='ltr'><strong><em>In</em></strong></span> <span class='ocrx_word' id='word_1_891' title='bbox 3073 3527 3298 3581; x_wconf 78' lang='lat' dir='ltr'><strong><em>prtesepe</em></strong></span> <span class='ocrx_word' id='word_1_892' title='bbox 3325 3511 3544 3566; x_wconf 85' lang='lat' dir='ltr'><strong><em>reclina-</em></strong></span> 
     </span>
    </p>
   </div>
   <div class='ocr_carea' id='block_1_254' title="bbox 2782 3591 2869 3635">
    <p class='ocr_par' dir='ltr' id='par_1_254' title="bbox 2782 3591 2869 3635">
     <span class='ocr_line' id='line_1_254' title="bbox 2782 3591 2869 3635; baseline 0.011 -1"><span class='ocrx_word' id='word_1_893' title='bbox 2782 3591 2869 3635; x_wconf 83' lang='lat' dir='ltr'><strong><em>vit.</em></strong></span> 
     </span>
    </p>
   </div>
   <div class='ocr_carea' id='block_1_255' title="bbox 2855 3651 3548 3720">
    <p class='ocr_par' dir='ltr' id='par_1_255' title="bbox 2855 3651 3548 3720">
     <span class='ocr_line' id='line_1_255' title="bbox 2855 3651 3548 3720; baseline 0.001 -13"><span class='ocrx_word' id='word_1_894' title='bbox 2855 3652 2933 3707; x_wconf 92' lang='lat' dir='ltr'><strong><em>Id.</em></strong></span> <span class='ocrx_word' id='word_1_895' title='bbox 2960 3651 3082 3706; x_wconf 87' lang='lat' dir='ltr'><strong><em>Non</em></strong></span> <span class='ocrx_word' id='word_1_896' title='bbox 3107 3653 3388 3720; x_wconf 86' lang='lat' dir='ltr'><strong><em>recesserit,</em></strong></span> <span class='ocrx_word' id='word_1_897' title='bbox 3421 3670 3548 3708; x_wconf 82' lang='lat' dir='ltr'><strong><em>con-</em></strong></span> 
     </span>
    </p>
   </div>
   <div class='ocr_carea' id='block_1_256' title="bbox 2783 3725 3544 3795">
    <p class='ocr_par' dir='ltr' id='par_1_256' title="bbox 2783 3725 3544 3795">
     <span class='ocr_line' id='line_1_256' title="bbox 2783 3725 3544 3795; baseline 0.003 -18"><span class='ocrx_word' id='word_1_898' title='bbox 2783 3734 2971 3777; x_wconf 83' lang='lat' dir='ltr'><strong><em>sectata</em></strong></span> <span class='ocrx_word' id='word_1_899' title='bbox 3022 3741 3124 3777; x_wconf 91' lang='lat' dir='ltr'><strong><em>non</em></strong></span> <span class='ocrx_word' id='word_1_900' title='bbox 3169 3725 3336 3777; x_wconf 90' lang='lat' dir='ltr'><strong><em>solum</em></strong></span> <span class='ocrx_word' id='word_1_901' title='bbox 3360 3726 3544 3795; x_wconf 85' lang='lat' dir='ltr'><strong><em>gressi-</em></strong></span> 
     </span>
    </p>
   </div>
   <div class='ocr_carea' id='block_1_257' title="bbox 2783 3795 3244 3861">
    <p class='ocr_par' dir='ltr' id='par_1_257' title="bbox 2783 3795 3244 3861">
     <span class='ocr_line' id='line_1_257' title="bbox 2783 3795 3244 3861; baseline -0.002 -13"><span class='ocrx_word' id='word_1_902' title='bbox 2783 3795 2876 3848; x_wconf 84' lang='lat' dir='ltr'><strong><em>bus</em></strong></span> <span class='ocrx_word' id='word_1_903' title='bbox 2902 3797 3110 3861; x_wconf 90' lang='lat' dir='ltr'><strong><em>pedum,</em></strong></span> <span class='ocrx_word' id='word_1_904' title='bbox 3137 3803 3244 3849; x_wconf 88' lang='lat' dir='ltr'><strong><em>etc.</em></strong></span> 
     </span>
    </p>
   </div>
   <div class='ocr_carea' id='block_1_258' title="bbox 2860 3864 3541 3934">
    <p class='ocr_par' dir='ltr' id='par_1_258' title="bbox 2860 3864 3541 3934">
     <span class='ocr_line' id='line_1_258' title="bbox 2860 3864 3541 3934; baseline 0.004 -17"><span class='ocrx_word' id='word_1_905' title='bbox 2860 3864 2933 3920; x_wconf 90' lang='lat' dir='ltr'><strong><em>Id.</em></strong></span> <span class='ocrx_word' id='word_1_906' title='bbox 2986 3864 3109 3919; x_wconf 87' lang='lat' dir='ltr'><strong><em>Non</em></strong></span> <span class='ocrx_word' id='word_1_907' title='bbox 3159 3867 3296 3918; x_wconf 88' lang='lat' dir='ltr'><strong><em>enim</em></strong></span> <span class='ocrx_word' id='word_1_908' title='bbox 3359 3867 3541 3934; x_wconf 84' lang='lat' dir='ltr'><strong><em>potuit,</em></strong></span> 
     </span>
    </p>
   </div>
   <div class='ocr_carea' id='block_1_259' title="bbox 2785 3937 3548 3991">
    <p class='ocr_par' dir='ltr' id='par_1_259' title="bbox 2785 3937 3548 3991">
     <span class='ocr_line' id='line_1_259' title="bbox 2785 3937 3548 3991; baseline 0.003 -2"><span class='ocrx_word' id='word_1_909' title='bbox 2785 3937 2887 3991; x_wconf 89' lang='lat' dir='ltr'><strong><em>nisi</em></strong></span> <span class='ocrx_word' id='word_1_910' title='bbox 2947 3937 3230 3990; x_wconf 87' lang='lat' dir='ltr'><strong><em>divinitatis</em></strong></span> <span class='ocrx_word' id='word_1_911' title='bbox 3277 3952 3384 3991; x_wconf 89' lang='lat' dir='ltr'><strong><em>esse</em></strong></span> <span class='ocrx_word' id='word_1_912' title='bbox 3439 3953 3548 3991; x_wconf 82' lang='lat' dir='ltr'><strong><em>cre-</em></strong></span> 
     </span>
    </p>
   </div>
   <div class='ocr_carea' id='block_1_260' title="bbox 2786 4009 2933 4062">
    <p class='ocr_par' dir='ltr' id='par_1_260' title="bbox 2786 4009 2933 4062">
     <span class='ocr_line' id='line_1_260' title="bbox 2786 4009 2933 4062; baseline 0.014 -2"><span class='ocrx_word' id='word_1_913' title='bbox 2786 4009 2933 4062; x_wconf 88' lang='lat' dir='ltr'><strong><em>dula.</em></strong></span> 
     </span>
    </p>
   </div>
   <div class='ocr_carea' id='block_1_261' title="bbox 2860 4078 3549 4152">
    <p class='ocr_par' dir='ltr' id='par_1_261' title="bbox 2860 4078 3549 4152">
     <span class='ocr_line' id='line_1_261' title="bbox 2860 4078 3549 4152; baseline 0.001 -19"><span class='ocrx_word' id='word_1_914' title='bbox 2860 4080 2935 4133; x_wconf 87' lang='lat' dir='ltr'><strong><em>Id.</em></strong></span> <span class='ocrx_word' id='word_1_915' title='bbox 2978 4078 3351 4152; x_wconf 84' lang='lat' dir='ltr'><strong><em>Consideratis</em></strong></span> <span class='ocrx_word' id='word_1_916' title='bbox 3424 4095 3549 4152; x_wconf 86' lang='lat' dir='ltr'><strong><em>ergo</em></strong></span> 
     </span>
    </p>
   </div>
   <div class='ocr_carea' id='block_1_262' title="bbox 2786 4151 3550 4214">
    <p class='ocr_par' dir='ltr' id='par_1_262' title="bbox 2786 4151 3550 4214">
     <span class='ocr_line' id='line_1_262' title="bbox 2786 4151 3550 4214; baseline 0.003 -11"><span class='ocrx_word' id='word_1_917' title='bbox 2786 4151 2866 4204; x_wconf 90' lang='lat' dir='ltr'><strong><em>his</em></strong></span> <span class='ocrx_word' id='word_1_918' title='bbox 2896 4151 3162 4214; x_wconf 89' lang='lat' dir='ltr'><strong><em>universis,</em></strong></span> <span class='ocrx_word' id='word_1_919' title='bbox 3193 4166 3308 4205; x_wconf 92' lang='lat' dir='ltr'><strong><em>vera</em></strong></span> <span class='ocrx_word' id='word_1_920' title='bbox 3351 4151 3550 4205; x_wconf 85' lang='lat' dir='ltr'><strong><em>ratione</em></strong></span> 
     </span>
    </p>
   </div>
   <div class='ocr_carea' id='block_1_263' title="bbox 2785 4221 3351 4290">
    <p class='ocr_par' dir='ltr' id='par_1_263' title="bbox 2785 4221 3351 4290">
     <span class='ocr_line' id='line_1_263' title="bbox 2785 4221 3351 4290; baseline 0 -16"><span class='ocrx_word' id='word_1_921' title='bbox 2785 4221 3131 4290; x_wconf 81' lang='lat' dir='ltr'><strong><em>confitendum</em></strong></span> <span class='ocrx_word' id='word_1_922' title='bbox 3156 4238 3351 4276; x_wconf 89' lang='lat' dir='ltr'><strong><em>censeo.</em></strong></span> 
     </span>
    </p>
   </div>
   <div class='ocr_carea' id='block_1_264' title="bbox 2861 4363 3551 4434">
    <p class='ocr_par' dir='ltr' id='par_1_264' title="bbox 2861 4363 3551 4434">
     <span class='ocr_line' id='line_1_264' title="bbox 2861 4363 3551 4434; baseline 0 -16"><span class='ocrx_word' id='word_1_923' title='bbox 2861 4363 2938 4418; x_wconf 88' lang='lat' dir='ltr'><strong><em>Id.</em></strong></span> <span class='ocrx_word' id='word_1_924' title='bbox 2984 4364 3134 4434; x_wconf 83' lang='lat' dir='ltr'><strong><em>Apud</em></strong></span> <span class='ocrx_word' id='word_1_925' title='bbox 3183 4363 3440 4419; x_wconf 85' lang='lat' dir='ltr'><strong><em>Christum</em></strong></span> <span class='ocrx_word' id='word_1_926' title='bbox 3481 4364 3551 4418; x_wconf 85' lang='lat' dir='ltr'><strong><em>ad</em></strong></span> 
     </span>
    </p>
   </div>
   <div class='ocr_carea' id='block_1_265' title="bbox 2786 4436 3540 4509">
    <p class='ocr_par' dir='ltr' id='par_1_265' title="bbox 2786 4436 3540 4509">
     <span class='ocr_line' id='line_1_265' title="bbox 2786 4436 3540 4509; baseline 0 -20"><span class='ocrx_word' id='word_1_927' title='bbox 2786 4436 3024 4509; x_wconf 73' lang='lat' dir='ltr'><strong><em>gloriosa:</em></strong></span> <span class='ocrx_word' id='word_1_928' title='bbox 3081 4437 3374 4490; x_wconf 75' lang='lat' dir='ltr'><strong><em>trternitatis</em></strong></span> <span class='ocrx_word' id='word_1_929' title='bbox 3418 4453 3540 4509; x_wconf 73' lang='lat' dir='ltr'><strong><em>gau~</em></strong></span> 
     </span>
    </p>
   </div>
   <div class='ocr_carea' id='block_1_266' title="bbox 2787 4507 3545 4578">
    <p class='ocr_par' dir='ltr' id='par_1_266' title="bbox 2787 4507 3545 4578">
     <span class='ocr_line' id='line_1_266' title="bbox 2787 4507 3545 4578; baseline 0 -18"><span class='ocrx_word' id='word_1_930' title='bbox 2787 4507 2873 4561; x_wconf 82' lang='lat' dir='ltr'><strong><em>dia</em></strong></span> <span class='ocrx_word' id='word_1_931' title='bbox 2925 4517 3266 4576; x_wconf 87' lang='lat' dir='ltr'><strong><em>assumptam,</em></strong></span> <span class='ocrx_word' id='word_1_932' title='bbox 3312 4507 3545 4578; x_wconf 89' lang='lat' dir='ltr'><strong><em>benigni-</em></strong></span> 
     </span>
    </p>
   </div>
   <div class='ocr_carea' id='block_1_267' title="bbox 2787 4587 3040 4641">
    <p class='ocr_par' dir='ltr' id='par_1_267' title="bbox 2787 4587 3040 4641">
     <span class='ocr_line' id='line_1_267' title="bbox 2787 4587 3040 4641; baseline 0 -10"><span class='ocrx_word' id='word_1_933' title='bbox 2787 4587 2907 4641; x_wconf 86' lang='lat' dir='ltr'><strong><em>tate,</em></strong></span> <span class='ocrx_word' id='word_1_934' title='bbox 2934 4589 3040 4632; x_wconf 90' lang='lat' dir='ltr'><strong><em>etc.</em></strong></span> 
     </span>
    </p>
   </div>
   <div class='ocr_carea' id='block_1_268' title="bbox 2863 4649 3546 4717">
    <p class='ocr_par' dir='ltr' id='par_1_268' title="bbox 2863 4649 3546 4717">
     <span class='ocr_line' id='line_1_268' title="bbox 2863 4649 3546 4717; baseline -0.001 -16"><span class='ocrx_word' id='word_1_935' title='bbox 2863 4649 2937 4701; x_wconf 88' lang='lat' dir='ltr'><strong><em>Id.</em></strong></span> <span class='ocrx_word' id='word_1_936' title='bbox 2959 4649 3126 4714; x_wconf 85' lang='lat' dir='ltr'><strong><em>Quam</em></strong></span> <span class='ocrx_word' id='word_1_937' title='bbox 3153 4664 3230 4702; x_wconf 90' lang='lat' dir='ltr'><strong><em>me</em></strong></span> <span class='ocrx_word' id='word_1_938' title='bbox 3245 4663 3360 4700; x_wconf 86' lang='lat' dir='ltr'><strong><em>cum</em></strong></span> <span class='ocrx_word' id='word_1_939' title='bbox 3404 4649 3546 4717; x_wconf 79' lang='lat' dir='ltr'><strong><em>Ape-</em></strong></span> 
     </span>
    </p>
   </div>
   <div class='ocr_carea' id='block_1_269' title="bbox 2790 4719 3550 4776">
    <p class='ocr_par' dir='ltr' id='par_1_269' title="bbox 2790 4719 3550 4776">
     <span class='ocr_line' id='line_1_269' title="bbox 2790 4719 3550 4776; baseline -0.001 -2"><span class='ocrx_word' id='word_1_940' title='bbox 2790 4720 2920 4774; x_wconf 89' lang='lat' dir='ltr'><strong><em>stolo</em></strong></span> <span class='ocrx_word' id='word_1_941' title='bbox 2969 4721 3127 4776; x_wconf 88' lang='lat' dir='ltr'><strong><em>diana</em></strong></span> <span class='ocrx_word' id='word_1_942' title='bbox 3156 4719 3431 4774; x_wconf 87' lang='lat' dir='ltr'><strong><em>reverentia</em></strong></span> <span class='ocrx_word' id='word_1_943' title='bbox 3472 4721 3550 4773; x_wconf 90' lang='lat' dir='ltr'><strong><em>vi-</em></strong></span> 
     </span>
    </p>
   </div>
   <div class='ocr_carea' id='block_1_270' title="bbox 2789 4791 3550 4854">
    <p class='ocr_par' dir='ltr' id='par_1_270' title="bbox 2789 4791 3550 4854">
     <span class='ocr_line' id='line_1_270' title="bbox 2789 4791 3550 4854; baseline -0.004 -7"><span class='ocrx_word' id='word_1_944' title='bbox 2789 4795 2912 4847; x_wconf 90' lang='lat' dir='ltr'><strong><em>deor</em></strong></span> <span class='ocrx_word' id='word_1_945' title='bbox 2952 4791 3130 4847; x_wconf 86' lang='lat' dir='ltr'><strong><em>debere</em></strong></span> <span class='ocrx_word' id='word_1_946' title='bbox 3163 4791 3444 4854; x_wconf 87' lang='lat' dir='ltr'><strong><em>admirari,</em></strong></span> <span class='ocrx_word' id='word_1_947' title='bbox 3468 4792 3550 4844; x_wconf 89' lang='lat' dir='ltr'><strong><em>di-</em></strong></span> 
     </span>
    </p>
   </div>
   <div class='ocr_carea' id='block_1_271' title="bbox 2783 4873 2944 4919">
    <p class='ocr_par' dir='ltr' id='par_1_271' title="bbox 2783 4873 2944 4919">
     <span class='ocr_line' id='line_1_271' title="bbox 2783 4873 2944 4919; baseline -0.019 0"><span class='ocrx_word' id='word_1_948' title='bbox 2783 4873 2944 4919; x_wconf 88' lang='lat' dir='ltr'><strong><em>cente.</em></strong></span> 
     </span>
    </p>
   </div>
   <div class='ocr_carea' id='block_1_272' title="bbox 2857 4933 3548 5004">
    <p class='ocr_par' dir='ltr' id='par_1_272' title="bbox 2857 4933 3548 5004">
     <span class='ocr_line' id='line_1_272' title="bbox 2857 4933 3548 5004; baseline -0.003 -15"><span class='ocrx_word' id='word_1_949' title='bbox 2857 4937 2934 4989; x_wconf 90' lang='lat' dir='ltr'><strong><em>Id.</em></strong></span> <span class='ocrx_word' id='word_1_950' title='bbox 2967 4933 3160 4988; x_wconf 87' lang='lat' dir='ltr'><strong><em>Tamen</em></strong></span> <span class='ocrx_word' id='word_1_951' title='bbox 3202 4941 3446 5004; x_wconf 90' lang='lat' dir='ltr'><strong><em>quantum</em></strong></span> <span class='ocrx_word' id='word_1_952' title='bbox 3469 4949 3548 4988; x_wconf 86' lang='lat' dir='ltr'><strong><em>me</em></strong></span> 
     </span>
    </p>
   </div>
   <div class='ocr_carea' id='block_1_273' title="bbox 2787 5004 3450 5061">
    <p class='ocr_par' dir='ltr' id='par_1_273' title="bbox 2787 5004 3450 5061">
     <span class='ocr_line' id='line_1_273' title="bbox 2787 5004 3450 5061; baseline -0.002 -3"><span class='ocrx_word' id='word_1_953' title='bbox 2787 5005 2952 5061; x_wconf 85' lang='lat' dir='ltr'><strong><em>dicere</em></strong></span> <span class='ocrx_word' id='word_1_954' title='bbox 2980 5005 3209 5060; x_wconf 86' lang='lat' dir='ltr'><strong><em>debuisse</em></strong></span> <span class='ocrx_word' id='word_1_955' title='bbox 3237 5004 3450 5057; x_wconf 87' lang='lat' dir='ltr'><strong><em>credidi.</em></strong></span> 
     </span>
    </p>
   </div>
   <div class='ocr_carea' id='block_1_274' title="bbox 2860 5145 3549 5203">
    <p class='ocr_par' dir='ltr' id='par_1_274' title="bbox 2860 5145 3549 5203">
     <span class='ocr_line' id='line_1_274' title="bbox 2860 5145 3549 5203; baseline -0.006 0"><span class='ocrx_word' id='word_1_956' title='bbox 2860 5148 2938 5203; x_wconf 94' lang='lat' dir='ltr'><strong><em>Id.</em></strong></span> <span class='ocrx_word' id='word_1_957' title='bbox 2971 5148 3032 5203; x_wconf 89' lang='lat' dir='ltr'><strong><em>Si</em></strong></span> <span class='ocrx_word' id='word_1_958' title='bbox 3060 5156 3348 5201; x_wconf 87' lang='lat' dir='ltr'><strong><em>autemnon</em></strong></span> <span class='ocrx_word' id='word_1_959' title='bbox 3373 5153 3431 5199; x_wconf 87' lang='lat' dir='ltr'><strong><em>ut</em></strong></span> <span class='ocrx_word' id='word_1_960' title='bbox 3457 5145 3549 5200; x_wconf 88' lang='lat' dir='ltr'><strong><em>de-</em></strong></span> 
     </span>
    </p>
   </div>
   <div class='ocr_carea' id='block_1_275' title="bbox 2791 5217 3406 5291">
    <p class='ocr_par' dir='ltr' id='par_1_275' title="bbox 2791 5217 3406 5291">
     <span class='ocr_line' id='line_1_275' title="bbox 2791 5217 3406 5291; baseline -0.01 -16"><span class='ocrx_word' id='word_1_961' title='bbox 2791 5222 2899 5289; x_wconf 90' lang='lat' dir='ltr'><strong><em>bui,</em></strong></span> <span class='ocrx_word' id='word_1_962' title='bbox 2920 5221 3126 5291; x_wconf 85' lang='lat' dir='ltr'><strong><em>ignosce</em></strong></span> <span class='ocrx_word' id='word_1_963' title='bbox 3157 5230 3210 5271; x_wconf 91' lang='lat' dir='ltr'><strong><em>tu</em></strong></span> <span class='ocrx_word' id='word_1_964' title='bbox 3242 5227 3288 5270; x_wconf 91' lang='lat' dir='ltr'><strong><em>et</em></strong></span> <span class='ocrx_word' id='word_1_965' title='bbox 3309 5217 3406 5270; x_wconf 89' lang='lat' dir='ltr'><strong><em>tui.</em></strong></span> 
     </span>
    </p>
   </div>
   <div class='ocr_carea' id='block_1_276' title="bbox 2135 5310 3367 5374">
    <p class='ocr_par' dir='ltr' id='par_1_276' title="bbox 2135 5310 3367 5374">
     <span class='ocr_line' id='line_1_276' title="bbox 2135 5310 3367 5374; baseline -0.009 0"><span class='ocrx_word' id='word_1_966' title='bbox 2135 5317 2504 5374; x_wconf 75' lang='lat' dir='ltr'><strong><em>SEIIMONES</em></strong></span> <span class='ocrx_word' id='word_1_967' title='bbox 2536 5316 2624 5371; x_wconf 81' lang='lat' dir='ltr'><strong><em>AD</em></strong></span> <span class='ocrx_word' id='word_1_968' title='bbox 2655 5313 2970 5370; x_wconf 77' lang='lat' dir='ltr'><strong><em>FRATRES</em></strong></span> <span class='ocrx_word' id='word_1_969' title='bbox 3017 5312 3080 5366; x_wconf 84' lang='lat' dir='ltr'><strong><em>IN</em></strong></span> <span class='ocrx_word' id='word_1_970' title='bbox 3112 5310 3367 5366; x_wconf 81' lang='lat' dir='ltr'><strong><em>EREMO.</em></strong></span> 
     </span>
    </p>
   </div>
   <div class='ocr_carea' id='block_1_277' title="bbox 2599 5423 2909 5464">
    <p class='ocr_par' dir='ltr' id='par_1_277' title="bbox 2599 5423 2909 5464">
     <span class='ocr_line' id='line_1_277' title="bbox 2599 5423 2909 5464; baseline -0.01 -1"><span class='ocrx_word' id='word_1_971' title='bbox 2599 5423 2769 5464; x_wconf 71' lang='lat' dir='ltr'><strong><em>SERIO</em></strong></span> <span class='ocrx_word' id='word_1_972' title='bbox 2786 5424 2909 5462; x_wconf 72' lang='lat' dir='ltr'><strong><em>XLV.</em></strong></span> 
     </span>
    </p>
   </div>
   <div class='ocr_carea' id='block_1_278' title="bbox 2037 5495 3550 5576">
    <p class='ocr_par' dir='ltr' id='par_1_278' title="bbox 2037 5495 3550 5576">
     <span class='ocr_line' id='line_1_278' title="bbox 2037 5495 3550 5576; baseline -0.005 -16"><span class='ocrx_word' id='word_1_973' title='bbox 2037 5505 2257 5576; x_wconf 84' lang='lat' dir='ltr'><strong><em>Legitur</em></strong></span> <span class='ocrx_word' id='word_1_974' title='bbox 2312 5504 2365 5558; x_wconf 91' lang='lat' dir='ltr'><strong><em>in</em></strong></span> <span class='ocrx_word' id='word_1_975' title='bbox 2423 5503 2562 5557; x_wconf 83' lang='lat' dir='ltr'><strong><em>Bibl.</em></strong></span> <span class='ocrx_word' id='word_1_976' title='bbox 2602 5500 2886 5564; x_wconf 87' lang='lat' dir='ltr'><strong><em>Laurent.,</em></strong></span> <span class='ocrx_word' id='word_1_977' title='bbox 2930 5497 3065 5567; x_wconf 87' lang='lat' dir='ltr'><strong><em>plut.</em></strong></span> <span class='ocrx_word' id='word_1_978' title='bbox 3112 5512 3233 5564; x_wconf 72' lang='lat' dir='ltr'><strong><em>sm,</em></strong></span> <span class='ocrx_word' id='word_1_979' title='bbox 3281 5495 3410 5552; x_wconf 84' lang='lat' dir='ltr'><strong><em>Cod.</em></strong></span> <span class='ocrx_word' id='word_1_980' title='bbox 3456 5511 3550 5566; x_wconf 79' lang='lat' dir='ltr'><strong><em>xx,</em></strong></span> 
     </span>
    </p>
   </div>
   <div class='ocr_carea' id='block_1_279' title="bbox 1965 5600 2222 5656">
    <p class='ocr_par' dir='ltr' id='par_1_279' title="bbox 1965 5600 2222 5656">
     <span class='ocr_line' id='line_1_279' title="bbox 1965 5600 2222 5656; baseline 0.012 -3"><span class='ocrx_word' id='word_1_981' title='bbox 1965 5601 2054 5655; x_wconf 60' lang='lat' dir='ltr'><strong><em>lui.</em></strong></span> <span class='ocrx_word' id='word_1_982' title='bbox 2101 5600 2222 5656; x_wconf 82' lang='grc'><strong><em>158.</em></strong></span> 
     </span>
    </p>
   </div>
   <div class='ocr_carea' id='block_1_280' title="bbox 2039 5687 2718 5758">
    <p class='ocr_par' dir='ltr' id='par_1_280' title="bbox 2039 5687 2718 5758">
     <span class='ocr_line' id='line_1_280' title="bbox 2039 5687 2718 5758; baseline -0.009 -12"><span class='ocrx_word' id='word_1_983' title='bbox 2039 5691 2177 5746; x_wconf 84' lang='lat' dir='ltr'><strong><em>Edit.</em></strong></span> <span class='ocrx_word' id='word_1_984' title='bbox 2206 5693 2306 5758; x_wconf 85' lang='lat' dir='ltr'><strong><em>Qui</em></strong></span> <span class='ocrx_word' id='word_1_985' title='bbox 2335 5691 2402 5743; x_wconf 87' lang='lat' dir='ltr'><strong><em>ad</em></strong></span> <span class='ocrx_word' id='word_1_986' title='bbox 2433 5687 2718 5743; x_wconf 73' lang='lat' dir='ltr'><strong><em>conversio-</em></strong></span> 
     </span>
    </p>
   </div>
   <div class='ocr_carea' id='block_1_281' title="bbox 1966 5764 2482 5818">
    <p class='ocr_par' dir='ltr' id='par_1_281' title="bbox 1966 5764 2482 5818">
     <span class='ocr_line' id='line_1_281' title="bbox 1966 5764 2482 5818; baseline -0.008 0"><span class='ocrx_word' id='word_1_987' title='bbox 1966 5781 2080 5818; x_wconf 88' lang='lat' dir='ltr'><strong><em>nem</em></strong></span> <span class='ocrx_word' id='word_1_988' title='bbox 2108 5779 2197 5816; x_wconf 90' lang='lat' dir='ltr'><strong><em>nos</em></strong></span> <span class='ocrx_word' id='word_1_989' title='bbox 2222 5764 2482 5815; x_wconf 84' lang='lat' dir='ltr'><strong><em>admonet.</em></strong></span> 
     </span>
    </p>
   </div>
   <div class='ocr_carea' id='block_1_282' title="bbox 2036 5832 2720 5908">
    <p class='ocr_par' dir='ltr' id='par_1_282' title="bbox 2036 5832 2720 5908">
     <span class='ocr_line' id='line_1_282' title="bbox 2036 5832 2720 5908; baseline -0.004 -17"><span class='ocrx_word' id='word_1_990' title='bbox 2036 5833 2168 5891; x_wconf 90' lang='lat' dir='ltr'><strong><em>Ibid.</em></strong></span> <span class='ocrx_word' id='word_1_991' title='bbox 2205 5832 2270 5888; x_wconf 85' lang='lat' dir='ltr'><strong><em>Et</em></strong></span> <span class='ocrx_word' id='word_1_992' title='bbox 2322 5835 2506 5889; x_wconf 87' lang='lat' dir='ltr'><strong><em>iterum</em></strong></span> <span class='ocrx_word' id='word_1_993' title='bbox 2536 5833 2720 5908; x_wconf 88' lang='lat' dir='ltr'><strong><em>surgit.</em></strong></span> 
     </span>
    </p>
   </div>
   <div class='ocr_carea' id='block_1_283' title="bbox 2866 5685 3553 5752">
    <p class='ocr_par' dir='ltr' id='par_1_283' title="bbox 2866 5685 3553 5752">
     <span class='ocr_line' id='line_1_283' title="bbox 2866 5685 3553 5752; baseline 0.001 -14"><span class='ocrx_word' id='word_1_994' title='bbox 2866 5693 2999 5739; x_wconf 63' lang='lat' dir='ltr'><strong><em>Coa.</em></strong></span> <span class='ocrx_word' id='word_1_995' title='bbox 3029 5685 3130 5752; x_wconf 84' lang='lat' dir='ltr'><strong><em>Qui</em></strong></span> <span class='ocrx_word' id='word_1_996' title='bbox 3152 5685 3214 5739; x_wconf 87' lang='lat' dir='ltr'><strong><em>de</em></strong></span> <span class='ocrx_word' id='word_1_997' title='bbox 3234 5686 3553 5739; x_wconf 79' lang='lat' dir='ltr'><strong><em>conversione</em></strong></span> 
     </span>
    </p>
   </div>
   <div class='ocr_carea' id='block_1_284' title="bbox 2801 5759 3168 5813">
    <p class='ocr_par' dir='ltr' id='par_1_284' title="bbox 2801 5759 3168 5813">
     <span class='ocr_line' id='line_1_284' title="bbox 2801 5759 3168 5813; baseline -0.008 0"><span class='ocrx_word' id='word_1_998' title='bbox 2801 5774 2891 5813; x_wconf 87' lang='lat' dir='ltr'><strong><em>nos</em></strong></span> <span class='ocrx_word' id='word_1_999' title='bbox 2910 5759 3168 5812; x_wconf 89' lang='lat' dir='ltr'><strong><em>admonet.</em></strong></span> 
     </span>
    </p>
   </div>
   <div class='ocr_carea' id='block_1_285' title="bbox 2870 5826 3514 5898">
    <p class='ocr_par' dir='ltr' id='par_1_285' title="bbox 2870 5826 3514 5898">
     <span class='ocr_line' id='line_1_285' title="bbox 2870 5826 3514 5898; baseline 0 -16"><span class='ocrx_word' id='word_1_1000' title='bbox 2870 5826 2948 5888; x_wconf 90' lang='lat' dir='ltr'><strong><em>Id.</em></strong></span> <span class='ocrx_word' id='word_1_1001' title='bbox 2974 5827 3042 5882; x_wconf 85' lang='lat' dir='ltr'><strong><em>Et</em></strong></span> <span class='ocrx_word' id='word_1_1002' title='bbox 3069 5830 3251 5884; x_wconf 89' lang='lat' dir='ltr'><strong><em>iterum</em></strong></span> <span class='ocrx_word' id='word_1_1003' title='bbox 3277 5827 3514 5898; x_wconf 76' lang='lat' dir='ltr'><strong><em>resurgit.</em></strong></span> 
     </span>
    </p>
   </div>
  </div>
