4012 6338
311 377 452 436 1245

381 500 445 555 Ν.
479 501 562 572 I8.
590 499 741 566 Quod
761 499 861 553 nisi
885 514 949 553 ea:
972 513 1066 572 ηᾳ-

315 579 433 648 tura
462 571 635 644 Patris
664 579 814 644 natus
845 580 989 627 esset.

383 714 514 769 Ib’d.
543 713 607 770 In
625 711 963 770 similitudine
983 713 1066 769 bo-

304 787 496 840 minum
521 788 707 855 factus.

380 859 441 914 N.
472 857 565 914 20.
593 857 817 912 Proinde
839 858 946 912 licet:
965 873 1068 912 om-

307 931 392 1000 nia
435 945 549 1000 qua:
576 931 800 984 diximus
831 927 894 981 de
923 925 1064 988 Filio

308 997 404 1053 Dei
447 1001 744 1070 firmissima
799 1001 902 1072 fide
951 1001 1064 1064 reti-

360 1018 402 1053 ιιι
447 1017 744 1064 ﬁrmissima
799 1017 902 1064 μαι
951 1017 1065 1064 reu-

304 1085 449 1125 nens.

381 1143 512 1216 Ibid.
548 1139 668 1196 Non
695 1143 830 1198 enim
856 1143 1059 1216 rapinis

309 1213 410 1283 fuit
440 1215 551 1268 illa.

381 1284 511 1340 Ibid.
559 1283 633 1354 De
672 1285 769 1354 quo
807 1295 960 1342 natus
989 1293 1061 1342 est

304 1370 454 1409 verus
483 1366 529 1412 et
562 1353 764 1412 Veritas
797 1356 953 1412 Deus.

380 1427 509 1481 Ibid.
543 1424 736 1481 Eodem
760 1439 938 1482 autem
960 1443 1062 1488 non

304 1496 522 1570 habente
538 1539 553 1564 ,
586 1515 679 1552 nos
707 1499 888 1568 procul
910 1499 1062 1553 dubio

301 1568 434 1622 nihil
463 1585 726 1642 possemus
753 1572 1000 1642 accipere.

337 1994 348 2005 ⁸
467 1923 530 2009 2i
544 1964 558 1980 .
592 1923 754 2009 front
783 1925 897 2009 ipse
913 1942 1055 2009 praes

302 1995 538 2070 cipiebat,
563 1995 850 2051 obcditntes
876 2006 922 2052 et
950 2015 1058 2054 ver-

298 2067 375 2122 bis
399 2077 446 2120 et
477 2069 644 2132 factis.

729 2148 896 2193 autem
919 2139 1060 2214 solus

298 2208 473 2277 Deus,
502 2212 622 2280 quia
652 2212 766 2276 hoc,
797 2223 900 2266 etc.
1003 2209 1026 2216 ”

1482 373 1860 434 LECTIONES
1896 371 2308 431 VARIANTES.

1208 498 1302 580 Iid_.
1340 500 1472 566 Quia
1500 501 1598 554 nisi
1620 508 1888 580 ef‘natura
1915 495 1971 558 Α
2041 495 2345 580 -I.b_i_d..Sed
2374 505 2480 552 tota
2507 497 2561 553 in
2590 513 2648 574 e9
2677 505 2751 580 est

1144 569 1310 627 Patris
1323 586 1468 638 natus
1482 583 1628 628 esset.
1639 571 1757 626 Vill.
1774 586 1887 628 var.

1137 641 1305 698 Mulir.
1339 643 1341 646 ’

1205 715 1335 770 Cod.
1371 731 1550 770 χχχιχ.
1593 713 1659 768 1η
1707 715 1890 769 simili-

1138 788 1367 857 tudinem
1399 786 1660 840 hominum
1689 785 1880 857 factus.

1207 859 1284 912 Id.
1327 856 1552 914 Proinde
1585 856 1694 911 luto
1721 860 1892 912 omnia

1135 945 1248 1002 qua:
1274 929 1496 984 diximus
1515 931 1589 1002 de
1624 927 1784 1002 Filio
1798 929 1892 1002 Dei

1135 1000 1426 1067 ﬁrmissima
1447 1001 1552 1068 ﬁde
1571 1003 1748 1057 retine.
1768 1000 1887 1058 Vid.

1134 1086 1243 1126 var.
1274 1071 1439 1126 Manr.

1207 1142 1429 1217 Id.__N_on
1447 1143 1779 1217 enim‘rapina
1793 1144 1891 1217 fuit

1131 1214 1246 1270 illa.
1279 1214 1399 1270 Vid.
1431 1229 1544 1268 var.
1576 1215 1744 1270 Maur.

1204 1283 1281 1340 Id.
1312 1285 1390 1366 De
1411 1301 1508 1366 quo
1537 1299 1685 1366 natus
1707 1295 1781 1366 est
1810 1302 1892 1344 ve-

1132 1373 1221 1412 rus
1241 1366 1286 1411 et
1312 1354 1507 1410 Veritas
1532 1354 1703 1412 Filius
1727 1357 1885 1420 Deus.

1206 1425 1282 1482 Id.
1338 1426 1531 1481 Eodem
1577 1439 1746 1482 autem
1787 1446 1889 1486 non

1135 1499 1348 1556 habente
1389 1496 1552 1562 Filio,
1595 1499 1890 1566 firmissima

1133 1571 1238 1642 ﬁde
1266 1572 1454 1634 retine,
1487 1570 1624 1642 quod
1657 1571 1762 1624 lucc
1789 1573 1890 1626 uti-

1131 1641 1228 1712 que
1240 1643 1409 1695 omnia
1424 1642 1477 1694 in
1490 1641 1683 1712 unitate
1696 1655 1889 1698 natura:

1130 1711 1234 1768 non
1277 1712 1491 1784 habente
1537 1711 1710 1784 [ϐοά.
1745 1714 1885 1768 male

1127 1781 1351 1857 habens]
1371 1823 1386 1847 .
1418 1801 1508 1837 nos
1535 1781 1713 1857 procul
1736 1787 1887 1842 dubio

1130 1857 1263 1910 nihil
1277 1855 1546 1926 possemus
1574 1857 1821 1926 accipere.

1203 1923 1295 1984 Id.'
1316 1923 1605 2000 Proutipse
1630 1923 1889 2000 pr'a'cipie-

1131 1997 1249 2064 bat,
1280 2008 1325 2054 et
1355 1997 1517 2054 verbis
1543 2007 1590 2052 et
1619 1997 1793 2072 factis.

1203 2139 1282 2196 Id.
1342 2140 1463 2194 Non
1515 2149 1686 2200 autem
1750 2143 1890 2196 solus

1135 2212 1273 2267 Deus
1296 2211 1484 2274 Filius,
1502 2213 1620 2266 auia
1640 2211 1736 2266 hoc
1780 2223 1886 2268 etc.

718 2322 949 2380 δεκΜο
987 2323 1076 2379 DE
1119 2323 1464 2380 ADVENTU.

295 3091 564 3146 variantes
597 3089 870 3143 lectiones.

367 3185 506 3238 I'ldit.
549 3180 633 3240 Ex
674 3179 842 3240 David
881 3188 1053 3234 autem

297 3253 452 3326 stirpe
512 3254 790 3311 secundum
854 3266 1057 3308 carnem

300 3329 552 3398 facturus.

370 3398 506 3454 Ibid.
549 3395 615 3450 Et
644 3412 743 3450 non
770 3393 1054 3466 frustrabi-

303 3477 388 3541 tur
416 3487 543 3541 eam.

374 3539 505 3595 Ibid.
541 3537 605 3594 Et
628 3541 759 3598 sicut
790 3542 913 3596 luna
942 3552 1058 3604 per-

289 3610 439 3681 fecta
461 3612 513 3664 in
535 3622 801 3672 internum,
827 3619 874 3683 et
901 3612 1055 3662 testis.

331 3750 510 3876 .blbid.
565 3750 888 3811 Annuntiabo
943 3765 1061 3820 ergo

331 3839 342 3876 I
382 3840 414 3875 ι.

301 3831 414 3886 μω.

371 3894 502 3950 Ibid.
550 3893 677 3948 Htec
711 3894 885 3954 omnia
919 3893 1061 3962 quis-

295 3981 397 4037 .que
424 3969 475 4022 in
507 3966 804 4026 Solomone.

374 4037 506 4092 Ibid.
563 4037 701 4092 Nam
738 4037 876 4104 quod
911 4034 1061 4108 aliter

303 4108 355 4174 in
379 4109 654 4164 Salomone
673 4109 1063 4177 intelligendum

303 4187 419 4246 est;
464 4196 560 4234 nec
605 4180 759 4236 adest
805 4187 1059 4248 punctum

301 4249 757 4324 interrogationis.

376 4318 524 4377 Ibid.
543 4318 743 4382 Fidelis
770 4329 842 4378 est
879 4321 1064 4380 domus

323 4412 432 4465 qus.

378 4464 512 4520 Ibid.
555 4463 806 4520 Salomon
845 4477 1065 4531 namque

306 4536 517 4592 domum
545 4539 746 4604 plenam
775 4534 933 4604 fuisse
961 4549 1064 4594 sttu-

302 4606 528 4663 lieribus.

379 4677 512 4732 Ibid.
591 4675 846 4732 Seductus
916 4683 1068 4742 atque

306 4748 528 4816 delectus
556 4787 570 4809 ,
624 4747 710 4816 qui
750 4745 876 4806 dum
903 4743 1066 4802 bonus

309 4821 486 4892 fuisset
509 4817 671 4892 initio.

383 4892 518 4948 Ibid.
554 4887 688 4952 Ecce
715 4895 1067 4959 apparuerunt

307 4963 690 5036 prtcdicationes
744 4957 1024 5036 ῂητάίειφ,
1043 4997 1060 5023 ο

307 5029 412 5089 ion
450 5035 500 5088 in
533 5032 844 5097 Salomone,
882 5030 971 5086 sed
1008 5029 1064 5084 in

310 5104 510 5160 Christo
544 5103 759 5166 Domino
773 5141 788 5158 .
809 5142 823 5156 .
841 5138 856 5156 .
877 5140 894 5158 .
907 5101 1065 5172 fuisse

309 5177 590 5231 completas.

385 5247 516 5304 Ibid.
550 5243 616 5298 Et
639 5245 788 5318 faciet
803 5245 1064 5316 judicium

294 5329 356 5391 με
380 5319 636 5392 justitiam
667 5333 819 5383 super
851 5326 1058 5372 terram.

383 5389 514 5444 Ibid.
559 5388 691 5452 Quia
726 5387 953 5448 Christus
992 5387 1058 5448 si-

306 5460 582 5532 gnaculum
620 5461 782 5520 crucis
819 5459 1064 5528 exprimet

309 5533 364 5590 in
393 5533 646 5604 frontibus
675 5547 868 5590 eorum.

380 5671 515 5738 Ibid.
577 5673 833 5739 Quoniam
883 5672 1064 5730 obtutu

309 5746 534 5806 cernitur
556 5745 714 5812 fuisse
731 5745 1063 5812 completum.

387 5817 517 5872 Ibid.
560 5815 771 5872 Omnem
807 5816 876 5870 ad
900 5831 954 5872 se
977 5827 1068 5871 at-

313 5887 469 5956 trahit
493 5887 757 5952 mundum.

1197 3175 1332 3234 Cod.
1373 3186 1427 3234 et
1461 3176 1612 3238 Cass.
1653 3193 1760 3233 cur.
1804 3175 1887 3232 Ea:

1130 3247 1296 3302 David
1323 3259 1493 3302 autem
1519 3251 1678 3318 stirpe
1707 3265 1886 3304 secuit-

1128 3319 1251 3374 dum
1279 3335 1482 3376 carnem
1514 3322 1739 3389 futurus.

1199 3390 1331 3446 Cod.
1365 3408 1402 3448 ι.
1434 3389 1502 3444 Et
1533 3409 1633 3448 non
1664 3396 1892 3464 frustra-

1127 3461 1263 3518 bilur
1289 3479 1426 3517 eum.

1203 3533 1282 3592 Id.
1312 3531 1379 3586 Et
1405 3536 1536 3590 sicut
1566 3533 1692 3592 luna
1721 3535 1883 3604 perfe-

1132 3616 1215 3662 cta
1254 3607 1306 3656 in
1345 3617 1593 3659 aeternum
1631 3608 1891 3669 manebit,

1134 3682 1180 3726 et
1208 3675 1369 3728 testis.

1207 3745 1285 3802 Id.
1316 3744 1577 3800 Anuuntio
1597 3761 1715 3816 ergo
1744 3746 1854 3802 tibi.

1207 3887 1286 3946 Id.
1320 3885 1448 3942 Haec
1475 3887 1644 3943 omnia
1669 3888 1895 3957 quisquis

1133 3959 1186 4014 in
1216 3958 1512 4014 Salomone.

1207 4031 1284 4086 Id.
1314 4030 1454 4084 Nam
1475 4028 1696 4096 qualiter
1720 4031 1771 4084 in
1794 4029 1896 4083 Sa-

1134 4103 1332 4156 lomone
1359 4101 1746 4169 intelligendum
1776 4111 1848 4156 est
1874 4117 1892 4165 ;

1132 4181 1189 4228 et
1211 4174 1263 4230 in
1290 4173 1395 4230 line
1423 4173 1634 4240 ponitur
1664 4173 1896 4228 interro-

1134 4247 1376 4313 gationis
1393 4255 1668 4310 punctum.
1787 4306 1793 4311 _

1179 4314 1286 4372 ·Ι‹Ι.
1331 4312 1533 4370 Fidelis
1572 4315 1669 4368 erit
1715 4314 1897 4371 domus

1134 4389 1182 4458 ‘1'
1189 4403 1266 4458 ",3,-

1209 4457 1288 4518 Id.
1357 4456 1611 4528 Salomon
1677 4473 1900 4528 namque

1135 4529 1344 4590 domum
1369 4533 1570 4597 plenam
1591 4526 1771 4588 habuit
1794 4526 1902 4584 ntu-

1136 4601 1364 4662 tioribus.

1129 4743 1301 4812 jecttts
1329 4749 1426 4803 est,
1457 4741 1542 4810 qui
1571 4740 1698 4796 dum
1735 4743 1894 4798 bonus

1139 4813 1318 4884 fuisset
1345 4813 1396 4884 i_n
1421 4812 1589 4866 initio.

1211 4884 1285 4936 Id.
1337 4882 1471 4938 Ecce
1511 4891 1726 4951 apparet
1775 4898 1895 4951 pro-

1134 4953 1402 5010 missiones
1442 4953 1708 5020 prtedictas
1740 4994 1753 5013 .
1794 4969 1898 5007 non

1135 5027 1189 5082 in
1206 5026 1506 5088 Salomone,
1520 5025 1607 5078 sed
1624 5026 1675 5079 in
1693 5024 1896 5079 Christo

1139 5097 1358 5161 Domino
1397 5107 1568 5152 nostro
1583 5135 1598 5150 .
1620 5134 1633 5149 .
1655 5135 1668 5151 .
1691 5137 1707 5154 .
1737 5096 1896 5166 fuisse

1137 5169 1434 5239 conipletas.

1211 5237 1287 5302 Id.
1308 5238 1372 5292 Et
1395 5240 1548 5306 faciet
1567 5237 1823 5310 judicium
1850 5249 1897 5296 et

1125 5313 1387 5386 justitiam
1412 5312 1465 5366 in
1496 5321 1652 5386 terra.

1198 5384 1277 5439 Id.
1322 5381 1539 5449 Quando
1569 5380 1796 5448 Christus
1825 5381 1895 5436 si-

1136 5455 1412 5526 gnaculum
1451 5455 1614 5508 crucis
1654 5454 1894 5526 exprimit

1137 5525 1192 5588 in
1223 5527 1473 5593 frontibus
1501 5540 1694 5580 eorum.
1725 5525 1812 5576 Sic
1841 5532 1897 5577 et

1139 5597 1295 5654 codd.
1329 5596 1477 5650 Cass.
1509 5609 1595 5650 ενι
1621 5603 1676 5648 et
1703 5608 1865 5648 cxvu.

1212 5670 1286 5724 Id.
1318 5667 1466 5732 Quod
1481 5667 1594 5735 jam
1619 5667 1714 5718 ltoc
1737 5674 1897 5718 totum

1138 5741 1362 5796 cernitur
1386 5734 1542 5807 fuisse
1563 5734 1892 5803 completum.

1210 5809 1284 5865 Id.
1330 5808 1542 5863 Omnem
1577 5807 1646 5861 ad
1683 5823 1738 5865 se
1774 5825 1896 5872 eou-

1136 5881 1308 5942 lrahat
1335 5882 1602 5938 mundum.

1994 568 2278 640 plenitudo.

2069 639 2199 716 Ibid.
2227 638 2290 693 Et
2307 641 2434 710 fides
2449 641 2751 716 cinctorium

1997 708 2288 784 lumborum
2309 708 2446 784 ejus.
2733 708 2742 724 ⁸

2070 781 2198 836 Ibid.
2232 780 2297 855 In
2319 780 2465 855 cuius
2485 783 2613 839 ovile
2631 801 2747 855 par-

1993 853 2092 905 dus
2123 869 2236 906 cum
2264 853 2669 909 hme‘accubal.

2068 924 2200 979 Ibid.
2259 923 2505 978 Pennixti
2561 929 2751 981 scilicet

1993 996 2192 1048 subdoli
2241 1012 2352 1049 cum
2407 999 2752 1060 peccatoribus

1992 1065 2062 1128 ibi
2078 1107 2092 1132 ,
2118 1075 2170 1119 ut
2192 1075 2344 1120 etiam
2369 1069 2553 1122 ritulu's
2575 1087 2635 1122 es:
2658 1071 2754 1122 cir-

1993 1137 2302 1192 cumcisione
2318 1177 2330 1190 .
2352 1179 2363 1190 .
2387 1178 2398 1189 .
2424 1178 2436 1191 .
2460 1151 2746 1194 morantur.

1993 1208 2000 1212 ’
2066 1209 2196 1280 Ibid.
2224 1211 2357 1274 Quia
2382 1209 2613 1280 princeps
2637 1227 2749 1265 cum

1992 1275 2230 1352 subjectis
2273 1275 2499 1352 plebibus
2529 1275 2749 1335 continuo

1993 1351 2106 1403 nem
2126 1353 2307 1404 habent
2330 1354 2629 1407 doctrinam.
2652 1351 2747 1407 De-

1993 1421 2266 1494 lectabitut:
2282 1440 2493 1494 quoatte.
2525 1435 2627 1478 etc.

2066 1493 2197 1565 Ibid.
2232 1492 2400 1562 super
2441 1496 2516 1546 liis
2545 1497 2633 1565 qui
2661 1500 2745 1564 [u-

1992 1563 2156 1633 gerint
2171 1565 2233 1618 de
2255 1565 2428 1631 Moab,
2449 1576 2495 1619 et
2511 1563 2753 1636 reliquias

1996 1645 2145 1688 terra:
2156 1675 2169 1688 .

2065 1705 2191 1760 Ibid.
2232 1706 2331 1776 Qui
2381 1709 2510 1762 tollit
2544 1719 2751 1775 peccata

1991 1780 2205 1845 mundi,
2250 1780 2336 1843 qui
2375 1781 2664 1833 dominatur
2695 1781 2748 1833 in

1992 1848 2162 1901 orbem
2191 1861 2462 1904 terrarum.

1918 1887 1968 1949 Β
2004 1989 2009 1991 _
2067 1921 2172 1991 Ibid
2191 1887 2283 1972 “De
2309 1887 2640 1991 ἓὲοἶῃεηηῑι
2674 1923 2742 1976 ο-

1991 1989 2104 2063 beth
2141 2034 2155 2055 ,
2227 2001 2272 2044 et
2341 1989 2500 2063 Obeth
2579 1995 2749 2063 genuit

1991 2059 2154 2130 Iesse,
2184 2073 2230 2122 et
2261 2065 2324 2118 de
2353 2061 2495 2118 Iesse
2526 2059 2712 2120 David.

3439 348 3579 433 I24d

2893 497 2972 554 Id.
3015 496 3121 556 Sed
3158 505 3262 563 tota
3297 497 3428 552 inest
3464 499 3579 569 ple-v'

2824 571 3026 640 nitudo.

2845 623 2996 696 ζ’ίιαξ
3022 641 3088 693 Et
3121 640 3248 712 fides
3281 641 3582 700 cinctorium
3610 623 3624 658 ί

2821 715 3148 784 renumejus.

2895 786 2967 839 Id.
2992 782 3053 837 In
3082 787 3230 850 cuius
3242 782 3359 837 ovili
3390 786 3582 854 pardus

2826 872 2940 908 cum
2979 855 3124 908 hmdo
3146 855 3376 908 accubat.

2899 927 2972 981 Id.
2998 926 3245 980 Permixti
3259 927 3447 980 scilicet
3462 927 3580 980 sub-

2825 999 2930 1051 doli
2961 1014 3072 1051 cum
3103 998 3468 1062 peccatoribus.
3499 997 3582 1060 Ibi

2823 1071 2974 1122 etiam
3014 1071 3199 1122 vitulus
3230 1085 3289 1122 ex
3318 1071 3582 1124 circumci-

2823 1141 2993 1194 sione.
3014 1180 3029 1196 .
3060 1181 3070 1194 .
3097 1180 3109 1194 .
3135 1149 3417 1194 morantur.

2896 1211 2968 1265 Id.
3008 1211 3140 1279 Quia
3189 1212 3440 1281 principes
3465 1228 3580 1266 cum

2823 1280 3057 1354 subjectis
3100 1280 3322 1354 plebibus
3356 1280 3584 1354 cominu-

2824 1352 2934 1406 nem
2953 1352 3136 1407 habent
3150 1353 3454 1408 doctrinam.
3477 1352 3580 1407 De-

2823 1425 3036 1479 lectatur
3063 1440 3277 1494 quoque.
3310 1435 3415 1481 etc.

2897 1493 2971 1550 Id.
3007 1493 3180 1565 Super
3204 1497 3281 1547 Itis
3312 1497 3396 1561 qui
3441 1496 3586 1565 fuge-

2826 1568 2926 1620 rint
2954 1569 3015 1619 de
3050 1563 3202 1620 Moab
3230 1609 3241 1624 .
3276 1576 3323 1619 et
3361 1563 3585 1633 reliquiis

2825 1649 2992 1693 terra’.
3028 1637 3114 1693 Sic
3141 1648 3193 1692 et
3223 1636 3466 1704 Vulgata.

2899 1709 2970 1764 Id.
3009 1709 3107 1773 Qui
3149 1707 3280 1762 tollit
3323 1718 3586 1776 peccatum

2823 1781 3028 1844 mundi,
3081 1783 3166 1846 qui
3199 1780 3491 1834 dominatur
3531 1779 3587 1832 in

2823 1852 2941 1910 orbe
2967 1863 3236 1906 terrarum.

2896 1923 2972 1976 Id.
3010 1922 3085 1976 De
3121 1921 3262 1975 Boos
3307 1922 3476 1992 genuit
3505 1921 3587 1974 0-

2824 1993 2960 2056 betlt,
2991 2003 3036 2046 et
3064 1993 3126 2045 de
3156 1990 3320 2046 (lbetli
3344 1990 3511 2057 Iesse,
3535 2000 3586 2060 et

2825 2067 2886 2120 de
2911 2064 3054 2120 Jesse
3082 2064 3263 2118 David.

2427 2177 2656 2234 SERIIO
2697 2179 2784 2234 DE
2838 2176 3127 2232 PASCIM.

1990 2269 2101 2331 (Est
2120 2273 2274 2324 sancti
2299 2271 2494 2320 Maximi
2519 2285 2668 2322 sem.
2687 2271 3007 2334 de'l'empore
3031 2272 3327 2333 xxxvn,olit.
3356 2267 3587 2332 Roman.)

2063 2354 2286 2423 Legitur
2315 2355 2370 2410 in
2403 2355 2540 2410 Bibl.
2575 2356 2858 2421 Laurent.,
2891 2355 3019 2424 plut.
3062 2371 3160 2420 xu,
3189 2355 3311 2420 cod,
3346 2370 3457 2420 xw,
3486 2354 3582 2413 Iul.

287 2435 406 2509 λείη
429 2439 475 2498 in
493 2439 650 2495 sancti
685 2439 883 2491 Μηίωί
904 2440 955 2491 ill
974 2439 1248 2502 appendice
1279 2452 1521 2504 sem-'1'.
1560 2439 1686 2510 Εᾷίι-
1722 2439 1887 2506 nomo)
1989 2445 2094 2501 26‘2
2117 2447 2167 2512 b,
2199 2446 2289 2500 ubi
2320 2447 2495 2514 plures
2526 2456 2648 2504 sunt
2675 2454 2732 2502 et
2760 2447 3226 2517 probasivariantes
3259 2448 3539 2505 lectiones.

688 2539 894 2600 [Patrot.
919 2545 1030 2590 tom.
1054 2537 1179 2590 LVII
1196 2578 1209 2599 ,
1236 2538 1328 2592 col.
1358 2542 1494 2604 855.]

371 2624 589 2696 Legitur
611 2624 661 2677 in
691 2624 826 2682 Bibl.
853 2623 1130 2690 Laurent.,
1157 2624 1290 2692 plut.
1317 2641 1426 2690 xiv,
1451 2627 1573 2681 cod.
1599 2641 1638 2689 ι,
1666 2626 1758 2682 σοι.
1788 2627 1885 2692 I0;

299 2715 491 2772 dicitur
517 2717 677 2782 etiam
707 2726 920 2781 exstare
951 2717 1002 2772 in
1034 2716 1202 2776 tribus
1230 2716 1392 2772 codd.
1418 2718 1759 2788 Cassin.{cum
1791 2735 1888 2774 no.

297 2811 442 2884 mine
472 2810 642 2866 sancti
685 2808 997 2878 Augustini,
1037 2807 1123 2863 cui
1167 2817 1344 2876 tamen
1387 2824 1493 2866 non
1539 2809 1747 2864 videtur
1789 2810 1882 2864 tri-

297 2900 571 2967 buendus,
598 2903 736 2958 sicut
763 2889 862 2957 nec
886 2907 1072 2955 sancto
1097 2899 1344 2966 Maximo,
1382 2909 1600 2969 propter
1627 2901 1753 2971 styli
1782 2899 1886 2955 dil-

296 2999 599 3056 I'erentiam.
645 2997 701 3050 In
741 3004 924 3051 nostro
959 2994 1144 3051 codice
1181 2995 1374 3072 adsunt
1413 2995 1590 3068 magni
1629 2997 1887 3050 momenti

2065 2537 2209 2594 Edit.
2235 2535 2431 2594 Eadem
2454 2548 2620 2592 tamen
2641 2538 2749 2593 dies

1989 2617 2062 2678 est
2089 2611 2393 2663 sanctitatis.

2062 2679 2192 2734 Ibid.
2231 2678 2438 2748 Perpeti
2460 2691 2624 2734 tamen
2645 2681 2757 2738 luce

1989 2750 2172 2820 fulget.

2016 2760 2172 2816 utget.

2065 2822 2194 2876 Ibid.
2233 2821 2372 2878 Nam
2415 2823 2547 2876 sicut
2578 2824 2751 2878 beatus

1989 2892 2264 2961 Apostolus
2288 2910 2305 2946 :
2327 2894 2475 2947 Jesus
2491 2933 2505 2957 ,
2535 2905 2640 2949 etc.

2065 2963 2199 3018 Ibid.
2233 2962 2356 3032 Ipse
2400 2967 2546 3019 nobis
2601 2965 2754 3020 hodie

1990 3042 2194 3112 genitus
2223 3047 2314 3112 est.

2064 3105 2194 3179 Ibid.
2224 3107 2420 3179 _l_lodie,
2449 3108 2638 3179 inquit,
2669 3124 2756 3179 ge-

1989 3178 2079 3230 nui
2109 3187 2174 3230 te.
2212 3177 2327 3232 lloe
2365 3190 2437 3230 est
2467 3177 2566 3232 non
2593 3177 2754 3250 quod,

1992 3261 2098 3304 εις.
2611 3295 2618 3300 .

2069 3319 2199 3374 Ibid.
2235 3318 2300 3372 Et
2344 3321 2638 3387 inde/ieiens
2677 3324 2761 3377 lu-

1995 3407 2110 3452 snen
2136 3402 2318 3464 cuncta
2359 3394 2536 3449 stt’cuti
2565 3395 2761 3464 perpeti

1995 3465 2109 3516 luce
2138 3463 2414 3518 contineat.
2527 3463 2530 3465 ’

2071 3534 2200 3592 Ibid.
2229 3533 2361 3598 Quia
2381 3536 2519 3604 apud
2534 3552 2646 3590 eunt
2670 3553 2760 3592 nec

1997 3606 2258 3670 prazterita
2281 3607 2540 3658 labuntur.

2071 3674 2200 3747 Ibid.
2236 3674 2350 3738 Quo
2377 3690 2546 3747 autem
2569 3687 2759 3747 tempo-

1989 3760 2052 3804 re
2082 3745 2273 3800 dictum
2300 3755 2378 3801 est
2409 3743 2568 3804 Filio.

2072 3815 2233 3889 Ibid.”
2263 3815 2418 3870 Recte
2463 3834 2584 3889 ergo
2639 3829 2759 3878 tunc

1997 3884 2150 3939 hodie
2178 3885 2386 3943 dicitur.

2074 3956 2209 4028 Ibid.
2241 3959 2392 4011 Recte
2412 3960 2519 4013 dies
2548 3961 2755 4028 dicitur,

1999 4033 2149 4096 cujus
2176 4026 2482 4082 .Iudreorum
2526 4038 2658 4086 actio
2689 4026 2760 4084 tel-

2001 4099 2218 4180 nebrosa
2242 4102 2515 4158 obscurare
2542 4119 2644 4158 non
2671 4121 2759 4176 po-

2001 4180 2118 4224 ιωι.

2073 4242 2204 4316 Ibid.
2244 4241 2498 4316 Lmtemttr
2551 4261 2672 4316 ergo
2713 4257 2760 4301 et

2002 4313 2287 4368 exaltemus
2311 4315 2380 4384 in,
2411 4316 2504 4368 liae
2539 4313 2623 4371 die
2645 4359 2659 4384 ,
2709 4320 2760 4370 in

2001 4401 2104 4453 qua
2153 4385 2295 4446 nobis
2353 4383 2604 4442 Dominus
2662 4405 2760 4444 an-

2003 4473 2108 4514 nua
2163 4457 2427 4512 devotione
2477 4469 2762 4514 veneratur.

2894 2536 3004 2592 Cod
3017 2578 3030 2592 .
3065 2538 3265 2596 Eadem
3290 2550 3458 2593 tamen
3489 2557 3584 2595 no-

2825 2609 2899 2664 bis
2931 2621 3001 2664 est
3027 2611 3136 2663 dies
3167 2613 3473 2664 sanctitatis.

2901 2678 2977 2735 Id.
3015 2680 3272 2750 Perpetua
3296 2692 3462 2736 tamen
3484 2683 3587 2752 ful-

2863 2762 2909 2806 et
2915 2789 2928 2804 .
3509 2792 3514 2796 .

2826 2771 2970 2877 Quid.
3007 2821 3144 2878 Nam
3173 2824 3490 2884 sicut'beatus
3509 2792 3588 2877 iA.

2825 2894 3054 2966 postolus
3079 2895 3210 2948 dixit
3236 2912 3253 2948 :
3276 2895 3450 2958 Jesus,
3482 2905 3586 2950 etc.

2899 2966 2976 3020 Id.
3001 2964 3123 3036 Ipse
3142 2969 3276 3020 enim
3295 2973 3494 3039 genitus
3517 2974 3588 3021 est

2828 3036 3001 3092 hodie.

2899 3109 2974 3162 Id.
3005 3106 3194 3175 Hodie,
3220 3111 3403 3179 inquit,
3437 3109 3589 3178 genui

2832 3189 2899 3236 te.
2939 3179 3124 3245 Hodie,
3156 3197 3259 3235 non
3281 3181 3418 3252 quod
3443 3222 3458 3245 ,
3483 3191 3590 3234 etc.

2907 3323 2982 3377 Id.
3011 3322 3074 3375 Et
3096 3323 3393 3387 indeﬁciens
3419 3321 3591 3377 lumen

2831 3403 3016 3448 cuncta
3040 3396 3226 3448 sa'cula
3255 3394 3447 3464 perpeti
3484 3394 3593 3448 luce

2831 3467 3108 3525 contineat.

2881 3537 2980 3591 ‘ld.
3047 3535 3179 3600 Quia
3233 3535 3372 3602 apud
3423 3533 3590 3588 Deitas

2832 3622 2923 3660 nec
2956 3607 3211 3676 praeterita
3239 3607 3497 3659 labuntur.

2909 3679 2982 3731 Id.
3022 3678 3135 3742 Quo
3165 3688 3338 3730 autem
3367 3687 3593 3745 tempore

2832 3748 3025 3806 dictum
3053 3749 3117 3800 sit
3143 3746 3304 3801 Filio.

2905 3820 2982 3873 Id.
3009 3820 3161 3873 Recte
3191 3836 3310 3890 ergo
3343 3828 3465 3873 tunc
3494 3819 3592 3872 lio-

2832 3891 2914 3945 die
2938 3892 3197 3945 recitatur.

2908 3963 2978 4014 Id.
3019 3962 3174 4015 Recte
3229 3962 3336 4016 dies
3380 3960 3590 4028 dicitur,

2831 4037 2983 4103 cujus
3008 4043 3265 4086 veritatem
3290 4031 3593 4086 Judteorum

2835 4105 2990 4174 factio
3021 4107 3283 4159 tenebrosa
3325 4103 3592 4156 obscurare

2835 4194 2935 4228 non
2960 4177 3140 4246 potuit.

2845 4257 2850 4262 '
2909 4247 2984 4300 Id.
3014 4247 3266 4300 Laztemur
3287 4262 3408 4313 ergo
3435 4255 3484 4300 et
3507 4262 3593 4300 ea:—

2833 4318 3054 4372 ultemus
3080 4319 3132 4371 in
3161 4317 3256 4370 hac
3283 4319 3363 4370 die
3389 4358 3406 4383 ,
3435 4319 3593 4370 caris-

2837 4391 2982 4455 simi,
3028 4405 3182 4458 quam
3229 4405 3397 4442 annua
3439 4393 3592 4442 ustio.—

2841 4463 2976 4514 tione
3023 4477 3339 4521 veneramur,
3375 4470 3503 4524 etc.,
3537 4472 3593 4514 ut

2842 4532 3094 4592 scribitur
3167 4537 3216 4584 in
3296 4532 3592 4599 fragmento

2009 4597 2390 4653 Laurentiano.
2416 4601 2520 4654 Sed
2543 4601 2738 4656 deinde
2765 4603 2930 4658 multa
2956 4603 3306 4667 praetermittit
3338 4597 3504 4668 usque
3524 4605 3592 4656 ad

1210 4649 1765 4743 Misenensem”
1803 4670 1894 4726 de-
1927 4649 1980 4710 ι)
2005 4649 2521 4743 Ηέέίύρἕίιέςζςῖεὲἆ
2547 4649 3592 4743 Et};;;.‘,;}'&;;7u'a;7.;,;;ii;73.15:;ch
3661 4718 3680 4729 .

2073 4741 2206 4793 Ibid.
2267 4739 2440 4808 Refert
2486 4751 2658 4797 autem
2714 4739 2760 4798 et

2001 4811 2210 4866 traditio
2249 4810 2575 4868 anulariam
2623 4815 2760 4868 litte-

2000 4899 2176 4940 rarum
2207 4883 2299 4936 hoc
2325 4923 2340 4948 ,
2372 4885 2758 4952 quemdam"...

2003 4955 2256 5014 habuisse.
2288 4963 2393 5007 etc.

2077 5025 2205 5080 Ibid.
2247 5022 2376 5080 Puto
2404 5023 2513 5080 hac
2553 5025 2631 5084 illi
2659 5043 2756 5082 ca:-

2001 5097 2112 5170 l_esti
2142 5096 2396 5170 athletar,
2417 5097 2532 5170 Aqui
2577 5109 2756 5170 contra

1998 5167 2160 5222 Jacob
2193 5169 2375 5234 legitur
2403 5167 2560 5232 fuisse
2587 5169 2753 5222 lucta-

1997 5247 2102 5303 tus,
2128 5248 2283 5290 totum
2311 5239 2386 5290 illi
2395 5241 2592 5308 justius
2614 5250 2760 5305 apta-

1997 5312 2044 5366 ri
2064 5326 2212 5382 posse
2238 5323 2256 5372 ;
2279 5310 2470 5390 (ινιρὶωο
2485 5309 2594 5364 haec
2619 5312 2758 5390 illius

1999 5396 2228 5452 persona!
2256 5383 2420 5433 verius
2467 5383 2750 5437 convenire.

2001 5454 2134 5520 Quia
2153 5469 2265 5504 cum
2283 5460 2505 5517 tempore
2528 5455 2576 5504 in
2599 5471 2754 5506 arena

2001 5524 2180 5577 mundi
2209 5537 2322 5574 cum
2352 5521 2554 5591 publico
2610 5527 2754 5578 hoste

1999 5595 2264 5664 conflixit;
2291 5595 2377 5661 qui
2403 5595 2476 5665 ad
2507 5594 2602 5647 hoc
2645 5613 2754 5665 ges-

1995 5668 2084 5729 sit,
2119 5675 2172 5719 ut
2198 5664 2474 5736 gloriosius
2503 5664 2756 5736 surgeret;

1995 5739 2066 5791 ad
2109 5737 2202 5790 hoc
2229 5736 2410 5788 cecidit
2436 5778 2449 5801 ,
2487 5747 2538 5789 ut
2586 5753 2756 5792 υυιηεσ

1994 5810 2201 5870 levaret.

2067 5878 2201 5936 Ibid.
2231 5878 2369 5949 Ergo
2399 5895 2514 5936 eum
2559 5879 2757 5936 vicisset

2909 4745 2982 4796 Id.
3029 4743 3196 4815 Refert
3218 4755 3380 4815 autem
3404 4753 3450 4794 et
3486 4753 3593 4796 tra-

2833 4816 2961 4870 ditio
2971 4817 3292 4869 swculariusn
3307 4814 3591 4867 litterarum

2836 4887 3072 4940 habuisse
3108 4892 3402 4956 quemdam,
3445 4885 3586 4956 [cod.

2835 4963 2975 5012 male
3002 4954 3303 5026 quoddam].

2904 5029 2979 5084 Id.
3005 5027 3133 5082 Htec
3149 5030 3224 5081 illi
3239 5028 3426 5081 caelesti
3438 5027 3590 5081 athle-

2832 5110 2917 5163 ιω,
2946 5101 3030 5168 qui
3060 5110 3238 5153 contra
3267 5099 3429 5150 Jacob
3459 5101 3588 5165 legi-

2831 5180 2915 5225 tur
2943 5173 3098 5240 f‘uisse
3125 5172 3376 5232 luctatus,
3397 5173 3591 5240 justms

2831 5246 2996 5305 aptari
3037 5258 3182 5309 posse
3224 5241 3454 5304 mstimo,’
3493 5242 3588 5295 hoc

2829 5314 2967 5368 illius
2998 5328 3228 5383 persona:
3256 5313 3436 5367 melius
3461 5328 3585 5367 con-

2829 5391 3022 5446 uentre,
3049 5386 3133 5446 qui
3160 5383 3255 5435 hoc
3283 5388 3333 5435 in
3365 5396 3588 5452 tempore

2828 5455 2879 5508 in
2896 5457 3236 5508 arenamundi
3256 5470 3368 5506 cum
3385 5455 3588 5522 publica

2828 5526 2966 5579 hoste
2995 5527 3253 5594 con/lixi';
3285 5527 3370 5593 qui
3401 5527 3472 5578 ad
3495 5526 3588 5579 ltoc

2829 5599 2980 5652 cessit
3027 5607 3078 5649 ut
3105 5599 3376 5669 gloriosior
3403 5613 3586 5669 surge-

2827 5678 2904 5722 ret
2923 5687 2940 5733 ;
2957 5669 3037 5722 ad
3058 5669 3152 5722 hoc
3192 5668 3371 5722 cecidit
3398 5679 3452 5720 ut
3477 5668 3587 5722 um-

2828 5756 2916 5794 nes
2941 5741 3152 5794 elevoret

2903 5881 2979 5939 Id.
3030 5881 3174 5954 Ergo
3228 5898 3343 5941 cum
3387 5883 3584 5943 vicisset
