4012 6338
477 327 615 411 i247

474 445 657 515 Iacob,
689 447 911 503 benedici
936 456 1105 501 tamen
1128 462 1182 500 se
1202 460 1236 498 a

475 523 660 575 victore
694 536 838 586 posse
862 519 1113 589 cognovit.

490 646 493 649 γ
548 591 679 646 Ibid.
726 592 891 654 Quale
942 600 1241 657 mysterium

474 662 529 716 in
554 662 863 716 certamine!
878 658 1143 729 Inﬁrmior
1170 675 1242 714 te-

474 735 736 791 stimatur.

546 804 678 860 Ibid.
739 804 1005 858 Benedixit
1073 804 1233 857 victus

470 876 587 946 qui,
619 885 722 931 etc.

483 985 487 990 ι
544 947 676 1002 Ibid.
716 947 848 1013 Quia
884 956 930 1000 et
979 946 1020 1001 si
1050 947 1232 1000 adter-

472 1020 598 1071 sarii
621 1020 939 1088 resipiscam,
970 1028 1073 1071 etc.

545 1089 676 1144 Ibid.
725 1090 860 1155 Quid
905 1089 1037 1141 illud
1085 1090 1235 1141 etiam

472 1171 569 1224 cst,
600 1163 734 1229 quod
766 1168 877 1228 post
905 1162 1048 1212 illam
1074 1161 1237 1212 collu-

473 1234 742 1285 ctationem
809 1229 968 1284 .Iacob
1031 1230 1235 1284 benedi-

474 1305 689 1355 ctionem
713 1304 929 1369 accepit,
950 1310 996 1354 et
1019 1302 1236 1355 claudus

470 1374 682 1428 incedit.

550 1445 681 1498 Ib.d.
716 1444 855 1509 IIoc,
884 1447 1003 1514 quia
1044 1445 1107 1497 de
1132 1444 1231 1499 Ja—

472 1514 584 1579 cob,
616 1518 670 1568 id
717 1527 788 1569 est
837 1517 899 1569 de
928 1517 1083 1584 stirpe
1127 1516 1253 1577 Ju-,

472 1587 721 1640 datorum.

398 1712 401 1713 ,
547 1657 677 1711 Ibid.
696 1656 809 1711 Hoc
823 1659 1077 1740 indicabat
1088 1676 1236 1730 posse

472 1744 590 1785 eum
618 1745 651 1782 a
678 1740 840 1783 morte
867 1746 1020 1783 IIIIICI.

1662 326 2059 385 APPENDICIS
2096 327 2577 385 AUGUSTINIANI

1306 443 1489 515 Iacob,
1514 446 1739 501 benedici
1767 457 1937 502 tamen
1963 464 2016 501 se
2037 464 2069 499 α
2094 451 2145 509 Α
2243 445 2377 502 Ibid.
2402 445 2643 516 Sequeris
2663 456 2857 518 postea.

1308 517 1439 589 victo
1469 536 1615 589 posse
1636 528 1887 589 coquom.

1385 588 1649 654 Id.Quale
1664 588 1983 661 mysterium!
2006 589 2071 643 In

1314 662 1588 715 certamine
1641 662 1893 728 infirmior
1938 663 2072 717 testi-

1316 742 1508 784 matur.

1386 803 1460 856 Id.
1488 803 1750 857 Benedicit
1782 806 1938 859 victus
1962 806 2070 879 qui,

1313 884 1417 929 etc.

1382 948 1453 1002 Id.
1481 947 1614 1014 Quia
1634 959 1677 1003 et
1692 947 2017 1013 adversariis,
2030 950 2075 1000 si

1310 1020 1633 1088 resipiscam,
1664 1030 1767 1073 etc.

1384 1091 1461 1145 Id.
1491 1089 1625 1155 Quid
1654 1092 1806 1143 etiam
1821 1089 1953 1141 illud
1971 1098 2070 1157 est,

1308 1164 1446 1230 quod
1470 1174 1736 1230 postquam
1764 1162 2071 1214 illambene-

1310 1234 1583 1285 dictionem
1627 1234 1786 1285 Jacob
1813 1246 1830 1266 '
1844 1234 2069 1302 accepit,

1310 1305 1527 1357 claudus
1557 1304 1765 1358 incedit.

1380 1446 1459 1500 Id.
1492 1444 1610 1499 Hoc
1637 1456 1708 1500 est
1738 1447 1872 1516 quod
1896 1448 1957 1499 de
1976 1444 2072 1500 Ja-

1305 1520 1420 1583 cob,
1452 1520 1503 1571 id
1548 1528 1622 1571 est
1662 1523 1725 1572 de
1774 1520 2073 1572 Judazorum

1306 1606 1506 1659 genere.

1381 1661 1460 1715 Id.
1496 1660 1615 1714 Hoc
1642 1660 1903 1714 indicabat
1928 1676 2073 1728 posse

1308 1733 1513 1803 quidem
1536 1750 1652 1787 eum
1674 1749 1705 1785 a
1726 1743 1888 1785 morte
1921 1733 2068 1786 vinci.

887 1841 1119 1896 SEBMO
1159 1842 1247 1897 DE
1288 1842 1633 1899 LATRONE.

534 1955 643 2013 (Est
689 1958 816 2018 apud
859 1956 1201 2005 Combelisium
1240 1958 1335 2006 sub
1376 1960 1575 2009 nomine
1615 1962 1769 2009 sancti
1817 1960 2064 2011 Ambrosii

472 2017 551 2067 vel
575 2017 730 2087 sancti
760 2020 976 2087 Maximi,
1002 2018 1130 2087 Bibl.
1156 2019 1459 2087 goncionai.,
1487 2030 1599 2087 tom.
1630 2021 1718 2080 III,
1742 2022 1825 2087 fol:
1851 2025 1937 2072 82I
1970 2026 2061 2087 bis,

472 2087 525 2163 et
548 2097 573 2129 I.
594 2082 1132 2163 apud'sanetlulllnximi
1168 2081 1449 2131 Editionem
1492 2082 1781 2147 Romanam)
1810 2085 2019 2163 [PatroL
2046 2081 2060 2150 ξ

471 2148 585 2194 tom.
613 2142 711 2191 LVI
727 2144 761 2203 l,
781 2154 868 2192 σοι.
891 2142 1021 2204 5451.

550 2246 769 2316 Legitur
799 2262 919 2302 cum
947 2250 1165 2305 nomine
1206 2252 1379 2305 sancti
1420 2251 1700 2327 Augustini
1754 2256 1804 2309 in
1857 2257 2067 2312 duobus

476 2338 634 2392 codd.
667 2337 1011 2403 Florentinis,
1044 2355 1237 2409 nempe
1266 2341 1403 2395 Bibl.
1431 2343 1624 2411 Aidil.,
1654 2347 1771 2401 cod.
1808 2362 2062 2413 cxsxvui,

472 2428 568 2483 fol.
596 2428 724 2495 258,
754 2440 809 2485 et
838 2431 960 2486 cod.
990 2448 1173 2496 cxuu,
1203 2432 1297 2487 fol.
1331 2433 1432 2488 195
1456 2438 1502 2490 b.

546 2519 688 2575 Edit.
707 2521 949 2576 Couibef.
971 2524 1228 2587 Quoniam

1374 2524 1542 2602 codd.
1604 2530 1791 2583 Audiat
1833 2533 1886 2585 in
1935 2550 2067 2602 prte-

474 2590 625 2673 hodie
665 2592 930 2673 Evangelii
979 2597 1129 2673 lectio
1166 2596 1228 2647 de
1299 2598 1428 2673 senti
1443 2590 2065 2673 dilectiovestra,fra'trcs,

473 2662 697 2741 Latrone
724 2664 1177 2741 fecit_me_ntionem
1206 2706 1222 2732 ,
1298 2670 1409 2734 quis
1431 2671 1496 2721 sit
1518 2672 1612 2725 iste
1631 2672 1785 2741 latro,
1816 2662 1921 2728 etc.

475 2733 737 2787 videamus
782 2736 894 2803 quis
944 2736 1051 2803 ipse
1095 2736 1223 2789 latro

471 2803 556 2857 sit.
586 2804 643 2859 S.
672 2806 808 2888 Maii.
842 2808 970 2861 edit.
999 2806 1253 2874 Quoniam
1282 2809 1513 2864 hesterno
1538 2813 1623 2867 die
1643 2814 1707 2867 de
1730 2816 1927 2870 latrone
1947 2819 2071 2888 feci-

478 2889 591 2927 mus
616 2878 938 2942 mentionem,
966 2888 1068 2931 etc.

545 2946 682 3000 Edit.
718 2947 852 3001 Ecce
878 2958 993 3001 reus
1020 2950 1226 3015 dicitur,

471 3016 602 3072 sicut
629 3020 713 3071 cui
740 3021 977 3073 damnari
1007 3023 1074 3072 ad
1099 3031 1227 3075 tem-

509 3104 569 3163 us
592 3092 864 3163 capediunt
913 3090 1026 3163 [Sic
1068 3092 1220 3146 Com-

470 3104 569 3213 ἕως
592 3104 864 3157 expediunt
913 3104 1026 3163 [me
1068 3104 1220 3146 Com-

511 3160 581 3235 el'.
602 3161 758 3235 _I:‘.dit_.
773 3164 906 3215 Max.
933 3163 1226 3235 expedivit].

540 3231 672 3286 Ibid.
698 3232 759 3287 Si
781 3249 882 3286 non
911 3231 1227 3289 contraditus

470 3311 596 3372 esset
623 3303 689 3355 ad
719 3320 937 3372 poenam.
1106 3318 1111 3321 '

543 3371 684 3426 Edit.
721 3371 864 3446 max.
891 3374 1021 3430 Plus
1047 3378 1227 3446 incipit

471 3457 615 3515 avere
632 3513 641 3515 _
660 3445 795 3513 quod
846 3457 1013 3515 sperat
1037 3486 1051 3511 ,
1105 3445 1225 3504 cum

471 3511 698 3567 Latinio.

542 3656 685 3711 Edit.
714 3671 919 3713 omnes.
968 3658 1152 3715 Potuit
1181 3679 1232 3717 e-

473 3728 577 3780 nim
596 3766 612 3792 ,
644 3729 848 3804 nisi_de
878 3731 1066 3804 futuris
1096 3734 1235 3804 cogi-

473 3806 648 3864 tasset,
680 3799 768 3869 qui
792 3802 843 3853 in
869 3799 1070 3856 Christo
1082 3799 1235 3857 semel

451 3896 456 3901 -
470 3870 776 3937 crediderat,
807 3872 868 3925 de
883 3876 1121 3940 prwsenti
1135 3892 1237 3929 nta-

470 3941 819 4014 gis_suppli_cio
843 3948 1123 4014 deprecari.

544 4012 679 4068 Ibid.
714 4012 862 4077 Quod
892 4012 944 4067 in
976 4016 1230 4073 Christum

469 4082 524 4136 in
554 4098 705 4138 cruce
732 4086 949 4152 positum
991 4090 1228 4145 credidit.

544 4154 678 4232 Ibid.
712 4154 806 4208 Illi
832 4159 900 4210 ad
921 4158 1075 4226 fidem
1107 4177 1222 4232 pro-

493 4226 611 4282 'ecit.

471 4225 611 4295 fecit.
1107 4225 1118 4232 ’

543 4297 675 4352 Ibid.
734 4297 866 4351 Dicit
917 4301 1051 4353 enim
1096 4302 1230 4357 idem

472 4369 748 4439 Apostolus
765 4384 784 4422 :
800 4369 938 4439 Ipsis
950 4382 1118 4423 autem
1138 4390 1226 4427 vo-

471 4440 597 4493 catis
617 4438 816 4493 ludatis
833 4438 993 4508 atque
1042 4440 1233 4500 Graecis

471 4507 571 4585 Dei
594 4511 829 4564 virtutem
846 4521 891 4564 et
913 4509 1009 4565 Dei
1031 4516 1233 4585 sapien-

470 4580 613 4635 tiam.
708 4623 713 4629 .

544 4652 676 4708 Ibid.
701 4652 829 4709 Cum
853 4656 1050 4710 veneris
1077 4658 1128 4712 in
1149 4677 1232 4715 re-

468 4740 569 4796 gno
598 4734 706 4780 tuo.

545 4796 674 4849 Ibid.
710 4793 815 4850 Pro
859 4798 1039 4853 alienis
1069 4802 1230 4856 scele-

469 4865 609 4920 ribus
640 4866 747 4921 hwc
768 4870 978 4923 vulnera
1007 4874 1230 4928 sustine-

470 4947 568 4990 ret.

545 5007 678 5063 Ibid.
714 5006 848 5063 Eum
871 5027 980 5066 esse
1002 5013 1055 5067 in
1089 5016 1232 5069 dolo-

470 5096 524 5133 re
554 5094 572 5132 :
601 5081 759 5133 livore
787 5084 921 5153 ejus,
954 5093 1060 5138 etc.

1379 2952 1455 3007 Id.
1485 2955 1619 3010 Ecce
1649 2972 1797 3021 reus,
1830 2960 1956 3013 sicut
1986 2961 2070 3013 di-

1304 3024 1469 3103 citur,
1499 3030 1584 3103 cui
1608 3027 1748 3103 [σοι.
1786 3031 1922 3084 male
1959 3030 2067 3103 qui]

1303 3096 1541 3217 samnari
1567 3096 1628 3152 id
1645 3103 1890 3169 temporis
1913 3096 2070 3171 expc;

1341 3183 1448 3217 ιυιι.

1341 3183 1448 3220 ιυιι.

2092 1845 2140 1904 Β

2248 588 2375 642 Ibid.
2415 589 2679 658 Tanquam
2702 589 2935 659 discipu-

2178 659 2258 712 lus
2287 660 2373 713 ille
2398 660 2661 725 di/Tertur.

2250 731 2378 785 Ibid.
2426 731 2597 784 Etiam
2634 733 2702 784 ad
2727 748 2937 786 consor-

2177 803 2301 854 tium
2314 872 2318 873 ί
2331 802 2435 873 ille
2449 804 2703 873 diligitur.

2251 872 2381 925 Ibid.
2408 872 2732 944 Impossibile
2748 886 2817 927 est
2845 873 2941 928 Ρε-

2177 953 2256 995 tro
2286 946 2426 1013 sequi
2450 944 2721 998 Dominum
2746 962 2764 998 :
2788 947 2941 999 etiam

2179 1014 2328 1083 facile
2356 1015 2553 1082 latroni
2576 1027 2648 1070 est
2689 1032 2795 1070 esse
2822 1033 2939 1069 cum

2178 1084 2423 1141 Domino.

2248 1156 2379 1211 Ibid.
2414 1155 2535 1225 Ipsa
2561 1158 2689 1210 hora
2717 1175 2816 1229 qua
2842 1176 2939 1227 pa-

2176 1230 2381 1281 radisus
2402 1229 2682 1281 Dominum
2702 1232 2936 1298 suscipit,
2984 1248 2987 1253 ί

2179 1302 2388 1367 suscipit
2410 1309 2461 1352 et
2488 1301 2755 1353 latronem.

2252 1370 2382 1424 Ibid.
2441 1370 2546 1426 Sed
2600 1372 2733 1425 hanc
2788 1382 2945 1425 totam

2174 1439 2395 1511 gloriam
2422 1443 2650 1505 latroni,
2683 1456 2786 1497 etc.

2255 1513 2385 1566 Ibid.
2419 1512 2551 1567 Plus
2592 1516 2725 1567 enim
2771 1517 2941 1568 credi-

2075 1604 2082 1611 ·
2181 1582 2313 1637 disse
2334 1583 2557 1648 Christo,
2579 1602 2731 1653 quam
2750 1588 2942 1640 sceculo

2177 1654 2468 1721 deliquisse.

2257 1726 2391 1780 Ibid.
2422 1726 2487 1779 In
2518 1728 2611 1781 hoc
2634 1729 2765 1781 enim
2786 1729 2937 1783 totius

2178 1801 2343 1865 forma
2372 1800 2555 1851 salutis
2582 1810 2689 1865 est;
2712 1800 2939 1854 salvato-

2166 1884 2273 1920 rem
2295 1877 2417 1921 tunc
2441 1873 2727 1941 majestatis
2760 1873 2931 1924 Domi-

2166 1955 2289 2011 num
2335 1944 2649 2011 reCOgttoscil
2668 1984 2681 2007 ,
2713 1958 2825 1995 cum
2843 1948 2928 1995 vi-

2168 2010 2316 2062 detur
2346 2012 2649 2066 humilitatis
2690 2015 2932 2083 patientia

2166 2083 2408 2135 cruciari.

3638 341 3776 397 ιειε

3008 446 3157 572 “Id.
3190 450 3425 522 Sequeris
3442 465 3619 509 autem
3636 468 3779 527 post-

3080 591 3173 669 id.
3193 593 3465 669 _Tanquam
3526 616 3782 669 properus

3009 662 3098 715 ille
3122 662 3377 732 differtur.

3086 735 3160 788 Id.
3194 736 3260 788 Et
3280 740 3383 813 iam
3404 739 3503 793 iste
3528 742 3784 813 deligitur

3011 805 3079 857 ad
3118 811 3447 863 consortium.

3082 875 3161 930 Id.
3194 876 3261 929 Id
3303 882 3622 944 impossibile
3666 897 3784 940 erat

3014 945 3171 1029 Petro
3193 950 3525 1029 sequiDeum
3554 995 3568 1017 ,
3596 967 3640 1008 et
3658 961 3785 1029 jam

3012 1020 3163 1087 facile
3214 1032 3286 1075 est
3334 1024 3485 1077 istum
3516 1042 3624 1078 esse
3658 1020 3784 1081 cum

3016 1088 3258 1148 Domino.

3087 1161 3163 1216 Id.
3196 1162 3323 1240 l_psa
3344 1167 3470 1221 hora
3494 1188 3597 1238 qua
3624 1190 3785 1240 para-

3014 1231 3155 1285 disus
3204 1234 3481 1313 Dominum
3505 1231 3780 1313 suscepit,

3014 1307 3233 1371 suscepit
3261 1324 3303 1358 e;
3337 1313 3610 1368 latronem.

3092 1374 3167 1429 Id.
3186 1376 3295 1456 Sed
3308 1380 3439 1456 hanc
3462 1396 3655 1437 tantam
3674 1405 3783 1456 9.0-

3015 1446 3146 1498 riam
3177 1450 3392 1515 latroni,
3422 1465 3525 1508 etc.

3091 1518 3168 1571 Id.
3204 1519 3333 1574 Plus
3362 1534 3433 1576 est
3482 1529 3617 1579 enim
3662 1544 3781 1581 cre-

3014 1588 3206 1643 didisse
3234 1592 3456 1657 Christo,
3502 1615 3655 1664 quam
3679 1617 3783 1653 sae-

3013 1663 3185 1734 culum
3206 1663 3555 1734 dereliquisse.

3081 1730 3162 1786 Inl.
3194 1732 3257 1785 In
3301 1730 3394 1789 hoc
3439 1741 3575 1792 enim
3622 1743 3782 1797 totius

3011 1802 3182 1885 forma
3214 1808 3429 1885 salutis,
3458 1814 3600 1879 quod
3630 1814 3776 1885 food.

3004 1875 3140 1929 male
3165 1875 3275 1947 qui]
3308 1875 3781 1939 Salva-ltrem‘tnnc

3005 1950 3291 2015 maiestatis
3345 1948 3629 2005 Dominum
3688 1974 3779 2009 co-

3004 2022 3221 2098 gnoscit,
3248 2038 3361 2074 cum
3386 2025 3643 2098 rideretur
3666 2034 3780 2098 ejus

3014 2090 3273 2145 ‘tumilitus
3299 2097 3423 2163 pati.
3450 2096 3658 2151 cetera
3686 2090 3781 2153 de-

3015 2171 3158 2214 SIII'II.

2186 2284 2418 2341 SEIIMO
2474 2288 2537 2342 IN
2586 2288 3003 2347 NA'I‘I'I‘IVATE
3050 2294 3330 2350 JOANNIS
3390 2298 3781 2359 BAPTISTJS.

2237 2419 2802 2500 (Esllsanctl'liulge'ntil
2844 2427 3373 2500 apudvgombeﬁsiqtn,
3401 2443 3518 2486 tom.
3546 2438 3640 2488 VII
3659 2475 3674 2500 ,
3699 2440 3783 2491 fol.

2174 2482 2258 2545 69,
2305 2483 2397 2532 col.
2428 2484 2476 2549 ι)
2516 2482 2749 2549 [Patrol.,
2784 2482 2894 2540 tom'.
2924 2491 3347 2558 L.1'V,cot.922].

2242 2610 2456 2680 Legitur
2511 2612 2562 2666 in
2614 2613 2750 2669 Bibl.
2796 2614 3075 2685 LaurenL,
3126 2620 3254 2689 plut.
3310 2639 3424 2691 xm,
3481 2633 3610 2683 cod.
3663 2646 3779 2699 VIII,

2174 2705 2269 2759 Iol.
2313 2705 2423 2760 9.00
2453 2706 2517 2770 b;
2547 2706 2635 2760 ubi
2668 2706 2719 2761 in
2749 2708 2929 2763 multis
2955 2708 3133 2765 dili'ert
3162 2715 3229 2767 ab
3259 2715 3438 2773 editis.

2248 2816 2390 2872 Edit.
2475 2816 2684 2871 Nullius
2753 2821 2941 2887 quippe

2175 2888 2392 2942 celebrat
2424 2888 2653 2941 Ecclesia
2676 2890 2809 2944 diem
2838 2908 2938 2960 quo

2177 2975 2382 3012 carnem
2404 2962 2938 3030 assumpsit,quinimo

2174 3030 2307 3084 illud
2355 3031 2639 3101 frequentat
2668 3048 2789 3102 quo,
2830 3044 2933 3087 etc.

2252 3172 2379 3227 Ibid.
2446 3149 2665 3229 sanctus
2714 3172 2941 3230 Joannes

1374 3240 1447 3291 Id.
1478 3240 1598 3293 Nisi
1615 3243 1835 3298 traditus
1856 3255 1983 3298 esset
2004 3248 2073 3299 ad
2097 3235 2143 3296 Ο
2178 3261 2240 3317 ex
2263 3255 2408 3298 utero
2438 3255 2484 3298 et
2533 3248 2586 3297 in
2632 3257 2779 3317 utero
2812 3247 2939 3317 Spi-

1301 3326 1520 3379 paenam.
1856 3338 1869 3352 ι

1374 3383 1452 3436 III.
1506 3382 1638 3437 Cum
1700 3384 1947 3441 CombeI.
2015 3398 2070 3445 et

1292 3454 1550 3507 omnibus
1580 3454 1737 3508 codd.
1768 3454 1899 3512 Plus
1936 3460 2068 3513 inci-

1306 3524 1379 3589 pit
1430 3524 1601 3577 dolcre
1656 3528 1793 3592 quod
1857 3540 2065 3598 sperat,

1305 3608 1498 3661 nempe
1523 3598 1659 3662 quod
1692 3598 1849 3652 timet.

1375 3664 1453 3719 Id.
1492 3664 1671 3719 Potuit
1708 3669 1840 3721 enim
1880 3672 1982 3724 nisi
2007 3672 2070 3726 de

1308 3739 1500 3805 futuris
1531 3738 1798 3810 suppliciis
1844 3745 2068 3810 coqitas-

1308 3818 1423 3872 set,
1454 3811 1540 3877 qui
1570 3810 1623 3860 in
1661 3808 1863 3864 Christo
1893 3808 2071 3867 credi-

1309 3879 1470 3943 derat,
1497 3880 1784 3949 deprecari.

1370 4020 1446 4075 Id.
1471 4022 1571 4089 Qui
1582 4021 1836 4077 Christum
1848 4026 1903 4079 in
1919 4042 2071 4082 cruce

1303 4094 1525 4162 positum
1539 4093 1817 4149 Dominum
1830 4100 2069 4153 credidit.

1375 4163 1453 4241 Id.
1479 4162 1573 4218 Illi
1602 4166 1669 4219 ad
1700 4171 1917 4223 salutem
1947 4167 2067 4241 pro-

1306 4237 1446 4304 fecit.

1378 4308 1451 4360 Id.
1486 4309 1623 4362 Dicit
1653 4311 1787 4364 enim
1836 4320 1883 4364 et
1932 4313 2069 4366 idem

1302 4379 1579 4451 Apostolus
1612 4421 1625 4445 ,
1702 4382 1810 4451 ipse
1881 4400 2066 4438 vocans

1308 4447 1564 4503 Christum
1595 4451 1693 4504 Dei
1721 4447 1981 4507 'virtutem
2020 4467 2068 4509 et

1308 4516 1407 4571 Dei
1434 4522 1755 4589 sapientiam.

1378 4662 1453 4717 Id.
1486 4662 1612 4717 Cum
1654 4666 1846 4720 veneris
1890 4668 1942 4721 in
1987 4686 2066 4723 re-

1306 4750 1460 4805 gnum
1492 4745 1653 4790 tuum.

1378 4805 1451 4858 Id.
1484 4805 1552 4858 Et
1575 4824 1667 4874 pro
1697 4808 1878 4864 alienis
1908 4812 2065 4864 scele-

1305 4876 1446 4929 ribus
1474 4877 1583 4931 htec
1606 4878 1818 4933 vulnera
1845 4883 2065 4938 sustine-

1304 4957 1402 5001 ret.

1380 5019 1455 5073 Id.
1489 5019 1624 5074 Eum
1644 5037 1750 5076 esse
1788 5024 1839 5076 in
1864 5024 2061 5090 dolore,

1305 5100 1353 5144 et
1386 5092 1542 5144 livore
1562 5096 1694 5163 ejus,
1720 5103 1823 5150 etc.

941 5200 1177 5259 SEIiMO
1217 5205 1305 5261 DE
1349 5207 1605 5263 EODEM.

474 5306 585 5369 (Est
609 5311 761 5359 sancti
788 5311 986 5362 Maximi
1011 5328 1083 5379 ιι,
1131 5317 1569 5445 ἰιὶέἓόὲὴῐῖῗιηεη.
1596 5322 1833 5385 [Patrol.,
1860 5331 1894 5374 t.
1918 5324 2065 5389 LVII,

548 5476 766 5547 Legitur
794 5480 847 5535 in
883 5483 1071 5539 eodem
1098 5466 1285 5543 codice
1316 5503 1376 5544 ac
1408 5490 1738 5559 praecedens.

549 5569 689 5623 Edit.
718 5569 823 5623 Cur
849 5583 1106 5630 tantorum
1131 5580 1231 5633 cri-

476 5642 672 5694 minum
699 5642 1009 5701 inveteratus
1039 5650 1205 5705 latro?

548 5781 678 5862 Ibid.
742 5782 809 5839 Ut
859 5798 1065 5863 peccata
1124 5795 1234 5863 ejus

476 5860 642 5922 gratia
672 5860 983 5923 praeuenerit.

1378 5582 1511 5636 Cod.
1547 5582 1649 5637 ('ur
1680 5596 1938 5640 tantorum
1960 5590 2065 5644 cri-

1306 5653 1499 5706 minum
1531 5656 1729 5709 malitia
1756 5660 2065 5715 inveteratus

1308 5723 1478 5779 latro?

1336 5866 1347 5877 .
1380 5795 1456 5849 Id.
1496 5795 1563 5851 Ut
1594 5808 1800 5877 peccata
1820 5803 1929 5872 ejus
1952 5821 2071 5871 qta-

1312 5869 1381 5919 tia
1411 5869 1729 5936 praeveniret.

2174 3316 2278 3368 ritu
2319 3325 2495 3369 sancto
2526 3316 2748 3384 repletus
2772 3321 2939 3387 tripu-

2175 3388 2324 3440 dians
2354 3389 2579 3457 agnovit,
2622 3390 2936 3442 reverendis-

2173 3459 2299 3511 sime
2362 3475 2385 3510 s
2406 3460 2643 3511 :lutavit.
2680 3462 2939 3525 Quamob-

2173 3542 2278 3581 rem
2331 3530 2547 3582 mittitur
2598 3546 2782 3596 prwco,
2833 3542 2938 3587 etc.

2251 3599 2381 3652 Ibid.
2410 3601 2510 3666 Qui
2539 3604 2775 3670 pra’dicet
2805 3602 2932 3656 Sal-

2173 3684 2234 3722 va
2239 3678 2254 3720 ί
2260 3686 2397 3721 orem
2404 3710 2415 3722 .

2246 3739 2379 3794 Ibid.
2469 3740 2532 3794 Et
2608 3752 2753 3795 erunt
2817 3762 2934 3814 quae

2174 3827 2330 3881 prava
2352 3822 2468 3865 sunt
2515 3813 2725 3881 directa,
2751 3826 2797 3869 et
2817 3813 2932 3885 qua:

2172 3898 2352 3956 aspera
2376 3895 2491 3956 sunt
2518 3886 2569 3936 in
2600 3887 2706 3939 vias
2726 3888 2925 3956 planas.

2244 3955 2377 4008 Ibid.
2422 3953 2619 4009 Videbit
2648 3953 2809 4011 omnis
2839 3976 2925 4012 ca-

2172 4041 2231 4078 ro
2280 4025 2598 4080 Salvatorem
2631 4028 2723 4080 Dei
2753 4032 2929 4086 nostri.

2247 4097 2377 4150 Ibid.
2436 4096 2714 4153 Ilumilitas
2755 4105 2935 4168 praeci-

2171 4169 2315 4241 pitur
2337 4170 2610 4234 montibus,
2642 4181 2687 4224 et
2713 4188 2744 4223 a
2783 4189 2935 4241 supe-

2173 4239 2391 4293 rioribus
2444 4242 2536 4292 viis
2610 4258 2671 4294 ac
2744 4239 2935 4299 semitis

2176 4314 2420 4384 tortuosis
2448 4313 2704 4366 rectitudo
2730 4326 2774 4384 et
2821 4316 2934 4384 pla-

2173 4383 2320 4435 nities
2365 4385 2664 4451 imperatur.
2721 4382 2789 4437 In
2823 4382 2934 4439 Vlto-

2173 4452 2371 4505 minum
2402 4456 2560 4506 corda
2613 4456 2735 4520 ﬁdei
2768 4472 2935 4524 prwco

2171 4528 2494 4592 componitur
2525 4565 2540 4590 ,
2608 4536 2655 4579 et
2709 4530 2936 4583 humana

2177 4594 2464 4648 mortalitas
2517 4596 2819 4653 deterretur.
2890 4600 2935 4654 ο

2176 4667 2398 4741 carnalis
2457 4668 2751 4741 infirmitas,
2810 4673 2936 4741 quid

2172 4738 2376 4808 factura
2404 4754 2454 4792 es
2494 4740 2549 4791 in
2576 4742 2795 4794 adventu
2824 4738 2934 4795 'se-

2169 4810 2421 4887 renissimi
2471 4808 2553 4880 [Ε.
2576 4813 2928 4887 severissimi]

2161 4880 2380 4953 judicis,
2408 4896 2523 4933 cum
2551 4881 2614 4933 de
2654 4885 2753 4937 tuis
2777 4880 2929 4953 factii

2174 4952 2418 5004 rationem
2457 4954 2663 5007 reddere
2696 4959 2926 5023 coeperis,

2171 5038 2285 5095 qua:
2314 5039 2412 5075 non
2456 5025 2528 5077 vis
2558 5041 2691 5077 nunc
2739 5030 2927 5095 prtedi-

2168 5094 2421 5147 cationem
2488 5094 2747 5165 suscipere
2799 5101 2928 5153 tanti

2170 5167 2419 5242 prteconis
2463 5167 2739 5242 _c_lamantis
2777 5184 2929 5242 atque

2171 5236 2387 5311 dicentis
2409 5252 2427 5290 :
2450 5237 2581 5291 Ecce
2602 5242 2717 5311 jam
2737 5236 2931 5298 securis

2171 5309 2238 5379 ad
2268 5307 2492 5361 radicem
2538 5307 2704 5379 posita
2743 5324 2814 5367 est
2848 5331 2932 5367 ar-

2173 5377 2353 5444 boris;
2404 5392 2449 5433 et
2496 5377 2734 5437 {Omnis
2784 5387 2936 5439 arbor

2172 5464 2287 5517 qute
2303 5465 2403 5503 non
2430 5452 2556 5522 facit
2595 5454 2818 5522 fructum
2849 5458 2937 5511 bo-

2175 5536 2298 5573 num
2382 5524 2705 5577 exscindetur
2768 5537 2817 5581 et
2882 5530 2936 5583 in

2174 5592 2342 5661 ignem
2390 5596 2697 5670 _mittetur?
2778 5598 2937 5670 Cujus

2177 5665 2424 5731 praeconis
2465 5680 2655 5734 quanta
2704 5665 2936 5725 sublimiv

2180 5741 2256 5787 tas
2298 5740 2549 5791 nascentis
2600 5740 2687 5805 sit,
2739 5744 2792 5795 in
2843 5744 2937 5797 hoc

2178 5809 2439 5874 apparuit.
2488 5808 2626 5862 Dum
2675 5814 2809 5865 enim
2855 5831 2936 5868 es-

2181 5886 2254 5929 set
2287 5878 2473 5934 sterilis
2504 5889 2663 5936 mater
2719 5885 2938 5941 advoca-

3082 2820 3215 2877 Cod.
3304 2825 3519 2904 Nullius
3582 2838 3783 2904 quippe

3010 2905 3170 2970 sancti
3175 2909 3391 2970 _prteter
3436 2902 3601 2970 ipsius
3649 2902 3783 2960 cele—

3010 2963 3121 3017 brat
3164 2963 3396 3023 Ecclesia
3443 2963 3579 3025 diem
3609 3018 3625 3035 ,
3686 2995 3783 3044 quo

3010 3051 3211 3112 carnem
3228 3044 3525 3110 assumpsit,
3546 3049 3783 3112 quinimo

3009 3106 3319 3182 frequentat,
3351 3106 3473 3182 quo,
3514 3106 3635 3170 etc.

3032 3214 3036 3218 -
3084 3179 3161 3233 Id.
3200 3179 3420 3235 Sanctus
3449 3187 3694 3241 Joannes
3723 3208 3785 3246 ω

3012 3258 3155 3302 utero
3191 3254 3250 3326 in,
3267 3266 3408 3308 utero
3437 3260 3710 3326 salutavit,
3737 3273 3784 3317 et

3011 3338 3101 3390 per
3135 3324 3307 3378 oculos
3335 3331 3539 3395 mentis,
3576 3324 3785 3398 Spiritu

3011 3403 3188 3472 sancto
3252 3400 3471 3465 repletus
3546 3407 3781 3472 agnovit.

3012 3461 3238 3539 Mittitur
3256 3461 3385 3533 ecce,
3409 3461 3604 3539 fratres
3624 3477 3782 3529 caris-

3014 3549 3151 3600 stmt,
3179 3555 3371 3603 praeco,
3414 3554 3513 3596 etc.

3085 3606 3160 3660 Id.
3192 3608 3293 3673 Qui
3305 3613 3563 3680 prtecedat
3586 3615 3781 3671 Salva-

3007 3686 3191 3731 torem.

3076 3752 3155 3828 Id.
3181 3749 3249 3828 Et
3272 3765 3424 3808 erunt
3446 3759 3625 3810 omnia
3658 3778 3780 3828 pra-

3003 3836 3064 3896 va
3093 3823 3145 3874 in
3182 3823 3398 3896 directa,
3432 3837 3477 3879 et
3507 3823 3697 3896 aspera
3726 3833 3778 3886 in

3003 3894 3109 3946 vias
3139 3894 3337 3961 planas.

3077 3965 3152 4017 Id.
3196 3965 3394 4021 Videbit
3437 3975 3609 4026 omnis
3653 3991 3775 4028 caro

3006 4036 3233 4089 salutare
3261 4037 3356 4092 Dei
3384 4046 3572 4095 nostri.
3736 4101 3741 4104 ,

3078 4106 3155 4160 Id.
3191 4107 3481 4185 Humilitas
3532 4120 3778 4185 ρινωεὶρὶ-

3008 4188 3090 4231 tur
3121 4182 3373 4256 montibus
3428 4184 3588 4256 [Corn
3643 4182 3780 4245 male

3008 4250 3289 4331 omnibus],
3335 4264 3379 4331 et
3408 4250 3779 4331 _asperioribus

3009 4325 3206 4401 viis___ac
3249 4325 3444 4401 semitis
3488 4325 3776 4401 tortuosis,

3008 4394 3179 4469 mollis
3206 4396 3447 4469 planities
3470 4394 3776 4469 imperatur;

3008 4462 3245 4517 Stratum
3282 4469 3336 4519 in
3366 4462 3637 4525 hominum
3663 4490 3778 4527 cor-

3008 4533 3156 4589 dibus
3215 4537 3335 4614 lidei
3402 4542 3546 4614 piam
3611 4562 3778 4614 prisco

3007 4609 3285 4685 componit,
3312 4621 3358 4662 et
3390 4609 3625 4667 humana
3670 4620 3776 4685 fra-

3007 4677 3180 4746 gilitas
3220 4686 3531 4747 expavescit.
3588 4686 3634 4739 0
3670 4677 3779 4741 'hu-

3005 4763 3157 4802 mana
3188 4751 3483 4828 infirmitas,
3534 4759 3665 4825 quid
3693 4761 3780 4828 fa-

3007 4829 3153 4903 ctura
3190 4839 3241 4875 es
3302 4825 3356 4876 in
3411 4829 3639 4903 adventu
3688 4825 3779 4903 ﬁsa

3002 4891 3130 4944 dicis
3162 4908 3275 4963 qua:
3306 4912 3406 4966 non
3441 4902 3659 4966 potuisti
3688 4891 3779 4955 co-

3001 4975 3110 5037 cem
3176 4965 3448 5037 sustinere
3495 4975 3777 5037 prwconis.

3006 5029 3144 5085 Nam
3168 5036 3218 5087 in
3247 5037 3341 5089 hoc
3370 5029 3514 5092 tantis
3538 5045 3777 5097 sublimi-

3002 5112 3079 5183 tas
3144 5111 3396 5163 nascentis
3499 5118 3771 5183 apparuit.

3003 5172 3143 5254 Dum
3166 5190 3321 5254 esset
3361 5172 3553 5237 sterili;
3579 5172 3770 5254 'mater,

3006 5245 3303 5327 loquebatur
3332 5262 3503 5327 pater;
3554 5260 3613 5322 ﬁt
3646 5245 3765 5327 [ιειὰ

3005 5321 3224 5397 sterilis,
3272 5321 3340 5397 et'
3368 5321 3585 5397 reﬂatur
3630 5321 3769 5397 pater

3009 5388 3250 5469 elinguis.
3275 5388 3461 5450 Subito
3488 5388 3650 5469 igitur
3667 5400 3774 5454 Ca-

3010 5461 3135 5539 briel
3164 5465 3253 5539 ille
3279 5461 3587 5523 secretorum
3618 5474 3775 5539 fami-

3009 5533 3311 5607 liarissimus
3352 5533 3670 5607 divinorum,
3708 5561 3776 5598 ω-

3010 5605 3194 5678 thereis
3227 5606 3376 5678 “led.
3430 5614 3575 5667 male
3630 5605 3775 5668 (cter-

3010 5676 3113 5751 nis]
3145 5676 3310 5732 vectus
3342 5683 3394 5735 in
3442 5685 3609 5751 auris,
3661 5688 3775 5739 ala-

3010 5749 3161 5819 criter
3187 5761 3231 5803 et
3274 5752 3478 5819 placido
3530 5749 3774 5812 alludens

3009 5818 3220 5895 volatu,
3244 5818 3403 5877 astitit
3442 5840 3641 5895 coram,
3673 5832 3773 5883 sic-

3009 5906 3107 5959 que
3149 5893 3427 5962 alloquitur
3455 5893 3775 5955 Zachariam
