4012 6338
246 367 387 428 1249

249 555 408 606 simus
431 547 594 621 fuerat
615 555 773 621 pater.
807 547 870 621 At
890 561 1005 598 vero

248 640 366 677 cum
419 618 603 676 sterilis
648 618 1007 690 fecundaretur

248 705 450 755 mater,
501 699 672 744 mutus
723 700 769 744 et
820 690 1005 759 absque

248 782 365 819 voce
409 763 623 832 eﬁicitur
675 772 837 832 pater.
907 759 1006 824 Qui

1485 349 1868 412 LECTIONES
1907 346 2315 410 VABIANTES.

247 491 329 536 tus
360 497 454 547 pro
479 478 664 550 pOpulo
691 473 1002 550 eloquentis-
1076 475 1248 550 dicens
1280 487 1298 527 :
1350 470 1432 526 Ne
1473 471 1682 550 timeas,
1732 468 1831 550 za-
1863 469 1914 529 Α
1939 467 2077 550 hunc
2103 466 2264 548 diem,
2291 461 2541 550 carissimi
2567 466 2702 550 “fra-

1075 546 1282 628 charia;
1310 559 1421 598 ecce
1456 542 1646 596 auditae
1693 545 1832 603 sunt,

1079 627 1183 673 etc.

251 831 477 906 tempore
506 831 832 906 pontiﬁcatus
871 833 978 906 sui,
1007 833 1129 886 dum
1156 848 1250 906 pro
1271 831 1464 903 papulo
1491 831 1624 906 intra
1648 834 1842 889 Sancta

250 902 540 961 sanctorum
563 905 793 969 intraret,
828 912 882 956 ut
914 902 1131 957 Domino
1174 905 1443 956 incensum
1475 902 1704 970 o/ferret,
1727 921 1842 959 ecce

250 979 418 1030 subito
468 975 750 1030 Gabrielem
808 975 955 1027 illum
1018 985 1321 1030 secretorum

1380 975 1842 1044 familiarissimum

1939 548 2058 601 tres,
2106 538 2160 590 in
2212 545 2478 606 augmento
2556 533 2698 602 ﬁdei,

1937 611 2046 681 spei
2075 617 2122 661 et
2148 608 2398 675 caritatis,
2423 678 2430 681 _
2456 622 2558 660 non
2601 621 2701 659 nu-

1941 678 2199 753 gacitatis,
2244 678 2478 750 nequitia:
2525 687 2571 732 et
2615 693 2704 731 va-

1942 752 2138 812 nitatis,
2185 767 2247 804 ne
2271 767 2386 804 cum
2418 765 2703 817 prtecurso-

1943 839 2050 879 rem
2089 822 2294 876 Domini
2336 821 2705 875 contristaveri-

1944 911 2080 958 mus,
2134 895 2318 946 iratum
2366 897 2531 960 ipsum
2554 891 2703 964 judi-

1948 982 2076 1032 cem,
2108 982 2223 1019 cum
2268 967 2475 1028 verterit,
2518 965 2706 1017 sentia-

252 1050 565 1113 divinorum,
595 1064 681 1113 per
710 1048 897 1100 tet/tera
919 1047 1192 1107 volantem,
1222 1047 1356 1097 inter
1401 1045 1591 1099 altaria
1643 1059 1846 1117 pcrtur-
1947 1054 2079 1093 "ms.

252 1120 400 1172 batus
432 1120 672 1189 conspicit
695 1119 1030 1171 assistentem.
1060 1119 1221 1180 Quem
1243 1132 1357 1169 cum
1377 1127 1601 1189 cerneret
1638 1119 1844 1187 placido

253 1191 420 1253 vultu,
454 1187 692 1257 tali'fovit
720 1191 946 1257 alloquio
981 1189 1360 1255 trepidantem:
1400 1187 1676 1256 Zacharia,
1706 1206 1768 1243 ne
1793 1190 1850 1241 ti-

253 1278 427 1325 meas;
453 1260 708 1314 exauditte
735 1260 916 1315 etenim
938 1271 1073 1325 sunt,
1105 1269 1209 1314 etc.

328 1333 462 1388 Ibid.
497 1330 563 1384 Et
593 1347 722 1385 uxor
746 1347 858 1385 mea
901 1347 1016 1401 pro-

254 1405 402 1458 cessit
439 1405 492 1455 in
540 1402 716 1456 diebus
766 1403 891 1456 suis.
954 1402 1019 1455 Et

255 1475 515 1546 Angelus:
538 1471 714 1540 Crede,
741 1472 1014 1537 Zacharia,

256 1549 458 1618 angelo.

1163 1330 1294 1384 Ibid.
1328 1328 1396 1384 Et
1423 1347 1555 1385 uxor
1593 1348 1701 1384 mea
1732 1347 1852 1399 pro-

1092 1404 1237 1456 cessit
1286 1402 1341 1454 in
1387 1401 1562 1456 diebus
1618 1405 1744 1457 suis.
1809 1403 1852 1456 Ο

1093 1474 1228 1526 beate
1250 1471 1522 1538 Zacharia,
1547 1477 1657 1544 ipsa
1687 1484 1756 1528 est
1788 1475 1857 1540 ﬁ-

1092 1545 1180 1597 des
1208 1545 1337 1596 tanti
1376 1560 1434 1597 ac
1473 1546 1746 1598 venerandi
1773 1562 1855 1598 sa—
1932 1583 1936 1588 η

1093 1615 1303 1668 cerdotii
1354 1616 1456 1679 tui,
1513 1625 1565 1669 ut
1611 1633 1708 1669 non
1751 1631 1858 1670 cre-

257 1687 355 1742 das
383 1685 559 1741 nuntio
589 1687 848 1756 loquenti,
888 1688 1035 1739 crede
1064 1685 1341 1754 Zacharia,
1372 1691 1571 1756 angelo.

329 1779 462 1832 Ibid.
495 1777 569 1849 De
607 1779 860 1832 sterilibus
892 1795 1013 1849 pro-

258 1849 440 1903 ducere
471 1848 657 1916 ﬁlium.

332 1921 464 1974 Ibid.
525 1921 624 1987 Qui
666 1921 846 1974 assisto
904 1931 1017 1975 ante

230 2042 235 2046 _
257 1988 340 2045 De
355 2007 468 2046 um.

333 2085 461 2138 Ibid.
525 2087 600 2139 Ad
654 2097 700 2140 te
745 2088 906 2158 loqui,
967 2096 1014 2139 et

260 2156 370 2228 htec
396 2158 484 2228 tibi
515 2156 887 2228 euangelizare.

333 2226 466 2281 Ibid.
520 2226 586 2281 In
634 2226 854 2298 tempore
905 2246 1017 2282 suo.

264 2298 310 2350 ο
380 2301 508 2351 mira
573 2301 840 2367 potestas!
895 2299 1016 2352 Non

259 2371 422 2422 credit
472 2370 752 2424 Zacharias
801 2369 1020 2425 sterilem

260 2442 410 2512 iussu
464 2441 668 2496 Domini
716 2443 1016 2511 parituram,

259 2521 308 2583 et
349 2512 520 2566 divino
566 2523 817 2583 prtccnpto
846 2516 1022 2566 vincu-

260 2582 370 2635 lum
405 2585 516 2646 ejus
561 2582 742 2637 meruit
795 2587 1022 2653 accipere

262 2653 458 2724 lingua.
507 2653 730 2708 Tollitur
785 2673 814 2708 a
859 2665 1017 2721 patre,

261 2725 420 2778 donec
467 2738 729 2796 generetur
777 2745 807 2779 a
845 2737 1020 2789 matre,

263 2804 368 2851 etc.

334 2889 468 2946 Ibid.
517 2889 792 2959 Obstupuit
843 2891 897 2943 in
954 2891 1026 2942 ci-

262 2959 412 3014 thara
477 2963 707 3031 corporis
779 2961 1024 3031 pulsabu-

264 3035 368 3085 lum
410 3035 565 3086 vocis.

298 3195 309 3206 .
335 3124 489 3178 Ibid.’
519 3124 795 3208 Denegavit
826 3125 1024 3180 Zacha-

263 3211 367 3248 rtas
390 3213 579 3250 ntunert
606 3212 856 3250 ansatum.

340 3289 472 3344 Ibid.
529 3289 627 3343 Ille
675 3291 728 3343 in
776 3293 1025 3361 promisso

266 3361 375 3431 ﬁlio
422 3361 706 3426 titubabat,
764 3371 1025 3429 eupccta-

269 3432 373 3500 bat,
424 3443 530 3488 etc.

341 3597 472 3651 Ibid.
507 3597 657 3651 Illico
679 3602 730 3650 in
766 3616 852 3652 ore
893 3616 1027 3652 como

269 3668 422 3738 pedes
471 3670 836 3721 taciturnitatis
886 3685 1031 3723 acce-

270 3751 363 3807 pit.
681 3807 686 3813 .

344 3832 472 3887 Ibid.
574 3831 798 3900 Signans
892 3834 1029 3902 quod

271 3914 524 3973 pra’cepto
562 3906 733 3957 divino
762 3905 1030 3974 ligaverat.

272 3974 523 4039 Solvitur,
571 3984 675 4030 etc.

346 4047 474 4099 Ibid.
530 4046 685 4099 Adest
729 4045 885 4117 igitur
915 4062 1026 4113 pro-

273 4119 422 4186 pheta
453 4117 504 4169 in
549 4117 680 4181 lure,
724 4133 784 4170 ea:
835 4117 1038 4169 visceri-

274 4192 365 4242 bus
395 4188 635 4241 maternis
665 4190 872 4241 lucerna
911 4187 1038 4239 edu-

273 4261 441 4326 citur;
469 4259 530 4313 de
577 4259 776 4312 nomine
819 4258 1038 4328 ambigi-

199 4359 207 4368 -
275 4340 392 4396 tur;
439 4341 580 4401 pater
608 4332 850 4400 quidnam
881 4345 1032 4381 voca-

273 4411 434 4465 retur,
480 4402 778 4470 inquiritur,
824 4409 871 4454 et
918 4401 1039 4468 quia

277 4472 412 4540 l0qui
463 4489 562 4525 non
598 4482 823 4539 poterat,
871 4471 1041 4540 pugil-

275 4546 430 4603 lares,
486 4552 539 4596 ut
579 4544 817 4609 accipiat,
859 4552 1037 4611 postu-

277 4613 372 4666 lat.
421 4613 637 4682 Scripsit
671 4631 848 4667 nomen
877 4611 1040 4666 Joan-

278 4687 386 4746 nis,
431 4695 476 4736 et
513 4684 672 4736 nodus
715 4685 854 4736 illico
899 4684 1044 4735 diru-

277 4765 396 4825 ptus
421 4765 494 4808 est
522 4757 676 4807 vocis.
720 4753 788 4806 Et
821 4761 876 4806 ut
923 4752 1044 4806 Voci

276 4842 462 4879 nomen
495 4827 859 4893 imponeretut,
908 4825 1044 4877 vocis

1159 1778 1233 1832 Id.
1268 1777 1342 1832 De
1367 1780 1527 1833 sterili
1551 1778 1718 1846 ﬁlium
1741 1798 1861 1847 pro-

1090 1849 1294 1905 ducere.

1166 1921 1240 1976 Id.
1269 1921 1368 1987 Qui
1392 1930 1500 1976 asto
1521 1933 1637 1976 ante
1663 1920 1854 1978 Deum.

1166 2085 1238 2140 Id.
1275 2086 1355 2139 Ad
1392 2095 1440 2139 te
1469 2087 1629 2157 loqui,
1659 2094 1704 2140 et
1751 2087 1858 2140 haec

1096 2156 1186 2210 tibi
1215 2159 1473 2211 nuntiare.

1165 2229 1241 2282 Id.
1262 2228 1326 2281 In
1352 2239 1572 2295 tempore
1594 2245 1708 2283 suo.
1738 2228 1860 2282 Non

1095 2301 1256 2352 credit
1300 2299 1585 2352 Zacharias
1632 2301 1860 2353 sterilem

1084 2371 1237 2438 jussu
1310 2371 1402 2422 Dei
1456 2373 1758 2440 parituram,
1813 2382 1863 2422 et

1095 2456 1214 2512 mox
1294 2442 1512 2509 perdidit
1606 2442 1856 2512 linguam.

1096 2509 1318 2565 Tollitur
1361 2515 1563 2566 verbum
1608 2530 1640 2566 a
1684 2509 1857 2581 patre,

1095 2583 1254 2635 donec
1305 2583 1442 2652 ﬁlius
1507 2593 1770 2654 generetur
1828 2599 1862 2635 a

1099 2662 1277 2720 matre,
1322 2664 1426 2708 etc.

1174 2890 1246 2943 Id.
1307 2888 1582 2956 Obstupuit
1631 2905 1765 2942 nunc
1811 2889 1865 2942 in

1099 2962 1299 3042 cithara
1348 2961 1519 3035 cordis
1561 2959 1864 3015 vocabulum

1099 3049 1257 3087 υοειδ.

1171 3127 1247 3180 Id.
1297 3124 1515 3197 Negavit
1583 3124 1864 3179 Zacharias

1103 3213 1289 3251 munus
1329 3198 1633 3250 nuntiantis.

1173 3291 1248 3345 Id.
1275 3289 1375 3345 Ille
1397 3290 1449 3344 in
1482 3290 1730 3358 promisso
1757 3289 1865 3357 ﬁlio
1892 3273 1937 3336 Ο

1103 3363 1370 3425 titubabat,
1422 3371 1490 3415 'et
1533 3360 1747 3431 angelus
1819 3361 1865 3415 ei

1101 3436 1304 3487 verbum
1329 3435 1391 3486 de
1423 3435 1599 3499 lingua
1640 3432 1866 3486 secabat.

1102 3504 1460 3574 Exspectabat,
1484 3513 1594 3558 etc.

1177 3599 1255 3652 Id.
1281 3598 1456 3662 Illico,
1500 3615 1641 3650 more
1669 3614 1873 3666 compe-

1105 3670 1207 3731 dis,
1252 3676 1562 3738 prarceptun:
1610 3667 1872 3721 taciturni-

1108 3741 1226 3792 tatis
1262 3740 1481 3807 accepit.

1177 3832 1252 3886 Id.
1287 3831 1396 3885 Nec
1425 3830 1572 3885 solvit
1619 3846 1766 3900 quem
1816 3829 1874 3884 li-

1107 3913 1330 3976 gaverat,
1376 3903 1464 3957 sed
1493 3914 1608 3957 tunc
1635 3903 1870 3968 solvitur,

1107 3983 1211 4029 CIC.

1181 4045 1257 4100 Id.
1326 4045 1480 4098 Adest
1529 4046 1686 4112 igitur
1744 4059 1875 4112 prte-

1111 4118 1220 4186 fata
1265 4117 1406 4181 dies;
1449 4125 1587 4169 tener
1613 4116 1666 4168 in
1711 4115 1875 4168 lucem

1112 4197 1287 4256 partus
1343 4187 1660 4252 effunditur?
1705 4187 1876 4239 Ambi-

1109 4259 1244 4325 gitur
1284 4259 1348 4311 de
1396 4257 1678 4320 vocabulo;
1717 4258 1876 4311 inter-

1111 4337 1324 4397 rogatur
1369 4339 1532 4394 pater,
1583 4331 1668 4395 qui
1739 4327 1879 4396 loqui

1113 4416 1212 4453 non
1242 4410 1456 4470 poterat.
1488 4399 1724 4452 Postu’at
1775 4415 1869 4467 pu-

1111 4472 1364 4539 gillarem,
1409 4480 1464 4524 ut
1509 4470 1694 4524 scribat
1726 4486 1870 4524 vocav

1112 4544 1283 4596 bulum
1319 4541 1558 4610 Joannis,
1587 4551 1633 4594 et
1663 4557 1759 4594 vox
1785 4557 1878 4594 no-

1116 4613 1196 4667 dis
1224 4615 1565 4682 dirumpitur;
1617 4613 1752 4664 vocis
1782 4615 1877 4682 ja-

1118 4700 1242 4748 nua,
1288 4699 1398 4752 quae
1453 4685 1630 4735 clausa
1687 4684 1875 4751 fuerat,

1116 4755 1365 4818 aperitur.
1399 4753 1733 4823 Auspicatur,
1772 4763 1874 4807 etc.

278 4899 456 4968 janua,
480 4912 593 4968 qua:
614 4898 787 4951 clausa
809 4899 986 4968 fuerat
1003 4905 1278 4968 reseratur.
1316 4895 1646 4968 duspicatur,
1677 4905 1782 4968 etc.

357 4967 497 5021 Ibid.
535 4967 600 5022 Et
639 4985 788 5037 quem
815 4967 1050 5020 incredu-

283 5038 400 5093 litas
425 5040 610 5110 fecerat
637 5049 855 5104 mutum,
887 5039 1053 5110 orien-

285 5110 350 5164 tis
395 5112 630 5165 nativitas
671 5111 768 5179 ﬁlii
813 5109 1050 5179 loquendi

284 5182 520 5251 praestitit
567 5182 880 5250 beneﬁcium.
936 5180 1051 5235 Vox

296 5249 538 5318 Verbum,
565 5260 672 5307 etc.

360 5466 493 5540 Ibid.
545 5464 786 5537 Gignitur
833 5463 946 5520 Vos:
988 5481 1052 5520 ex

285 5539 446 5594 sterili
468 5553 604 5593 sene.

367 5609 495 5680 Ibid.
563 5608 798 5680 Vigorem
847 5618 1054 5662 renovat

196 5701 200 5705 ’
290 5678 578 5748 iuveniient.
616 5723 621 5727 .

364 5750 498 5834 I‘bid.
521 5823 551 5834 Η
569 5750 806 5806 Conditio
853 5748 1055 5822 foederis

291 5824 597 5948 conjugalis.

365 5893 439 5949 Ibi
485 5935 496 5948 .
567 5891 888 5949 Celebremus
940 5909 1058 5966 ergo

1196 4965 1273 5020 Id.
1316 4965 1380 5018 Et
1425 4967 1506 5019 cui
1554 4966 1884 5020 incredulitas

1125 5038 1352 5107 tinguant
1411 5037 1598 5106 fecerat
1670 5049 1882 5103 mutam,

1124 5110 1358 5162 nativitas
1400 5109 1498 5176 filii
1527 5107 1749 5162 reddidit
1791 5109 1882 5162 ab-

1121 5182 1390 5245 solutam;
1449 5180 1685 5249 loquendi
1755 5196 1878 5250 quo-

1121 5267 1218 5320 que
1244 5251 1458 5318 contulit
1493 5251 1814 5318 beneficium,
1839 5261 1887 5306 et

1125 5323 1488 5376 taciturnitatis
1534 5323 1680 5376 solvit
1733 5324 1887 5377 silen-

1125 5395 1272 5447 tium.

1192 5464 1271 5519 Id.
1307 5465 1543 5535 Ciguitur
1564 5481 1662 5520 vos:
1707 5480 1770 5519 ex
1795 5473 1892 5519 ste-

1122 5537 1209 5589 rili
1229 5545 1276 5590 et
1294 5554 1432 5590 sene.

1141 5681 1151 5690 I
1204 5607 1324 5691 Id.“
1379 5607 1613 5679 Vigorem
1687 5599 1891 5680 reparat

1122 5681 1425 5748 juvenilem.
1755 5719 1762 5738 .
1862 5705 1875 5722 ο

1201 5747 1277 5834 Id.
1328 5749 1590 5834 "Conditio
1636 5749 1893 5822 fmderalis

1130 5837 1377 5891 conjugis.

1204 5893 1279 5946 Id.

3397 342 3540 404 4950

2774 455 2910 514 hunc
2961 460 3116 526 diem,
3153 475 3254 514 non
3309 461 3544 532 profanis

2775 533 2956 587 ritibus
3026 547 3372 601 paganorum,
3405 531 3412 532 7
3448 531 3540 587 sed

2775 603 3054 673 tranquilla
3103 603 3368 658 devotione
3413 604 3546 672 ﬁde-

2775 676 2940 740 lium;
2989 691 3080 729 nec
3127 675 3354 737 inquieta
3396 675 3546 731 turba

2778 749 2958 820 planta
2971 747 3108 816 turpi
3121 747 3312 818 quatiat
3333 757 3545 815 terram;

2779 836 2870 874 nec
2962 835 3090 872 vana
3193 820 3548 886 superstitione

2778 892 2973 946 munda
3011 891 3284 944 immundis
3315 891 3549 955 Operibus

2781 965 3048 1027 vit'iemns;
3114 963 3201 1017 sed
3260 962 3549 1032 frequente-

2783 1052 2905 1090 mus.
2948 1035 3082 1088 hunc
3126 1035 3263 1087 diem
3313 1034 3367 1087 in
3419 1051 3548 1104 aug-

2784 1115 2954 1160 mento
3003 1106 3124 1174 ﬁdei
3153 1147 3166 1170 ,
3217 1107 3323 1173 spei
3367 1115 3414 1159 et
3462 1122 3546 1159 ca-

1952 1180 2135 1244 ritatis,
2167 1195 2228 1232 ne
2255 1195 2370 1232 cum
2400 1193 2770 1246 praecursorem
2809 1177 3018 1231 Domini
3053 1177 3542 1241 contristaverimus,

1951 1253 2138 1304 iratum
2157 1252 2389 1319 judicem
2414 1251 2716 1314 sentiamus,
2749 1251 2834 1320 qui
2859 1251 2978 1304 vivit
3017 1249 3072 1302 in
3103 1249 3292 1302 sarcula
3329 1247 3548 1302 sazculo-

1953 1339 2088 1376 rum.
2125 1326 2300 1376 Amen.

1960 1459 2193 1515 SEBMO
2230 1457 2292 1512 IN
2335 1455 2552 1512 FE‘STO
2589 1454 3004 1519 SANCTOBUM
3048 1453 3552 1513 APOSTOLOIIUM

2451 1548 2654 1604 PETRI
2696 1548 2781 1603 ET
2821 1546 3044 1603 PAULI.

2026 1661 2134 1728 (Est
2155 1665 2306 1728 sancti
2339 1659 2705 1728 ‘Leonis,_a_pud
2742 1658 3021 1728 cornigeris”
3045 1666 3160 1710 tom.
3193 1659 3302 1724 VII,
3330 1659 3410 1710 fol.
3438 1660 3551 1726 23!,

1963 1721 2053 1776 col.
2085 1726 2131 1787 1)
2157 1723 2368 1786 [Patrol.
2391 1729 2504 1774 tom.
2544 1725 2684 1786 LIV,
2710 1721 2803 1773 col.
2828 1721 2960 1785 4'29].

2039 1829 2250 1899 Legitur
2297 1829 2350 1884 in
2399 1827 2567 1883 tribus
2607 1827 2766 1896 codd.
2804 1825 3154 1899 Florentinis,
3178 1842 3382 1899 nempe
3414 1827 3550 1884 Bibl.

1963 1897 2239 1964 ιιειιιηξιιι.ν
2270 1902 2400 1969 plut.
2436 1915 2562 1960 xw],
2597 1900 2719 1969 eod.
2753 1913 2934 1962 xxxix,
2969 1897 3062 1951 fol.
3095 1897 3230 1963 I54;
3273 1901 3402 1963 plut.
3435 1915 3549 1954 xxx

1962 1975 2160 2037 sinist.,
2185 1967 2303 2025 cod.
2330 1988 2386 2038 lt,
2415 1970 2507 2025 Iol.
2538 1967 2669 2035 126;
2693 1978 2748 2023 et
2771 1971 2900 2037 plut.
2926 1969 3310 2040 xsxntsinist.,
3328 1971 3448 2025 eod.
3470 1985 3549 2040 tv,

1961 2043 2054 2099 fol.
2091 2045 2192 2099 13:8
2223 2044 2286 2108 b;
2314 2044 2366 2098 in
2395 2043 2603 2096 duobus
2634 2042 2822 2110 primis
2843 2055 3039 2096 nomen
3071 2039 3229 2095 habet
3247 2039 3548 2110 Augustini,

1921 2135 1926 2137 ·
1963 2117 2014 2170 in
2049 2116 2241 2170 ultimo
2269 2115 2437 2168 sancti
2466 2114 2681 2168 Leonis.

2036 2207 2171 2261 Edit.
2203 2204 2273 2258 Et
2299 2205 2578 2258 divinitatis
2609 2221 2722 2275 my-

1962 2281 2138 2332 steria.

2037 2350 2168 2403 Ibid.
2209 2349 2494 2420 Apostolici
2525 2347 2722 2402 ordinis

1963 2423 2208 2491 primum.

2037 2492 2166 2547 Ibid.
2237 2492 2547 2562 Evangelica
2602 2491 2717 2560 qui-

1964 2565 2074 2617 dem
2098 2574 2350 2618 reserante
2378 2563 2610 2617 historia.

2037 2636 2131 2689 Iid.
2198 2634 2296 2699 Qui
2344 2636 2397 2688 in
2442 2635 2579 2688 caelis
2623 2641 2716 2687 est.

1973 2705 2094 2761 Ideo
2119 2708 2293 2760 beatus
2320 2722 2370 2759 es

2037 2779 2130 2832 Iid.
2181 2777 2431 2832 Transivit
2444 2775 2645 2845 quidem
2665 2775 2721 2827 in

1965 2851 2226 2918 apostolos
2280 2847 2412 2902 alios
2453 2849 2528 2901 vis
2575 2846 2721 2900 istius

1967 2921 2252 2992 potestatis.

2043 2992 2135 3045 Iid.
2183 2990 2336 3046 Petro
2358 2992 2490 3044 enim
2505 2986 2725 3059 singula-

1967 3065 2090 3119 riter
2113 3062 2207 3117 hoc
2224 3063 2464 3117 creditur.

2042 3136 2140 3190 Iid.
2184 3134 2406 3199 Simoni,
2431 3132 2618 3202 inquit,
2644 3129 2726 3186 Si-

1971 3224 2110 3262 mon.

2865 2203 3031 2258 Codd.
3075 2204 3142 2258 Et
3182 2205 3420 2258 divinatis
3444 2221 3553 2260 sate

2795 2277 3054 2344 mysteria.

2867 2345 2997 2399 Cod.
3043 2362 3113 2399 Iv.
3156 2345 3437 2414 Apostolici
3462 2361 3550 2401 or-

2795 2417 2927 2488 dinis
2956 2418 3208 2488 dignitate
3236 2421 3475 2487 primum.

2865 2486 3035 2560 Codd'.
3081 2486 3390 2560 Evangelica
3418 2490 3552 2558 refe-

2792 2569 2930 2612 rente
2950 2559 3186 2615 historia.

2865 2629 2996 2685 Ibid.
3044 2630 3146 2696 Qui
3187 2631 3241 2684 in
3271 2633 3408 2687 ecelis
3453 2641 3548 2687 est.

2793 2700 2864 2755 Id
2892 2712 2962 2754 est
2993 2701 3106 2755 ideo
3127 2702 3302 2757 beatus
3331 2720 3404 2758 es.

2869 2771 2998 2826 Ibid.
3044 2772 3299 2828 Transivit
3346 2771 3550 2844 quidem

2795 2845 2947 2898 etiam
2968 2844 3020 2896 in
3040 2847 3298 2915 apostolos
3321 2848 3448 2900 alios
3467 2850 3524 2912 iu

2793 2916 2943 2970 istius
2981 2920 3262 2983 pote~tatis.
3520 2935 3524 2944 '

2869 2986 2999 3040 Ibid.
3047 2987 3202 3041 Petro
3248 2988 3383 3042 enim
3437 2989 3553 3044 ideo

2798 3057 3124 3128 singulariter
3162 3058 3259 3112 hoc
3303 3061 3548 3115 creditur.

2870 3130 3003 3183 Ibid.
3085 3131 3287 3198 Simon,
3360 3131 3551 3202 inquit,

2799 3199 3000 3257 Simon.

2393 3336 2598 3394 LIBER
2638 3335 2725 3391 DE
2765 3334 3136 3408 ORATIONE.

2035 3455 2145 3515 (Est
2165 3455 2319 3504 sancti
2339 3449 2565 3515 Cypriani
2583 3447 2950 3515 celeberrimus
2970 3449 3203 3515 tractatus
3216 3445 3280 3494 de
3301 3445 3552 3500 Oratione.

1972 3507 2225 3569 deinica
2251 3507 2460 3576 [PutroL
2481 3518 2594 3562 tom.
2621 3511 2646 3558 ι
2662 3512 2722 3570 γ,
2747 3509 2839 3558 CUI.
2865 3507 3142 3568 διεδ-52η.)

2047 3601 2260 3669 Legitur
2284 3600 2336 3650 in
2361 3597 2493 3649 Bibl.
2513 3596 2790 3659 Laurent.,
2815 3592 2952 3660 plut.
2977 3607 3071 3656 xu,
3096 3591 3214 3646 cod.
3242 3607 3299 3657 Il,
3331 3592 3422 3648 Iol.
3447 3594 3515 3651 5'0
3540 3612 3556 3663 ;

1972 3694 2103 3748 ibid.
2154 3693 2280 3761 plut.
2327 3705 2476 3753 xvm,
2523 3687 2644 3741 cod.
2675 3700 2749 3751 1v,
2788 3683 2880 3738 fol.
2911 3683 2978 3736 16
3003 3683 3069 3749 b;
3095 3694 3150 3739 et
3181 3684 3312 3740 Bibl.
3348 3686 3556 3756 Fesul.,

1975 3783 2093 3840 cod.
2126 3797 2256 3847 ult,
2301 3779 2393 3834 fol.
2427 3777 2561 3844 5'28;
2605 3776 2869 3831 indicatur
2894 3775 3054 3830 etiam
3087 3776 3139 3832 in
3179 3777 3313 3833 Bibl.
3342 3778 3555 3850 Venet.,

1977 3876 2137 3933 catal.
2169 3889 2358 3940 ιινιιι,
2391 3871 2483 3927 I‘ol.
2518 3869 2606 3922 45.

2024 3991 2190 4046 ‘Edit.
2218 3989 2282 4043 N.
2312 3990 2337 4043 I
2379 3983 2562 4060 (apud
2584 3984 2730 4054 nos).

1982 4063 2334 4118 Firmamenta
2389 4055 2733 4112 corroboran—

1979 4137 2058 4189 die
2097 4135 2237 4202 fidei.

2052 4205 2182 4261 Ibid.
2228 4204 2333 4260 Sed
2380 4210 2574 4270 quanto
2624 4215 2735 4263 ma-

1969 4280 2091 4350 jora
2118 4273 2448 4350 q_ua:_Fi_lius.
2529 4275 2544 4287 ‘

2053 4344 2183 4404 Ibid.
2232 4346 2332 4414 Qui
2375 4346 2428 4399 in
2476 4344 2737 4415 prophetis

2006 4423 2098 4475 'uit.

1979 4422 2186 4548 “Ibid.
2233 4487 2297 4542 Et
2345 4489 2614 4544 ostendens
2641 4497 2738 4554 ;ut

1981 4564 2066 4636 qui
2095 4564 2148 4616 in
2179 4561 2417 4616 tenebris.

1905 4657 1958 4716 D
2054 4657 2190 4711 Ibid.
2236 4653 2369 4708 Luce
2387 4656 2567 4724 gratia:
2588 4653 2740 4707 lumi-

1984 4738 2108 4780 nati.

2056 4818 2122 4874 N.
2145 4818 2202 4875 2.
2246 4817 2452 4890 Populo
2491 4833 2586 4873 suo
2615 4831 2741 4870 con-

1987 4893 2127 4945 sulit.

2063 5056 2195 5113 Ibid.
2234 5058 2299 5112 A.
2343 5057 2422 5111 De
2469 5057 2742 5113 traditione

1990 5145 2190 5200 quoque
2231 5131 2343 5202 ejus
2381 5144 2512 5184 vere.

2061 5295 2124 5350 N.
2185 5296 2240 5350 ὅ.
2306 5296 2388 5350 Ad
2433 5312 2581 5350 aures
2634 5295 2746 5361 ejus

1990 5367 2263 5423 ascendere
2283 5367 2470 5423 Christi
2492 5367 2742 5422 oratione.

2063 5511 2197 5566 Ibid.
2255 5511 2479 5579 Quando
2522 5521 2749 5579 peceato-

1997 5599 2075 5637 res
2138 5599 2234 5652 pro
2304 5584 2499 5637 delictis
2562 5582 2750 5636 nostris

1995 5657 2232 5726 petimus,
2310 5655 2540 5709 advocati
2591 5652 2752 5709 nostri

1995 5728 2144 5784 verba
2173 5743 2486 5789 promamus.

2067 5818 2201 5873 Ibid.
2247 5817 2612 5888 Quodcumque
2662 5832 2755 5888 pe-

1378 5893 1700 5950 Celebremus
1775 5909 1893 5965 ergo
1951 5892 2293 5948 Vliet-imus...
2318 5888 2456 5943 dabit
2478 5887 2642 5943 nobis.

2877 3984 3023 4040 Codd
3035 4026 3047 4038 .
3093 3985 3454 4044 Fundamenta
3493 4004 3565 4045 te-

2805 4056 3079 4125 diﬁcandte
3106 4059 3248 4126 ﬁdei.

2879 4201 2978 4257 Iid.
3023 4203 3136 4275 Sed
3149 4213 3338 4271 quanto
3363 4204 3564 4275 majora

2809 4285 2926 4328 sunt
2945 4291 3059 4343 quis
3087 4271 3280 4329 Filius.

2882 4345 2980 4400 Iid.
3049 4346 3151 4412 Qui
3196 4347 3250 4399 in
3308 4348 3568 4418 praphetis

2810 4418 2920 4472 suis
2952 4419 3071 4488 fuit.

2883 4489 2979 4544 Iid.
3000 4488 3232 4543 Ostendit
3246 4491 3465 4560 qualiter
3482 4491 3568 4560 qui

2810 4563 2864 4614 in
2888 4562 3124 4615 tenebris.

2885 4653 2980 4708 Iid.
3053 4654 3175 4710 Sua:
3226 4653 3404 4722 gratia:
3459 4655 3574 4710 luce

2813 4723 3110 4780 illuminati.

2885 4817 2984 4873 Iid.
3028 4816 3231 4888 Populo
3260 4835 3355 4873 suo
3385 4789 3572 4874 consul-

2818 4890 2931 4944 luit.
2983 4889 3220 4958 Excepto
3277 4905 3428 4958 xm,
3481 4890 3574 4960 qui

2821 4960 2981 5015 habet
3011 4970 3066 5016 ut.
3094 4962 3224 5016 edit.

2845 5053 3019 5137 .Cod.
3087 5069 3218 5108 un.
3285 5051 3362 5137 De
3411 5054 3576 5109 tradi-

2818 5134 2953 5180 tione
3014 5140 3217 5196 quoque
3279 5134 3389 5196 ejus
3458 5141 3576 5180 eum

2818 5212 2950 5252 vere.

2890 5288 3061 5345 Codd.
3122 5291 3203 5361 A_d
3258 5306 3406 5345 aures
3462 5293 3576 5361 ejus

2821 5364 3092 5416 ascendere
3142 5359 3333 5417 Christi
3381 5359 3575 5416 oralio-

2801 5431 2956 5488 'nem.

2893 5505 2990 5560 Iid.
3034 5503 3262 5570 Quando
3288 5510 3578 5572 peccatores

2826 5593 2917 5648 pro
2939 5576 3121 5630 debitis
3137 5577 3323 5630 nostris
3339 5575 3576 5648 petimus,

2825 5649 3056 5702 advocati
3084 5648 3247 5701 nostri
3276 5647 3425 5700 verba
3460 5659 3580 5714 pro-

2823 5722 3081 5793 pinamus.
3549 5721 3556 5728 ’

2894 5812 2993 5868 Iid.
3039 5810 3406 5879 Quodcumque
3425 5816 3583 5880 petie-

2823 5885 3008 5939 ritis...
3030 5881 3172 5937 dabit
3193 5882 3352 5937 vobis.
