4012 6338
209 308 352 368 1255

281 425 415 483 Ibid.
447 417 706 481 Gradibus
731 415 970 473 distincta

211 499 411 573 ρσειεὶεο
475 564 496 573 -
663 562 692 573 ..

284 569 419 626 Ibid.-
466 564 552 620 Ita
580 563 759 616 ordine
785 567 834 614 et
861 569 974 613 mu-

213 659 334 699 nere
367 649 486 696 sunt
515 632 759 690 distincti.

286 783 421 840 Ibid.
477 777 666 836 Mentis
705 775 760 828 in
809 773 973 827 Deum

212 869 473 929 suspensa:
486 851 720 924 quadam
739 845 969 901 elevatio.

283 1021 415 1091 Cap.
449 1034 506 1074 ιι.
533 1017 708 1072 Restat
725 1019 779 1066 ut
800 1025 975 1066 eorum

214 1094 392 1166 oﬂicia
407 1092 687 1166 videamus.
723 1156 734 1166 _
898 1148 950 1166 Μ

288 1165 419 1218 Ibid.
479 1157 652 1215 Unum"
701 1156 762 1209 de
800 1150 976 1206 multis

213 1254 276 1291 su
287 1249 508 1305 pponam
534 1229 839 1297 exemplum.

289 1327 421 1383 Ibid.
447 1324 554 1380 Sed
574 1337 746 1385 suave,
768 1329 817 1373 et
846 1317 978 1370 mul-

213 1400 380 1470 tiplici
403 1413 550 1453 sensu
579 1395 843 1464 refertum.

287 1491 421 1547 Ibid.
484 1490 652 1555 Quam
710 1495 973 1556 postquam

213 1565 388 1647 anima
435 1562 699 1633 diligenter
742 1558 974 1626 inspexe—

213 1645 422 1761 mihid.
466 1702 532 1757 Et
561 1701 783 1756 invenire
800 1707 974 1772 potero

213 1777 520 1832 munditiam
541 1775 689 1827 hanc.

287 1867 422 1922 Ibid.
457 1865 652 1931 Quibus
677 1863 803 1918 visio
853 1860 972 1927 Dei,

214 1956 327 2009 (iure
351 1949 426 2009 est
455 1939 578 2009 vita.
619 1943 724 1990 etc.

288 2008 412 2063 Ibid.
450 2005 639 2076 Incipit
669 2008 800 2059 hanc
819 2020 976 2059 unam

215 2093 499 2135 masttcare.

286 2151 418 2207 Ibid.
454 2149 615 2216 Quasi
639 2150 694 2203 in
731 2148 974 2202 torculari

252 2225 378 2278 onit.
874 2243 882 2257 ε

215 2241 378 2294 ponit.
874 2243 882 2257 ι

288 2295 418 2364 Cap.
453 2311 528 2364 ιιι.
550 2363 553 2364 ν
575 2292 742 2358 Quam
793 2289 978 2345 bonum

214 2367 265 2420 et
289 2363 582 2422 delectabile
612 2374 705 2419 est.

290 2439 421 2493 Ibid.
473 2437 587 2504 Qua
625 2432 821 2489 vestivit
860 2449 972 2487 eum

215 2520 376 2564 mater
405 2525 497 2562 sua
523 2523 805 2578 synagoga.

221 2646 234 2652 ﬂ
290 2581 420 2636 Ibid.
463 2577 568 2652 Sed
613 2577 706 2650 ego
755 2577 823 2631 ad
866 2577 974 2632 lucc

215 2651 381 2718 rudis,
401 2653 486 2705 vas
505 2651 554 2704 in
576 2667 695 2720 quo,
724 2661 827 2706 etc.

280 2793 408 2878 Ibid.
469 2793 620 2866 Apud
647 2809 699 2848 se
722 2793 974 2864 quomodo

216 2877 395 2936 possit.

244 3026 246 3028 _
287 2958 417 3013 Ibid.
449 2957 585 3041 Quia
611 2959 716 3013 sitit
738 2955 974 3041 dulcedi-

213 3026 347 3093 nem,
379 3045 532 3101 quam
560 3031 612 3084 in
631 3026 800 3084 cordis
827 3046 977 3083 mun-

213 3102 341 3156 ditia
368 3102 628 3156 meditatio
673 3116 784 3156 esse
825 3116 971 3155 mon-

212 3184 358 3240 strat,
391 3174 481 3229 sed
517 3191 618 3228 non
667 3181 970 3245 praegustat.

287 3315 420 3371 Ibid.
471 3316 596 3382 Quae
623 3315 852 3371 animam
893 3313 976 3371 eui

211 3385 436 3441 mittesit.

286 3459 415 3514 Ibid.
444 3459 550 3514 Sed
568 3459 820 3531 sapientia
845 3477 979 3532 pau-

212 3547 303 3585 ειιι.

288 3600 420 3674 Ibid.
463 3600 560 3674 _Cui
600 3606 709 3656 vult
755 3613 804 3656 et
846 3619 977 3674 quo-

214 3673 364 3726 modo
389 3671 516 3724 vult.‘

284 3742 416 3824 Cap.
471 3758 544 3797 tv.
611 3739 681 3797 In
731 3742 979 3824 [rusticae

212 3815 364 3884 panis
396 3830 583 3883 magna
612 3815 832 3884 cognitio
882 3824 974 3882 est,

215 3895 263 3940 et
288 3897 477 3954 quanto
499 3886 614 3954 plus
635 3893 683 3940 te
707 3901 979 3957 cognosco,

216 3957 332 4028 plus
355 3968 403 4012 te
428 3968 532 4013 etc.

292 4102 426 4158 Ibid.
506 4103 611 4160 Sed
665 4103 804 4175 ipsas
861 4117 977 4171 pre-

216 4190 297 4229 ces
321 4191 495 4228 eorum
522 4189 623 4229 non
659 4181 936 4242 exspectat.

190 4305 198 4320 ι
257 4245 441 4320 μήὸ.Δ
475 4244 853 4320 Fartiﬁcanrlo,
903 4246 977 4298 vi-

217 4315 474 4386 viﬁcando
500 4327 546 4372 et
566 4317 886 4386 inebriando,
917 4333 976 4371 ac

218 4389 439 4442 sobriam
465 4389 742 4445 reddendo.

291 4460 421 4514 Ibid.
470 4458 556 4514 Ita
607 4470 977 4516 consumuntur

219 4539 269 4585 et
296 4531 644 4585 absorbentur.

291 4601 424 4670 Cap.
455 4617 566 4656 vm.
616 4601 684 4655 Et
708 4613 980 4674 antequam

221 4675 372 4744 plene
398 4674 692 4744 sentiamus.

296 4744 428 4798 Ibid.
461 4742 566 4798 Sed
592 4745 634 4797 si
657 4742 808 4798 vultis
832 4743 979 4814 plene

218 4817 462 4872 saturari.

297 4888 426 4941 Ibid.
473 4885 732 4940 Habentes
775 4901 981 4941 sursum

221 4959 396 5028 corda.
425 4959 508 5012 ubi
524 4975 614 5028 ego
643 4974 757 5012 sum
781 4959 833 5012 in
855 4958 979 5013 dea:-

223 5040 331 5085 tera
352 5027 448 5083 Dei
478 5027 673 5086 Patris.

270 5100 398 5170 Cap.
415 5117 486 5156 Ix.
507 5100 627 5155 Non
643 5103 791 5170 longe
800 5099 975 5155 abibit.

295 5173 427 5228 Ibid.
487 5172 759 5242 Speciosus
812 5172 981 5241 forma

225 5263 334 5318 prae
351 5245 483 5312 filiis
527 5243 807 5318 hominum.
853 5309 861 5318 ι

295 5318 426 5386 Cap.
476 5332 529 5369 x.
589 5313 734 5386 Sicut
762 5313 816 5367 in
844 5313 979 5381 pra:-

224 5385 387 5444 dictis’
434 5385 678 5453 exemplis
722 5395 980 5456 praenota-

189 5510 196 5516 .
225 5471 333 5516 tum
359 5471 450 5526 est,
477 5459 632 5511 videri
651 5467 832 5524 potest,
856 5471 983 5525 quo-

224 5534 378 5588 modo
409 5526 636 5601 praedicti
674 5527 868 5598 gradus
897 5541 982 5580 ca-

227 5604 471 5657 luereant.
981 5667 984 5670 _

299 5674 430 5726 Ibid.
463 5671 669 5726 Limites
714 5687 750 5725 a
797 5671 983 5724 sanctis

227 5745 458 5818 putribus
475 5744 774 5798 constitutos
816 5750 985 5798 trans-

228 5829 428 5873 οιιηιιιε.

1397 287 1779 350 LECTIONES
1816 277 2235 344 VARIANTES.
2331 291 2342 298 '

1115 411 1191 465 Id.
1267 407 1521 464 Gradibm
1600 403 1804 477 quidem
1833 383 1886 464 Α
1981 383 2116 453 Ibid.
2151 397 2214 477 Et
2238 398 2360 477 ut_ei
2379 397 2668 477 advenienti

1043 481 1282 536 distincta
1303 485 1498 550 paucis.

1115 555 1194 608 Id.
1233 555 1329 632 _Ita_
1349 554 1605 632 ordine'et.
1628 551 1810 605 merita

1043 633 1163 682 sunt
1209 626 1454 679 distincti.
1507 622 1639 677 Vide
1688 635 1802 675 var.

1045 697 1215 754 Maur.

1118 769 1193 823 Id.
1227 769 1417 824 Mentis
1437 769 1488 822 in
1521 767 1686 822 Deum
1712 782 1806 820 su-

1044 857 1241 912 spensa:
1266 843 1502 912 quaedam
1546 855 1699 912 super
1753 853 1808 894 sc

1045 914 1275 967 elevatio.

1045 925 1275 969 elevatto.

1093 1007 1196 1060 .ld.
1267 1006 1445 1061 Restat
1503 1014 1555 1060 ut
1632 1021 1807 1060 eorum

1048 1077 1183 1150 circa
1211 1095 1300 1150 nos
1334 1077 1494 1150 oﬁicia
1523 1077 1800 1150 videamus.

1120 1149 1196 1204 Id.
1227 1144 1398 1203 Unum
1416 1148 1478 1202 de
1499 1144 1671 1202 multis
1685 1161 1808 1216 sup.

1048 1237 1298 1288 ponamus
1325 1222 1640 1290 exeruplum.

1121 1314 1200 1369 Id.
1253 1314 1358 1370 Sed
1384 1314 1527 1367 suavi
1554 1321 1602 1368 et
1628 1311 1807 1366 multi-

1051 1385 1173 1456 plici
1195 1403 1350 1441 sensu
1377 1389 1642 1455 refertum.

1118 1480 1197 1536 Id.
1287 1480 1458 1545 Quam
1539 1487 1810 1548 postquam

1046 1553 1222 1606 anima
1264 1551 1534 1623 diligenter
1564 1549 1805 1622 inspexit.

1119 1695 1194 1748 Id.
1233 1693 1298 1749 Et
1344 1693 1568 1750 invenire
1607 1693 1808 1747 valeam

1047 1767 1354 1822 munditiam
1377 1764 1531 1821 hanc.

1121 1857 1197 1913 Id.
1228 1857 1322 1912 Cui
1357 1858 1484 1911 visio
1531 1854 1646 1918 Dei,
1696 1869 1812 1925 qua:

1049 1938 1123 1985 est
1159 1938 1262 1986 vita
1309 1939 1410 1985 υιο.

1121 2001 1197 2087 ΙιΙἶ
1246 1971 1438 2070 incipit
1487 1993 1618 2051 hanc
1659 1995 1810 2052 uvam

1044 2082 1331 2128 mastirare.

1118 2145 1195 2200 Id.
1239 2145 1400 2214 Quasi
1463 2145 1519 2198 in
1583 2142 1810 2197 torcular

1052 2219 1215 2288 ponit.

1123 2287 1198 2343 Id.
1237 2290 1404 2354 Quam
1435 2286 1622 2342 bonum
1648 2293 1696 2341 et
1717 2285 1808 2340 de-

1051 2358 1283 2415 lectabile
1307 2363 1423 2416 erit.

1120 2431 1196 2488 Id.
1225 2434 1339 2499 Qua
1350 2432 1541 2487 vestivit
1563 2446 1677 2486 eum
1699 2446 1810 2484 ma-

1048 2511 1122 2556 ωι-
1143 2521 1258 2558 sua.

1119 2574 1196 2632 Id.
1229 2575 1335 2632 Sed
1356 2591 1447 2645 ego
1469 2572 1640 2628 adhuc
1660 2569 1806 2645 rudis

1048 2631 1167 2708 lira,
1187 2631 1284 2702 vas
1310 2648 1360 2700 in
1386 2631 1514 2717 quo,
1547 2653 1649 2700 ctc.
1682 2633 1806 2698 Viti.

1047 2730 1161 2772 var.
1196 2718 1361 2774 Maur.

1121 2791 1194 2846 Id.
1255 2791 1402 2861 Apud
1441 2805 1494 2844 se
1554 2785 1808 2856 quomodo

1047 2859 1221 2916 haberi
1249 2859 1428 2929 possit.

1119 2956 1196 3011 Id.
1229 2954 1365 3021 Quia
1392 2969 1491 3006 non
1513 2951 1665 3005 sentit
1687 2948 1809 3003 dul-

1046 3029 1294 3089 cedinem,
1342 3039 1496 3096 quam
1538 3023 1594 3096 in
1637 3021 1806 3074 cordis

1856 528 1858 530 _
1908 480 1958 525 et
2003 469 2317 536 prwstolanti
2360 469 2429 522 ad
2482 470 2668 524 ostium

1909 545 2221 613 aperiamus.

1984 616 2113 668 Ibid.
2180 612 2297 666 Nisi
2345 629 2460 682 qua:
2505 630 2654 686 appe-

1909 691 2061 741 tentia
2091 687 2420 738 monstrabat.
2478 735 2484 740 .

1979 757 2110 824 Cap.
2161 772 2235 809 vi.
2299 757 2514 822 Quando
2564 774 2666 812 non

1911 833 2116 886 vocatas
2145 843 2197 881 se
2217 827 2467 897 infundit.

1982 974 2112 1028 Ibid.
2131 974 2294 1026 Orare
2312 974 2480 1040 ipsum
2506 982 2562 1029 ut
2581 974 2668 1028 ad-

1903 1047 2044 1118 juvet
2071 1046 2445 1116 inﬁrmitatem.

1982 1187 2112 1242 Ibid.
2150 1187 2389 1241 Ascendit
2418 1187 2483 1242 de
2508 1185 2682 1242 virm.

1911 1269 1960 1314 te
1977 1261 2030 1316 in
2053 1259 2305 1314 virtutem.

1984 1331 2115 1402 Ibid.
2137 1329 2228 1384 Cui
2245 1333 2298 1384 in
2314 1330 2408 1385 hoc
2428 1348 2667 1402 supremo

1910 1400 2094 1472 gradu.

1982 1473 2116 1529 Ibid.
2166 1468 2298 1528 Ecce
2335 1483 2449 1527 cum
2505 1473 2671 1528 Iacob

1911 1544 2210 1614 plerumque
2234 1546 2494 1602 Hac/telis.

1987 1615 2116 1670 Ibid.
2146 1618 2260 1682 Qua
2288 1616 2538 1672 relevatus
2559 1622 2659 1684 [ue-

1910 1687 1976 1740 rit
2007 1690 2251 1757 usquead
2279 1687 2451 1743 ctelos.

1988 1749 2119 1812 Ibid.
2152 1749 2347 1814 Leriter
2361 1769 2412 1814 et
2435 1759 2672 1814 ordinate

1841 1790 1888 1852 B
1988 1790 2119 1812 Ιυιιι.
2152 1790 2212 1813 IJC

1917 1829 2212 1884 descendat.

1980 1901 2120 1958 Ibid.
2140 1901 2440 1958 Secundum
2460 1903 2672 1958 modum

1915 1972 2058 2027 liberi
2096 1971 2311 2028 arbitrii.

1949 2187 1960 2198 ι
1985 2115 2116 2199 Ibid.
2137 2116 2303 2172 Tanto
2315 2119 2434 2190 jam
2463 2115 2572 2172 Deo
2596 2117 2664 2172 vl-

1912 2203 2097 2244 0118301⁵.

1981 2330 2111 2402 Cap.
2137 2348 2228 2386 xu.
2261 2332 2463 2400 Quarta
2490 2333 2670 2402 culpa-

1912 2400 2045 2474 bilis.
2073 2401 2178 2474 Cur
2206 2403 2528 2474 culpabilis?

1908 2541 1948 2594 ﬂ
1981 2473 2112 2527 Ibid.
2153 2472 2218 2527 In
2250 2472 2430 2528 mundi
2451 2473 2671 2527 circum-

1953 2559 2004 2594 u.

1931 2545 2004 2595 tu.

1981 2614 2115 2668 Ibid.
2161 2616 2325 2669 Aures
2353 2631 2472 2686 quae
2515 2616 2669 2670 modo

1908 2687 2182 2754 audierunt
2212 2689 2378 2741 verba.

1983 2753 2115 2828 Ibid.
2138 2755 2332 2812 Iterum
2349 2753 2572 2814 converti
2599 2759 2667 2812 ad

1908 2843 2040 2882 vana
2071 2828 2295 2898 eloquia.

1983 2899 2114 2955 Ibid.
2167 2895 2364 2956 'Pacem
2430 2901 2485 2956 in
2531 2895 2671 2970 idip-

1905 2987 2042 3028 sum.

3354 266 3505 341 test;

2811 392 2888 450 Id.
2913 390 3050 469 iVult
3086 403 3142 469 ut
3171 399 3351 469 gratiae
3391 385 3502 456 διιιέ

2738 468 3026 550 advenienti
3053 468 3121 523 ad
3141 468 3327 526 ostium
3372 487 3499 542 ape-

2739 555 2957 593 namus.

2820 609 2892 665 Id.
2931 611 3048 666 Nisi
3077 627 3192 682 quae
3211 604 3505 683 appetendil

2739 686 3169 738 monstrabantur.

2811 755 2887 809 Id.
2917 757 3132 821 Quando
3163 773 3264 810 non
3288 770 3498 812 υοωιυδ

2739 841 2792 879 se
2807 825 3010 896 ingerit,
3043 828 3250 898 quando
3282 845 3382 883 non
3413 829 3498 883 ln-

2739 899 2955 966 quisitus
2981 918 3038 955 se
3066 899 3313 968 infundit.

2824 969 2900 1025 Id.
2962 976 3147 1026 Amare
3196 972 3362 1040 ipsum
3389 1013 3405 1040 ,
3447 981 3500 1026 ut

2739 1040 2946 1112 adjuvet
2973 1037 3341 1115 inﬁrmitatem.
3378 1037 3497 1098 Viti.

2741 1125 2855 1168 var.
2895 1115 3059 1168 Macr.

2813 1182 2888 1240 Id.
2921 1188 3170 1242 Ascendet
3208 1187 3272 1241 de
3312 1187 3500 1242 virtute

2739 1255 2792 1306 in
2805 1260 3060 1319 virtutem.

2811 1323 3008 1382 Id.Cui
3055 1329 3108 1383 in
3161 1327 3258 1384 hoc
3297 1323 3496 1385 summé

2741 1401 2925 1467 gradu.

2814 1467 2894 1527 Id.
2918 1467 3048 1526 Ecce
3069 1488 3182 1526 cum
3196 1472 3359 1526 Iacob
3375 1471 3497 1542 pul-

2743 1539 2879 1596 cltrtv
2913 1543 3178 1598 liae/telis.

2819 1616 2897 1670 Id.
2939 1616 3053 1681 Qua
3079 1616 3302 1670 elevatus
3330 1615 3497 1686 fuerat

2742 1705 2897 1760 usque
2917 1687 2983 1760 ad
3005 1687 3174 1740 cwlos.

2819 1755 2891 1814 Id.
2918 1757 3114 1811 Leviter
3139 1765 3187 1810 et
3209 1755 3500 1830 inordinate

2743 1831 3038 1889 descendat.

2816 1906 2892 1959 Id.
2949 1900 3246 1957 Secundum
3302 1908 3497 1955 motum

2746 1975 2889 2031 liberi
2959 1971 3173 2028 arbitrii.
3232 1969 3338 2027 Vid.
3378 1987 3493 2028 var.

2746 2039 2913 2102 Maur.

2815 2120 2890 2173 Id.
2947 2115 3132 2182 Tanto,
3193 2115 3360 2169 tamen
3440 2119 3499 2169 ut

2740 2190 2870 2244 mihi
2920 2189 3155 2251 videtur,
3214 2183 3324 2239 Deo
3367 2186 3495 2240 vici-

2742 2277 2877 2314 ιιιον.

2812 2330 2890 2386 Id.
2955 2329 3154 2394 Quarta
3201 2324 3492 2396 culpabilis,

2741 2413 2790 2457 et
2818 2417 2932 2457 vere
2959 2400 3252 2469 culpabilis.

2827 2473 2902 2528 Id.
2935 2470 3003 2525 In
3045 2468 3224 2524 mundi
3253 2468 3490 2523 circuitu.

2812 2614 2890 2670 Id.
2910 2617 3071 2669 Aures
3087 2629 3199 2685 qua
3222 2613 3375 2667 modo
3403 2627 3498 2666 au-

2741 2687 2938 2741 dierant
2965 2685 3137 2740 verba.

2813 2759 2890 2813 Id.
2922 2755 3119 2812 Iterum
3161 2753 3383 2811 converti
3431 2753 3500 2808 ad

2742 2830 3079 2899 turpiloquia.

2813 2901 2890 2955 Id.
2945 2903 3131 2953 Pacem
3175 2900 3228 2953 in
3254 2899 3498 2968 idipsum.

2749 2972 2958 3032 Deinde
3024 2982 3321 3041 sequuntur
3379 2981 3499 3037 qua

2747 3045 2888 3113 apud
2947 3043 3318 3113 Beltedictinos
3349 3053 3502 3108 repe-

1047 3095 1626 3185 “nimaam‘s‘l‘l‘iliﬁ
1678 3108 1808 3185 *θέε
1865 3111 2116 3185 ίῐίιιιιίιιι
2165 3114 2218 3169 in
2268 3110 2668 3171 admonitionel

1920 3111 2116 3168 nuntur
2165 3114 2218 3169 in
2268 3110 2632 3171 admonitione
2658 3095 3324 3185 ineuscnnapstna.

1047 3169 1362 3234 monstravit,
1395 3166 1482 3221 sed
1529 3182 1630 3220 non
1673 3178 1807 3233 pra:-

1045 3253 1165 3298 stat.
1201 3237 1320 3295 Vid.
1346 3253 1462 3291 var.
1496 3235 1660 3290 Maur.

1120 3311 1202 3370 Id.
1285 3310 1414 3377 Qute
1455 3309 1681 3362 animam
1724 3306 1808 3362 cui

1046 3389 1198 3442 Inest.
1475 3417 1482 3427 κ

1117 3457 1198 3514 Id.
1224 3453 1370 3511 Talis
1397 3450 1650 3525 sapientia
1678 3466 1809 3520 pau-

1052 3547 1144 3585 εις.

1123 3603 1200 3654 Id.
1229 3597 1327 3653 Cui
1380 3601 1484 3652 vult
1527 3601 1574 3646 et
1604 3593 1809 3663 quando

1049 3670 1178 3725 vult.

1124 3739 1202 3798 Id.
1248 3733 1313 3794 In
1365 3735 1620 3809 fractione
1663 3736 1808 3809 panis

1052 3811 1283 3880 cognitus
1301 3827 1351 3866 es
1365 3805 1546 3880 magis,
1564 3817 1609 3861 et
1623 3805 1811 3880 quanto

1055 3878 1209 3955 (cod.
1242 3883 1379 3937 male
1401 3878 1672 3955 quantum]
1693 3878 1810 3947 plus

1054 3951 1101 4009 te
1127 3969 1378 4027 cognosco
1406 3951 1547 4007 tanta
1569 3951 1670 4022 (Id.
1698 3959 1812 4004 tan-

1053 4036 1158 4080 tum
1183 4029 1300 4096 plus
1322 4035 1369 4080 te
1390 4035 1496 4082 etc.
1601 4087 1603 4089 _

1099 4163 1108 4170 μ
1127 4097 1201 4152 Id.
1236 4097 1341 4153 Sed
1367 4099 1420 4150 in
1447 4097 1584 4162 ipsas
1614 4109 1809 4166 preces,

1049 4183 1152 4224 non
1174 4179 1447 4235 exspectat.

1123 4238 1199 4297 Id.
1244 4238 1602 4309 Farti/icando
1644 4239 1814 4309 vivi/5-

1049 4329 1212 4379 cans,
1271 4321 1322 4367 et
1371 4311 1672 4366 inebrianda
1727 4328 1813 4366 so-

1051 4384 1210 4438 briam
1243 4383 1478 4438 reddens.

1123 4457 1197 4510 Id.
1252 4453 1338 4509 Ita
1400 4462 1706 4526 superantur
1763 4464 1812 4509 et

1046 4526 1396 4582 absorbentur.

1052 4671 1317 4723 sentiatur.

1114 4740 1192 4794 Id.
1228 4740 1334 4794 Sed
1362 4741 1406 4794 si
1458 4737 1612 4794 vultis
1664 4735 1811 4808 plene

1051 4812 1254 4864 satiari.
1365 4863 1368 4866 .

1127 4879 1202 4935 Id.
1322 4879 1520 4934 IIabete
1607 4897 1811 4935 sursum

1053 4954 1210 5022 corda
1238 4963 1420 5022 vestra,-
1446 4952 1532 5006 ubi
1561 4968 1652 5022 ego
1695 4969 1811 5008 sum

1053 4969 1210 5007 σοι-αα
1238 4969 1366 5007 vestr
1403 4985 1420 5022 ,-
1446 4969 1530 5006 ubi
1561 4969 1652 5022 ego
1695 4979 1700 5004 ε

1051 5024 1105 5078 in
1131 5021 1339 5078 dextera
1369 4969 1463 5076 ἵ)έὶ
1503 5025 1700 5080 sedens.

1123 5095 1199 5150 Id.
1237 5093 1358 5149 Non
1383 5085 1534 5166 longe
1560 5095 1684 5149 abit.

1124 5167 1224 5236 Id.__
1239 5166 1514 5234 Speciosus
1534 5176 1608 5220 est
1644 5166 1812 5236 [arma

1054 5233 1161 5309 prce
1173 5232 1310 5309 [filiis
1337 5239 1618 5308 hominum.

1127 5290 1204 5363 td:
1233 5290 1415 5366 ’δέξαι’
1443 5301 1495 5362 tn‘
1521 5290 1814 5376 praemissis

1053 5383 1298 5449 exemplis
1332 5389 1667 5450 prtenotatum
1712 5392 1807 5448 est,

1053 5453 1222 5506 videre
1303 5463 1480 5521 potes,
1555 5453 1809 5522 quomodo

1053 5524 1286 5593 prtedicti
1313 5523 1503 5594 gradus
1550 5523 1640 5576 sibi
1683 5524 1813 5578 invi-

1054 5610 1162 5654 cent
1185 5595 1489 5648 coluereant.
1627 5609 1638 5617 ‘

1128 5661 1204 5720 Id.
1235 5663 1442 5720 Limites
1458 5683 1489 5719 a
1509 5667 1696 5738 sanctis
1725 5684 1817 5734 pa-

1057 5737 1217 5792 tribus
1303 5738 1602 5794 constitatos
1650 5748 1816 5794 trans-

1058 5810 1351 5865 cendamus.

1831 3184 1881 3248 c
1914 3213 2005 3281 DE
2036 3213 2479 3284 POENITENTIA
2532 3215 2686 3282 omo
2715 3215 2950 3281 ANIMAE
2979 3219 3067 3282 ET
3103 3203 3496 3280 LOCUTIONE

2580 3317 2832 3375 DIVINA.

1923 3485 1930 3497 Ι
1987 3401 2306 3485 Fragmenta
2355 3409 2503 3480 hinc,
2548 3428 2665 3484 quia
2706 3413 2955 3481 leguntur
2995 3412 3048 3466 in
3089 3410 3213 3466 cod.
3261 3403 3500 3492 ccum,

1913 3505 2008 3561 fol.
2052 3503 2151 3574 86,
2205 3506 2453 3562 videntur
2496 3521 2618 3564 esse
2659 3516 2915 3592 excerpta
2945 3504 3187 3576 quaedam
3232 3519 3299 3560 ex
3339 3503 3500 3560 variis

1913 3591 2086 3649 sancti
2138 3589 2421 3667 Augustini
2469 3598 2624 3652 Iocis.
2676 3589 2814 3651 Hinc
2871 3605 3140 3666 ponuntur
3190 3597 3244 3652 in
3291 3611 3497 3668 appen-

1914 3686 2109 3744 dicem.

2491 3749 2565 3813 De
2603 3751 2929 3816 Paenitentia.

1987 3857 2028 3916 I.
2070 3857 2389 3916 Posuitentia
2417 3853 2500 3916 est
2529 3860 2740 3931 quando
2770 3871 2826 3918 et
2863 3858 2961 3934 pro
2987 3855 3180 3932 quibus
3206 3859 3498 3934 paenitudi-

1916 3947 2038 4010 nem
2069 3955 2338 4026 gerimus,
2390 3964 2445 4010 et
2474 3954 2524 4009 in
2555 3949 2783 4026 quorum
2827 3953 3196 4013 recordatione
3223 3941 3502 4013 confundi-

1917 4062 2040 4101 mur
2062 4087 2077 4112 ,
2125 4047 2212 4102 vel
2246 4046 2434 4102 horum
2469 4047 2660 4102 similia
2701 4063 2864 4117 opera
2913 4063 3018 4104 nou
3048 4045 3401 4105 admittimus.
3434 4080 3504 4092 -

1915 4131 1982 4195 II.
2014 4137 2277 4194 Ceterum
2325 4134 2559 4210 quandiu
2604 4139 2690 4195 vel
2728 4133 2966 4209 ipsorum
3011 4145 3094 4195 vel
3123 4141 3212 4196 his-
3243 4133 3501 4197 similium

1915 4223 2270 4287 delcétatione
2322 4231 2628 4302 pulsamur,
2672 4231 2986 4288 noverimus
3026 4229 3122 4288 nos
3162 4235 3392 4289 necdum
3437 4233 3504 4290 ad

1915 4324 2114 4384 calcem
2155 4324 2500 4396 ptenitudinis
2524 4325 2754 4382 venisse.
2781 4357 2850 4368 —
2880 4311 2968 4383 IIl.
3001 4327 3154 4396 Quod
3195 4325 3241 4383 si
3273 4313 3506 4384 titillatio

1915 4429 1970 4475 et
2009 4419 2297 4475 delectatio
2329 4419 2486 4474 noxia
2518 4417 2698 4474 divino
2728 4403 2881 4475 luerit
2912 4435 3035 4476 rore
3061 4417 3362 4492 consepita,
3397 4437 3504 4477 non

1917 4509 2220 4566 diflidamus
2251 4517 2348 4564 nos
2379 4509 2660 4580 pervenire
2689 4509 2866 4581 posse.
2899 4542 2968 4552 —
2990 4501 3079 4567 IV.
3128 4509 3388 4567 Indicium
3417 4527 3497 4567 sa~

1121 4599 1197 4672 Id.
1257 4598 1320 4652 Et
1341 4607 1618 4667 antequam
1663 4597 1810 4666 plene
1839 4581 1896 4642 Ῑ)
1917 4602 2147 4658 nationis
2172 4603 2656 4672 consummataeque
2689 4598 3016 4670 poenitentia:
3043 4614 3143 4668 est,
3174 4604 3220 4658 si
3264 4618 3368 4657 non
3411 4618 3502 4657 so-

1917 4695 2028 4748 lum
2054 4693 2340 4748 delectatio
2371 4695 2474 4747 ulla
2518 4695 2604 4747 veI
2646 4693 2918 4760 titillatio,
2951 4695 3048 4750 sed
3092 4708 3198 4752 nec
3245 4693 3501 4752 memoria

1921 4785 2312 4856 prazteritorum
2346 4784 2639 4838 facinorum
2672 4796 2904 4866 mentem
2935 4795 3171 4840 nostram
3203 4786 3502 4856 interpella-

1919 4884 2166 4936 vcrit.-—
2198 4869 2258 4937 ν.
2291 4879 2395 4936 Sed
2428 4869 2542 4935 inec
2573 4863 2773 4934 oblivio
2817 4891 2870 4936 et
2899 4863 3226 4937 oblitteratio
3259 4892 3505 4951 peccato-

1925 4988 2042 5028 rum
2070 4974 2174 5029 rite
2198 4973 2434 5028 obtineri
2475 4987 2578 5028 non
2617 4982 2819 5043 potest,
2855 4974 2955 5028 nisi
2998 4975 3116 5028 loca
3156 4984 3210 5030 et
3250 4988 3506 5043 personas

1920 5053 1978 5120 e't'
2013 5063 2201 5122 omnes
2243 5061 2555 5121 occasiones
2606 5067 2859 5133 peccandi
2908 5065 3080 5121 vitare
3129 5075 3185 5122 et
3235 5066 3506 5123 declinare

1917 5158 2063 5227 prius
2103 5158 2404 5224 curaverit;
2447 5158 2595 5213 verbi
2624 5157 2833 5226 gratia,
2867 5158 2913 5212 si
2951 5158 3174 5228 quilibet
3221 5159 3502 5213 mulierum

1916 5235 2278 5305 familiaritate
2320 5251 2477 5328 nostin
2513 5264 2572 5306 se
2601 5247 2883 5328 deceptum
2911 5251 3165 5325 doluerit,
3197 5253 3260 5306 ad
3292 5253 3500 5308 satisla-

1917 5341 2146 5396 ctionem
2187 5351 2239 5396 et
2265 5341 2332 5396 ad
2354 5327 2806 5399 oblitterationem
2828 5345 2941 5398 sua:
2966 5343 3295 5414 deceptionis
3324 5354 3496 5401 trans‘

1919 5433 1995 5488 ire
2025 5424 2298 5502 ncquibit,
2347 5428 2446 5488 nisi
2489 5431 2725 5504 ipsarum
2765 5439 3102 5492 consortium
3129 5437 3500 5495 declinaverit.

1916 5555 1990 5566 —
2029 5525 2116 5580 VI.
2155 5526 2220 5581 Et
2261 5526 2373 5581 haec
2412 5528 2631 5598 quidem
2661 5529 2858 5585 oblivio
2899 5523 3150 5586 salutaris
3193 5545 3356 5602 super
3394 5531 3504 5588 illis

1919 5616 2262 5687 intelligenda
2287 5627 2369 5674 est
2393 5622 2627 5688 peccatis
2648 5625 2767 5690 quas
2790 5619 3018 5677 Mosaica
3048 5622 3163 5692 lege
3189 5622 3501 5692 puniuntur.

1920 5741 1990 5753 —
2018 5709 2129 5764 VII.
2160 5711 2423 5766 Cteterum
2475 5722 2692 5775 (taceat:
2722 5715 2928 5768 minora
2959 5714 3077 5770 sine
3103 5715 3295 5785 quibus
3325 5716 3505 5772 vivere

1925 5803 2239 5878 nequimus,
2292 5807 2528 5878 quotidie
2576 5805 2886 5877 paenitendo
2931 5817 3057 5866 ante
3083 5810 3278 5868 mentis
3318 5810 3506 5868 oculos
