4012 6338
506 370 528 430 1
541 374 643 433 255

1915 354 2099 415 anno
2129 338 2374 414 RERUM

3651 352 3796 412 12.36

506 462 758 551 revocare
793 486 1089 551 debemus;
1137 481 1380 539 dicentes
1419 496 1435 534 :
1473 477 1682 533 Dimitte
1730 474 1871 530 nobis
1918 474 2086 529 debita
2114 475 2166 533 Α
2193 472 2336 527 inter
2362 484 2460 536 se;
2493 468 2684 526 iisdem
2717 470 2890 525 modis
2930 466 3165 539 loquitur
3208 469 3478 541 scriptura
3505 469 3691 525 divina
3722 471 3803 528 de

505 594 682 640 nostra
722 578 931 654 (Matth.
965 592 1041 643 v1,
1074 572 1183 645 l2).
1213 582 1300 630 etc

1058 688 1135 745 De
1171 690 1294 745 Cibo
1332 689 1536 743 animm.

580 809 621 864 l.
661 810 825 865 Cibus
854 808 1048 863 animae
1081 805 1463 876 contemplatio
1506 804 1601 859 Dei
1634 811 1734 857 est.
1783 800 1889 856 Sed
1919 799 2094 854 scien-

508 902 637 960 dum
660 912 742 957 est
765 902 905 971 quod
936 916 1088 957 mens
1112 900 1343 955 humana
1375 909 1432 954 ut
1457 900 1510 953 in
1533 895 1985 966 contemplatione
2013 892 2096 948 di-

510 996 631 1051 vina
663 996 948 1064 nutriatur,
975 992 1202 1061 seipsam
1232 991 1388 1045 oculo
1414 1004 1512 1045 suo
1540 988 1718 1043 videat
1748 1000 1967 1040 necesse
1989 993 2092 1037 est.

512 1090 570 1149 Id
598 1101 712 1159 est,
743 1088 1047 1145 consideret
1085 1086 1286 1153 absque
1325 1082 1516 1138 ofﬁciis
1546 1080 1826 1137 exterioris
1867 1075 2098 1131 hominis

508 1184 687 1257 qualis
712 1193 767 1239 et
791 1193 989 1253 quanta
1014 1180 1101 1235 sit.
1128 1208 1197 1220 -—
1226 1178 1291 1233 II.
1326 1178 1402 1233 De
1432 1177 1557 1231 hinc
1598 1170 1924 1241 transeat‘ad
1966 1187 2097 1226 c011-

512 1278 875 1349 templaudam
926 1277 1203 1331 beatorum
1254 1272 1570 1342 angelorum
1619 1269 1947 1331 claritatem,
2000 1265 2099 1319 ila-

512 1369 771 1439 grantiam
800 1376 853 1422 et
876 1367 1237 1421 securitatem.
1262 1362 1393 1418 Nam
1426 1363 1476 1416 in
1504 1361 1588 1415 his
1613 1374 1671 1415 se
1702 1361 1815 1429 ipsa
1845 1372 1996 1411 mens
2018 1356 2100 1410 di-

514 1464 643 1517 vino
707 1475 932 1516 munere
988 1459 1170 1529 adjuta
1220 1457 1379 1513 latius
1426 1455 1646 1510 dilatare
1704 1451 1864 1509 valet.
1908 1478 1974 1489 ——
2036 1450 2102 1503 Il:

515 1553 725 1608 Abhinc
772 1559 1012 1606 transeat
1058 1549 1124 1603 ad
1182 1548 1666 1603 considerationem
1711 1542 2103 1609 circumscripti

516 1643 734 1698 luminis
754 1657 770 1707 ;
793 1642 846 1697 id
872 1648 954 1696 est
973 1639 1036 1693 ad
1059 1637 1500 1693 considerandam
1524 1633 1961 1704 omnipotentiam
1990 1629 2106 1685 Dei-

517 1736 667 1801 tatis;
697 1734 789 1788 sed
818 1734 870 1787 in
896 1732 995 1787 hac
1025 1731 1456 1786 consideratione
1486 1727 1791 1799 castiganda
1820 1736 1901 1780 est
1928 1738 2102 1790 mens,

517 1840 587 1881 ne
613 1827 839 1895 aliquam
888 1824 991 1879 sibi
1037 1838 1349 1893 corpoream
1391 1821 1789 1877 similitudinem
1842 1819 2005 1887 ﬁngat
2050 1818 2102 1871 in

519 1917 650 1973 Deo.
680 1918 944 1985 Quamdiu
968 1917 1199 1986 aliquam
1226 1915 1625 1970 similitudinem
1650 1912 1980 1983 cogitaverit,
2001 1925 2106 1965 non

518 2012 725 2068 esthoc
749 2012 919 2077 Deus;
950 2012 1043 2065 sed
1066 2026 1189 2065 cum
1217 2011 1491 2080 agnoverit
1516 2008 1863 2064 substantiam
1889 2005 2109 2059 Deitatis

517 2105 1139 2171 incomprehensibilem,
1190 2102 1624 2169 iuenarrabilem,
1654 2098 1998 2163 invisibilem,
2026 2099 2111 2151 in-

522 2200 1003 2267 circumscriptam,
1034 2199 1229 2267 ubique
1261 2204 1424 2252 totam
1444 2240 1458 2265 ,
1508 2209 1769 2265 nusquam
1808 2193 2103 2259 exclusam,

527 2293 627 2348 hoc
664 2300 747 2346 est
786 2292 941 2346 Deus.

1010 2405 1085 2458 De
1122 2403 1399 2458 Locutione
1436 2403 1629 2457 divina.

597 2518 635 2573 l.
682 2519 898 2572 Duobus
926 2516 1099 2571 modis
1131 2517 1366 2587 loquitur
1392 2516 1561 2580 Deus;
1590 2514 1638 2567 id
1663 2523 1746 2569 est
1775 2520 1867 2567 aut
1898 2526 1993 2582 per
2033 2525 2111 2575 se,

522 2620 619 2666 aut
649 2626 743 2680 per
781 2611 1077 2682 subiectam
1109 2622 1431 2666 creaturam.
1482 2611 1706 2677 Quando
1753 2626 1847 2679 per
1876 2624 1967 2674 se,
1998 2608 2114 2662 sine

527 2705 705 2760 verbis
736 2720 829 2758 cor
855 2704 1100 2768 docetur,
1132 2717 1185 2757 ut
1218 2704 1343 2758 illud
1376 2722 1388 2757 :
1424 2703 1564 2757 Dixit
1604 2704 1811 2773 spiritus
1843 2700 2113 2769 Philippo,

526 2805 630 2851 etc.
666 2795 803 2867 (Act.
835 2811 949 2862 vni,
992 2794 1109 2866 29).
1131 2824 1200 2835 ——
1221 2794 1288 2850 ll.
1317 2796 1540 2861 Quando
1571 2810 1697 2849 vero
1728 2810 1821 2863 per
1845 2793 2111 2862 angelum,

524 2890 810 2959 aliquando
875 2888 1052 2944 verbis
1122 2896 1178 2942 ut
1242 2888 1408 2942 illud:
1444 2887 1741 2957 ϐίαι-ἱρεαυὶ
1779 2887 1961 2956 (Joan.
2012 2902 2111 2950 χιι,

524 2981 647 3050 28),
678 2992 797 3045 etc;
830 2982 1117 3052 aliquando
1164 2980 1324 3035 rebus
1356 2981 1471 3035 sine
1502 2980 1681 3034 verbis
1708 3023 1723 3044 ,
1775 2987 1832 3033 ut
1870 2978 2114 3033 Ezechiel
2180 3014 2183 3017 -

526 3079 655 3133 vidit
691 3082 948 3135 electrum
987 3077 1199 3151 (Ezecli.
1248 3093 1286 3146 1,
1328 3075 1460 3144 27);
1517 3075 1802 3146 aliquando
1844 3074 2022 3130 verbis
2062 3082 2117 3128 et

525 3172 709 3238 rebus,
737 3182 796 3227 ut
825 3172 957 3227 illud
980 3189 993 3225 :
1019 3170 1367 3226 Deambulans
1390 3168 1642 3224 Dominus
1668 3170 1796 3222 dixit
1820 3168 1888 3222 ad
1911 3168 2073 3221 Adam
2095 3182 2115 3221 :

2193 565 2326 620 Deo.
2356 563 2651 634 Loquimur
2685 562 2828 618 enim
2870 560 2940 617 de
2969 563 3270 619 substantia
3292 606 3307 629 ,
3338 574 3393 618 et
3422 562 3710 634 qualitate,
3743 571 3808 618 et

2193 660 2510 731 quantitate,
2541 670 2596 715 et
2624 660 2689 714 ad
2716 658 2938 729 aliquid,
2973 667 3028 714 et
3049 659 3117 715 de
3146 659 3355 725 habitu,
3387 669 3441 714 et
3469 660 3539 715 de
3563 661 3693 727 situ,
3732 660 3807 715 de

2196 755 2336 821 loco,
2366 753 2435 808 de
2466 762 2729 823 tempore,
2760 753 2827 807 de
2861 754 3055 819 facere,
3099 762 3155 807 et
3187 753 3318 822 pati.
3362 753 3429 808 Et
3457 753 3677 822 quando
3716 752 3808 806 bis

2196 846 2371 902 modis
2390 846 2457 901 de
2479 846 2589 900 Deo
2614 845 2903 913 loquimur,
2929 844 3216 913 aliquando
3240 844 3479 915 proprie,
3502 843 3813 912 aliquando

2198 941 2443 997 relative.
2470 940 2691 1007 Quando
2722 940 2949 995 dicimus
2981 958 2993 993 :
3032 940 3173 995 Deus
3204 954 3449 1009 magnus,
3485 938 3679 1007 bonus,
3718 937 3811 991 fac

2200 1046 2326 1088 cere
2352 1034 2566 1103 proiirie
2609 1032 2822 1086 dicitur.
2859 1031 2926 1085 Et
2955 1032 3055 1086 hoc
3085 1031 3471 1086 attendendum
3502 1039 3607 1097 est,
3653 1028 3810 1099 quod

2202 1142 2308 1182 non
2337 1135 2420 1180 est
2446 1126 2520 1179 illi
2549 1125 2693 1180 aliud
2722 1140 2844 1181 esse
2893 1134 2944 1179 et
2972 1124 3114 1179 aliud
3158 1140 3409 1193 magnum
3458 1138 3598 1186 esse,
3652 1122 3813 1176 aliud

2203 1219 2401 1276 bonum
2432 1223 2572 1275 esse.
2606 1220 2746 1273 Deus
2770 1220 2884 1288 ipso
2912 1235 3017 1288 quo
3043 1228 3145 1285 est,
3177 1219 3353 1273 bonus
3384 1228 3501 1282 est;
3548 1219 3665 1287 ipso
3695 1232 3817 1287 quo

2204 1323 2312 1379 est,
2354 1329 2580 1383 magnus
2609 1323 2711 1369 est.
2742 1313 2980 1368 Relative
3012 1328 3139 1368 vero
3185 1313 3383 1368 dicitur
3414 1312 3603 1376 Pater;
3632 1310 3817 1367 refer-

2207 1412 2293 1458 tur
2322 1404 2387 1457 ad
2420 1405 2608 1458 ﬁlium.
2638 1404 2977 1458 Trauslative
3007 1404 3210 1458 dicitur
3240 1403 3457 1457 habitus
3484 1403 3539 1457 in
3569 1401 3717 1468 Deo,
3757 1410 3818 1455 ut

2207 1494 2335 1550 illud
2363 1513 2378 1550 :
2409 1496 2633 1567 Abyssus
2665 1499 2794 1550 sicut
2822 1497 3172 1550 vestimentum
3202 1496 3380 1567 (Psal.
3412 1511 3526 1560 c111,
3560 1494 3655 1565 6),
3681 1504 3813 1556 etc;

2208 1588 2377 1655 situs,
2433 1598 2491 1641 ut
2539 1589 2665 1643 illud
2717 1607 2730 1640 :
2785 1588 2885 1654 Qui
2933 1590 3073 1643 aedes
3130 1605 3283 1657 super
3331 1585 3647 1651 Clierubim,
3694 1594 3815 1640 etc.

2210 1681 2320 1750 (Id.
2363 1697 2561 1746 Lxxlx,
2610 1681 2701 1751 2);
2746 1681 2934 1737 locus:
2965 1680 3026 1736 Si
3073 1682 3350 1734 ascendero
3393 1680 3446 1732 in
3487 1678 3708 1745 calum,
3759 1688 3818 1731 tu

2208 1773 2775 1843 illiees(ld.cxxxv111,
2797 1772 2875 1843 8),
2902 1783 3031 1838 etc;
3060 1786 3290 1842 tempus,
3316 1773 3515 1827 utiliud
3535 1789 3550 1825 :
3568 1773 3703 1826 Anni
3739 1771 3817 1825 tui

2137 1865 2185 1924 B
2212 1886 2311 1922 non
2360 1869 2592 1934 deﬁcient
2639 1866 2750 1940 (Id.
2795 1884 2879 1933 Cl,
2932 1867 3055 1938 9.8);
3087 1870 3192 1937 pati
3226 1884 3239 1922 :
3273 1866 3817 1921 Laboravisustinem

2213 1959 2347 2032 (Isai
2377 1976 2424 2023 1,
2465 1959 2585 2031 t4);
2619 1970 2694 2025 et,
2728 1958 2948 2014 Pienitet
2980 1976 3058 2014 me
3082 1961 3259 2028 fecisse
3288 1958 3438 2030 (Cen.
3475 1973 3525 2011 v1
3558 1998 3573 2022 ,
3621 1956 3697 2026 7).
3756 1956 3817 2009 In

2213 2055 2307 2108 Dei
2339 2067 2525 2107 natura
2557 2052 2641 2107 cui
2677 2068 2893 2118 semper
2921 2048 3057 2106 idem
3089 2067 3211 2106 esse
3238 2061 3347 2119 est,
3385 2066 3491 2104 non
3522 2050 3667 2103 cadit
3692 2065 3816 2102 tnu-

2212 2147 2344 2204 tatio
2364 2187 2377 2210 ,
2412 2146 2533 2215 quia
2581 2144 2711 2199 nihil
2760 2144 3009 2199 accidens
3039 2154 3123 2198 est
3153 2144 3250 2197 illi.
3276 2142 3556 2197 Creaturae
3615 2140 3813 2193 habent

2213 2239 2569 2303 accidentias,
2617 2254 2710 2302 per
2752 2253 2883 2308 quas
2915 2247 3004 2291 aut
3036 2252 3225 2307 magna
3271 2247 3362 2291 aut
3396 2235 3815 2307 qualiscumque

2217 2331 2308 2385 ﬁat
2340 2333 2595 2394 mutatio;
2630 2331 2771 2399 apud
2814 2330 2979 2384 Deum
3015 2344 3176 2394 vero,
3226 2330 3367 2383 sicut
3410 2326 3678 2395 scriptum
3713 2334 3815 2391 est,

2216 2425 2358 2479 nulla
2390 2434 2473 2480 est
2500 2425 2876 2479 transmutatio
2908 2422 3044 2494 (Jac.
3070 2440 3108 2490 1,
3147 2414 3269 2493 Π),
3301 2424 3441 2477 sicut
3487 2421 3693 2476 Paulus
3735 2420 3815 2474 di-

2217 2518 2288 2573 cit
2315 2534 2328 2571 :
2357 2516 2480 2571 Non
2527 2528 2597 2570 es!
2633 2517 2685 2570 in
2712 2516 2801 2569 illo
2824 2560 2837 2584 ,
2885 2524 2957 2570 est
2986 2525 3034 2569 et
3082 2532 3219 2580 non;
3260 2515 3347 2569 sed
3378 2524 3486 2580 est,
3533 2514 3589 2565 in
3630 2511 3723 2565 illo
3751 2521 3816 2564 est

2220 2609 2309 2682 (II
2328 2609 2448 2664 Cor.
2482 2626 2519 2673 1,
2551 2609 2662 2680 19).
2698 2610 2761 2663 Ιαζι
2791 2609 2962 2681 Moysi
2991 2607 3123 2663 dicit
3151 2628 3160 2661 :
3195 2607 3295 2673 Qui
3325 2610 3421 2673 est,
3454 2607 3603 2659 misit
3632 2621 3713 2658 me
3754 2603 3817 2657 ad

2220 2719 2303 2758 vos
2329 2702 2524 2774 (Exod.
2568 2718 2654 2769 ιιι,
2690 2700 2799 2770 14).

2668 2815 2731 2869 1η
2756 2816 2910 2870 libros
2939 2816 3001 2871 de
3028 2815 3339 2870 eresibus.

2292 2910 2356 2965 Hi
2407 2926 2590 2965 versus
2640 2910 2837 2963 adsunt
2880 2910 2935 2964 in
2981 2909 3102 2964 cod.
3156 2924 3397 2976 cuvm,
3450 2907 3552 2962 fol.
3600 2905 3705 2974 46,
3738 2906 3817 2963 ubi

2222 3005 2566 3058 continentur
2598 3003 2745 3056 varia
2775 3016 2933 3070 opera
2960 3043 2976 3068 ,
3013 3017 3131 3071 qua:
3159 3003 3337 3056 omnia
3366 3000 3497 3055 divo
3520 3000 3818 3071 Augustino

2222 3097 2621 3166 adjudicantur,
2656 3097 2731 3150 uti
2764 3094 2945 3151 videre
2972 3104 3056 3150 est
3084 3094 3137 3149 in
3168 3094 3286 3163 ejus
3315 3094 3614 3163 operibus;
3647 3094 3818 3146 nescio

2226 3198 2404 3245 tamen
2454 3190 2721 3260 quomodo
2772 3188 3003 3244 adscribi
3058 3188 3263 3257 possint
3327 3196 3523 3240 sancto
3590 3184 3814 3239 doctori.

533 3262 629 3317 Ubi
659 3279 709 3317 "‘
738 3260 893 3334 (θεηο
941 3278 1030 3331 ¹¹¹ν
1065 3262 1117 3325 8*
1142 3260 1199 3333 9)
1219 3260 1566 3354 iniquam"
1593 3260 2119 3354 ίΨέῧίηθίίοθθίολΨ·
2150 3271 2194 3335 C
2225 3281 2492 3354 Scriptum
2520 3284 2620 3338 hoc
2668 3298 2886 3338 carmen
2916 3282 3145 3347 videtur,
3180 3290 3238 3335 ut
3270 3288 3507 3349 ponatur
3535 3286 3667 3333 ante
3694 3277 3817 3330 duos

528 3354 594 3409 lis
624 3355 799 3410 cordis
841 3364 1053 3410 ostensa
1075 3396 1091 3421 ,
1125 3363 1182 3407 ut
1230 3352 1394 3408 Jacob
1424 3353 1567 3408 scala
1600 3351 1711 3423 (Id.
1745 3367 1944 3420 xxviii,
1975 3350 2114 3421 l2);

534 3442 824 3511 aliquando
845 3444 1005 3495 etiam
1038 3444 1313 3512 corporeis
1342 3452 1555 3498 ostensa
1584 3442 1833 3512 imagine.
1865 3452 1923 3497 ut
1950 3443 2118 3497 Abra-

529 3537 652 3590 ham
689 3546 795 3590 tres
827 3535 1046 3604 angelos
1073 3535 1186 3607 [Id.
1238 3553 1385 3601 xuii,
1438 3537 1527 3606 2);
1578 3538 1864 3608 aliquando
1890 3553 1983 3607 per
2009 3553 2120 3594 co:-

527 3626 722 3683 Iestetn
759 3628 1137 3693 substantiam,
1163 3637 1217 3681 ul
1237 3642 1339 3682 vox
1364 3628 1430 3683 de
1462 3629 1602 3683 nube
1626 3627 1843 3698 (Matth.
1872 3643 2001 3695 xvii,
2028 3626 2116 3698 5);

530 3720 814 3791 aliquando
845 3736 941 3790 per
972 3728 1241 3776 terrenam
1272 3719 1625 3776 substantiam
1645 3763 1659 3787 ,
1689 3732 1745 3774 ut
1789 3735 1885 3790 per
1912 3721 2118 3774 asinam

531 3811 744 3865 Balaam
778 3810 969 3883 (Num.
1000 3828 1148 3880 χιιι,
1176 3806 1310 3882 28);
1346 3812 1632 3882 aliquando
1663 3814 1891 3868 terrenis
1930 3823 1984 3867 et
2011 3826 2120 3868 caa-

530 3903 760 3959 lestibus
826 3903 986 3958 simul
1039 3903 1241 3973 junctis
1291 3903 1624 3958 substantiis.
1686 3904 1825 3975 Ignis
1876 3905 1930 3958 in
1988 3905 2121 3959 rubo

531 3993 728 4069 (Exod.
778 4011 868 4061 ιιι,
899 3996 959 4064 2)
992 3996 1309 4065 signiﬁcatio
1339 4007 1456 4052 erat
1512 3996 1653 4067 quod
1697 3997 1779 4051 lex
1815 3998 1968 4069 ignea
2014 4015 2119 4053 non

530 4091 874 4146 combureret
898 4092 1081 4161 spinas
1104 4102 1442 4161 peccatorum
1459 4090 1790 4158 Judaiorum,
1820 4093 1956 4158 sive,
1980 4092 2121 4163 quod

530 4182 712 4237 diiiina
742 4191 929 4237 natura
961 4195 1260 4238 assumeret
1300 4186 1483 4253 spinas
1522 4194 1721 4239 nostrae
1757 4184 2121 4253 mortalitatis,

532 4274 627 4330 sed
659 4286 857 4344 tamen,
888 4274 1073 4330 eadem
1104 4276 1407 4331 humanitas
1452 4292 1559 4330 non
1589 4285 1706 4331 erat
1734 4278 2119 4341 consumenda,

535 4382 636 4421 nec
667 4367 954 4433 mutanda;
989 4368 1277 4438 aliquando
1306 4384 1403 4438 per
1456 4368 1629 4438 angeli
1691 4370 1954 4424 occultam
1994 4370 2124 4425 illu-

530 4456 879 4525 strationem,
932 4466 988 4512 ut
1017 4458 1143 4512 illud
1172 4474 1186 4513 :
1216 4458 1442 4528 Angelus
1482 4460 1567 4530 qui
1608 4458 1910 4524 loquebatur
1954 4462 2007 4514 in
2048 4478 2125 4516 me

533 4546 828 4620 (Zach.1v,
868 4549 921 4622 5)
948 4560 1050 4606 etc.
1098 4550 1293 4607 Decem
1324 4551 1497 4607 modis
1540 4552 1826 4623 laquuntur
1873 4556 2123 4612 homines

2228 3375 2394 3431 libros
2421 3376 2488 3432 de
2519 3375 2824 3431 Hairesibus
2854 3381 3168 3438 tractantes,
3202 3371 3338 3426 forte
3370 3371 3575 3424 librum
3603 3369 3676 3423 de
3706 3367 3815 3421 Hie-

2221 3460 2434 3524 resibus
2490 3471 2555 3524 ad
2611 3469 3041 3536 Quodvultdeum
3073 3508 3090 3534 ,
3158 3475 3213 3521 et
3297 3464 3497 3519 librum
3566 3462 3815 3517 adversm

2223 3563 2460 3630 quinque
2492 3562 2758 3615 Haereses.

2289 3652 2471 3711 Siquis
2494 3666 2635 3701 nosse
2662 3654 2798 3713 cupis
2824 3658 3061 3713 quantum
3087 3648 3337 3699 mendacia
3361 3645 3514 3695 vitam

2349 3714 2614 3763 Humanam
2640 3712 2818 3763 vitient
2838 3712 3149 3776 inﬁciantque
3177 3712 3315 3776 malis
3336 3725 3350 3771 ;

2284 3776 2468 3838 Dicere
2492 3784 2665 3826 cuncta
2690 3790 2841 3838 grave
2868 3785 2975 3837 est,
3003 3770 3165 3825 tamen
3190 3774 3311 3838 adsu
3338 3770 3456 3822 Viva
3476 3770 3725 3832 voluntas,

2350 3836 2439 3889 His
2467 3840 2653 3902 poteris
2676 3836 2890 3899 geminis
2915 3840 3181 3902 edidicisse
3202 3837 3359 3902 libris.

2286 3899 2551 3965 Decipinnt
2572 3904 2779 3951 miseros
2806 3902 2949 3948 variis
2976 3900 3253 3948 malesuada
3277 3899 3502 3965 “ﬁguris

2355 3961 2744 4025 Promittuntque
2770 3976 2945 4013 novum
2973 3975 3112 4024 posse
3136 3965 3284 4025 deum
3307 3961 3414 4025 ﬁeri
3436 3974 3454 4022 ;

2288 4027 2385 4078 Ant
2403 4026 2521 4077 alios
2540 4022 2679 4087 paulo
2703 4022 2991 4074 submissius
3015 4031 3122 4075 arte
3146 4022 3351 4072 nefanda

2351 4091 2633 4151 Deponunt,
2659 4088 2822 4137 formis
2846 4096 2898 4136 ut
2920 4094 3133 4151 careant
3143 4089 3375 4151 propriis.

2292 4153 2383 4203 Hic
2410 4147 2538 4201 celat
2561 4153 2749 4199 rahirm
2774 4151 2867 4198 sub
2890 4154 3031 4197 ovina
3059 4147 3186 4209 pell-
3213 4150 3430 4210 lupmam
3458 4186 3474 4209 ,

2354 4216 2444 4265 Ille
2470 4214 2595 4276 legit
2614 4222 2777 4261 sancta
2800 4211 3061 4276 calliditate
3082 4224 3268 4276 canem.

2291 4278 2391 4329 Iste
2418 4270 2562 4325 nimi's
2584 4276 2740 4333 justus
2756 4275 2953 4323 l'rendet
2986 4274 3129 4333 [Cod
3147 4273 3404 4334 frendens]
3418 4271 3621 4322 feritate
3646 4270 3814 4329 leonis

2356 4341 2443 4390 Hic
2467 4337 2661 4388 simulat
2682 4346 2922 4393 sanctum,
2950 4336 3155 4384 subdola
3174 4336 3437 4397 vulpicula.

2293 4403 2459 4452 Vitare
2485 4410 2534 4449 ut
2572 4404 2727 4462 possis
2763 4400 2996 4462 contagia
3017 4406 3156 4462 tanta
3172 4398 3408 4462 malorum
3436 4436 3449 4460 ,

2355 4466 2497 4514 Hunc
2518 4460 2634 4524 lege
2657 4462 2835 4512 devota
2860 4460 3126 4524 sedulitate
3151 4461 3346 4510 librum.

2290 4527 2409 4579 Nam
2433 4540 2471 4574 sn
2498 4523 2751 4588 netiuitius
2774 4524 2926 4572 fueris
2948 4523 3217 4588 depressus
3237 4524 3298 4572 ab
3323 4524 3429 4572 istis

2328 4561 2751 4641 fDivinaev‘rintrntis
2768 4598 2913 4647 quam
2944 4561 3072 4635 maio
3099 4561 3451 4648 imago-pelia

597 4690 621 4718 ⁸³
651 4690 853 4741 Videtur
878 4703 970 4742 vox
996 4691 1217 4754 quaedam
1238 4690 1438 4755 deesse,
1480 4693 1621 4743 verbi
1666 4696 1825 4756 gratia
1869 4693 2002 4747 dicta
2039 4704 2122 4750 aut
2153 4698 2311 4761 aliqua
2334 4694 2524 4745 similis.

540 4833 585 4851 ’ξ
591 4836 890 4851 ———-—l-r-—
623 4846 890 4851 HA

1465 4980 2063 5130 ORDO
2159 4981 2872 5128 RERUM

993 5230 1299 5357 QUIE
1378 5229 1514 5336 IN
1594 5228 1839 5332 HOC
1927 5227 2287 5344 ΤΟΜΟ
2364 5226 3356 5333 CONTINENTUB.

598 5520 775 5571 Notitia
800 5520 850 5567 in
870 5519 921 5568 S.
949 5518 1296 5573 Augustinum.

534 5616 539 5620 η
598 5580 937 5633 γΑιιιΟιιυΜ
981 5572 1526 5633 EXERCITATIONES
1573 5572 1635 5625 IN

1690 5573 1740 5624 S.
1785 5513 2133 5626 AUGUSTINQI

535 5644 765 5699 OPERA.
1886 5644 1889 5647 “

1100 5720 1149 5755 IN
1180 5716 1348 5755 τοκωί
1379 5717 1580 5751 PRIMUM.

602 5770 856 5822 Desiderii
901 5768 1088 5819 Erasmi
1130 5779 1337 5818 censura
1380 5767 1426 5813 in
1470 5765 1619 5814 libros
1640 5758 2136 5833 Retractationumet

545 5832 941 5886 Conlessionum.
1999 5825 2024 5873 I
2033 5824 2134 5886 bid.

603 5885 1067 5964 summam»
1083 5895 1131 5945 in
1154 5892 1307 5943 libros
1330 5888 1770 5941 Retracutionum.
2040 5885 2126 5935 20l

2303 5514 2764 5564 Animadversiones
2783 5516 2833 5563 in
2852 5515 3004 5564 libros
3023 5513 3404 5566 Confessionum.
3741 5505 3825 5559 ﬁt

2302 5576 2767 5627 Animadversiones
2788 5580 2835 5625 in
2863 5577 3013 5626 lituos
3024 5582 3192 5627 contra
3212 5575 3547 5626 Academicos.
3742 5570 3827 5620 218

2305 5638 2760 5697 Animadversiones
2783 5644 2831 5688 in
2853 5638 3033 5688 librum
3057 5639 3232 5689 deV’ita
3256 5640 3417 5688 beata.
3740 5633 3825 5697 219

2308 5696 2769 5751 Animadversiones
2792 5704 2840 5750 in
2866 5702 3015 5750 libros
3036 5702 3098 5750 de
3125 5703 3325 5749 Ordine.
3736 5696 3824 5744 220

2307 5760 2557 5826 Desiderii
2586 5762 2771 5815 Erasmi
2793 5776 2997 5812 censura
3026 5768 3074 5815 in
3099 5763 3477 5826 Soliloquiorum
3504 5761 3675 5811 libros.
3743 5758 3828 5826 ἓ

2308 5823 2356 5886 .I.
2385 5826 2660 5886 l'hct'eponi
2681 5826 3128 5876 animadversiones
3150 5830 3198 5875 in
3221 5819 3420 5873 eosdem
3447 5825 3611 5874 libros.
3742 5819 3829 5886 23$

2306 5882 2769 5939 Animadversioues
2788 5890 2837 5938 in
2858 5887 3035 5939 librum
3051 5890 3115 5940 de
3134 5888 3502 5938 lmmortalitate
3526 5888 3723 5937 anima.
3742 5882 3830 5936 ἳΞᾶ
