3882 6240
759 460 2728 641 SUPPLEMENTUM

1439 748 1600 833 AD
1675 740 2070 832 OPERA

67 1195 88 1216 .
261 989 504 1211 S.
624 980 1333 1210 ΑΗΒ.
1459 970 1717 1193 ΑΙ

1822 961 3243 1199 [GUSTINL

1266 1337 1789 1408 HIPPONENSIS
1828 1335 2210 1402 EPISCOPI.

1449 1515 2058 1543 ——-——h———

598 1705 1477 1817 NOTITIA
1597 1699 3002 1813 LITTERARI.A-

785 1920 853 1974 IN
885 1921 1059 1985 VITA,
1093 1919 1376 1973 SCRIPTIS
1409 1916 1491 1968 ΕΤ
1523 1915 1941 1969 EDITIONIBUS
1977 1915 2239 1970 OPERUM
2271 1916 2325 1968 S.
2359 1917 2726 1970 AUGUSTINI.

1185 2064 1605 2129 (Schaenemanni
1647 2059 1884 2112 Biblioth.
1931 2058 2112 2123 Lipsia
2157 2056 2348 2122 1794.)

631 2378 854 2437 CAPUT
892 2371 1183 2432 PRIMUM.

647 2494 760 2548 Vita
785 2492 846 2549 S.
878 2487 1174 2560 Augustini.

175 2639 340 2693 Natus
361 2644 446 2691 est
468 2633 746 2702 Tagastae,
768 2626 1007 2680 obscuro
1031 2619 1224 2675 Africze
1246 2614 1474 2686 oppido,
1504 2615 1559 2668 in
1589 2627 1705 2668 mo-

116 2733 415 2785 diterranea
443 2724 729 2778 Numidiae
758 2728 934 2783 parte,
969 2715 1107 2767 haud
1136 2711 1322 2778 procul
1356 2726 1384 2760 a
1433 2709 1704 2760 Madauris

117 2833 160 2876 et
213 2823 480 2888 Hippone
529 2811 712 2878 Regio
759 2811 896 2871 sito,
951 2805 1122 2860 idibus
1179 2801 1499 2858 Novembris
1564 2811 1706 2853 anno

116 2930 323 2973 cccuv.
377 2912 417 2964 i.
478 2923 532 2962 e.
586 2903 955 2957 trecentesimo
995 2898 1440 2970 quinquagesimo
1488 2903 1704 2964 quarto,

121 3006 426 3075 parentibus
471 2995 727 3052 honeStis
767 2995 834 3048 de
875 2992 1193 3057 Curialium,
1242 3007 1337 3046 seu
1381 3003 1575 3045 eorum
1614 2986 1706 3056 qui

121 3099 280 3153 munia
315 3091 558 3164 publica
609 3086 962 3156 procurabant
991 3085 1044 3139 in
1093 3083 1420 3151 municipiis,
1456 3093 1704 3144 numero,

123 3200 170 3243 ut
192 3189 352 3243 tradit
389 3179 710 3240 Possidius.
747 3179 902 3233 Pater
947 3186 1064 3232 erat
1112 3175 1398 3239 Patricius,
1446 3171 1708 3228 mediocri

127 3284 341 3343 fortuna,
377 3276 477 3332 sed
515 3272 738 3329 liberali
768 3281 822 3327 et
853 3284 1124 3342 propenso
1175 3271 1226 3324 in
1273 3283 1463 3324 omnes
1503 3268 1707 3335 animo,

128 3373 265 3426 simul
297 3382 483 3425 tamen
507 3361 809 3422 iracundus
833 3374 888 3420 et
906 3364 1085 3431 ferox,
1113 3372 1172 3417 ut
1203 3363 1376 3433 ipsum
1403 3360 1580 3431 pinxit
1603 3361 1713 3414 Au-

129 3464 488 3537 gustinus(a);
533 3455 710 3516 ﬁdem
733 3457 1093 3513 Christianam
1123 3456 1223 3510 sub
1264 3457 1424 3511 tinem
1462 3455 1585 3508 vitae
1617 3453 1714 3506 de-

132 3575 259 3612 mum
304 3557 640 3626 amplexus;
691 3560 864 3605 mater
903 3548 1129 3613 Monica,
1164 3547 1528 3602 clarissimum
1575 3544 1714 3596 inter

132 3651 450 3704 Christianos
477 3659 720 3707 nomen,
741 3658 859 3712 quae
883 3641 1090 3696 liberos
1117 3655 1247 3694 suos
1271 3639 1339 3693 ab
1373 3634 1716 3691 incunabulis

1730 2367 1787 2426 Α
1812 2357 2160 2428 eloquentiae.
2199 2371 2304 2428 qua
2331 2356 2447 2412 sola
2479 2366 2605 2412 tunc
2635 2357 2946 2438 hominibus
2983 2361 3248 2418 mediocri
3280 2363 3404 2420 loco

1812 2453 1956 2507 natis
1983 2451 2050 2504 ad
2079 2449 2308 2518 gloriam
2348 2460 2403 2507 et
2431 2465 2564 2521 opes
2607 2463 2700 2509 aut
2743 2454 2797 2510 in
2827 2455 2945 2511 foro
2978 2466 3072 2510 aut
3118 2456 3172 2512 in
3212 2459 3406 2514 acade-

1808 2545 1932 2599 miis
1955 2545 2365 2614 consequendas
2396 2547 2619 2615 patebat
2647 2548 2754 2614 via,
2789 2550 3029 2605 studium
3076 2551 3359 2606 excoleret
3387 2568 3402 2616 ;

1809 2650 1974 2705 quem
2001 2636 2054 2690 in
2079 2636 2268 2706 finem,
2303 2647 2360 2691 ut
2387 2638 2504 2706 ipse
2533 2649 2738 2705 narrat,
2769 2650 2925 2709 pater
2956 2643 3145 2711 gloriae
3177 2644 3409 2711 cupidus

1811 2726 1933 2789 plus
1966 2736 2302 2786 sumptuum,
2333 2742 2493 2788 quam
2535 2728 2853 2776 domesticae
2895 2740 3212 2792 paterentur
3241 2733 3409 2782 facul-

1813 2821 1976 2882 tates,
2010 2814 2060 2868 ei
2092 2812 2494 2883 suppeditabat.
2531 2813 2607 2866 lbi
2645 2824 2757 2869 tum
2789 2814 2980 2881 ﬁebat,
3029 2826 3108 2883 ut,
3143 2833 3264 2873 cum
3309 2820 3410 2875 ali-

1812 2907 2129 2976 quantisper
2154 2915 2208 2961 et
2231 2906 2384 2960 urbis
2411 2916 2466 2961 et
2488 2908 2925 2964 commilitonum
2950 2912 3220 2982 exemplis
3247 2913 3410 2982 pelle-

1813 3007 1933 3053 ctus
1965 3007 2018 3053 et
2040 3007 2232 3069 suapte
2263 3009 2453 3052 natura
2483 3000 2766 3068 proclivis,
2799 3016 2899 3056 nec
2927 3005 3208 3072 angustias
3239 3004 3412 3058 fortu-

1814 3106 2008 3145 narum
2033 3092 2300 3156 sentiens,
2328 3090 2668 3148 dissolutiori
2695 3094 2822 3148 vitae
2861 3108 2986 3149 sese
3011 3094 3273 3162 dedisset,
3315 3111 3412 3150 an-

1816 3201 1945 3240 num
1976 3186 2062 3240 vix
2093 3186 2366 3242 decimum
2399 3196 2651 3243 octavum
2685 3197 2844 3243 natus
2871 3189 3200 3246 Adeodatum
3242 3192 3412 3246 ﬁlium

1817 3292 1885 3332 ex
1909 3277 2216 3333 concubina
2238 3279 2564 3349 susciperet,
2588 3295 2751 3349 quem
2778 3296 3009 3350 puerum
3032 3282 3173 3354 frugi
3195 3293 3248 3339 et
3273 3284 3416 3338 acris

1819 3368 2021 3438 ingenii
2043 3385 2148 3424 non
2171 3370 2342 3424 semel
2365 3370 2421 3424 iu
2449 3370 2668 3438 scriptis
2689 3373 2803 3427 suis
2833 3373 3018 3426 laudat
3044 3383 3097 3427 et
3126 3374 3412 3428 immatura

1819 3468 1995 3515 morte
2019 3461 2070 3514 in
2096 3461 2214 3528 ipso
2236 3460 2620 3514 adolescentia:
2644 3460 2782 3515 flore
2806 3462 2908 3515 sibi
2939 3473 3184 3530 ereptum
3212 3463 3410 3517 doluit.

1822 3551 1928 3608 Sed
1961 3561 2250 3619 antequam
2275 3551 2324 3604 ei
2352 3550 2440 3604 hic
2466 3563 2600 3618 puer
2623 3560 2781 3604 natus
2806 3551 2974 3616 esset,
3008 3560 3163 3620 patre
3190 3553 3412 3607 orbatus

1820 3653 1924 3710 est,
1977 3657 2077 3698 nec
2122 3650 2301 3697 tamen
2353 3655 2602 3710 magnam
2653 3641 2782 3696 inde
2831 3641 3137 3695 studiorum
3190 3657 3411 3697 suorum

134 3743 299 3795 statim
327 3739 617 3810 religionis
646 3735 967 3790 Christianae
998 3749 1158 3787 sensu
1196 3740 1249 3786 et
1281 3745 1468 3787 amore
1500 3728 1710 3782 imbuit.
1746 3745 1794 3804 Β
1817 3740 2084 3808 μείω-ειη
2135 3735 2282 3801 fecit,
2334 3734 2601 3805 siquidem
2660 3745 2718 3789 et
2761 3742 2938 3790 mater
2983 3734 3414 3806 quibuscumque

136 3835 203 3890 De
236 3834 454 3888 infantia
501 3846 637 3892 sua,
680 3827 848 3895 prima
886 3825 1228 3889 educatione,
1273 3831 1328 3877 et
1377 3819 1718 3875 institutione

134 3927 312 3982 deinde
336 3926 564 3997 puerilis
590 3921 772 3974 aetatis
801 3919 917 3987 ipse
943 3918 1093 3986 plura
1120 3915 1305 3969 retulit
1325 3915 1378 3968 in
1406 3909 1717 3967 Confessio-

135 4019 305 4080 nibus,
334 4034 496 4087 quam
525 4014 600 4070 ad
634 4011 910 4080 sequentia
941 4011 1066 4064 vita
1098 4009 1217 4076 eius
1246 4016 1360 4060 acta
1396 4001 1718 4057 illustranda

133 4126 260 4178 opus
297 4120 411 4165 erat
449 4119 504 4164 et
535 4103 908 4163 conducibile.
939 4100 1200 4154 Vividum
1231 4095 1331 4149 fuit
1383 4093 1588 4148 scilicet
1630 4099 1721 4146 aut

135 4202 391 4258 fervidum
409 4203 598 4269 potius
631 4197 778 4264 pueri
807 4204 860 4248 et
883 4189 1250 4247 adolescentis
1274 4183 1571 4256 ingenium,
1598 4199 1722 4253 par-

135 4296 222 4345 tim
257 4310 284 4344 a
328 4292 590 4357 sanguine
635 4287 896 4355 parentis,
940 4283 1134 4352 partim
1179 4279 1303 4335 coeli
1355 4287 1564 4333 natura.
1601 4276 1718 4331 Jam

137 4395 280 4451 pater
305 4383 507 4436 liberos
537 4393 697 4442 suos,
735 4386 792 4431 ut
821 4393 886 4431 ex
920 4374 1083 4427 variis
1124 4373 1322 4439 elucet,
1358 4386 1476 4441 quat
1519 4382 1722 4423 memo-

137 4476 218 4528 riae
242 4475 307 4528 de
338 4491 401 4529 eo
425 4471 775 4543 Augustinus
799 4467 1058 4537 prodidit,
1092 4463 1405 4518 medullitus
1428 4464 1641 4517 amabat
1669 4471 1724 4517 et

137 4566 178 4619 in
209 4567 324 4620 sinu
369 4565 661 4635 gaudebat
683 4561 752 4614 de
792 4559 1224 4630 quibuscumque
1253 4565 1347 4610 aut
1395 4556 1600 4624 ingenii
1630 4561 1722 4607 aut

136 4659 361 4728 corporis
383 4673 521 4728 quas
545 4661 882 4711 exsererent
899 4651 1136 4716 viribus;
1167 4659 1339 4704 mater
1364 4648 1448 4717 pia
1470 4663 1597 4701 sane
1627 4661 1724 4701 nec

138 4748 296 4802 minus
336 4748 604 4817 prudens,
659 4742 948 4812 plurimum
980 4750 1162 4795 tamen
1194 4739 1417 4795 indulsit
1460 4736 1720 4808 appetitui

137 4839 247 4905 filii,
277 4842 387 4908 qui,
413 4841 458 4894 si
487 4842 733 4895 strenue
759 4834 966 4890 litteras
994 4833 1248 4900 disceret,
1274 4834 1405 4887 satis
1429 4831 1565 4886 bene
1590 4829 1726 4884 edu-

134 4931 234 4985 cari
271 4933 572 4987 videbatur.
612 4928 758 4983 Hinc
796 4927 1002 4983 semina
1035 4927 1333 4996 ingentium
1366 4925 1618 4979 vitiorum
1651 4923 1726 4978 si-

137 5025 230 5076 mul
269 5041 388 5077 cum
418 5035 589 5079 aetate
625 5030 1032 5075 maturescente
1072 5027 1481 5086 succreverant,
1517 5033 1633 5088 quae
1677 5017 1722 5072 si

1825 3836 2012 3898 posset
2044 3826 2219 3882 modis
2261 3826 2570 3882 necessaria
2593 3825 2644 3882 ei
2675 3828 2974 3896 prospexit,
3010 3836 3065 3880 et
3090 3826 3412 3883 Romaniani

1823 3911 2125 3992 cujusdam,
2158 3935 2321 3992 quem
2347 3921 2555 3976 idcirco
2590 3920 2754 3976 enixe
2796 3919 3079 3990 przedicat,
3114 3921 3416 3978 liberalitas

1823 4015 2026 4082 effecit,
2054 4029 2122 4070 ne
2142 4014 2192 4069 ei
2221 4014 2517 4084 quidquam
2544 4030 2650 4068 non
2689 4015 2866 4069 solum
2897 4013 2964 4068 ad
2998 4015 3407 4085 necessitatem,

1823 4109 1918 4165 sed
1961 4117 2016 4164 et
2047 4107 2443 4177 iucunditatem
2476 4107 2600 4162 vitae
2626 4105 2859 4162 deesset.
2895 4106 3051 4160 Circa
3099 4107 3150 4160 id
3199 4115 3412 4178 tempus

1825 4201 2018 4269 agebat
2057 4214 2187 4255 vero
2226 4199 2404 4252 aetatis
2447 4213 2646 4252 annum
2687 4196 3176 4266 undevigesimum,
3221 4199 3286 4252 ad
3326 4215 3413 4254 sa-

1825 4290 2044 4360 pientia:
2087 4304 2183 4344 seu
2220 4285 2580 4359 philosophiae
2624 4287 2992 4358 cognitionem
3027 4303 3086 4341 se
3125 4288 3408 4357 applicuit,

1828 4383 2084 4438 incitatus
2113 4381 2293 4436 subito
2320 4381 2461 4436 libro
2486 4378 2792 4449 Ciceronis,
2817 4381 2905 4450 qui
2941 4380 3258 4436 Hortensius
3297 4390 3416 4435 erat

1826 4474 2123 4542 inscriptus
2153 4479 2210 4526 et
2240 4473 2307 4525 ad
2337 4472 2660 4542 sapientiam
2693 4472 3126 4541 amplectendam
3156 4473 3412 4526 hortaba-

1828 4574 1946 4630 tur;
1979 4579 2098 4635 qute
2136 4563 2391 4634 cogitatio
2434 4564 2514 4619 sic
2545 4572 2715 4619 totum
2758 4578 2883 4618 eum
2915 4564 3061 4632 cepit
3091 4570 3144 4616 et
3179 4561 3246 4615 ad
3275 4571 3416 4615 tem-

1826 4673 1928 4729 pus
1956 4657 2145 4724 tenuit,
2180 4665 2258 4722 ut,
2283 4656 2535 4726 sepositis
2557 4655 2836 4725 extemplo
2864 4652 3114 4708 oratoriis
3141 4653 3415 4708 exercita-

1829 4749 2091 4816 tionibus,
2108 4762 2298 4803 omnes
2312 4760 2438 4816 spes
2459 4748 2729 4801 rationum
2748 4758 2991 4809 suarum,
3015 4756 3136 4810 quae
3162 4757 3270 4798 non
3295 4761 3418 4801 cum

1829 4839 1920 4894 illa
1949 4840 2206 4911 conjungi
2237 4853 2418 4908 posse,
2451 4845 2508 4892 et
2537 4853 2604 4892 ex
2628 4851 2692 4900 ea
2715 4833 2869 4904 quasi
2900 4833 3050 4887 nasci
3074 4835 3411 4905 viderentur,

1830 4931 2092 5002 abjiceret
2139 4940 2194 4986 et
2220 4929 2521 4993 fastidiret;
2562 4925 2779 4981 tametsi
2811 4923 3275 4984 deliberabundus
3325 4934 3414 4986 ad-

1832 5025 1938 5081 huc
1960 5025 2111 5081 velut
2138 5026 2278 5078 inter
2298 5021 2569 5074 anfractus
2590 5029 2644 5074 et
2667 5019 2987 5091 confragosa
3012 5022 3265 5091 haereret,
3293 5041 3423 5093 qua-

136 5130 228 5169 non
253 5116 430 5187 ipsum
459 5116 697 5188 penitus
725 5113 1106 5181 perdidissent,
1132 5113 1458 5167 videbantur
1483 5119 1662 5165 tamen
1694 5126 1725 5165 ει
1752 5125 1799 5188 c
1833 5118 1900 5173 lis
1931 5118 2013 5172 via
2035 5116 2138 5171 sibi
2163 5109 2514 5184 ingredienda
2543 5119 2707 5168 esset.
2739 5112 2814 5167 Ex
2844 5129 2949 5167 uua
2977 5125 3126 5182 parte
3156 5117 3424 5172 interime

138 5207 226 5263 ﬁde
249 5213 555 5266 chri5tiana
587 5206 915 5262 abstrahere
937 5215 989 5260 et
1020 5205 1177 5276 plane
1207 5204 1436 5262 reddere
1466 5205 1723 5259 alienum.

139 5296 411 5372 Postquam
442 5297 742 5357 Madauris
770 5295 1103 5366 aliquamdiu
1126 5295 1333 5350 Latinis
1356 5295 1622 5365 imprimis
1641 5294 1730 5348 Iit-

139 5393 249 5444 teris
266 5390 624 5447 etoratoria:
659 5387 792 5441 artis
819 5385 1103 5442 elementis
1127 5396 1394 5453 vacasset,
1428 5402 1551 5441 nam
1580 5385 1731 5441 Gne-

139 5491 300 5538 carum
334 5485 666 5540 litterarum
697 5486 808 5532 tum
847 5493 973 5534 eum
1018 5477 1249 5535 taedebat
1280 5488 1334 5534 et
1375 5487 1555 5549 postea
1588 5494 1726 5534 non-

137 5575 223 5631 nisi
249 5578 458 5635 leviter
487 5589 599 5632 eas
635 5571 853 5643 attigit;
885 5572 1266 5643 Carthaginem
1303 5575 1502 5631 missus
1533 5583 1636 5646 est,
1670 5581 1729 5628 ut

179 5732 265 5809 (α)
285 5735 451 5799 Conf.
486 5736 530 5792 ι.
559 5746 654 5797 ιι.
683 5746 740 5785 n.
769 5731 802 5788 9
826 5742 878 5789 et
907 5734 993 5791 19.

542 5827 828 5888 Parnm.
880 5825 1104 5891 XLVII

1832 5210 2062 5282 quadam
2111 5205 2311 5260 mentis
2352 5203 2667 5273 agitatione,
2705 5219 2866 5276 quam
2907 5206 3185 5277 religionis
3224 5208 3423 5276 aliquis

1835 5315 2028 5356 sensus
2060 5314 2123 5354 ex
2157 5297 2332 5368 prima
2362 5296 2603 5366 pueritiae
2633 5298 2984 5367 perceptione
3009 5300 3261 5354 residuus
3298 5299 3420 5350 teti-

1836 5393 1909 5463 git
1936 5399 1991 5446 et
2028 5390 2180 5462 quasi
2209 5387 2432 5452 afﬂavit,
2460 5387 2525 5442 ad
2559 5388 2920 5443 Christianam
2949 5389 3250 5442 doctrinam
3279 5385 3422 5443 fere-

1836 5483 2017 5549 batur,
2049 5499 2117 5542 ex
2140 5486 2310 5540 altera
2346 5494 2498 5554 parte
2537 5482 2703 5536 van’aa
2733 5497 2795 5536 ac
2824 5479 3144 5548 multiplices
3175 5492 3418 5536 veterum

1834 5575 2145 5634 Graecorum
2196 5588 2250 5636 et
2279 5578 2642 5634 Romanorum
2687 5573 3007 5644 sapientium
3053 5574 3256 5633 scholae
3293 5589 3419 5632 eum

3135 5825 3174 5888 ι
