3882 6314
454 337 523 400 ιι
1312 308 1873 378 SUPPLEMENTUM
1912 306 2005 363 AD
2040 302 2273 361 OPERA
2312 301 2371 359 S.
2413 299 2809 361 AUGUSTINI.
3620 304 3684 361 η

458 438 781 510 invitabant.
808 440 917 499 Sed
944 451 1065 496 cum
1093 433 1258 492 semel
1286 432 1428 487 inter
1453 429 1569 483 haec
1595 426 1903 495 Scripturas
1940 435 2029 475 sa-
2055 419 2111 479 Α
2132 417 2456 487 Symmacho
2492 418 2794 488 petiissent,
2827 424 2885 471 ut
2908 416 3011 471 sibi
3056 415 3340 472 rhetorica:
3381 416 3686 487 magistrum

418 544 425 623 ξ
462 554 581 597 cras
607 540 787 607 legere
809 532 1085 602 coepisset,
1107 534 1314 581 tantum
1340 521 1519 577 subito
1543 534 1664 573 eum
1691 516 1833 585 cepit
1860 510 2034 567 humi-
2135 506 2466 578 provideret,
2502 510 2834 578 Augustinus
2879 507 3016 561 hanc
3036 507 3367 575 provinciam
3398 508 3614 563 ambivit
3640 517 3689 567 et

963 621 992 623 η
1203 618 1215 623 -
1292 614 1305 623 .
1372 612 1415 623 .-
1456 611 1510 623 .ιο
1737 606 2029 623 ιοηηρ.-.-...
2145 601 2370 623 ηυξ---
2400 603 2672 623 ....,...--ι.-
2705 600 2958 623 ..-ΑΙ--..ιη
2993 598 3344 623 ιι...]ι,.ι........ν.
3379 599 3441 623 ..ιι
3484 576 3542 623 ,ιζ
3575 601 3667 623 με-

463 632 528 687 lis
575 598 761 684 earum
808 598 1047 687 et.vilis,
1092 628 1149 672 ut
1179 614 1326 692 ipsi,
1372 611 1675 666 Tullianam
1721 606 2035 676 dignitatem
2138 601 2373 658 dictione
2400 603 2678 671 proposita
2705 600 2963 669 probatus
2993 598 3347 653 Mediolanum
3378 599 3444 653 ab
3480 613 3544 655 eo
3572 601 3694 654 mis-

466 719 715 792 spiranti,
744 713 1047 774 videbatur,
1086 690 1338 762 dictionis
1382 700 1623 763 taedium,
1647 705 1705 751 ut
1734 710 1841 748 non
1872 690 2039 759 magis
2141 707 2234 749 sus
2260 701 2343 748 est
2367 706 2508 747 anno
2543 692 2760 747 circiter
2782 690 2905 746 584.
2972 717 2977 723 ~

469 781 772 867 declinasse
800 818 957 873 quam
984 798 1245 868 refugisse
1270 795 1409 848 hanc
1438 791 1684 846 semitam
1712 784 1819 839 dici
1846 781 2037 853 possit.
2072 846 2075 849 Α

469 899 712 958 Tradidit
741 909 870 965 ergo
901 907 959 948 se
1005 890 1208 953 alteris,
1260 900 1367 941 non
1398 892 1575 937 tamen
1609 875 1848 949 magistri
1876 873 2043 928 alicu-

2213 784 2464 849 llicvero
2494 785 2641 838 locus
2672 783 2794 849 fuit,
2826 782 2968 838 unde
2999 781 3167 839 totius
3188 783 3311 837 vitae
3332 783 3449 851 ejus
3485 795 3700 836 conver-

2146 877 2228 932 sio
2257 885 2312 930 et
2357 875 2708 930 commulatio
2740 875 3006 944 originem
3046 874 3221 928 duxit.
3255 872 3385 927 Nam
3427 887 3546 927 cum
3590 872 3702 925 Am-

471 995 557 1063 jus
592 962 913 1045 institutioni
952 979 1255 1043 conﬁdens,
1294 974 1389 1030 sed
1430 979 1620 1040 suopte
1655 966 1853 1022 studio.
1888 962 2046 1018 Arri—
2147 968 2318 1022 brosii
2362 967 2514 1022 urbis
2556 966 2701 1021 illius
2743 965 2981 1035 episcopi
3031 978 3330 1032 sermones,
3380 978 3513 1032 quos
3566 962 3706 1016 ειειῑς

472 1054 590 1153 puit
628 1078 864 1149 primum
896 1069 1201 1128 Aristotelis
1225 1061 1560 1132 Catcgorias,
1595 1072 1730 1128 quas
1760 1073 1791 1110 a
1819 1054 2041 1111 rhetore

475 1142 886 1240 harthaginensi
940 1162 1199 1231 magistro
1246 1170 1344 1212 suo
1401 1151 1627 1208 miriﬁce
1685 1142 2048 1204 commendari

2150 1058 2342 1114 diebus
2372 1058 2437 1112 ad
2463 1058 2719 1129 populum
2759 1057 2963 1112 habere
2987 1056 3216 1124 solebat,
3248 1055 3391 1110 nulla
3417 1053 3628 1123 quidem
3650 1052 3710 1106 ab

2156 1150 2310 1205 initio
2352 1150 2461 1204 alia
2502 1149 2570 1205 de
2611 1162 2794 1216 causa,
2825 1162 2987 1219 quam
3029 1148 3098 1203 ob
3138 1148 3341 1218 eloquii
3383 1145 3711 1207 suavitatem,

476 1263 745 1326 audierat,
768 1268 971 1325 easque
998 1251 1147 1307 solus
1173 1262 1282 1303 ιιοιι
1317 1242 1669 1313 8010111188“,
1694 1239 1789 1297 sed
1815 1236 2055 1309 percepit
2153 1240 2571 1309 frequentasset,
2600 1240 2799 1295 sensim
2834 1254 2959 1295 cum
2984 1238 3162 1295 verbis
3203 1252 3293 1293 res
3324 1238 3457 1307 ipsae
3491 1234 3713 1289 animum

478 1357 662 1417 etiam,
705 1358 765 1403 ut
810 1363 879 1402 ex
924 1341 1268 1399 sermonibus
1306 1352 1429 1393 cum
1475 1336 1563 1401 iis,
1610 1334 1701 1405 qui
1748 1332 1969 1388 easdem
1999 1329 2055 1383 in
2157 1333 2275 1403 ejus
2302 1339 2675 1402 penetrarunt,
2706 1337 2763 1387 et
2791 1329 3022 1401 primum
3063 1329 3284 1400 quidem
3314 1325 3717 1383 Manichaeorum

481 1445 664 1502 schola
695 1456 816 1497 cum
849 1452 1004 1505 voce,
1038 1444 1151 1490 tum
1182 1433 1365 1503 ﬁguris
1387 1431 1441 1485 in
1469 1428 1690 1499 pulvere
1716 1423 1943 1495 depictis
1977 1420 2059 1476 di-

2159 1426 2433 1495 dogmata,
2456 1439 2575 1494 qua:
2604 1423 2697 1478 diu
2722 1423 2955 1495 {quidem
2982 1422 3102 1477 falsi
3139 1420 3465 1477 convincere
3489 1417 3716 1485 Optabat,

485 1540 751 1601 diccrant,
782 1530 1042 1587 institutis
1079 1536 1331 1597 expertus
1358 1533 1461 1579 est.
1486 1522 1569 1577 Ab
1593 1535 1659 1575 eo
1694 1527 1939 1587 tempore
1966 1528 2062 1585 pa-
2160 1525 2594 1583 concusserunt;
2622 1529 2747 1571 mox
2775 1515 2867 1570 ubi
2894 1515 3013 1583 ipse
3055 1513 3273 1569 tandem
3302 1508 3555 1568 omnibus
3579 1507 3723 1574 inge-

484 1633 618 1685 riter
650 1639 837 1682 omnes
864 1621 1168 1678 liberalium
1210 1618 1406 1674 artium
1438 1615 1604 1670 libros
1642 1627 1739 1683 per
1777 1625 1838 1667 se
1886 1610 2061 1678 ipsum
2163 1609 2238 1663 nii
2266 1607 2538 1677 animique
2559 1608 2764 1661 viribus
2801 1605 2973 1662 obniti
2999 1606 3281 1674 coepisset,
3309 1601 3549 1657 funditus
3574 1611 3723 1653 ever-

487 1722 638 1790 lcgit,
681 1727 735 1772 et
784 1712 1053 1769 intellexit
1095 1721 1466 1781 quoscumque
1510 1705 1693 1775 legere
1737 1707 1968 1772 poterat,
2008 1704 2063 1752 et
2088 1732 2136 1790 _-
2166 1707 2367 1754 terunt.
2402 1699 2524 1754 Fuit
2551 1698 2653 1753 sub
2675 1705 2953 1753 recentem
2979 1695 3120 1752 hanc
3148 1692 3219 1751 de
3244 1692 3436 1750 haeresi
3462 1704 3558 1746 sua
3584 1689 3728 1742 inve-

485 1777 741 1881 ρυῖἀέιυίά
758 1806 825 1861 de
852 1813 969 1859 me
996 1777 1253 1871 ιοίίιίθηάί
1276 1806 1331 1854 ει
1356 1794 1680 1859 disserendi.
1710 1789 1971 1863 (ιιιίἀίιιιὶά
1988 1789 2060 1881 γάρ
2078 1777 2140 1838 Β
2167 1800 2346 1849 terata
2381 1792 2680 1858 victoriam,
2721 1805 2843 1846 cum
2874 1795 3053 1845 mater
3081 1788 3221 1859 ejus,
3247 1801 3367 1859 quae
3393 1799 3423 1839 a
3449 1782 3620 1854 prima
3640 1778 3729 1833 ﬁlii

494 1880 924 1956 dimensionibus
946 1893 1237 1967 ﬁgurarum
1254 1898 1306 1945 et
1323 1887 1391 1944 de
1408 1885 1625 1942 musicis
1643 1892 1699 1939 et
1709 1883 1775 1939 de
1793 1880 2055 1947 numeris,

496 1992 614 2047 sine
644 2000 837 2057 magna
864 1982 1179 2039 difﬁcultate
1211 1988 1269 2035 et
1304 1978 1453 2033 nullo
1483 1976 1762 2031 hominum
1796 1971 2065 2027 tradente.

493 2090 595 2144 Per
622 2088 762 2140 hanc
791 2085 963 2153 ipsam
995 2076 1064 2135 de
1108 2075 1373 2147 sapientia
1403 2070 1781 2143 consequenda
1809 2067 2070 2123 sollicitu-

493 2180 673 2233 dinem
722 2173 911 2230 incidit
963 2172 1016 2226 in
1076 2166 1433 2232 Manichaeos,
1490 2176 1625 2233 quos
1682 2169 1901 2231 postea,
1948 2171 2072 2212 cum

497 2271 664 2341 probe
694 2268 813 2321 illos
840 2261 1201 2341 cognovisset,
1229 2267 1356 2328 apte
1384 2263 1544 2311 vocat
1581 2248 1829 2311 homines
1858 2251 2074 2321 superbe

498 2338 796 2420 delirantes,
845 2338 1081 2407 carnales
1131 2358 1181 2402 ct
1225 2348 1487 2416 loquaces.
1535 2342 1670 2397 Nam
1722 2355 1841 2396 cum
1889 2338 2076 2393 nescio

500 2460 657 2517 quam
701 2441 1035 2500 reconditam
1076 2446 1132 2493 et
1169 2427 1922 2491 abstrusam'assecttaﬂbus
1965 2428 2077 2481 suis

499 2534 772 2594 initiandis
818 2531 1205 2603 pollicerentur
1248 2522 1567 2595 sapientiam
1600 2537 1614 2573 :
1647 2531 1814 2586 nugas
1862 2526 1916 2572 et
1942 2528 2079 2569 vana

486 2629 748 2685 acumina
785 2623 1157 2687 venditabant,
1197 2626 1254 2675 et
1276 2614 1627 2674 sobrietatem
1667 2615 2081 2677 castitatemque

484 2718 557 2781 iu
589 2738 683 2779 ore
708 2726 958 2792 gerentes
995 2717 1149 2772 vitam
1180 2712 1327 2769 omni
1368 2706 1731 2778 nequitiarum
1756 2714 1814 2759 et
1842 2700 2080 2770 turpitu-

502 2814 641 2871 dinis
683 2789 881 2882 genere
924 2796 1413 2862 cummaculabaut.
1442 2796 1574 2861 Quae
1613 2804 1939 2861 quamquam
1975 2789 2086 2841 Au-

504 2902 707 2977 gustini
738 2895 1111 2969 perspicacem
1156 2891 1399 2943 animum
1429 2883 1615 2949 fugere
1655 2893 1765 2932 non
1809 2884 2083 2945 poterant,

505 2969 615 3055 non
642 2990 908 3062 impedire
947 2993 1129 3040 tamen
1184 2980 1496 3049 potuerunt,
1530 2969 1819 3042 quominus
1847 2982 1945 3037 per
1988 2978 2087 3019 no-

505 3101 627 3144 vcm
653 3060 894 3152 integros
920 3086 1135 3139 annos,
1156 3066 1364 3139 ingenti
1391 3064 1584 3121 matris
1620 3060 1831 3127 dolore,
1877 3070 1972 3113 eos
2000 3069 2089 3110 se-

514 3123 627 3144 ιυ...
805 3123 894 3134 η-
921 3123 1114 3139 __-_-_,
1158 3123 1185 3126 ,,
1216 3123 1247 3139 υ
1815 3123 1825 3127 ν

506 3123 800 3252 (ιιιθινθιιιὲ⁵
837 3170 1016 3247 Quare
1060 3162 1204 3235 quod
1246 3161 1423 3231 ipsum
1466 3158 1523 3212 in
1557 3147 1850 3212 consortio
1897 3162 2085 3206 eorum
2112 3123 2162 3189 δ

508 3248 763 3335 retinuit,
793 3262 930 3322 nihil
959 3272 1098 3332 pene
1135 3253 1286 3311 aliud
1311 3251 1481 3308 fuisse
1505 3248 1741 3313 videtur,
1775 3257 1937 3314 quam
1966 3255 2092 3311 spes

514 3330 780 3434 jucunda,
810 3330 1059 3420 fore,'ut,
1115 3345 1383 3417 superatis
1432 3338 1693 3397 auditoris
1737 3335 1967 3403 aliisque
2010 3330 2093 3386 di-

517 3426 783 3511 scentium
821 3441 1241 3510 docentiumque
1274 3435 1554 3508 gradibus,
1587 3430 1655 3485 ad
1684 3426 1941 3499 mysteria
1970 3432 2094 3479 tan-

514 3549 639 3603 dem
690 3545 1021 3615 penetraret.
1074 3532 1268 3590 Docuit
1313 3529 1521 3585 interea
1556 3521 1823 3594 temporis
1865 3518 2095 3590 primum

515 3608 787 3709 Tagastae,
821 3646 930 3703 quo
957 3629 1024 3683 ad
1053 3638 1266 3696 tempus
1303 3636 1361 3677 se
1407 3618 1738 3687 contulerat,
1780 3608 2097 3683 grammati-

517 3698 657 3793 cam,
691 3734 747 3780 et
775 3698 1074 3792 postquam
1118 3715 1246 3769 inde
1274 3710 1663 3778 Carthaginem
1707 3704 1980 3766 rediisset,
2024 3698 2097 3754 ibi

520 3815 849 3876 rhetoricam
876 3808 1154 3879 professus
1179 3812 1282 3860 est.
1312 3801 1673 3870 Scripsittum
1696 3808 1934 3864 quoque,
1957 3803 2101 3845 anno

529 3906 707 3964 aetatis
744 3900 1005 3957 vicesimo
1052 3902 1208 3951 sexto
1256 3900 1350 3946 aut
1392 3891 1646 3960 septimo,
1690 3885 1893 3954 primos
1933 3881 2102 3936 libros

530 4012 664 4055 suos
686 3997 749 4049 de
776 3992 911 4063 Apto
940 3999 989 4045 et
1011 3986 1264 4046 Pulchro,
1289 3983 1382 4038 sed
1405 3982 1494 4052 qui
1516 3981 1626 4050 jam
1657 3986 1791 4043 tum,
1816 3991 1938 4031 cum
1963 3972 2108 4030 Con»

528 4088 798 4144 iessiones
822 4083 1108 4147 scriberet,
1128 4076 1537 4133 interciderent.
1565 4070 1711 4126 Inter
1738 4069 1856 4123 haec
1882 4067 2098 4135 accidit,

530 4189 589 4234 ut
630 4176 790 4234 amici
843 4174 1061 4246 quidam
1111 4170 1250 4239 ejus,
1305 4167 1397 4235 qui
1446 4165 1674 4219 Romam
1723 4159 2104 4233 proﬁciscendi

527 4270 814 4328 consilium
844 4269 1120 4335 ceperant,
1153 4259 1258 4328 ipsi
1287 4271 1521 4327 quoque,
1551 4253 1858 4310 ethonoris
1882 4251 2106 4321 majoris

526 4375 583 4421 ct
602 4359 884 4432 amplioris
904 4351 1255 4411 emolumenti
1286 4350 1342 4404 in
1371 4364 1434 4404 ea
1460 4348 1620 4415 urbe,
1651 4362 1771 4418 qua:
1798 4347 2103 4401 litterarum

2168 1885 2225 1940 in
2264 1882 2473 1938 Italiam
2518 1883 2960 1938 transfretatione
3000 1879 3272 1936 consolari
3311 1891 3418 1932 non
3453 1874 3731 1945 potuisset,

2169 1976 2529 2044 Mediolanum
2559 1974 2875 2040 accederet;
2908 1962 3079 2044 quam.
3111 1970 3344 2027 miriﬁca
3371 1967 3440 2024 de
3484 1978 3627 2020 novo
3655 1975 3737 2016 re—

2172 2083 2292 2124 rum
2339 2074 2479 2122 statu
2511 2066 2695 2121 laetitia
2735 2066 2899 2135 cepit.
2931 2064 3039 2121 Sed
3067 2063 3171 2120 etsi
3212 2062 3360 2117 illam
3400 2056 3613 2129 quidem
3638 2053 3740 2106 hae-

2173 2160 2318 2215 resin
2347 2160 2583 2215 exuisset
2612 2168 2666 2214 et
2698 2158 2982 2214 catholicae
3014 2157 3141 2213 ﬁdei
3180 2155 3428 2213 redditus
3446 2148 3737 2210 videretur,

2136 2258 2147 2265 '
2175 2251 2420 2305 incertus
2446 2258 2650 2315 tamen,
2679 2264 2840 2319 quem
2869 2251 2993 2304 vitae
3023 2258 3078 2304 et
3113 2247 3416 2303 studiorum
3444 2253 3662 2298 cursum
3693 2235 3744 2289 in

2176 2349 2455 2412 posterum
2485 2349 2716 2407 teneret,
2762 2341 3047 2397 dubiorum
3076 2340 3277 2397 aculeis
3304 2346 3360 2394 et
3396 2333 3743 2391 consiliorum

2179 2434 2348 2489 celeri
2379 2434 2728 2490 fluctuatione
2758 2438 2984 2491 vexatus
3012 2450 3075 2489 ac
3099 2434 3331 2504 jactatus
3369 2439 3475 2487 est.
3506 2425 3748 2483 Animum

2182 2526 2345 2581 modo
2384 2526 2531 2594 huic,
2569 2526 2731 2581 modo
2774 2527 2849 2583 illi
2881 2526 3097 2596 adjicit;
3130 2514 3252 2596 quae
3280 2523 3443 2579 modo
3483 2517 3747 2589 coepisset.

2180 2617 2365 2674 medio
2393 2632 2557 2688 opere
2596 2632 2783 2673 rursus
2809 2617 3013 2673 dimisit
3034 2625 3091 2673 et
3126 2618 3180 2672 in
3226 2614 3350 2670 aliis
3381 2612 3527 2665 viam
3564 2606 3650 2662 vix
3677 2603 3756 2656 in-

2182 2724 2401 2776 gressus
2429 2708 2689 2764 substitit.
2714 2710 2841 2765 Erat
2860 2724 2990 2765 vero
3017 2709 3197 2763 nullus
3226 2716 3341 2759 tum
3369 2717 3480 2754 non
3511 2698 3681 2752 solum
3704 2691 3753 2745 in
3842 2698 3843 2747 l

2186 2796 2349 2852 rebus
2371 2796 2504 2864 suis,
2533 2795 2627 2851 sed
2646 2804 2701 2852 et
2727 2797 2781 2850 in
2802 2795 2998 2852 alie’nis
3023 2809 3186 2851 casus
3204 2802 3313 2848 tam
3340 2787 3611 2849 fortuitus,
3630 2781 3758 2851 quin

2188 2902 2327 2942 nova
2372 2888 2547 2955 aliqua
2592 2888 2963 2941 sollicitudine
3008 2890 3247 2940 animum
3304 2886 3422 2952 ejus
3464 2880 3760 2937 maceraret
3828 2945 3831 2947 ί

2188 2984 2285 3030 aut
2325 2989 2464 3031 novo
2512 2976 2693 3045 aliquo
2721 2975 3003 3044 proposito
3042 2974 3388 3030 accenderet.
3435 2970 3551 3024 Non
3580 2977 3758 3037 parum

2190 3067 2355 3121 etiam
2385 3066 2519 3122 aluit
2546 3074 2602 3121 et
2628 3065 2777 3120 auxit
2807 3065 2945 3120 hanc
2971 3064 3138 3119 animi
3172 3062 3593 3119 concitationem
3622 3068 3677 3112 et
3701 3069 3760 3110 es

2193 3155 2397 3213 crebro
2435 3169 2692 3212 sensuum
2722 3155 2958 3225 impulsu
3002 3162 3062 3211 et
3107 3152 3398 3210 aﬂ‘ectuum
3428 3143 3760 3206 vehementia

2192 3248 2540 3304 conflictuum
2572 3246 2974 3302 Platonicorum
2998 3244 3188 3311 lectio,
3206 3244 3292 3301 cui
3320 3241 3615 3314 plurimum
3645 3248 3761 3291 tem-

2193 3354 2295 3411 pus
2323 3337 2612 3393 tribuebat.
2644 3335 2865 3392 Addidit
2910 3336 2996 3392 his
3037 3334 3189 3391 Pauli
3231 3333 3512 3406 epistolas,
3544 3338 3758 3400 quarum

2196 3428 2482 3485 obscurior
2504 3442 2695 3485 sensus
2732 3443 2856 3483 cum
2885 3427 3148 3499 gravitate
3167 3426 3493 3497 coniunctus
3522 3420 3678 3475 facile
3698 3416 3764 3470 ine
3842 3472 3843 3481 χ

2199 3520 2371 3590 telligi
2413 3528 2614 3591 potest,
2660 3529 2992 3591 quantopere
3015 3520 3254 3575 animum
3309 3519 3455 3574 inter
3497 3519 3673 3570 metus
3716 3513 3766 3562 et

2200 3620 2439 3668 terrores
2481 3612 2764 3684 omnisque
2800 3613 3022 3683 generis
3054 3613 3430 3683 phantasmata
3458 3613 3764 3677 suspensum

2202 3704 2499 3773 percellere
2520 3703 2787 3759 debuerit.
2811 3704 2907 3758 liis
2933 3704 3267 3761 accedebant
3292 3700 3617 3775 quotidiana:
3644 3708 3768 3749 con-

2203 3772 2566 3851 fabulationes
2603 3810 2725 3850 cum
2763 3794 2954 3867 Alypio
2999 3806 3054 3851 et
3098 3772 3358 3850 Nebridio
3400 3772 3765 3850 familiaribus,

2204 3901 2437 3957 quorum
2460 3887 2549 3942 hic
2563 3887 2891 3956 Carthagine
2915 3886 3277 3943 Mediolanum
3302 3888 3505 3944 nullam
3529 3883 3686 3938 aliam
3708 3874 3770 3929 ob

2205 3992 2423 4032 causam
2469 3992 2529 4035 se
2556 3980 2883 4048 contulerat,
2913 3995 3073 4049 quam
3107 3989 3165 4036 ut
3205 3980 3313 4051 ipsi
3353 3980 3632 4037 adhaerere
3658 3982 3773 4040 p08-

2207 4077 2313 4136 set,
2346 4070 2440 4126 ille
2463 4071 2556 4125 diu
2583 4078 2859 4142 noctuque
2895 4072 3117 4127 consilia
3144 4074 3213 4128 de
3240 4073 3369 4128 vitae
3408 4062 3773 4141 communione

2208 4168 2275 4217 et’
2294 4170 2552 4232 perpetua
2590 4138 2826 4218 invicem
2856 4163 3118 4218 societate
3165 4160 3496 4219 instituenda
3525 4138 3772 4226 agitabat.

2208 4252 2365 4310 Adde
2386 4253 2575 4310 matris
2604 4255 2752 4309 nullo
2782 4269 2887 4309 non
2919 4264 3159 4324 tempore
3187 4256 3552 4326 quiescentem
3578 4241 3775 4304 sollici-

2208 4345 2475 4417 tudinem,
2506 4347 2737 4417 gemitus
2774 4354 2828 4401 et
2858 4360 3066 4416 preces,
3096 4362 3231 4415 quas
3259 4348 3530 4402 indefessa
3565 4351 3686 4393 cum
3725 4332 3774 4386 in

528 4454 708 4513 studia
740 4446 977 4519 praemiis
1007 4441 1297 4498 uberrimis
1340 4441 1512 4497 aleret
1539 4449 1594 4496 et
1622 4439 1714 4494 ubi
1742 4439 1967 4508 juvenes
1995 4450 2109 4491 ma-
2132 4474 2185 4535 Β
2214 4438 2447 4509 templis,
2481 4447 2592 4493 tum
2609 4438 2777 4505 domi,
2804 4454 2903 4508 pro
2934 4438 3029 4492 ﬁlii
3059 4439 3232 4493 salute
3257 4438 3323 4492 ad
3350 4438 3519 4493 Deum
3540 4424 3776 4487 effunde-

528 4548 822 4619 gistrorum
861 4534 1120 4592 subsellia
1149 4535 1556 4603 frequentantes
1586 4546 1798 4588 morum
1842 4528 2108 4585 modestia

531 4646 584 4693 et
607 4633 909 4690 studiorum
932 4628 1164 4701 quodam
1189 4628 1386 4684 ordine
1408 4628 1569 4697 longe
1589 4641 1621 4681 a
1647 4625 1850 4680 ferocia
1881 4622 2111 4678 Cartha-

531 4728 833 4801 ginensium
860 4723 1244 4789 abhorrerent,
1278 4719 1663 4785 ostentatione,
1696 4724 1757 4771 ut
1793 4730 1976 4771 secum
2006 4715 2111 4770 iter

530 4822 740 4876 faceret
776 4814 1190 4888 persuaderent.
1224 4810 1323 4865 Vix
1356 4818 1536 4865 autem
1568 4823 1599 4864 e
1637 4808 1823 4863 matris
1848 4805 2114 4876 amplexi-

530 4913 636 4967 bus
667 4917 783 4991 arte
833 4908 1066 4977 quadam
1111 4918 1173 4959 se
1208 4894 1455 4965 extorsit,
1488 4908 1544 4956 et
1584 4915 1709 4955 cum
1760 4898 1978 4954 tandem
2005 4898 2114 4953 Ro-

534 5018 682 5061 mam
720 4990 1048 5069 appulisset,
1088 4995 1236 5064 gravi
1284 4993 1496 5059 morbo,
1549 4992 1644 5062 qui
1690 4991 1852 5045 morti
1892 4990 2114 5060 propin-'-

541 5110 706 5167 quum
730 5090 877 5156 fecit,
906 5086 1215 5157 implicatus
1234 5095 1337 5150 est,
1361 5101 1429 5141 ex
1447 5099 1555 5156 quo
1571 5082 1732 5139 simul
1756 5096 1818 5138 ac
1839 5082 2116 5153 paulisper

545 5184 929 5263 convaluisset,
962 5178 1183 5235 scholas
1204 5178 1379 5249 aperit
1405 5188 1459 5231 et
1485 5177 1785 5247 discipulos
1811 5177 1972 5247 longe
1992 5176 2114 5246 qui-
2150 5226 2151 5235 χ

539 5282 664 5338 dem
692 5294 724 5333 a
754 5271 1262 5343 Carthaginensium
1291 5267 1510 5324 licentia
1542 5269 1747 5325 alienos
1780 5269 1986 5337 sensit;
2019 5269 2116 5325 sed

541 5370 687 5446 quod
714 5368 878 5427 iidem
910 5364 1148 5437 pessime
1173 5363 1426 5420 audirent
1464 5362 1534 5418 ob
1560 5362 1970 5434 turpitudinem,
2011 5376 2115 5432 qua

540 5464 599 5521 in
626 5458 870 5517 fraudem
899 5456 1165 5528 magistri,
1195 5456 1282 5512 cui
1311 5454 1615 5512 mercedem
1646 5454 1929 5523 deberent,
1960 5454 2116 5526 quasi

541 5554 943 5624 conspirarent,
982 5563 1236 5620 eumque,
1298 5538 1389 5603 ubi
1417 5546 1747 5619 aliquamdiu
1792 5548 2112 5616 audiissent,

543 5650 863 5706 desererent
882 5651 939 5701 et
974 5642 1041 5701 ad
1082 5640 1246 5697 alium
1284 5639 1613 5707 transirent;
1647 5645 1703 5694 et
1726 5639 1846 5697 haec
1887 5642 2114 5713 sprevit.

546 5742 908 5815 Posteaquam
934 5736 1098 5814 igitur
1142 5736 1572 5800 Mediolauenses
1616 5751 1649 5793 a
1680 5734 1935 5807 praefecto
1968 5734 2118 5794 urbis

2212 4538 2321 4594 ret,
2369 4536 2425 4582 et
2473 4543 2593 4597 quae
2622 4529 2982 4598 Augustinum
3029 4529 3199 4584 latere
3249 4528 3472 4583 minime
3513 4523 3774 4596 poterant.

2213 4621 2380 4675 immo
2401 4628 2454 4676 et
2485 4621 2654 4690 ipsius
2676 4636 2799 4677 cum
2823 4636 2890 4676 eo
2916 4620 3349 4677 conversationis
3379 4627 3588 4692 partem
3617 4608 3776 4684 pluri-

2214 4724 2361 4765 mam
2401 4709 2741 4779 efﬁciebant;
2776 4712 3015 4781 itemque
3054 4711 3327 4765 Ambrosii
3366 4711 3569 4767 monita
3596 4712 3650 4763 et
3688 4711 3774 4756 00-

2214 4801 2554 4881 hortationes
2602 4810 2695 4856 aut
2738 4801 2937 4857 amicas
2974 4800 3426 4870 reprehensiones
3457 4819 3470 4855 :
3503 4806 3556 4855 et
3589 4786 3775 4850 intelli-

2216 4911 2332 4966 ges,
2373 4910 2575 4967 paucos
2619 4894 2829 4950 futuros
2869 4894 3058 4962 fuisse,
3090 4908 3225 4964 quos
3273 4904 3437 4951 tantze
3476 4886 3638 4948 animi
3668 4893 3779 4952 per-

2218 4987 2558 5043 turbationes
2588 5000 2695 5043 non
2729 4986 3015 5057 fregissent
3049 4996 3104 5042 et
3129 4987 3340 5057 penitus
3369 4976 3772 5057 Oppressisscnt.

2217 5079 2391 5137 Aliter
2443 5089 2620 5135 tamen
2672 5079 2970 5148 Augustino
3028 5093 3141 5155 pro
3181 5077 3385 5150 ingenii
3430 5072 3684 5132 felicitate
3733 5064 3779 5113 ei

2218 5175 2375 5248 ignea
2412 5174 2816 5244 imaginationis
2840 5162 2977 5244 ejus
3013 5184 3201 5230 natura
3242 5173 3459 5229 accidit.
3502 5167 3779 5228 Nemeum

2218 5270 2335 5340 ipse
2366 5278 2421 5325 et
2460 5268 2683 5341 Alypius
2720 5284 2751 5323 a
2782 5268 3088 5325 Pontitiano
3132 5267 3386 5339 quodam,
3414 5262 3549 5323 Afro
3573 5262 3779 5341 genere,

2216 5365 2272 5421 in
2324 5336 2919 5434 palatioﬁfalentiniani
2962 5336 3248 5419 Mediolani
3299 5362 3587 5425 militante,
3629 5336 3781 5406 ﬂiam

2218 5454 2279 5513 S.
2309 5454 2531 5512 Antonii
2558 5456 2804 5511 enarrari
2827 5455 3109 5522 audiisset,
3130 5462 3311 5510 tantus
3336 5468 3407 5509 ex
3434 5466 3494 5509 ea
3520 5438 3778 5503 auditione

2219 5548 2399 5609 omnia
2436 5550 2632 5604 mentis
2677 5563 2839 5604 sensa
2870 5556 2927 5601 et
2952 5546 3109 5622 ideas.
3131 5543 3407 5616 superavit
3440 5533 3671 5614 pectoris
3699 5534 3779 5579 ιιι-

2221 5642 2420 5699 multus
2453 5651 2509 5698 et
2546 5650 2850 5699 exaestuans
2891 5641 3140 5708 allectus,
3172 5649 3232 5695 ut
3259 5640 3482 5696 excluso
3526 5624 3670 5690 omni
3706 5629 3781 5676 ιο·

2219 5753 2337 5799 rum
2364 5746 2708 5797 externarum
2748 5736 3005 5812 impulsu,
3051 5733 3247 5794 caelum
3290 5730 3444 5791 velut
3478 5715 3785 5807 cogitatio!!!
