3882 6328
169 267 232 329 η
821 221 842 235 ’
1057 249 1338 310 norma
1377 247 1804 310 LITTERARIA
1842 250 1910 308 IN
1950 250 2010 308 s.
2057 249 2526 308 aucusrmuu.

3365 252 3442 315 ﬂ-

166 387 381 458 peteret,
410 384 463 433 et
493 387 698 431 numen
732 372 912 442 ipsum
939 370 1091 440 quasi
1122 368 1463 424 intercedere
1489 367 1613 421 huic
1633 367 1739 422 fre-
1765 370 1819 428 A
1843 366 1979 422 duos
2011 367 2121 436 jam
2169 368 2451 438 presbyter
2501 367 2740 442 addidit)
2779 372 2952 444 attigit
2983 358 3340 446 αυεειῙοηέω
3370 383 3438 438 ά,

166 478 309 537 tnilui
338 478 574 543 cogeret.
617 466 752 523 Nam
781 464 964 519 subito
991 463 1267 526 divinitus,
1298 468 1356 515 ut
1381 461 1483 532 ipsi
1516 461 1739 515 videba—

166 582 266 638 tur,
297 567 468 622 audita
498 575 657 625 voce,
687 557 868 612 omnis
898 557 987 612 hic
1014 556 1164 610 furor
1192 555 1396 609 resedit
1438 563 1492 609 et
1521 553 1743 608 leniori-

163 666 256 722 bus
296 662 360 718 de
389 661 516 714 vitae
559 655 774 712 ratione
828 649 1217 707 conformanda
1252 647 1741 706 deliberationibus

161 761 324 814 locum
352 753 503 810 fecit.

220 853 462 907 Primum
511 847 680 918 igitur
710 842 926 916 (accidit
951 856 1082 896 vero
1113 855 1164 896 a.
1197 839 1323 910 586)
1352 839 1602 893 omnibus
1630 846 1740 893 ter-

155 922 416 1000 restribus
456 942 610 998 curis
639 937 938 993 valedicere
966 935 1194 1003 statuit,
1221 933 1419 1002 refugit
1456 933 1739 987 consilium

155 1037 296 1107 quod
327 1034 432 1105 ipsi
465 1033 673 1089 sederat
702 1029 1081 1095 novissimum,
1112 1026 1300 1081 uxoris
1323 1026 1600 1093 ducendae,
1626 1026 1742 1096 glo-

156 1131 250 1184 rite
280 1129 406 1182 item
432 1141 498 1180 ex
531 1122 724 1178 litteris
749 1121 1028 1191 capiendae
1055 1118 1327 1174 fastidium
1357 1120 1542 1186 subiit,
1575 1127 1630 1174 et
1660 1119 1743 1173 in-

156 1222 346 1276 secutis
377 1233 506 1274 mox
531 1213 950 1272 vindemialibus
977 1211 1125 1268 feriis
1155 1211 1474 1280 magisterio
1501 1226 1599 1266 suo
1621 1224 1742 1266 sese

158 1313 444 1376 abdicavit;
479 1319 643 1379 atque
673 1307 752 1361 sic
772 1303 1106 1376 gravissimis
1129 1303 1370 1357 muneris
1401 1310 1452 1357 et
1475 1302 1744 1371 cupidita-

162 1417 263 1462 tum
293 1404 522 1460 vinculis
565 1401 874 1468 exsolutus,
921 1398 977 1454 in
1017 1412 1112 1453 rus
1158 1396 1377 1469 (villam
1402 1394 1739 1466 Cassiacum)

163 1495 436 1564 concessit,
466 1501 523 1549 et
551 1493 605 1547 in
638 1491 830 1546 matris
846 1488 1253 1557 amicorumque
1269 1487 1740 1556 congressionibus

166 1589 225 1643 de
262 1584 645 1657 quaestionibus
702 1581 930 1636 utilibus
972 1594 1072 1634 nec
1093 1593 1219 1633 raro
1254 1577 1540 1633 subtilibus
1567 1579 1737 1633 otium

165 1693 393 1738 sanctum
419 1689 473 1736 et
499 1679 610 1733 Deo
639 1684 812 1731 totum
835 1675 1074 1731 dicatum
1096 1674 1290 1744 exegit.
1317 1672 1496 1741 Varia,
1529 1688 1649 1744 quae
1670 1691 1736 1732 ex

1850 461 2022 529 gratia
2051 459 2150 513 Dei
2168 501 2181 525 ,
2204 478 2306 530 qua
2330 478 2449 516 suos
2477 462 2661 516 electos
2691 465 2763 518 sic
2791 467 3228 540 praedestinarant,
3262 484 3319 531 ut
3351 495 3412 533 eo

1845 565 1983 618 rum,
2006 552 2092 618 qui
2109 554 2222 621 jam
2244 553 2296 605 in
2319 553 2390 607 eis
2419 563 2680 609 uterentur
2711 557 2866 613 libero
2891 561 3126 630 arbitrio,
3150 565 3262 633 ipse
3286 571 3440 626 etiam

1845 655 2101 712 praeparet
2148 646 2468 716 voluntates,
2514 650 2764 718 quoniam
2807 653 2858 708 id
2901 655 3079 711 solum
3124 663 3440 729 quaestionis

1844 743 1991 803 erat,
2031 737 2165 789 unde
2194 739 2388 792 malum
2420 756 2439 794 :
2474 755 2578 796 non
2610 745 2746 798 unde
2778 747 3018 802 redeatur
3055 752 3123 804 ad
3157 755 3437 823 pristinum

1842 824 1919 879 vel
1949 826 2017 878 ad
2046 831 2211 898 majus
2248 834 2570 900 perveniatur
2601 834 2789 889 bonum
2829 838 2923 909 (ὁ).
2972 841 3041 896 At
3071 857 3215 913 saepe
3245 858 3436 914 postea

1845 931 1874 970 a
1908 917 2213 988 Pelagianis
2242 921 2308 975 ad
2345 921 2444 977 hos
2491 925 2637 993 ipsos
2668 929 2866 1000 libros,
2900 936 3052 1003 quasi
3088 952 3276 995 eorum
3304 957 3436 998 cau-

1843 1025 1956 1066 sam
1985 1013 2036 1066 in
2067 1014 2132 1068 iis
2153 1014 2372 1084 egisset,
2400 1031 2755 1087 provocatum
2784 1034 2886 1096 est,
2920 1045 3019 1084 nec
3041 1045 3226 1100 parum
3255 1035 3432 1105 ipsum

1843 1106 2131 1162 sollicitum
2163 1110 2351 1165 habuit
2376 1110 2428 1166 in
2461 1112 2922 1175 Retractationum
2961 1124 3130 1195 libris,
3160 1137 3219 1183 ut
3247 1145 3432 1185 eorum

1842 1214 1960 1268 qua:
1978 1207 2105 1256 tunc
2126 1201 2472 1271 disputasset,
2497 1219 2616 1261 cum
2641 1211 2943 1268 serioribus
2965 1217 3309 1284 opinionibus
3325 1226 3435 1278 suis

1842 1307 2040 1346 nexum
2086 1301 2141 1349 et
2182 1296 2333 1364 quasi
2365 1300 2737 1366 cognationem
2781 1307 3110 1365 ostenderet.
3146 1311 3315 1369 Roma
3346 1317 3432 1370 di-

1844 1397 2059 1453 gressus
2104 1400 2290 1441 mense
2334 1389 2573 1458 Augusto
2621 1393 2705 1447 vel
2757 1396 3080 1464 Septembre
3121 1406 3248 1457 anui
3307 1408 3430 1461 588.

1844 1478 2080 1534 Africam
2121 1489 2352 1538 exeunte
2381 1482 2560 1538 hieme
2589 1488 2793 1557 appulit
2828 1499 2882 1544 et
2925 1507 3018 1561 per
3047 1493 3432 1566 Carthaginem

1845 1571 2126 1641 Tagastam
2160 1574 2333 1643 petiit,
2365 1575 2452 1632 ubi
2484 1581 2618 1645 ruri,
2653 1581 2703 1634 id
2731 1590 2849 1648 est,
2883 1587 3026 1654 agris
3055 1592 3315 1658 paternis,
3346 1593 3431 1662 qui

1848 1663 2330 1737 hzereditariojure
2351 1669 2449 1739 ipsi
2470 1672 2774 1743 obtigerant
2797 1677 2891 1748 (c),
2914 1680 3097 1735 vivere
3121 1685 3425 1754 constituit;

168 1774 306 1830 illius
332 1787 448 1827 cum
477 1770 664 1824 amicis
694 1767 983 1836 colloquiis
1019 1780 1118 1837 per
1149 1765 1292 1820 idem
1324 1765 1556 1835 spatium
1581 1775 1736 1822 enata
1767 1752 1816 1812 Β
1841 1773 1904 1813 ac
1951 1762 2210 1828 transegit
2241 1763 2312 1818 ibi
2355 1764 2467 1819 rere
2510 1768 2800 1824 triennium
2844 1775 3031 1841 procul
3077 1777 3142 1830 ab
3183 1752 3436 1834 omnibus

165 1877 214 1922 et
235 1865 297 1919 ab
316 1879 378 1920 eo
401 1863 544 1919 edita
566 1868 696 1916 sunt
722 1858 1003 1930 opuscula,
1027 1857 1187 1913 facile
1208 1873 1274 1913 ex
1297 1858 1553 1925 temporis
1578 1873 1736 1928 quam

162 1956 357 2028 singula
379 1957 432 2010 in
460 1968 692 2010 recensu
721 1950 1019 2021 praaferunt
1044 1959 1169 2005 nota
1200 1950 1458 2021 cognosci
1489 1960 1735 2020 possunt.

161 2046 234 2103 Ex
258 2049 357 2102 hoc
377 2059 597 2102 recessu
619 2042 833 2098 tandem
855 2040 1421 2109 Mediolanum-rediit,
1448 2049 1508 2096 ut
1527 2051 1739 2096 saerum

161 2140 476 2210 baptismum
501 2153 596 2208 per
623 2135 960 2192 Ambrosium
983 2136 1318 2204 susciperet;
1350 2135 1494 2204 quod
1517 2134 1742 2204 contigit

163 2235 208 2288 in
248 2230 525 2287 Paschatis
578 2227 899 2300 pervigilio,
941 2235 1104 2282 nocte
1143 2234 1268 2280 ante
1314 2225 1386 2278 25
1432 2225 1656 2294 aprilem
1687 2240 1737 2279 a.

166 2327 276 2380 “537.
306 2325 476 2379 Paulo
502 2329 625 2394 post
650 2322 753 2392 ipsi
781 2329 836 2377 et
854 2319 1044 2376 amicis
1073 2318 1271 2390 Alypio
1293 2327 1347 2374 et
1376 2318 1604 2386 Evodio,
1631 2319 1739 2374 Ta-

173 2417 378 2486 gastensi
400 2415 615 2480 eodem,
646 2429 767 2470 cum
793 2413 948 2470 simul
983 2413 1094 2468 Deo
1116 2411 1326 2467 servire
1351 2425 1565 2480 unaque
1586 2410 1741 2466 habi-

176 2520 272 2565 tare
309 2510 747 2581 proposuissent,
793 2521 1091 2576 eorumque
1129 2505 1372 2560 omnium
1401 2517 1583 2558 curam
1622 2502 1738 2558 Mo-

170 2603 273 2658 nica
297 2644 310 2669 ,
343 2603 563 2673 perinde
598 2617 663 2657 ac
703 2601 751 2657 si
791 2597 1126 2671 singulorum
1165 2611 1366 2670 parens
1411 2596 1735 2663 exstitisset,

166 2703 400 2762 gereret,
430 2694 483 2749 in
510 2694 749 2750 Africam
788 2708 1031 2749 remeare
1059 2692 1238 2762 ibique
1268 2690 1446 2747 locum
1472 2690 1596 2745 vita:
1624 2704 1738 2745 suae

165 2782 396 2838 instituto
424 2793 613 2852 aptum
647 2795 890 2850 quarere
919 2782 1132 2849 placuit.
1162 2779 1294 2835 Cum
1334 2794 1400 2835 eo
1430 2789 1549 2834 erat
1572 2781 1738 2832 Navi-

162 2873 270 2941 gius
304 2872 476 2926 frater
509 2879 565 2926 et
592 2869 899 2926 Adeodatus
942 2869 1080 2926 ﬁlius
1124 2886 1140 2924 :
1178 2871 1274 2926 sed
1314 2886 1437 2926 cum
1475 2870 1546 2926 ad
1589 2869 1738 2926 Ostia

162 2963 406 3018 Tiberina
433 2963 808 3034 pervenisset,
861 2970 1035 3018 mater
1075 2964 1280 3033 optima
1325 2963 1506 3019 subito
1544 2963 1740 3019 morbo

167 3064 396 3126 correpta
451 3055 680 3128 (paucis
724 3064 785 3111 ut
826 3053 1179 3110 Benedictini-
1210 3064 1504 3126 supputant
1546 3054 1740 3111 diebus

1841 1851 2024 1905 saeculi
2055 1853 2229 1917 curis,
2268 1854 2707 1913 meditationibus
2739 1869 2795 1915 et
2827 1866 3104 1920 exercitiis
3142 1870 3311 1922 sacris
3338 1886 3437 1923 va-

1842 1957 1994 2011 cans,
2019 1959 2081 2000 ac
2107 1946 2238 2000 nihil
2271 1961 2406 2015 pene
2437 1964 2466 2002 a
2496 1952 2762 2006 monacho
2799 1954 3075 2012 differens.
3112 1959 3439 2031 Assumpse-

1842 2043 1927 2088 rat
1949 2050 2079 2091 vero
2120 2038 2185 2090 ad
2216 2035 2357 2091 idem
2391 2041 2514 2094 vitae
2551 2042 2860 2098 institutum
2886 2087 2900 2111 ,
2933 2048 3074 2116 quod
3108 2051 3281 2119 ipsum
3311 2094 3325 2118 ,
3354 2054 3442 2111 vel

1842 2124 2019 2182 locum
2046 2130 2136 2185 ubi
2163 2131 2453 2203 degebant,
2488 2137 2854 2190 monasterium
2884 2140 3118 2210 appellat
3149 2143 3226 2214 (ά)
3249 2186 3263 2210 ,
3307 2147 3442 2200 atni-

1844 2233 1936 2275 cos
1963 2223 2264 2290 quosdam,
2307 2241 2534 2295 quorum
2577 2243 2859 2284 numerum
2899 2234 3084 2300 augeri
3125 2234 3268 2289 haud
3299 2252 3443 2306 aegre

1843 2313 2166 2380 patiebatur.
2195 2317 2415 2372 Interim
2438 2327 2493 2373 et
2518 2321 2839 2389 scriptorum
2869 2337 3118 2394 suorum,
3149 2344 3266 2396 quae
3290 2329 3442 2385 iden-

1844 2403 2009 2459 tidem
2054 2416 2135 2461 sat
2179 2409 2470 2478 grandibns
2507 2411 2876 2470 voluminibus
2932 2417 3142 2485 emisit,
3183 2429 3237 2474 et
3279 2423 3443 2492 hujus

1841 2499 2099 2566 Speciosae
2126 2501 2250 2556 vitae
2277 2502 2418 2558 fama
2447 2518 2836 2576 usquequaque
2863 2507 3000 2564 adeo
3033 2512 3441 2581 percrebuerat,

1842 2599 1899 2644 ut
1925 2601 1980 2647 et
2006 2607 2253 2650 secessus
2277 2596 2395 2666 ejus
2419 2608 2722 2669 resonaret,
2757 2611 2810 2655 et
2841 2603 2955 2672 ipse
2977 2618 3039 2658 ea
3072 2605 3211 2672 loca,
3244 2608 3443 2675 quibus

1840 2685 2128 2756 episcopus
2171 2687 2422 2758 deesset,
2458 2693 2716 2747 accedere
2745 2704 2994 2762 caveret,
3031 2706 3300 2763 metuens,
3349 2714 3442 2766 ne,

1842 2775 1888 2824 si
1912 2777 2001 2840 qui
2022 2790 2400 2841 agnoscerent,
2417 2782 2617 2830 invitus
2635 2785 2701 2832 ad
2720 2786 3093 2848 episcopatum
3113 2787 3441 2843 traheretur.

1843 2862 2022 2919 Tanto
2069 2864 2242 2934 magis
2295 2865 2651 2934 improvisum
2701 2868 2751 2922 ei
2800 2869 3038 2938 accidit,
3089 2873 3255 2942 quod,
3315 2890 3439 2932 cum

1843 2958 2003 3012 amici
2043 2958 2323 3028 cujusdam
2358 2961 2528 3030 gratia
2553 3002 2568 3027 ,
2608 2975 2768 3031 quem
2795 2963 2908 3020 Deo
2949 2978 3008 3020 se
3048 2964 3247 3023 lucrari
3276 2983 3441 3040 posse

1842 3051 2106 3120 putabat,
2154 3061 2214 3108 ut
2252 3067 2440 3110 secum
2469 3054 2523 3110 in
2568 3059 2899 3113 monasterio
2927 3070 3114 3128 esset,
3143 3063 3246 3119 sub
3276 3064 3442 3124 linem

167 3157 276 3203 ante
305 3147 422 3203 idus
453 3135 784 3204 Novembres
825 3162 874 3203 a.
905 3148 1033 3219 587)
1073 3148 1330 3206 decessit.
1374 3148 1625 3205 Dolorem
1667 3163 1734 3205 ex
1762 3132 1808 3198 C
1837 3143 1964 3197 anni
1993 3141 2088 3197 39!
2145 3142 2450 3213 Hipponem
2501 3146 2725 3228 Regium
2754 3194 2768 3218 ,
2803 3164 3046 3221 securus,
3077 3155 3203 3224 quia
3233 3158 3445 3228 episco-

169 3241 273 3310 ejus
297 3242 442 3298 obitu
471 3242 574 3298 sibi
603 3241 866 3300 inﬂictuin
891 3243 1194 3300 verissimis
1224 3243 1404 3300 verbis
1447 3241 1738 3313 expressit,

168 3332 280 3389 dum
308 3336 451 3405 quasi
475 3334 786 3391 dilaniatum
806 3337 904 3392 sibi
925 3339 1085 3392 vitam
1105 3377 1121 3406 ,
1154 3352 1272 3410 quis
1298 3354 1404 3392 una
1426 3339 1564 3408 facta
1586 3339 1745 3407 fuerit

168 3441 328 3481 castra
349 3436 394 3481 et
421 3428 565 3482 illius
603 3427 812 3484 diceret
843 3428 940 3501 (a).
985 3429 1107 3485 Jam
1154 3442 1287 3485 vero
1322 3429 1423 3485 hac
1455 3436 1565 3484 tam
1598 3427 1744 3484 dulci

166 3517 362 3575 itineris
385 3521 580 3578 comite
607 3523 831 3578 orbatus
853 3562 868 3589 ,
898 3522 1066 3579 dilato
1099 3521 1165 3576 ad
1191 3530 1404 3592 tempus
1430 3522 1484 3576 in
1505 3519 1744 3576 Africam

167 3610 354 3680 reditu,
380 3612 602 3668 Romam
639 3612 946 3669 divertitur.
980 3613 1086 3669 Ubi
1125 3627 1247 3669 cum
1279 3621 1440 3670 antea
1466 3628 1592 3669 cum
1630 3614 1746 3668 Ma-

167 3701 380 3757 nichteis
417 3704 867 3763 familiarissime
924 3705 1188 3772 vixisset,
1250 3704 1521 3775 iidemque
1579 3705 1748 3759 inter-

165 3805 370 3865 ceptam
392 3796 634 3853 discessu
659 3797 778 3867 ejus
807 3799 1255 3855 consuetudinem
1293 3812 1552 3854 revocare
1581 3812 1747 3868 cupe-

166 3901 301 3959 rent,
331 3893 417 3949 ille
438 3907 572 3949 vero
597 3893 871 3963 refugeret
897 3893 1070 3964 iisque
1092 3908 1311 3950 errores
1333 3908 1458 3949 suos
1488 3901 1542 3948 et
1568 3891 1750 3962 pravi-

173 3992 333 4040 tatem
356 3987 478 4042 viue
503 3987 649 4041 serio
688 3986 1082 4055 exprobraret,
1131 3996 1254 4054 post
1279 3986 1461 4040 varias
1500 3983 1568 4037 ab
1599 3983 1751 4036 initio

169 4078 518 4144 velitationes,
550 4077 773 4133 tandem
813 4078 869 4133 in
899 4086 1146 4147 apertum
1189 4078 1323 4130 illud
1362 4077 1623 4131 adversus
1658 4087 1752 4128 eos

143 4181 384 4227 'cunctos
423 4187 484 4228 ac
520 4171 766 4240 singulos
808 4170 1007 4226 bellum
1035 4167 1305 4239 prorupit,
1334 4166 1478 4238 quod
1505 4166 1620 4221 sine
1645 4165 1750 4220 ulla

171 4262 368 4315 virium
410 4273 463 4316 et
498 4263 654 4317 animi
692 4262 1031 4318 relaxatione
1070 4260 1137 4315 ad
1167 4259 1370 4314 obitum
1410 4272 1580 4328 usque
1604 4271 1755 4311 acer-

173 4356 309 4410 rime
335 4369 466 4411 voce
494 4364 545 4410 et
570 4356 785 4426 scriptis
813 4356 1000 4425 gessit.
1042 4354 1270 4422 Scripsit
1310 4353 1491 4422 itaque
1515 4396 1529 4420 ,
1572 4351 1756 4405 Romae

174 4450 507 4518 constitutus,
535 4451 653 4507 sine
677 4447 1085 4518 intercapedine
1109 4446 1306 4510 libros,
1346 4460 1575 4516 quorum
1615 4445 1757 4497 fama

1848 3249 1973 3304 pum
2001 3235 2151 3290 locus
2179 3235 2422 3307 haberet,
2448 3237 2693 3306 adiisset,
2725 3242 2906 3313 ibique
2932 3243 3132 3300 Valerii
3155 3246 3446 3308 interesset

1847 3326 2220 3395 concionibus,
2253 3327 2434 3383 subito
2466 3329 2533 3384 ad
2563 3331 2825 3387 monitum
2869 3334 3012 3388 illius
3037 3335 3106 3390 de
3153 3338 3447 3397 ordinandi

1847 3419 2152 3489 presbyteri
2183 3421 2538 3489 necessitate,
2573 3438 2768 3494 magno
2814 3439 2937 3480 cum
2971 3427 3203 3484 tumultu
3240 3439 3294 3486 et
3333 3431 3447 3487 cla-

1849 3527 2003 3567 more
2034 3513 2275 3567 omnium
2313 3523 2596 3581 raperetur
2623 3523 2676 3568 et
2704 3519 3055 3584 quantumvis
3091 3531 3445 3591 repugnaret,

1849 3610 2128 3659 crearetur
2154 3603 2456 3672 presbyter.
2491 3603 2698 3658 Ferunt
2727 3615 2852 3659 tunc
2883 3607 3148 3674 quosdam
3167 3649 3185 3677 ,
3217 3625 3339 3666 cum
3369 3613 3449 3668 la-

1849 3711 2066 3768 crymas
2090 3712 2213 3752 eum
2239 3696 2519 3753 effundere
2547 3696 2831 3766 vidissent,
2858 3702 3180 3769 suspicatus,
3212 3719 3302 3760 eas
3335 3721 3450 3774 poe-

1850 3789 2092 3845 nitentia:
2117 3789 2337 3855 deberi,
2363 3789 2507 3860 quod
2533 3806 2643 3846 non
2670 3791 2928 3848 continuo
2955 3793 3250 3865 episcopus
3279 3797 3452 3857 lactus

1852 3891 2015 3950 esset,
2048 3881 2320 3938 studuisse
2350 3883 2619 3940 consolari
2651 3885 3014 3954 suggerendo,
3048 3888 3449 3960 presbyterium

1853 3975 2067 4045 quidem
2100 3974 2239 4028 intra
2274 3973 2594 4044 dignitatem
2636 3975 2754 4045 ejus
2785 3991 2909 4032 esse
2933 4017 2948 4042 ,
2995 3980 3241 4046 proxime
3268 3989 3454 4039 tamen

1853 4067 1922 4123 ad
1948 4069 2318 4138 episcopatum
2349 4069 2631 4124 accedere;
2666 4071 2736 4124 At
2759 4070 2862 4125 alia
2891 4079 2948 4126 et
2971 4071 3183 4142 dignior
3205 4075 3306 4144 ipsi
3337 4085 3455 4132 erat

1856 4161 2215 4232 lacrymarum
2247 4176 2408 4217 causa
2428 4203 2442 4229 ,
2469 4171 2526 4217 ut
2552 4177 2657 4216 non
2683 4165 2847 4219 semel
2871 4164 2923 4218 in
2947 4167 3167 4236 scriptis
3189 4170 3305 4224 suis
3328 4187 3457 4242 ι)το-

1857 4252 2034 4307 fessus
2078 4261 2180 4307 est.
2228 4250 2438 4322 Quippe
2480 4253 2638 4322 longe
2677 4256 2958 4323 augustior
2997 4267 3050 4311 et
3095 4261 3312 4328 gravior
3353 4263 3457 4331 ipsi

1857 4359 2017 4414 quam
2044 4345 2203 4415 vulgo
2241 4345 2516 4416 plerisque
2557 4361 2680 4400 eam
2707 4347 3071 4404 ambientibus
3114 4353 3293 4406 omnis
3336 4353 3456 4409 haec

1862 4453 2140 4494 sacrorum
2172 4438 2472 4494 ofﬁciorum
2504 4441 2776 4509 provincia
2812 4441 3127 4510 videbatur,
3161 4455 3216 4499 et
3250 4455 3458 4499 metue-

175 4557 293 4599 mox
312 4515 522 4601 omnem
543 4545 783 4600 Africam
805 4515 1218 4614 est—pervagata,
1241 4542 1303 4594 de
1324 4538 1558 4593 Moribus
1579 4535 1762 4590 Eccle—
1787 4515 1840 4575 Ῑ)
1865 4530 1975 4595 bal,
2005 4544 2071 4583 ne
2101 4536 2305 4583 tantum
2333 4546 2438 4585 non
2478 4532 2531 4585 in
2563 4546 2621 4585 se
2649 4531 2887 4600 praesidii
2919 4533 3165 4600 haberet,
3199 4550 3362 4604 quam
3392 4537 3456 4590 ad

179 4639 262 4692 sia:
288 4641 547 4695 catholica:
572 4649 627 4696 et
656 4641 718 4694 de
747 4638 980 4694 Moribus
1017 4637 1456 4704 Manichaeorum,
1482 4637 1534 4689 in
1562 4632 1760 4703 quibus

180 4729 471 4801 iactantiam
497 4749 687 4791 eorum
728 4734 795 4790 de
822 4733 956 4788 falsa
993 4739 1049 4786 et
1087 4730 1263 4787 fallaci
1296 4746 1391 4786 sua
1430 4726 1764 4784 continentia

187 4828 463 4895 reprimere
507 4829 750 4895 studuit;
791 4827 1097 4898 ibidemque
1123 4840 1260 4897 cpus
1288 4826 1358 4882 de
1403 4824 1585 4879 Libero
1627 4822 1766 4875 arbi-

190 4919 282 4972 trio
323 4931 498 4978 contra
547 4922 940 4993 disputationes
986 4936 1173 4978 eorum
1231 4920 1299 4976 de
1351 4919 1562 4988 origine
1615 4915 1761 4978 mali,
1846 4971 1851 4976 ,

191 5012 320 5079 quod
341 5014 412 5070 illi
439 5016 508 5071 ab
538 5015 856 5071 immutabili
883 5013 1112 5084 quadam
1141 5022 1196 5070 et
1233 5012 1345 5068 Deo
1372 5019 1641 5066 coaeterna
1673 5022 1778 5062 na--

196 5110 296 5157 tura
320 5105 691 5175 deducebant,
734 5109 849 5178 ipse
881 5123 953 5163 ex
987 5107 1155 5162 libero
1203 5103 1498 5161 voluntatis
1543 5100 1768 5156 arbitrio

196 5192 487 5268 derivabat,
534 5199 828 5257 inchoavit.
878 5198 1127 5255 Nondum
1172 5205 1353 5253 autem
1390 5197 1445 5250 in
1493 5194 1576 5248 his
1618 5192 1771 5247 libris

194 5284 426 5358 (Quorum
458 5292 693 5364 primum
722 5301 931 5349 tantum
957 5290 1146 5347 Romae
1171 5286 1513 5359 conscripsit,
1535 5284 1773 5354 reliquos

365 5549 636 5616 Retract.,
663 5550 701 5604 l.
734 5566 773 5608 ι.
807 5562 929 5618 cap.
963 5549 1027 5610 9,
1065 5544 1091 5617 §
1120 5545 1174 5618 2.

277 5615 325 5692 ε)
365 5621 649 5678 Possidius
676 5622 729 5675 in
759 5615 887 5692 Vita
912 5615 1306 5692 Augustini,_c.
1337 5615 1402 5678 5,
1435 5617 1622 5692 narrat
1649 5620 1774 5692 eum

193 5679 337 5767 agros
359 5708 522 5769 suos,
552 5692 712 5769 simul
740 5706 802 5769 ac
844 5679 1441 5769 Tagastatufediisset,‘
1466 5679 1777 5769 vendidisse

189 5748 874 5846 pipre‘tium'dlstribulsse
905 5748 1250 5836 pauperibus.
1292 5754 1442 5828 Quod
1477 5753 1518 5814 Si
1554 5765 1678 5809 Vere
1710 5748 1777 5821 ab

280 5494 308 5531 α
366 5476 642 5545 Conless.,
669 5477 709 5534 1.
741 5493 826 5542 Ix,
855 5491 906 5531 c.
935 5476 1024 5544 12,
1053 5491 1108 5528 n.
1141 5474 1230 5531 30.

255 5475 332 5692 {bi
365 5549 636 5632 Retract.,
663 5550 701 5633 l.
734 5566 773 5608 ι.
807 5562 929 5629 cap.
963 5549 1027 5610 9,
1065 5544 1091 5617 §

277 5625 325 5692 ε)
365 5621 649 5678 Ροεειᾱιυε
676 5637 729 5675 tn
759 5620 885 5692 γιιέ
912 5618 1221 5686 Augustini,

1864 4635 1981 4676 eam
2010 4620 2111 4675 rite
2141 4620 2446 4675 obeundam
2477 4637 2612 4692 opus
2639 4632 2807 4678 esset.
2848 4623 3186 4694 Quapropter
3213 4626 3373 4677 etiam
3409 4627 3457 4680 id

1865 4715 2142 4783 temporis,
2170 4713 2313 4783 quod
2354 4714 2641 4770 interesset
2674 4715 2744 4770 ab
2772 4715 3110 4769 ordinatione
3132 4729 3226 4768 sua
3271 4717 3336 4770 ad
3361 4719 3458 4774 Pa-

1866 4806 2066 4861 schatis
2095 4807 2286 4862 festum
2335 4821 2387 4863 a.
2435 4806 2557 4873 592,
2613 4806 2728 4860 dari
2767 4805 2867 4859 sibi
2923 4803 2990 4857 ad
3050 4809 3460 4874 praeparandum

1867 4898 2091 4969 optavit,
2115 4908 2168 4954 et
2187 4913 2308 4954 cum
2327 4899 2689 4968 impetrasset,
2709 4897 2761 4948 in
2784 4893 3129 4950 solitudinem
3154 4913 3214 4954 se
3236 4902 3462 4970 recepit.

1871 4994 2036 5062 Igitur
2048 4993 2286 5048 muneris
2304 4991 2443 5044 illius
2461 4985 2757 5057 primordia
2776 5001 2844 5041 ex
2861 4985 2963 5043 hoc
2990 4988 3202 5044 demum
3223 5000 3461 5061 tempore

1870 5083 2017 5154 juste
2045 5082 2218 5151 repeti
2247 5093 2406 5148 posse
2431 5076 2701 5131 videntur.
2740 5077 2917 5132 Prima
2940 5089 3119 5136 autem
3143 5083 3312 5152 ipsius
3337 5097 3467 5140 cura

1878 5182 1997 5248 fuit,
2029 5186 2088 5232 ut
2111 5175 2356 5244 Hippone
2383 5184 2600 5241 quoque
2629 5173 3012 5228 monasterium
3045 5175 3378 5241 institueret,
3413 5176 3467 5230 in

1880 5290 1987 5348 quo
2006 5280 2132 5329 vota
2161 5268 2278 5339 ejus
2304 5265 2509 5338 adjuxit
2553 5263 2825 5334 Valerius,
2859 5265 3016 5323 horto
3045 5266 3308 5325 Ecclesia:
3339 5267 3468 5338 Hip-

1878 5459 1968 5515 illo
1995 5455 2264 5528 proditum
2298 5450 2427 5528 fuit2
2460 5459 2685 5528 necesse
2712 5456 2824 5528 est,
2858 5459 2980 5528 eum
3020 5447 3104 5500 vel
3123 5445 3189 5528 in
3223 5445 3470 5528 alimatis

1881 5539 1974 5586 aut
1996 5515 2187 5582 alienis
2215 5523 2371 5593 plane
2397 5518 2639 5588 degisse,
2673 5526 2764 5571 aut
2796 5515 2988 5570 saltem
3019 5525 3225 5583 partem
3261 5517 3331 5576 de
3357 5522 3473 5600 suis

1881 5599 2190 5664 retinuiSsc.

1955 5653 2041 5745 (id)
2073 5670 2263 5729 Sermo
2292 5661 2428 5729 555,
2459 5674 2509 5717 c.
2541 5656 2592 5726 1,
2623 5672 2677 5711 n.
2715 5653 2765 5710 2.
