3882 6306
477 236 548 292 ξε

1362 222 1917 282 SUPPLEMENTUM
1955 223 2048 279 AD
2086 222 2318 278 OPERA
2358 223 2419 278 S.
2459 222 2854 280 AUGUSTINI.
3662 231 3722 289 ιϐ

464 349 719 425 ponensis
741 348 807 402 ad
839 348 979 401 hunc
996 355 1152 399 usum
1182 343 1230 396 ei
1257 356 1533 396 concesso.
1577 340 1748 394 Aliam
1776 338 1972 394 deinde
1996 346 2051 393 et
2079 340 2131 401 Α
2156 338 2459 410 presbyteri
2503 339 2826 408 celebritas,
2875 356 2974 396 nec
3014 343 3161 412 ipsos
3199 347 3483 416 episcopos
3514 349 3722 416 puderet

467 445 780 516 prmclaram
804 441 873 494 de
901 439 1138 493 Ecclesia
1165 437 1302 490 bene
1324 434 1563 490 merendi
1592 443 1646 488 et
1661 433 1818 488 simul
1851 449 2048 489 nomen

466 553 621 591 suum
653 531 956 588 illustrandi
985 528 1326 584 occasionem
1360 535 1547 580 nactus
1566 535 1649 580 est
1676 541 1770 594 per
1797 525 2048 580 eumdem

467 627 737 680 Valerium
764 667 779 690 ,
814 638 880 678 eo
923 621 1063 691 quod
1096 621 1195 688 ipsi
1237 632 1421 673 coram
1455 632 1513 672 se
1564 616 1919 672 concionandi
1949 633 2046 688 po-

469 726 712 770 testatem
745 715 963 768 faceret.
1005 712 1157 777 Quod
1197 709 1415 781 quidem
1445 709 1674 765 antehac
1709 725 1737 763 a
1773 712 2052 779 presbyte-

465 814 538 866 ris
565 812 677 864 ﬁeri
702 809 976 863 insolitum
1004 807 1054 860 in
1080 805 1336 859 Ecclesiis
1358 803 1591 868 Latinis,
1617 818 1739 857 mox
1785 803 1872 858 ubi
1913 819 2054 872 pra:-

467 907 653 957 ivisset
701 901 964 963 Valerius,
996 899 1216 953 Grtecus
1268 896 1484 950 natione
1531 895 1737 949 scilicet
1779 903 1835 950 et
1875 895 2050 950 Latini

465 993 734 1047 sermonis
774 1006 872 1044 usu
909 989 1145 1054 tardior,
1184 987 1364 1054 plures
1409 1000 1508 1054 per
1535 984 1769 1040 Africam
1809 984 2050 1054 episcOpi

467 1083 656 1136 imitati
709 1089 854 1135 sunt.
915 1080 1023 1135 Nec
1075 1093 1206 1134 vero
1243 1077 1401 1131 desiit
1437 1077 1576 1132 inter
1617 1077 1731 1130 haec
1775 1085 1828 1130 et
1855 1087 2050 1132 caetera

466 1173 709 1227 muneris
740 1179 1089 1225 avocamenta
1132 1169 1353 1238 scriptis
1392 1167 1683 1236 insigniora
1727 1167 1849 1222 ﬁdei
1877 1168 2051 1236 capita
2098 1193 2101 1196 ·

466 1275 558 1316 aut
599 1264 872 1317 illustrare
899 1271 952 1315 et
979 1260 1118 1329 apud
1165 1274 1291 1314 suos
1321 1259 1698 1324 corroborare,
1731 1267 1821 1313 aut
1863 1267 2051 1313 contra

464 1355 620 1408 aliter
649 1369 712 1407 ac
743 1367 903 1421 prave
931 1352 1230 1405 sentientes
1263 1358 1508 1405 astruere
1534 1359 1588 1404 et
1617 1349 1935 1415 defendere;
1968 1364 2054 1405 as-

462 1447 679 1502 siduum
709 1448 927 1515 insuper
955 1445 1054 1515 ipsi
1075 1459 1196 1498 cum
1218 1443 1404 1498 amicis
1434 1453 1541 1499 tam
1573 1443 1887 1514 propinquis
1906 1442 2049 1510 loco,

462 1555 623 1608 quam
680 1539 1056 1594 remotissimis
1109 1535 1436 1606 permultis,
1490 1537 1588 1591 fuit
1643 1536 2048 1592 commercium.

463 1631 637 1685 Tanta
663 1647 795 1686 vero
835 1630 935 1684 fuit
974 1630 1133 1699 hujus
1171 1630 1471 1699 presbyteri
1501 1629 1642 1698 apud
1671 1644 1861 1684 omnes
1889 1630 2051 1684 etiam

2153 430 2270 500 ejus
2318 433 2547 487 consilia
2599 442 2654 488 et
2699 441 2824 488 vota
2881 440 3148 505 exsequi,
3201 440 3348 492 nulla
3400 450 3576 498 tamen
3622 456 3722 503 erat

2153 523 2445 577 auctoritas
2478 523 2596 592 ejus
2625 525 2831 594 legibus
2856 527 3242 583 ecclesiasticis
3271 532 3606 601 confirmata,
3634 537 3725 592 cir-

2153 619 2583 687 cumscriptaque
2623 619 2816 688 agendi
2869 620 3086 676 licentia
3127 623 3308 678 alieno
3361 626 3606 682 arbitrio.
3657 630 3722 686 Es

2152 725 2261 780 quo
2297 726 2424 765 vero
2470 714 2636 767 semel
2681 712 2749 768 ad
2779 715 3067 784 regendam
3101 717 3400 773 Ecclesiam
3433 722 3727 792 Hipponen-

2154 819 2268 859 sem
2300 814 2518 861 evectus
2547 816 2651 876 est,
2680 823 2746 863 ex
2773 809 2891 876 ejus
2919 821 3049 864 nutu
3075 819 3238 881 atque
3261 815 3606 874 ordinatione
3636 837 3724 875 non

2154 896 2327 950 solum
2380 896 2629 953 Valerius
2676 901 3075 971 coepiscopus,
3129 905 3224 960 sed
3280 907 3530 964 Aurelius
3582 914 3726 968 etiam

2152 988 2595 1060 Carthaginensis
2640 993 2929 1063 episcopus
2967 1005 3022 1051 et
3060 999 3224 1054 totius
3273 1000 3469 1056 Africa:
3525 1006 3726 1075 primas,

2155 1091 2374 1153 totaque
2402 1101 2526 1139 cttm
2553 1101 2619 1140 eo
2644 1085 2887 1142 Ecclesia
2915 1089 3190 1157 Africana,
3221 1095 3348 1161 quin
3381 1097 3547 1150 immo
3569 1104 3727 1150 trans-

2155 1176 2379 1230 marinae
2413 1176 2669 1233 Ecclesiae
2714 1194 2810 1247 per
2841 1189 3012 1235 totum
3042 1182 3392 1241 Occidentem
3417 1229 3432 1255 ,
3473 1188 3730 1258 plurima:-

2155 1282 2260 1336 que
2291 1267 2344 1321 in
2375 1268 2611 1324 Orientis
2638 1272 2876 1340 partibus
2908 1275 3302 1343 pependerunt.

2225 1359 2478 1416 Nostrum
2534 1363 2752 1432 quidem
2799 1365 2852 1419 in
2904 1372 3158 1434 praesenti
3215 1387 3321 1426 non
3375 1381 3460 1427 est
3499 1377 3730 1431 omnium

2157 1451 2275 1520 ejus
2325 1452 2591 1510 factorum
2645 1465 3034 1528 gestorumque
3087 1460 3373 1518 historiam
3420 1477 3733 1542 contexere,

2156 1544 2356 1614 quippe
2401 1561 2522 1615 quas
2568 1563 2690 1603 cum
2753 1550 3006 1606 universa
3056 1561 3356 1624 temporum
3407 1558 3630 1617 illorum
3682 1578 3737 1618 ac

2156 1646 2442 1692 eventuum
2460 1639 2603 1694 serie
2628 1647 2736 1694 tam
2760 1651 2910 1697 arcte
2939 1643 3243 1714 cohaerent,
3275 1650 3468 1706 utsine
3493 1665 3735 1710 accurata

465 1722 660 1777 Africae
724 1722 1008 1790 episcopos
1066 1722 1198 1777 citra
1252 1719 1504 1773 invidiam
1573 1719 1939 1786 existimatio,
1992 1715 2380 1783 utBistorum
2429 1732 2779 1787 enarratione
2832 1749 3021 1803 parum
3074 1740 3338 1796 concinne
3378 1743 3490 1797 ﬁeri
3548 1748 3733 1815 possit,

465 1830 676 1870 summa
703 1815 961 1884 dignitate
989 1815 1129 1869 inter
1155 1829 1248 1868 eos
1277 1814 1402 1878 viri,
1427 1813 1593 1867 veluti
1619 1813 1894 1877 Aurelius,
1919 1826 2050 1866 con-

461 1907 584 1962 silia
607 1907 723 1975 ejus
745 1907 994 1961 lubenter
1013 1907 1377 1974 admitterent,
1402 1913 1457 1959 et
1475 1906 1649 1960 cuncti
1673 1905 1808 1960 adeo
1832 1905 1884 1959 in
1925 1919 2054 1959 con-

463 1999 588 2052 cilio
615 1997 946 2066 Hipponensi
983 2012 1036 2049 a.
1065 1998 1189 2063 595,
1221 1997 1338 2052 sine
1362 1997 1611 2065 exemplo
1634 2011 1818 2050 coram
1839 1996 1968 2064 ipsis
1989 1996 2052 2048 de

462 2088 569 2156 ﬁde
594 2098 641 2140 et
664 2089 893 2158 symbolo
923 2102 1228 2142 sermonem
1259 2086 1437 2142 facere
1463 2102 1584 2142 eum
1611 2087 1886 2155 juberent.
1923 2087 2055 2154 Qui-

462 2181 564 2234 bus
604 2180 855 2236 omnihus
895 2180 962 2235 de
987 2182 1165 2235 causis
1193 2180 1604 2250 haudquaquam
1639 2195 1774 2235 sane
1800 2180 2053 2236 inanibus

461 2283 712 2326 metuens
754 2273 1036 2338 Valerius,
1071 2288 1166 2336 ne,
1202 2273 1376 2326 sicubi
1408 2274 1692 2341 episcopus
1717 2273 1950 2337 deesset,
1983 2271 2050 2326 ad

461 2364 760 2418 Ecclesiam
790 2364 934 2417 illam
977 2362 1262 2430 regendam
1294 2362 1820 2432 subitrgevocaretur
1841 2403 1856 2428 ,
1894 2363 2052 2432 petiit

462 2456 532 2511 ab
576 2456 796 2510 Aurelio
845 2455 1181 2524 Carthaginis
1229 2456 1485 2524 episcopo
1537 2457 1804 2526 totiusque
1851 2455 2050 2512 Africa

460 2546 702 2615 primati,
732 2555 790 2600 ut
809 2545 910 2602 sibi
940 2546 1126 2600 liceret
1148 2560 1270 2599 eum
1298 2545 1559 2616 collegam
1595 2555 1650 2602 et
1672 2547 2050 2617 coepiscopum

457 2652 618 2692 suum
641 2636 836 2693 facere.
865 2636 1020 2704 Quod
1050 2636 1141 2691 ubi
1164 2637 1526 2708 impetrasset,
1559 2653 1682 2692 mox
1706 2639 1854 2693 clero
1875 2647 1929 2694 et
1952 2654 2050 2708 po-

459 2730 588 2803 pulo
615 2745 715 2786 suo
753 2732 1106 2800 pluribusque
1145 2729 1417 2798 episcopis
1459 2731 1819 2798 praesentibus
1847 2731 2054 2800 signiti-

460 2825 604 2880 cavit
647 2833 703 2878 et
739 2837 934 2892 magno
978 2836 1100 2876 cum
1145 2823 1386 2875 omnium
1425 2835 1695 2876 consensu
1741 2836 1772 2873 a
1825 2822 2053 2889 Megalia

461 2915 716 2982 episcopo
744 2909 1046 2983 Calamensi
1078 2908 1342 2962 Numidia)
1370 2909 1605 2976 primati,
1633 2908 1787 2974 cujus
1817 2908 1900 2959 hae
1927 2921 2051 2974 par-

462 3018 546 3060 tes
573 3011 748 3071 erant,
774 2998 1084 3070 postulavit,
1117 3005 1177 3052 ut
1203 2998 1514 3067 episcopum
1545 2997 1843 3052 ordinaret.
1880 2995 2052 3050 Inter-

2155 1835 2278 1888 nec,
2315 1821 2362 1875 si
2389 1821 2541 1878 locus
2585 1824 2768 1879 minus
2797 1836 2944 1881 esset
2979 1829 3220 1896 alienus,
3253 1842 3492 1890 nostram
3524 1852 3735 1906 Operam

2155 1923 2277 1982 post
2306 1921 2387 1968 tot
2425 1928 2762 1972 summorum
2791 1918 3030 1974 virorum
3073 1922 3404 1991 diligentiam
3441 1928 3734 1994 requirant.

2156 2004 2570 2075 Exspectabitur
2583 2023 2716 2064 vero
2744 2010 2917 2080 imago
2933 2001 3057 2077 viri,
3083 2015 3256 2084 qualis
3276 2017 3343 2072 ab
3373 2017 3476 2074 hoc
3503 2028 3739 2090 tempore

2156 2095 2339 2162 fuerit,
2393 2112 2460 2152 ex
2501 2099 2722 2168 scriptis
2775 2101 2893 2170 ejus
2943 2114 3325 2176 gestorumque
3357 2112 3615 2164 memoria
3647 2127 3737 2166 ex-

2154 2201 2367 2256 pressa,
2403 2189 2456 2244 in
2485 2205 2614 2259 qua,
2642 2192 2688 2245 si
2721 2193 2897 2247 minus
2921 2203 3079 2250 acute
3106 2198 3354 2262 viderim,
3383 2201 3476 2270 qui
3498 2202 3738 2256 colormn

2153 2276 2395 2334 delectus
2445 2288 2594 2336 esset
2642 2281 2951 2354 habendus,
2993 2285 3045 2339 id
3087 2289 3409 2356 reprehendi
3461 2307 3565 2346 non
3601 2308 3742 2364 aegre

2155 2369 2350 2437 patiar.
2384 2371 2464 2426 Ac
2514 2373 2748 2442 primum
2790 2375 3008 2445 quidem
3059 2377 3162 2433 huc
3210 2380 3336 2434 facit
3365 2383 3488 2439 vitae
3516 2386 3741 2453 privatae

2155 2461 2272 2530 ejus
2302 2465 2688 2524 consideratio.
2720 2469 2921 2525 Natura
2957 2472 3250 2528 vehemens
3294 2487 3441 2541 erat,
3475 2477 3743 2547 facileque

2154 2556 2406 2612 sensibus
2434 2563 2894 2629 commovebatur,
2947 2564 3017 2618 ita
3058 2575 3113 2620 ut
3159 2582 3510 2637 quaecumque
3539 2571 3744 2635 objicc-

2155 2656 2363 2714 rentur,
2392 2651 2572 2707 subito
2616 2654 3099 2723 complecteretur,
3132 2657 3456 2727 modumque
3481 2676 3588 2712 non
3617 2676 3746 2714 raro

2156 2735 2212 2789 in
2258 2738 2485 2795 fruendo
2532 2747 2842 2802 excederet.
2895 2749 3182 2802 Exercitiis
3233 2764 3361 2818 ergo
3408 2752 3740 2819 quotidianis

2155 2826 2284 2882 huic
2311 2834 2476 2885 animi
2507 2836 2698 2888 morbo
2721 2851 2782 2889 ac
2806 2838 3160 2892 imbecillitati
3185 2841 3388 2895 mederi
3411 2842 3738 2908 instituerat,

2154 2928 2350 2981 nempe
2396 2920 2849 2985 contemplatione
2898 2923 2980 2974 sui
3022 2924 3188 2990 ipsius
3235 2942 3297 2980 ac
3327 2929 3741 2997 investigatione

2154 3000 2442 3069 vitiorum,
2486 3018 2645 3073 prece
2692 3021 2856 3076 porro
2904 3012 3160 3068 continua
3200 3024 3255 3069 et
3281 3018 3459 3074 studio
3498 3035 3739 3081 amorem

463 3096 693 3152 cedebat
711 3091 930 3162 quidem
960 3091 1076 3160 ejus
1102 3088 1443 3157 ordinationi,
1473 3089 1716 3144 criminis
1745 3088 1928 3143 nescio
1957 3104 2051 3144 cu-
2078 3077 2125 3140 C
2157 3091 2252 3146 Dei
2284 3093 2338 3148 in
2360 3109 2419 3148 se
2446 3097 2699 3166 augendi.
2729 3098 2807 3155 Ac
2840 3100 2941 3156 hoc
2976 3112 3302 3172 postremum
3327 3111 3542 3178 quidem
3570 3077 3741 3184 potis:

459 3191 551 3255 jus
585 3202 707 3242 eum
739 3184 1056 3240 insimulans
1085 3182 1372 3252 Megalius;
1415 3183 1509 3237 sed
1550 3184 1640 3239 ubi
1684 3183 1875 3238 falsum
1919 3183 2049 3239 illud

464 3297 615 3351 esse,
649 3283 702 3336 in
735 3282 836 3335 hoc
865 3281 981 3350 ipso
1011 3278 1181 3347 litigio
1216 3277 1596 3347 cognovisset,
1637 3276 1892 3347 paenituit
1924 3292 2047 3334 eum

465 3375 768 3441 calumniae,
803 3389 903 3430 nec
931 3373 1134 3430 diutius
1163 3374 1217 3430 in
1247 3372 1642 3430 ordinationem
1672 3372 1791 3442 ejus
1815 3386 2048 3429 consen-

463 3480 583 3521 sum
627 3465 888 3522 cohibuit.
927 3465 1034 3522 Sed
1068 3475 1124 3520 et
1161 3465 1274 3535 ipse
1311 3465 1638 3534 Augustinus
1684 3465 2050 3522 reluctabatur

464 3567 520 3612 et
549 3572 654 3613 non
685 3557 788 3612 nisi
820 3557 1040 3627 prolatis
1065 3555 1258 3623 variis,
1292 3570 1398 3611 non
1431 3554 1702 3612 Africanis
1731 3555 1922 3621 modo,
1952 3557 2048 3612 sed

463 3653 836 3708 transmarinis
862 3650 1160 3719 exemplis,
1193 3665 1314 3720 quae
1354 3649 1420 3702 ab
1459 3648 1715 3704 Ecclesiae
1757 3658 2048 3705 consuetu-

465 3747 590 3801 dine
637 3761 743 3801 non
789 3745 1084 3798 abhorrere
1131 3743 1458 3809 probarent,
1507 3751 1568 3795 ut
1613 3742 1825 3796 vivente
1873 3742 2049 3798 adhuc

463 3840 717 3908 episcopo
758 3837 896 3890 alius
943 3836 1118 3892 eidem
1162 3833 1418 3890 Ecclesiae
1466 3837 1863 3903 praeﬁceretur,
1902 3837 2047 3892 vinci

463 3928 660 3999 potuit.
709 3930 847 3996 Apte
876 3926 976 3981 hoc
1016 3928 1136 3982 loco
1173 3927 1242 3981 ad
1277 3925 1549 3996 ingenium
1592 3927 1824 3982 hominis
1866 3928 2048 3984 decla-

463 4017 691 4076 randum
727 4017 794 4073 de
841 4018 1185 4073 recusatione
1230 4017 1348 4087 ejus
1391 4017 1589 4073 excidit
1635 4019 2045 4076 Benedictinis:

464 4111 591 4165 Non
615 4111 782 4164 minor
808 4118 916 4163 erat
942 4114 1056 4182 ejus
1086 4110 1329 4164 modestia
1359 4119 1406 4164 et
1441 4108 1651 4179 religio,
1683 4127 1837 4181 quam
1875 4120 1947 4165 tot
1984 4111 2048 4165 il-

465 4203 702 4258 lustrium
730 4204 972 4269 virorum,
1002 4204 1090 4273 qui
1118 4211 1263 4257 astate
1288 4203 1402 4272 illa,
1435 4213 1490 4256 ut
1515 4204 1862 4273 episcopatum
1887 4205 2050 4258 susci-

463 4302 658 4364 perent,
682 4294 829 4347 sicuti
855 4293 1023 4346 scribit
1053 4292 1129 4362 (a)
1150 4333 1163 4356 ,
1192 4293 1482 4346 tenebantur
1509 4293 1674 4357 inviti,
1698 4293 2046 4362 perduceban-

463 4398 579 4451 tur,
609 4384 1034 4453 includebantur,
1063 4385 1507 4453 custodiebantur,
1545 4385 1874 4454 patiebantur
1903 4393 2047 4439 tanta

463 4432 532 4440 '"'
565 4432 579 4451 ’
611 4432 988 4438 ""'"""""""
1021 4432 1034 4453 ’
1065 4432 1460 4438 """""'""""
1492 4432 1507 4453 ’
1546 4432 1859 4454 ¹’”””””“”’
1904 4432 2046 4439 ’“““”
2151 4442 2246 4485 sua
2343 4445 2422 4486 ua!
2452 4432 2523 4485 im
2567 4432 2739 4488 ediret

461 4497 575 4551 quae
615 4480 887 4544 nolebant,
931 4480 1092 4532 donec
1133 4479 1205 4532 eis
1249 4479 1445 4532 adesset
1474 4478 1709 4532 voluntas
1737 4479 2047 4548 suscipiendi
2071 4458 2127 4521 Ῑ)
2184 4445 2355 4551 Mil
2414 4447 2655 4551 "AR"
2692 4547 2739 4551 υ

463 4573 630 4640 operis
674 4572 812 4626 boni.
858 4567 1098 4639 Contigit
1145 4568 1412 4623 ordinatio
1458 4568 1575 4638 ejus
1623 4579 1854 4624 exeunte
1901 4584 2045 4626 anno

463 4662 568 4719 595
604 4670 698 4718 aut
746 4662 848 4717 sub
895 4661 1106 4716 initium
1151 4661 1449 4729 sequentis.
1495 4660 1552 4714 In
1585 4660 1723 4717 hanc
1761 4676 1890 4716 vero
1937 4671 2041 4720 tam

464 4750 728 4818 insignem
766 4752 1082 4822 dignitatem
1122 4751 1238 4819 ipse
1279 4758 1481 4804 tantum
1518 4750 1587 4805 de
1624 4765 1722 4804 suo
1761 4751 2046 4808 transfudit

465 4839 727 4894 honorem
754 4851 911 4910 atque
934 4842 1313 4899 claritudinem
1335 4883 1351 4910 ,
1379 4852 1440 4897 ut
1461 4842 1667 4897 nullum
1695 4858 1760 4899 eo
1788 4844 2045 4900 illustrio-

462 4946 580 4986 rem
616 4930 928 5000 episcopum
958 4934 1199 4992 Ecclesia
1243 4935 1434 4991 Latina
1478 4936 1708 4992 noverit.
1764 4936 1897 4992 Nam
1943 4939 2044 4994 etsi

460 5021 570 5090 jam
623 5029 750 5074 aute
814 5032 1126 5090 susceptum
1194 5027 1567 5099 episcopatum
1622 5042 1834 5084 summa
1900 5038 2044 5086 esset

532 5174 613 5319 Ξαζ
651 5173 823 5243 Ipsius
852 5175 1014 5231 verba
1039 5177 1094 5232 in
1121 5194 1202 5249 ep.
1233 5181 1301 5232 ad
1332 5181 1591 5237 Donatum
1619 5185 1742 5250 175,
1770 5201 1825 5240 n.
1845 5184 1897 5239 5.

560 5248 587 5300 b
642 5245 890 5319 Conless.
915 5246 952 5300 l.
987 5263 1100 5319 xui,
1131 5263 1180 5303 c.
1210 5250 1263 5311 8,
1295 5266 1347 5303 n.
1373 5251 1445 5305 9:
1483 5271 1501 5304 ι
1533 5255 1606 5306 Da
1635 5257 1762 5309 mihi
1797 5266 1897 5319 te,

560 5245 613 5319 ὸ)
642 5245 890 5319 Confess.
915 5246 952 5300 1.
987 5263 1100 5319 xui,
1131 5245 1180 5303 (ἑ.
1210 5250 1263 5311 8,
1295 5266 1347 5303 n.
1373 5251 1445 5305 9:
1483 5271 1501 5304 ι
1533 5255 1606 5306 Da
1635 5245 1762 5309 milii
1797 5266 1869 5319 te,
1895 5257 2037 5314 Deus

460 5317 638 5383 nteus,
669 5317 837 5395 redde
863 5325 918 5372 te
936 5317 1071 5395 mihi
1097 5337 1110 5372 :
1137 5328 1189 5373 te
1217 5321 1360 5374 enim
1390 5337 1533 5395 amo,
1563 5333 1614 5376 et
1644 5326 1690 5377 si
1723 5317 1905 5393 parum
1931 5338 2036 5395 est,

419 5456 424 5465 ι
459 5403 636 5467 amem
655 5386 902 5467 validius.
933 5387 1049 5444 N0n
1086 5403 1307 5467 possum
1335 5393 1533 5467 metiri,
1561 5403 1617 5447 ut
1640 5386 1830 5463 sciam,
1865 5386 2035 5467 quan;

459 5467 573 5531 tum
603 5459 744 5514 desit
770 5461 901 5515 mihi
929 5461 1132 5514 amoris
1156 5461 1221 5514 ad
1261 5461 1310 5514 id
1337 5463 1479 5531 quod
1511 5474 1592 5518 sat
1616 5473 1728 5530 est,
1770 5459 1829 5520 ut
1857 5459 2040 5526 c'urrat

459 5529 570 5600 vita
609 5543 725 5600 mea
777 5531 831 5584 in
867 5531 1156 5599 amplexus
1198 5529 1368 5600 mos,—
1402 5549 1499 5588 nec
1549 5529 1822 5591 avertatur
1863 5540 2037 5596 donec

459 5597 823 5682 abscondatur
861 5601 912 5682 in
954 5597 1272 5682 abscondito
1309 5597 1486 5659 vultus
1525 5607 1621 5682 tui_.
1668 5608 1778 5662 lloc
1831 5617 2036 5666 tantum

461 5670 611 5734 scio,
642 5670 764 5736 quia
788 5670 918 5724 male
945 5681 1021 5725 est
1066 5683 1262 5742 praeter
1292 5683 1372 5743 te,
1407 5692 1510 5732 non
1536 5678 1708 5733 solum
1740 5690 1890 5734 extra
1913 5696 2032 5750 me,

2154 3183 2350 3240 simum
2389 3185 2489 3242 fuit
2518 3189 2850 3261 praesidium,
2879 3209 2987 3264 quo
3029 3206 3219 3254 contra
3245 3183 3600 3270 cupiditatum
3643 3212 3741 3264 im-

2156 3287 2315 3349 petus
2359 3294 2422 3335 ac
2452 3281 2672 3338 insidias
2723 3287 2796 3339 uti
2843 3288 3066 3346 soleret.
3101 3291 3363 3350 Nimirum
3415 3309 3474 3354 ut
3529 3305 3738 3360 celeres

2154 3369 2288 3426 istos
2312 3386 2563 3428 sensuum
2587 3385 2761 3432 motus
2787 3386 2842 3433 et
2869 3382 3088 3437 crebras
3111 3384 3440 3445 vibrationes
3460 3403 3553 3448 aut
3584 3396 3737 3452 siste-

2155 3473 2240 3556 ret
2285 3474 2378 3556 aut
2407 3467 2596 3522 saltem
2624 3472 2970 3542 praepediret,
3005 3476 3113 3531 alio
3142 3492 3463 3539 convertere
3485 3503 3624 3556 opus
3648 3490 3736 3544 ha-

2153 3552 2267 3608 buit
2296 3554 2512 3612 interna
2544 3560 2774 3628 quadam
2803 3567 3151 3623 contentione
3176 3573 3445 3642 animique
3471 3552 3537 3631 ad
3571 3581 3735 3634 subli-

2154 3645 2357 3740 miores
2387 3649 2743 3718 cogitationes
2772 3657 3050 3714 evectione
3096 3670 3189 3715 aut
3219 3666 3394 3730 potius
3422 3679 3600 3738 raptu,
3635 3688 3734 3740 quo

2153 3737 2446 3808 plurimum
2469 3745 2617 3798 omni
2649 3755 2894 3816 tempore
2918 3766 2980 3805 ac
3012 3753 3063 3807 in
3087 3757 3232 3811 omni
3263 3737 3735 3829 contemplationis

2152 3845 2356 3898 genere
2386 3836 2633 3892 homines
2665 3839 2829 3895 vividi
2867 3844 3070 3912 ingenii
3120 3851 3357 3916 potuisse
3401 3869 3732 3923 compertum

2152 3931 2257 3979 est.
2286 3923 2398 3980 Nec
2420 3940 2549 3981 vero
2573 3927 2676 3983 iste
2705 3931 2856 3986 nisus
2884 3931 3199 3993 inﬁrmioris
3224 3950 3341 3996 erat
3364 3946 3606 4015 cerebri,
3647 3958 3734 4002 aut

2151 4031 2386 4081 mentem
2408 4027 2530 4097 ejus
2551 4027 2620 4083 de
2640 4037 2784 4084 statu
2804 4031 3151 4102 deturhahat,
3177 4040 3271 4093 sed
3305 4043 3550 4097 utebatur
3571 4047 3731 4100 etiam

2153 4123 2209 4179 in
2240 4124 2324 4180 his
2344 4128 2756 4186 ratiocinatione
2781 4133 3014 4201 quadam
3043 4135 3144 4204 ipsi
3172 4141 3387 4209 propria
3413 4151 3464 4196 et
3489 4144 3637 4198 velut
3666 4163 3733 4200 ex

2151 4225 2392 4297 perfecta
2439 4230 2746 4299 cognitione
2772 4241 2826 4288 et
2875 4237 3119 4304 propiori
3153 4251 3374 4309 aspectu
3417 4244 3731 4302 inﬂammari

2151 4328 2454 4385 videbatur.
2487 4329 2626 4385 Hinc
2653 4333 2980 4401 querebatur
3007 4338 3149 4406 apud
3191 4356 3251 4396 se
3298 4343 3366 4396 de
3411 4345 3731 4402 lassitudine

2743 4474 2759 4501 ,
2783 4439 3074 4504 quominus
3123 4441 3312 4509 Deum,
3342 4455 3500 4512 prout
3530 4449 3725 4517 vellet,

2148 4539 2380 4590 amaret.
2413 4530 2658 4586 Metuens
2688 4532 2898 4590 scilicet
2933 4542 3178 4610 corporis
3228 4543 3511 4613 imaginem
3536 4549 3590 4601 in
3622 4548 3728 4601 Deo

2145 4634 2455 4703 concipere,
2485 4646 2646 4688 sensu
2689 4645 2866 4692 tamen
2903 4640 3153 4708 amplecti
3187 4645 3467 4713 cupiebat,
3492 4663 3614 4718 quae
3644 4662 3725 4701 so-

2143 4733 2250 4789 lius
2280 4732 2584 4788 intellectus
2611 4747 2784 4792 erant.
2813 4736 2944 4794 Nam
2985 4742 3436 4810 pulchritudinem
3466 4757 3520 4802 et
3549 4751 3725 4805 dulce-

2146 4833 2327 4889 dinem
2368 4833 2466 4889 Dei
2494 4835 2674 4890 laudat
2712 4846 2766 4893 et
2816 4839 2869 4893 in
2900 4842 3184 4910 amplexus
3222 4845 3339 4916 ejus
3380 4849 3541 4903 vitam
3577 4865 3722 4905 suam

2146 4948 2367 4990 currere
2404 4933 2533 4989 dicit
2576 4942 2631 4990 et
2671 4951 2793 4991 cum
2840 4938 2936 4994 illo
2981 4943 3133 5009 quasi
3165 4946 3339 5002 amico
3388 4957 3441 5003 et
3479 4949 3723 5005 familiari

2124 5030 2344 5101 blando
2373 5049 2646 5104 sermone,
2669 5037 3189 5114 colloquehaturtb).
3205 5045 3316 5102 Nec
3345 5056 3524 5106 tamen
3544 5066 3723 5108 emen-

2148 5189 2244 5277 sed
2271 5198 2326 5246 et
2348 5191 2512 5277 inme
2534 5193 2669 5277 ipso,
2697 5197 2952 5277 etomnis
2978 5201 3108 5277 mihi
3129 5205 3282 5276 copia
3309 5223 3428 5277 quae
3450 5209 3596 5267 Deus
3620 5227 3721 5268 non

2145 5267 2624 5352 es'tn,eg‘e‘stas.es‘ti
2653 5284 2674 5318 ι
2701 5267 2836 5352 Ibid.
2866 5269 2961 5324 lib.
2990 5272 3113 5328 eod.
3139 5267 3259 5345 ca'p.
3282 5267 3383 5344 29,
3411 5291 3467 5335 ct
3493 5295 3574 5352 sq.
3605 5284 3720 5338 lim:

2151 5331 2266 5418 «Et
2295 5331 2496 5415 attendi
2528 5345 2582 5418 u_t
2609 5337 2910 5396 invenirem
2931 5384 2944 5406 ,
2997 5355 3175 5400 utrum
3207 5331 3720 5418 septies'veljocties

2141 5402 2381 5494 videris,
2406 5406 2527 5494 quia
2561 5406 2708 5494 bona.
2727 5423 2850 5466 sunt
2879 5402 3042 5494 opera
3073 5427 3184 5494 tua,
3212 5402 3462 5477 cuin—tibi
3483 5402 3716 5494 1.156.};

2143 5483 2384 5566 {untnzhet
2413 5481 2464 5530 in
2495 5485 2582 5532 tua
2612 5481 2818 5566 visione
2843 5500 2947 5566 non
2973 5481 3455 5566 invenitempora,
3488 5481 3585 5566 per
3606 5489 3717 5566 quae

2137 5545 2540 5632 ‘iJntellig‘er‘ein,
2585 5552 2726 5620 quod
2768 5557 2929 5632 toties
2964 5557 3205 5632 videris,
3245 5545 3390 5632 qua;
3424 5545 3636 5622 {etiis-ti.1
3646 5545 3719 5619 Et

2143 5613 2248 5700 dixi
2271 5615 2361 5697 ,0
2386 5613 2639 5700 Domine,
2693 5629 2998 5700 nonneista
3027 5613 3678 5700 scriptyura—tua-veraﬂes-l

2140 5699 2392 5752 quoniam
2423 5699 2476 5745 tu
2508 5706 2667 5747 verax
2698 5704 2751 5751 et
2781 5698 2978 5754 veritas
3016 5698 3234 5758 edidisti
3263 5709 3421 5764 eam?
3458 5708 3568 5765 Cur
3593 5708 3715 5776 ergo
