3882 6312
467 401 533 464 δυ
1068 451 1069 456 ,
1123 445 1128 461 .
1179 446 1182 454 .
1350 387 1912 454 sUPPLEMENTuu
1953 387 2045 444 AD
2085 384 2318 442 OPERA
2357 384 2415 441 s.
2459 374 2849 443 AUGUSTINI.
3666 385 3729 444 ιο

465 518 797 589 ceptabatur,
829 522 918 568 aut
947 513 1014 567 de
1044 511 1148 566 vita
1180 517 1233 564 et
1264 509 1500 562 moribus
1558 505 1878 560 clericorum
1939 506 2052 556 sin-
2081 500 2134 560 A
2157 501 2451 556 diffidentia
2481 518 2548 557 ne
2577 503 2792 572 quidem
2824 516 3058 573 unquam
3091 503 3390 559 rescribere
3416 500 3726 560 voluerunt:

465 616 715 683 gulorum
747 609 998 677 judicium
1042 604 1198 658 fiebat
1227 647 1240 669 ,
1273 609 1365 655 aut
1393 599 1624 668 denique
1672 607 1767 666 pro
1809 594 2056 649 doctrina

470 702 843 761 confirmanda
872 695 1330 764 custodiendaque
1357 689 1580 747 consilia
1609 687 1862 742 salutaria
1892 686 2058 754 agita-

468 797 685 859 bantur,
715 809 777 848 ac
807 790 1179 847 haereticorum
1207 800 1271 840 ac
1299 782 1766 840 schismaticorum
1811 778 2060 846 dogmata

473 897 724 957 artesque
777 884 1168 940 damnabantur
1221 891 1274 935 et
1315 876 1779 948 impugnabantur.
1815 872 2063 928 Interfuit

471 978 633 1048 igitur
681 975 945 1039 conciliis,
973 974 1040 1028 de
1081 971 1276 1042 quibus
1313 970 1528 1039 quidem
1576 969 1910 1037 exploratum
1957 976 2058 1034 est,

477 1064 1051 1136 Carthaginiensibus,
1110 1070 1299 1130 quarto
1343 1075 1395 1114 a.
1450 1059 1576 1126 '598,
1641 1058 1828 1127 quinto
1875 1058 2063 1114 eodem

473 1173 635 1223 anno,
664 1167 824 1213 sexto
853 1164 906 1211 et
933 1153 1159 1223 septimo
1181 1167 1232 1204 a.
1257 1150 1362 1206 419
1385 1151 1437 1204 in
1465 1164 1621 1205 causa
1651 1149 2065 1219 appellationum

471 1251 707 1318 habitis;
746 1250 998 1306 Africano
1046 1246 1206 1301 tertio
1245 1260 1297 1298 a.
1351 1243 1482 1309 40l,
1531 1252 1584 1299 et
1612 1251 1803 1313 quarto
1828 1257 1879 1296 a.
1911 1241 2013 1297 407
2048 1257 2078 1307 ;·

472 1341 761 1396 Collationi
799 1339 1058 1393 adversus
1105 1335 1410 1390 Donatistae
1437 1350 1489 1388 a.
1517 1335 1614 1388 Ml
1643 1351 1656 1399 ;
1682 1333 1912 1388 Cirtensi
1941 1349 2071 1390 con-

480 1439 562 1482 tra
593 1428 810 1484 eosdem
841 1443 892 1480 a.
923 1424 1051 1491 412,
1096 1432 1152 1478 et
1191 1423 1503 1480 Milevitano
1531 1431 1718 1478 contra
1753 1424 2068 1495 Pelagianos

480 1534 532 1573 a.
559 1520 685 1574 418.
719 1521 896 1588 Atque
923 1527 981 1571 ut
1010 1517 1155 1571 nulla
1196 1517 1384 1572 harum
1421 1516 1748 1587 synodorum
1795 1525 1912 1572 acta
1961 1518 2072 1572 cla-

478 1613 623 1667 riora
655 1620 802 1676 sunt,
833 1624 992 1680 quam
1038 1623 1157 1678 quae
1197 1609 1266 1663 ad
1297 1609 1584 1664 hieresium
1613 1609 2070 1680 impugnationem

478 1710 808 1771 spectarunt,
835 1701 908 1755 ita
939 1698 1218 1768 Augustini
1245 1715 1456 1770 quoque
1486 1701 1630 1755 nulla
1660 1700 1745 1755 vel
1775 1701 1828 1754 in
1856 1699 2068 1767 iisdem,

479 1794 564 1848 vel
595 1803 786 1863 suopte
807 1793 1031 1850 consilio
1059 1802 1210 1862 gesta
1255 1794 1545 1850 illustriora
1589 1802 1736 1864 sunt,
1787 1808 1948 1864 quam
1977 1793 2074 1849 ad-

480 1900 674 1940 versus
703 1900 814 1940 suae
845 1886 1020 1940 aetatis
1053 1886 1354 1941 haereticos.

552 1976 654 2030 Hic
679 1977 1135 2045 Schaenemannus,
1175 1993 1283 2031 sua:
1302 1986 1450 2032 secta:
1465 1978 1626 2032 indoli
1656 1979 1868 2032 nimium
1894 1977 2068 2032 indul-

481 2087 604 2142 gens
622 2111 636 2135 ,
661 2069 748 2125 ‘S.
793 2071 1063 2140 Augustini
1098 2080 1274 2124 contra
1302 2070 1536 2124 hwresim
1566 2069 1909 2124 nobilissimos
1936 2087 2066 2140 ago-

480 2170 726 2214 nestanta
753 2162 944 2214 invidia
971 2162 1295 2230 prosequitur
1322 2172 1374 2214 ut
1405 2161 1573 2213 minus
1603 2161 1902 2213 historicum
1919 2176 2071 2228 quant

483 2253 850 2319 sycophantam
878 2268 1025 2320 agere
1051 2252 1299 2304 videatur.
1335 2252 1462 2318 Qua:
1507 2251 1660 2320 igitur
1688 2251 1827 2304 illius
1858 2249 2072 2302 Notitiaz

485 2351 812 2426 supererant,
865 2343 1147 2409 nostrisque
1191 2345 1396 2410 fuerant
1445 2341 1592 2393 nimis
1635 2342 1849 2407 ﬁdenter
1884 2340 2075 2392 inserta

485 2418 758 2499 coiii'iiinis,
785 2432 1118 2499 succidimus,
1148 2439 1300 2501 atque
1322 2447 1382 2484 ea:
1408 2430 1671 2497 Possidio,
1702 2431 1883 2483 charta
1911 2432 2076 2483 medi-

489 2525 643 2579 cabili
672 2524 925 2590 adhibita,
959 2525 1278 2594 supplemus,
1330 2522 1452 2577 alibi
1495 2524 1633 2578 dicta
1658 2534 1880 2594 repetere
1927 2539 2078 2592 quant

487 2617 728 2673 haeretica
761 2617 991 2688 proferre
1018 2618 1278 2688 eligentes.
1312 2614 1472 2670 EDIT.

573 2728 591 2762 ι
615 2711 1047 2781 Docebat,inquit
1064 2711 1359 2778 Possidius,
1383 2719 1436 2766 et
1457 2711 1777 2781 praedicabat
1795 2711 1884 2767 ille
1906 2712 2083 2780 priva-

495 2803 591 2860 tim
609 2813 662 2858 et
683 2804 916 2873 publice,
941 2804 995 2856 in
1021 2804 1180 2858 domo
1209 2812 1262 2857 et
1288 2803 1342 2857 in
1375 2804 1621 2870 ecclesia,
1648 2806 1833 2859 salutis
1856 2805 2080 2858 verbum

491 2909 612 2950 cum
636 2895 780 2946 omni
806 2893 997 2945 fiducia
1021 2892 1278 2945 adversus
1305 2891 1587 2943 Africanas
1617 2892 1870 2953 haereses,
1906 2891 2078 2942 maxi-

492 3000 689 3055 meque
717 2993 903 3038 eontra
936 2981 1258 3047 Donatistae,
1287 2980 1611 3034 Manichaeos
1637 2987 1692 3033 et
1720 2979 1982 3048 Paganos,
2020 2977 2081 3030 li-

493 3076 608 3131 bris
647 3070 937 3138 confectis,
991 3078 1046 3128 et
1084 3068 1384 3138 repentinis
1410 3067 1783 3133 sermonibus,
1837 3065 2081 3121 ineffabi-

493 3167 619 3222 liter
669 3163 1054 3218 admirantibus
1094 3160 1416 3216 Christianis
1459 3169 1514 3215 et
1552 3159 1980 3224 collaetantibus,
2029 3165 2085 3212 et

496 3254 803 3324 hoctipsum
836 3253 924 3308 ubi
972 3260 1219 3322 poterant
1250 3265 1356 3307 non
1403 3252 1739 3318 tacentibus,
1798 3249 1891 3305 sed
1931 3248 2086 3304 diffa-
2110 3229 2159 3297 C

497 3345 784 3401 mentibus.
806 3345 1022 3414 Sicque,
1043 3344 1331 3414 adjuvante
1359 3344 1602 3410 Domino,
1626 3345 1806 3399 levare
1832 3342 1886 3396 in
1903 3340 2087 3396 Africa

498 3442 738 3497 Ecclesia
769 3441 1032 3498 catholica
1061 3454 1253 3498 exorsa
1286 3449 1370 3496 est
1394 3451 1572 3508 caput,
1602 3455 1721 3510 quae
1754 3441 1925 3496 multo
1950 3447 2088 3494 tem-

501 3547 632 3602 pore
677 3533 785 3589 illic
829 3532 1329 3588 convalescentibus
1372 3533 1669 3599 haereticis,
1717 3531 2089 3601 praecipueque

500 3626 866 3697 rebaptizante
917 3627 1106 3683 Donati
1148 3636 1302 3697 parte
1367 3614 1632 3694 majorem
1690 3623 2086 3679 multitudinem

502 3718 784 3783 Afrorum.
827 3719 1047 3774 seducta
1091 3725 1146 3772 et
1171 3731 1428 3786 Oppressa
1466 3715 1697 3784 jacebat.
1749 3715 1816 3769 Et
1845 3715 1943 3770 hos
1972 3718 2090 3784 ejus

500 3810 670 3865 libros
702 3811 812 3863 sive
843 3817 1099 3863 tractatus
1140 3807 1372 3862 mirabili
1404 3806 1501 3860 Dei
1531 3807 1700 3876 gratia
1739 3807 2092 3876 procedentes

505 3918 567 3958 ac
594 3903 942 3973 profluentes,
979 3904 1269 3957 instructos
1300 3901 1524 3956 rationis
1566 3903 1750 3970 copia,
1784 3911 1943 3972 atque
1966 3917 2093 3958 auc-

509 3995 722 4051 toritate
752 4004 1056 4049 sanctarum
1089 3993 1523 4063 Scripturarum,
1571 3994 1674 4063 ipsi
1720 4009 1931 4064 quoque
1980 3994 2093 4049 bte-

511 4087 662 4142 retici
703 4095 1084 4142 concurrentes
1133 4100 1254 4140 cum
1305 4085 1593 4140 Catholicis
1657 4084 1860 4154 ingenti
1903 4084 2096 4141 ardore

513 4180 799 4235 audiebant
827 4197 838 4233 :
866 4188 920 4234 et
947 4179 1209 4248 quisquis,
1243 4188 1300 4232 ut
1329 4178 1515 4244 voluit,
1549 4185 1605 4232 et
1634 4178 1827 4246 potuit,
1860 4178 2096 4231 notarios

516 4273 815 4339 adhibens,
872 4270 1031 4327 etiam
1080 4286 1142 4326 ea
1190 4285 1307 4339 qum
1356 4269 1673 4325 dicebantur
1710 4276 1931 4337 excepta
1971 4267 2096 4323 des-

515 4368 588 4423 cri
596 4367 721 4437 psit.

594 4476 614 4511 ι
656 4457 784 4527 Ejus
814 4456 954 4511 dicta
993 4464 1150 4526 atque
1194 4463 1438 4525 excepta,
1464 4454 1694 4510 maxime
1724 4453 2015 4509 Donatista:
2044 4453 2098 4508 in

519 4549 709 4609 eadem
739 4548 1068 4618 Hipponensi
1102 4547 1186 4601 vel
1221 4547 1392 4601 vicina
1436 4555 1713 4602 manentes
1743 4546 1987 4612 civitate,
2030 4544 2098 4599 ad

2161 594 2252 647 sed
2286 595 2403 649 irati
2460 594 2656 650 furiosa
2702 595 3092 666 loquebantur,
3126 605 3283 666 atque
3324 596 3660 652 seductorem
3686 610 3731 654 et

2160 689 2501 757 deceptorem
2533 690 2831 744 animarum
2862 690 3215 761 Augustinum
3245 705 3388 756 esse,
3418 698 3472 745 et
3499 691 3730 760 privatim

2161 793 2215 840 et
2245 786 2454 853 publice
2500 785 2941 850 conclamabant;
2975 795 3029 841 et
3071 794 3128 841 ut
3169 786 3352 854 lupum
3399 783 3734 841 occidendum

2162 893 2281 934 esse
2320 880 2372 934 in
2408 878 2770 934 defensionem
2802 879 2980 949 gregis
3025 879 3131 947 sui,
3165 877 3415 933 dicebant
3455 886 3511 932 et
3551 886 3735 933 tracta-

2164 969 2320 1033 bant;
2353 969 2639 1039 omniaque
2666 978 2885 1039 peccata
2909 985 2937 1021 a
2960 969 3071 1024 Deo
3101 967 3467 1024 indubitanter
3487 982 3612 1024 esse
3636 984 3738 1024 cre-

2166 1061 2398 1116 dendum
2432 1075 2588 1131 posse
2619 1060 2814 1116 dimitti
2842 1061 2907 1115 iis
2939 1060 3162 1130 qui..hoc
3193 1060 3371 1116 facere
3401 1075 3464 1116 ac
3497 1063 3739 1130 perficere

2168 1156 2498 1224 potuissent,
2549 1167 2649 1209 nec
2679 1154 2844 1216 Deum
2877 1154 3156 1222 timentes,
3206 1167 3306 1210 nec
3338 1152 3588 1209 homines
3628 1169 3741 1209 eru-

2169 1244 2469 1300 bescentes.
2506 1243 2574 1298 Et
2601 1252 2662 1299 ut
2689 1258 2870 1299 eorum
2904 1259 3081 1300 causa:
3111 1243 3410 1300 diffidentia
3438 1243 3646 1300 cunctis
3674 1243 3744 1297 in-

2170 1345 2505 1405 notesceret,
2556 1335 2891 1391 elaboravit:
2926 1344 2980 1390 et
3022 1336 3248 1406 publicis
3273 1336 3440 1406 gestis
3485 1334 3746 1399 conventi,

2173 1445 2281 1484 non
2309 1438 2434 1484 sunt
2465 1429 2580 1484 ausi
2605 1429 2875 1484 conferre.
2897 1429 3176 1484 Habebant
3199 1429 3363 1484 etiam
3391 1429 3555 1484 iidem
3586 1430 3749 1484 Dona-

2174 1521 2310 1575 tistae
2339 1535 2434 1588 per
2474 1534 2600 1574 suas
2639 1535 2776 1589 pene
2801 1534 2988 1575 omnes
3035 1521 3304 1576 Ecclesias
3332 1521 3630 1577 inauditum
3660 1523 3751 1575 ho-

2174 1613 2376 1666 minum
2422 1624 2590 1681 genus
2635 1625 2942 1677 perversum
2973 1624 3038 1663 ac
3082 1609 3416 1678 violentum,
3471 1611 3621 1665 velut
3662 1609 3753 1664 sub

2177 1701 2509 1772 professione
2547 1700 2939 1756 continentium
2969 1700 3339 1767 ambulantes,
3378 1700 3470 1770 qui
3515 1701 3754 1755 Circum-

2177 1793 2434 1847 celliones
2462 1791 2801 1847 dicebantur.
2837 1791 2903 1845 Et
2945 1800 3097 1847 erant
3139 1792 3192 1846 in
3223 1792 3423 1862 ingenti
3456 1806 3680 1848 numero
3709 1800 3755 1846 et

2097 1874 2148 1937 B
2177 1887 2346 1941 turbis
2370 1899 2464 1954 per
2494 1899 2681 1939 omnes
2711 1898 2848 1953 pene
2879 1882 3159 1938 Africanas
3187 1883 3437 1953 regiones
3466 1883 3754 1940 constituti.

2172 1981 2274 2049 Qui
2307 1980 2461 2034 malis
2493 1977 2680 2033 imbuti
2718 1977 3048 2043 doctoribus,
3082 1977 3304 2032 audacia
3343 1977 3575 2045 superba
3608 1985 3662 2031 et
3690 1983 3760 2028 te-

2170 2075 2417 2130 meritate
2447 2073 2652 2138 illicita,
2684 2087 2783 2126 nec
2811 2071 2943 2139 suis,
2978 2085 3078 2126 nec
3105 2071 3297 2126 alienis
3328 2070 3618 2139 aliquando
3644 2082 3760 2138 par-

2173 2166 2386 2230 cebant,
2419 2172 2606 2220 contra
2630 2163 2716 2232 jus
2747 2163 2933 2232 fasque
2976 2163 3027 2216 in
3058 2164 3236 2218 causis
3261 2161 3648 2217 interdicentes
3674 2160 3766 2213 ho-

2177 2256 2408 2310 minibus
2435 2272 2449 2308 :
2475 2262 2529 2309 et
2573 2254 2676 2309 nisi
2721 2254 3062 2320 obedissent,
3095 2254 3304 2309 damnis
3334 2251 3669 2323 gravissimis
3719 2259 3770 2304 et

2178 2348 2415 2404 caedibus
2445 2346 2773 2412 efficiebant,
2805 2346 2998 2402 armati
3022 2346 3251 2401 diversis
3275 2345 3417 2412 telis,
3446 2344 3777 2401 bacchantes

2179 2455 2275 2511 per
2304 2454 2462 2509 agros
2490 2439 2782 2509 villasque,
2836 2453 3004 2508 usque
3050 2438 3117 2492 ad
3149 2435 3422 2506 sanguinis
3453 2434 3789 2489 effusionem

2180 2530 2440 2587 accedere
2469 2546 2575 2587 non
2614 2540 2938 2587 metuentes.
2987 2529 3095 2584 Sed
3123 2528 3249 2582 dum
3277 2527 3500 2581 verbum
3542 2524 3653 2578 Dei
3699 2537 3793 2576 se—

2183 2624 2306 2679 dulo
2337 2625 2755 2693 praedicaretur,
2787 2631 2842 2679 et
2867 2637 2985 2678 eum
3029 2620 3110 2675 his
3147 2618 3237 2687 qui
3267 2616 3494 2672 oderant
3539 2627 3743 2684 pacem
3768 2652 3783 2679 ,

2183 2716 2331 2785 pacis
2383 2715 2522 2768 ratio
2578 2714 2900 2777 haberetur,
2953 2711 3029 2764 illi
3086 2710 3390 2777 loquentem
3430 2702 3776 2759 debellabant

2186 2808 2370 2875 gratis.
2403 2806 2467 2860 Et
2495 2820 2616 2862 cum
2643 2805 2904 2858 adversus
2934 2815 3119 2857 eorum
3152 2799 3347 2868 dogma
3389 2794 3589 2848 veritas
3621 2792 3777 2847 inno-

2188 2900 2456 2952 tesceret,
2487 2894 2575 2955 qui
2623 2891 2876 2941 volebant
2925 2897 2979 2938 et
3033 2896 3309 2953 poterant,
3353 2899 3476 2939 sese
3524 2882 3649 2938 inde
3699 2884 3777 2939 vel

2189 2977 2490 3045 eripiebant
2515 2975 2597 3029 vel
2625 2974 3011 3036 subducebant,
3038 2982 3092 3027 et
3123 2974 3237 3041 paci
3269 2980 3429 3040 atque
3458 2973 3655 3026 unitati
3679 2974 3770 3027 Ec-

2190 3067 2368 3121 clesiae
2398 3080 2520 3120 cum
2557 3063 2668 3119 suis
2697 3063 2892 3131 quibus
2933 3071 3179 3131 poterant
3210 3062 3576 3118 cohaerebant.
3628 3063 3771 3120 Unde

2194 3159 2270 3214 illi
2300 3158 2382 3214 sui
2411 3158 2612 3213 erroris
2641 3157 3086 3227 congregationes
3113 3156 3278 3211 minui
3308 3155 3580 3225 videntes,
3629 3168 3777 3226 atque

2192 3249 2494 3320 augmentis
2543 3248 2799 3304 Ecclesiae
2839 3247 3141 3302 invidentes
3165 3288 3178 3313 ,
3212 3247 3422 3302 accensi
3469 3248 3780 3304 exardesce-

2193 3341 2322 3397 bant
2357 3342 2434 3395 ira
2465 3339 2810 3409 gravissima,
2863 3347 2918 3394 et
2955 3337 3327 3393 intolerabiles
3381 3339 3782 3407 persecutiones

2193 3430 2384 3489 unitati
2415 3431 2674 3487 Ecclesia:
2703 3430 2969 3500 compacti
2998 3429 3293 3493 faciebant;
3329 3428 3569 3498 ipsisque
3613 3444 3783 3485 sacer-

2194 3525 2411 3582 dotibus
2437 3523 2712 3578 catholicis
2750 3531 2804 3577 et
2851 3522 3112 3577 ministris
3150 3522 3525 3592 aggressiones
3564 3520 3783 3576 diurnas

2193 3627 2352 3688 atque
2379 3628 2688 3684 nocturnas,
2715 3614 3150 3684 direptionesque
3180 3629 3358 3668 rerum
3391 3611 3638 3668 omnium
3662 3611 3786 3667 infc-

2195 3713 2405 3767 rebant.
2436 3711 2568 3766 Nam
2600 3718 2654 3764 et
2685 3709 2883 3764 multos
2927 3709 3022 3764 Dei
3053 3722 3240 3762 servos
3269 3706 3506 3762 caedibus
3536 3706 3785 3762 debilita-

2196 3813 2411 3860 verunt.
2441 3803 2721 3874 Aliquibus
2749 3803 2908 3856 etiam
2941 3801 3144 3856 calcem
3175 3814 3296 3856 cum
3328 3808 3480 3854 aceto
3507 3799 3561 3853 in
3601 3797 3784 3854 oculos

2197 3895 2496 3961 niiserunt,
2561 3895 2801 3964 aliosque
2853 3892 3183 3947 occiderunt.
3246 3890 3400 3947 Unde
3456 3890 3620 3946 etiam
3683 3887 3783 3944 suis

2198 3987 2360 4044 iidem
2394 3987 2685 4042 Donatistae
2730 3985 3157 4053 rebaptizatores
3188 3983 3241 4038 in
3271 3984 3452 4038 odium
3479 3982 3781 4039 veniebant.

2279 4098 2295 4130 ‹
2326 4079 2624 4149 Aliquoties
2661 4091 2790 4132 vero
2819 4076 2979 4132 etiam
3010 4076 3122 4131 vias
3152 4076 3341 4130 armati
3365 4074 3524 4129 iidem
3545 4075 3784 4130 Circum»

2201 4169 2456 4224 celliones
2494 4175 2681 4222 contra
2730 4165 2986 4221 famulum
3036 4165 3132 4220 Dei
3170 4164 3523 4235 Augustinum
3563 4164 3784 4218 obsede-

2201 4270 2362 4325 runt,
2423 4258 2549 4312 dum
2609 4257 2745 4312 forte
2786 4257 2888 4311 iret
2945 4265 3162 4325 rogatus
3205 4256 3274 4310 ad
3318 4253 3654 4319 visitandas,
3703 4253 3782 4307 in-

2203 4350 2484 4407 struendas
2505 4358 2559 4405 et
2581 4348 2944 4405 exhortandas
2967 4347 3257 4403 catholicas
3278 4346 3486 4414 plebes;
3511 4345 3654 4412 quod
3679 4344 3785 4413 ipse

2202 4445 2639 4514 frequentissime
2669 4442 2924 4497 faciebat.
2954 4442 3022 4496 Et
3047 4437 3331 4509 aliquando
3359 4436 3608 4507 contigit,
3638 4447 3696 4492 ut
3715 4435 3784 4490 illi

2203 4536 2584 4593 succenturiati
2615 4535 2873 4589 hactenus
2915 4533 3198 4603 perderent
3237 4529 3582 4601 captionem:
3613 4528 3787 4585 evenit

521 4657 649 4698 suos
697 4616 976 4710 episcopos
1024 4637 1360 4694 deferebant.
1394 4639 1522 4706 Quae
1552 4652 1673 4693 cum
1704 4637 1998 4702 audissent,
2051 4644 2103 4691 et
2131 4616 2186 4677 Ι)
2209 4632 2350 4688 enim
2381 4630 2476 4686 Dei
2519 4629 2736 4700 quidem
2785 4627 3152 4699 providentia,
3192 4626 3288 4682 sed
3327 4624 3600 4680 ducatoris
3629 4620 3788 4678 homi-

524 4740 708 4785 contra
749 4732 883 4785 forte
913 4727 1115 4797 aliquid
1143 4727 1416 4794 dicerent,
1456 4736 1547 4782 aut
1573 4742 1604 4781 a
1638 4727 1748 4781 suis
1787 4726 2104 4782 refelleban-

525 4830 650 4884 tur,
701 4830 791 4873 aut
839 4822 1025 4877 eadem
1057 4833 1316 4888 responsa
1364 4819 1430 4873 ad
1462 4829 1702 4874 sanctum
1753 4818 2104 4888 Augustinum

528 4909 924 4975 deferebantur,
957 4914 1141 4982 eisque
1169 4911 1478 4981 compertis,
1515 4910 1782 4980 patienter
1807 4927 1870 4965 ac
1898 4911 2108 4979 leniter,

530 5011 604 5067 et,
637 5011 695 5055 ut
731 5002 983 5068 scriptum
1015 5013 1116 5069 est,
1141 5018 1263 5057 cum
1305 5003 1496 5058 timore
1538 5009 1592 5057 et
1628 5010 1861 5057 tremore
1883 5001 2109 5057 salutem

531 5092 768 5148 onmium
821 5091 1141 5160 operabatur
1183 5093 1450 5165 (Philipp.
1491 5110 1561 5160 ll,
1616 5094 1705 5164 l2)
1739 5111 1754 5147 :
1786 5094 2112 5162 ostendens,

534 5199 691 5254 quam
717 5181 847 5236 nihil
875 5182 948 5235 illi
977 5181 1222 5236 refellere
1244 5185 1508 5239 voluerint
1535 5201 1597 5239 ac
1619 5187 1906 5251 valuerint,
1932 5200 2118 5256 quam-

535 5292 638 5345 que
687 5289 876 5327 verum
924 5272 1376 5343 manifestumque
1421 5275 1492 5329 sit
1540 5277 1682 5343 quod
1731 5277 1985 5335 EccleSiae
2022 5276 2120 5333 Dei

537 5370 670 5424 fides
718 5377 865 5423 tenet
895 5382 957 5421 ac
999 5367 1175 5421 docet.
1209 5366 1274 5421 Et
1304 5367 1419 5422 haec
1459 5354 1649 5424 diebus
1677 5385 1738 5425 ac
1780 5372 2022 5426 noctibus
2051 5372 2121 5426 ab

540 5465 726 5518 eodem
752 5464 954 5534 jugiter
982 5463 1293 5532 agebantur.
1327 5462 1457 5517 Nam
1502 5473 1555 5519 et
1599 5465 1852 5534 epistolas
1885 5467 2119 5534 privatas

477 5572 481 5576 ·
542 5552 608 5605 ad
652 5567 890 5623 quosque
916 5553 1156 5622 ejusdem
1185 5554 1382 5608 erroris
1411 5555 1710 5624 episcopos,
1747 5565 1802 5610 et
1821 5556 2122 5611 eminentes

544 5644 754 5700 scilicet
777 5644 944 5701 laicos
967 5647 1134 5712 dedit,
1168 5649 1375 5703 ratione
1405 5649 1612 5703 reddita
1643 5650 1939 5707 admonens
1964 5658 2125 5720 atque

546 5739 876 5805 exhortans,
929 5750 987 5797 ut
1020 5743 1104 5796 vel
1147 5742 1214 5797 ab
1252 5743 1341 5797 illa
1370 5758 1428 5799 se
1462 5743 1726 5812 pravitate
1753 5742 2082 5812 corrigerent
2105 5782 2125 5810 ,

548 5829 634 5887 vel
673 5838 820 5889 certe
849 5831 916 5890 ad
960 5831 1374 5902 disputationem
1424 5833 1808 5890 venirent.’At
1840 5833 1914 5889 illi
1951 5846 2127 5893 causa:

2213 4727 2297 4783 nis
2336 4738 2521 4781 errore
2542 4766 2557 4793 ,
2608 4731 2667 4776 ut
2696 4737 2793 4791 per
2822 4722 2980 4776 aliam
3013 4722 3155 4776 viam
3187 4734 3309 4775 cum
3341 4718 3453 4773 suis
3488 4715 3784 4777 comitibus,

2214 4816 2465 4874 sacerdos
2491 4829 2598 4886 quo
2624 4807 2874 4870 tendebat
2894 4813 3146 4880 venisset,
3173 4821 3334 4882 atque
3363 4825 3457 4881 per
3483 4809 3624 4865 hunc
3643 4819 3788 4878 quem

2218 4919 2400 4981 postea
2428 4908 2678 4979 cognovit
2705 4921 2964 4974 errorem,
2994 4920 3184 4962 manus
3214 4905 3404 4974 impias
3431 4904 3709 4959 evasisset.
3732 4900 3792 4954 Et

2219 5017 2339 5058 cum
2363 5002 2416 5056 in
2429 5001 2678 5056 omnibus
2700 4999 2976 5055 liberatori
2998 4998 3108 5053 Deo
3129 4999 3327 5067 gratias
3346 4997 3564 5068 egisset,
3585 4994 3790 5052 omnino

2221 5111 2318 5152 suo
2357 5111 2507 5152 more
2554 5095 2628 5150 illi
2682 5107 2780 5148 nec
2831 5092 2982 5147 laieis
3028 5105 3128 5147 nec
3165 5091 3375 5147 clericis
3413 5094 3760 5160 pepercerunt

2220 5189 2358 5244 sicut
2395 5187 2606 5257 publica
2644 5193 3012 5240 contestantur
3041 5194 3210 5255 gesta.

2301 5299 2320 5332 ‹
2351 5279 2494 5334 inter
2524 5293 2585 5333 ea
2615 5277 2876 5332 silendum
2910 5293 3016 5332 non
3049 5287 3152 5343 est,
3183 5275 3324 5347 quod
3363 5275 3427 5331 ad
3471 5275 3678 5331 laudem
3710 5267 3792 5327 Dei

2223 5388 2318 5445 per
2345 5371 2488 5426 illius
2513 5380 2617 5424 tam
2639 5370 2839 5440 egregii
2866 5369 2919 5424 in
2943 5370 3180 5425 Ecclesia
3209 5370 3308 5424 viri
3335 5369 3570 5423 studium
3594 5368 3794 5422 domus-

2225 5479 2328 5534 que
2350 5463 2442 5518 Dei
2472 5462 2642 5517 zelum
2673 5461 2930 5517 adversus
2956 5460 3238 5530 praedictos
3260 5459 3679 5529 rebaptizatores
3707 5453 3796 5506 Do-

2226 5558 2451 5613 natistas
2478 5566 2682 5626 gestum
2714 5563 2767 5609 et
2795 5553 3090 5625 perfectum
3122 5562 3220 5610 est.
3253 5553 3384 5607 Cum
3413 5550 3549 5606 forte
3576 5561 3709 5603 unus
3739 5555 3794 5596 ex

2228 5648 2292 5704 iis
2317 5663 2451 5718 quos
2482 5647 2548 5702 de
2584 5662 2681 5703 suo
2711 5646 3037 5702 monasterio
3063 5655 3117 5701 et
3142 5645 3288 5700 clero
3317 5641 3600 5715 episc'0p05
3625 5637 3794 5694 Eccle—

2229 5742 2324 5798 siae
2350 5748 2754 5811 propagaverat,
2783 5739 2849 5792 ad
2879 5753 3028 5794 suam
3057 5751 3241 5794 curam
3275 5736 3630 5806 pertinentem
3657 5729 3796 5786 Cala-

2229 5832 2430 5895 mensis
2461 5831 2718 5895 Ecclesiae
2746 5829 3020 5889 dioecesim
3052 5829 3314 5899 visitaret,
3336 5835 3391 5885 et
3412 5840 3532 5898 quae
3556 5822 3798 5886 didicerat
