3882 6314
175 320 242 374 21
1136 313 1409 370 ΝΟΤΙΤΙΑ
1450 310 1790 368 LITTERAR

1912 311 1978 392 ΙΝ
2016 313 2077 370 S.
2123 314 2590 373 AUGUSTINUM.
3401 313 3471 369 2‘2

177 447 283 501 pro
314 444 451 500 pace
483 428 755 484 Ecclesiae
785 438 975 483 contra
1003 427 1141 481 illam
1174 428 1419 482 haeresim
1449 427 1783 496 praedicaret,

1898 461 2014 501 rore
2039 448 2465 518 frequentissime
2487 451 2782 519 disputans.
2802 450 2866 504 Et
2891 452 3139 519 quoniam
3166 451 3323 505 iidem
3350 467 3469 520 pcr-

185 523 388 577 factum
423 531 511 578 est
543 532 604 576 ut
635 524 810 576 medio
842 524 1034 578 itinere
1072 537 1253 576 eorum
1284 523 1502 578 insidias
1533 524 1790 578 incurris-

184 623 292 678 set,
326 622 378 668 et
411 627 706 681 pervasum
731 626 855 666 cum
886 614 1130 668 omnibus
1169 614 1242 666 illi
1270 615 1667 681 comitantibus,
1700 630 1784 670 su-

188 705 350 758 blatis
381 705 712 760 animalibus
737 713 790 758 et
814 706 996 770 rebus,
1029 705 1234 775 injuriis
1263 715 1317 760 et
1341 707 1488 762 caede
1517 723 1638 762 eum
1667 723 1789 777 gra-

182 795 414 851 vissima
444 795 771 852 affecissent.
799 797 874 851 De
895 813 996 866 qua
1022 814 1100 866 re,
1133 814 1200 854 ne
1224 800 1368 868 pacis
1397 801 1651 856 Ecclesiae
1674 816 1788 856 am-

183 887 332 956 plius
365 888 729 955 impediretur
765 889 1056 956 profectus,
1088 891 1339 946 defensor
1368 891 1617 947 Ecclesia:
1650 894 1788 948 inter

188 975 347 1043 leges
377 991 495 1032 non
524 979 681 1032 siluit.
713 977 773 1031 Et
802 990 1104 1047 praeceptus
1132 988 1215 1034 est
1244 980 1538 1050 Crispinus,
1569 983 1658 1051 qui
1685 982 1789 1037 eis-

192 1065 322 1122 dem
352 1068 645 1122 Donatistis
673 1069 723 1121 in
752 1065 1057 1124 Calamensi
1104 1070 1316 1126 civitate
1343 1081 1396 1126 et
1425 1073 1644 1143 regione
1669 1074 1787 1142 epi-

191 1172 391 1227 scOpus
437 1161 560 1228 fuit,
589 1161 908 1230 praedicatus
935 1163 1141 1217 scilicet
1164 1171 1216 1216 et
1242 1163 1394 1219 multi
1427 1166 1702 1233 temporis,
1735 1173 1790 1220 et

183 1248 378 1304 doctus
411 1251 480 1304 ad
517 1251 778 1305 mulctam
823 1241 994 1307 teneri
1024 1252 1291 1306 aurariam
1329 1253 1557 1320 publicis
1585 1255 1788 1324 legibus

186 1351 374 1397 contra
425 1342 718 1398 haereticos
745 1345 1114 1399 constitutam.
1148 1345 1249 1410 Qui
1282 1346 1547 1401 resultans
1583 1347 1789 1416 legibus

186 1445 554 1504 prmsentatus
575 1451 699 1490 cum
721 1437 862 1506 apud
889 1438 1274 1494 Proconsulem
1298 1453 1358 1494 se
1380 1450 1598 1508 negaret
1615 1440 1788 1496 luere-

189 1529 374 1594 ticum,
399 1529 597 1586 oborta
625 1539 712 1585 est
739 1532 1056 1598 necessitas,
1084 1541 1144 1587 ut
1171 1532 1249 1586 illi
1291 1532 1576 1590 recedente
1604 1531 1788 1587 Eccle-

190 1619 286 1674 siae
320 1619 651 1685 defensore,
703 1635 734 1674 a
790 1620 1059 1676 catholico
1108 1622 1360 1690 episcopo
1409 1622 1783 1702 resisteretur,

194 1718 250 1764 et
273 1710 687 1766 convinceretur
711 1725 832 1766 eum
853 1725 996 1776 esse,
1019 1711 1158 1781 quod
1185 1726 1245 1767 se
1274 1710 1434 1766 fuisse
1458 1720 1745 1782 negaverat
1769 1729 1782 1765 :

200 1799 448 1869 quoniam
475 1801 522 1854 si
550 1799 621 1854 ab
642 1800 830 1855 eodem
854 1800 1302 1867 dissimularetur,
1333 1801 1470 1856 forte
1491 1802 1785 1859 catholicus
1812 1796 1862 1860 Β

195 1891 475 1961 episcopus
529 1893 603 1947 ab
659 1893 1029 1963 ignorantibus
1088 1895 1370 1952 haereticus
1429 1898 1781 1966 crederetur,

191 1981 282 2036 illo
310 1997 371 2038 se
399 1983 548 2052 quod
569 1993 689 2038 erat
713 1995 1139 2056 negante,_atque
1156 1988 1225 2044 ita
1249 2002 1314 2043 ex
1341 1989 1442 2045 hac
1462 1990 1679 2047 dissidia
1706 1994 1786 2046 in-

197 2071 370 2129 ﬁrmis
399 2076 720 2131 scandalum
773 2089 1099 2136 nasceretur.
1145 2082 1210 2136 Et
1241 2085 1574 2140 memorabili
1603 2087 1787 2152 Augu-

192 2163 340 2218 stino
370 2168 614 2222 antistite
642 2170 960 2225 omnimodis
987 2172 1244 2239 instante,
1270 2174 1335 2228 ad
1366 2179 1784 2232 controversiam

192 2254 351 2308 ambo
373 2256 450 2310 illi
474 2257 823 2316 Calamenses
844 2263 1080 2331 episcopi
1105 2275 1385 2330 venerunt,
1412 2266 1548 2321 etde
1575 2269 1687 2337 ipsa
1711 2268 1788 2322 di-

195 2359 346 2400 versa
377 2353 768 2408 communione
794 2355 950 2408 tertio
979 2356 1286 2410 conflictum
1329 2371 1510 2413 secum
1541 2371 1784 2429 egerunt,

199 2448 386 2506 magna
422 2441 745 2509 pepulerum
786 2443 1200 2501 christianorum
1243 2447 1582 2505 multitudine
1612 2466 1788 2506 causae

196 2527 421 2599 exitum,
471 2541 527 2586 et
553 2534 692 2602 apud
725 2533 1119 2608 Carthaginem,
1155 2547 1207 2592 et
1232 2553 1328 2607 per
1355 2546 1520 2594 totam
1550 2541 1787 2596 Africam

197 2626 551 2701 exspectante
578 2641 590 2675 :
624 2635 783 2694 atque
815 2627 904 2682 ille
935 2628 1214 2696 CriSpinus
1247 2631 1612 2698 proconsulari
1642 2643 1695 2687 et
1725 2632 1788 2686 li-

199 2707 390 2764 bellari
415 2717 686 2768 sententia
713 2727 794 2769 est
823 2721 1194 2784 pronuntiatus
1223 2722 1527 2778 haereticus.
1555 2725 1659 2778 Pro
1681 2742 1786 2794 quo

192 2796 285 2888 ille
301 2802 456 2868 apud
476 2803 825 2870 Cognitorem
848 2806 1136 2864 catholicus
1155 2814 1437 2881 episc0pus
1461 2814 1784 2882 intercessit,

193 2905 269 2946 ne
293 2893 517 2946 auraria
541 2895 730 2949 mulcta
754 2899 1078 2967 exigeretur;
1103 2913 1156 2958 et
1177 2905 1224 2960 ei
1247 2915 1328 2960 est
1351 2906 1667 2962 beneficium
1691 2908 1792 2964 im-

193 2992 494 3052 petratum.
532 2985 680 3042 Unde
709 3005 826 3044 cum
861 2991 1098 3064 ingratus
1128 2997 1194 3051 ad
1247 2999 1546 3067 piissimum
1580 3000 1787 3056 Princi-

194 3087 313 3142 pcm
350 3087 725 3145 provocasset,
747 3090 801 3137 et
826 3083 894 3140 ab
921 3085 1244 3156 imperatore
1274 3090 1515 3146 relationi
1547 3092 1784 3148 debitum

1892 541 2030 593 versi
2055 540 2177 594 Sedi
2206 543 2513 609 apostolica:
2545 557 2640 611 per
2670 557 2820 596 suam
2852 543 3197 596 ambitionem
3226 546 3466 597 eamdem

1893 631 2166 700 perﬁdiam
2193 635 2516 702 persuadere
2539 635 2886 703 conabantur,
2913 637 3292 691 instantissime
3309 638 3465 692 etiam

1890 723 2133 779 conciliis
2176 724 2442 780 Africanis
2492 738 2796 782 sanctorum
2838 730 3209 796 episcoporum
3260 740 3465 797 gesutnt

1891 823 1994 881 est,
2036 822 2092 868 ut
2116 824 2302 870 sancto
2334 832 2485 886 papae
2517 816 2700 882 Urbis,
2735 826 2788 872 et
2818 818 2965 886 prius
2993 816 3283 871 venerabili
3316 818 3467 870 lnno-

1889 905 2086 968 centio,
2119 912 2174 959 et
2207 915 2391 975 postea
2423 916 2610 962 sancto
2641 907 2853 962 Zosimo
2882 907 2997 976 ejus
3026 908 3324 962 successori
3353 923 3470 976 per-

1888 996 2221 1063 suaderetur,
2247 1013 2404 1067 quam
2426 999 2516 1054 illa
2543 1009 2688 1055 secta
2712 1016 2743 1055 a
2773 1001 2876 1056 ﬁde
2899 1001 3160 1056 catholica
3188 1011 3240 1056 et
3265 1002 3472 1055 abomi-

1891 1086 2066 1140 nanda
2094 1096 2149 1141 et
2175 1087 2475 1143 damnanda
2507 1089 2715 1146 fuisset.
2746 1092 2816 1148 At
2844 1092 2922 1146 illi
2955 1100 3115 1147 tanta:
3141 1093 3281 1148 sedis
3310 1093 3472 1146 antis-

1889 1176 2037 1242 tites,
2060 1179 2169 1232 suis
2184 1178 2412 1234 diversis
2434 1182 2762 1250 temporibus
2781 1185 3000 1239 eosdem
3023 1195 3290 1252 notantes,
3315 1195 3470 1254 atque

1890 1283 1920 1322 a
1951 1270 2206 1325 membris
2237 1270 2494 1328 Ecclesiae
2525 1273 2897 1342 praecidentes,
2928 1276 3066 1330 datis
3095 1277 3285 1331 litteris
3327 1285 3380 1330 et
3406 1276 3474 1330 ad

1891 1359 2168 1416 Africanas
2210 1361 2536 1433 Occidentis,
2567 1374 2621 1421 et
2647 1367 2711 1421 ad
2741 1365 2970 1422 Orientis
2997 1372 3162 1438 partis
3182 1373 3472 1436 Ecclesias,

1890 1466 1984 1507 eos
2009 1453 2429 1512 anathemandos
2467 1465 2523 1513 et
2563 1457 2877 1515 devitandos
2909 1461 2976 1515 ab
3002 1464 3253 1517 omnibus
3279 1463 3473 1518 Catho-

1890 1540 2009 1596 licis
2033 1555 2376 1602 censuerunt.
2409 1547 2478 1602 Et
2507 1548 2611 1604 tale
2637 1549 2704 1604 de
2742 1549 2848 1605 illis
2879 1550 3137 1608 Ecclesiae
3166 1553 3260 1609 Dei
3285 1554 3473 1608 catho-

1883 1630 2010 1707 licae
2053 1635 2320 1704 prolatum
2362 1636 2654 1708 judicium,
2686 1640 2847 1696 etiam
2889 1642 3159 1710 piissimus
3184 1645 3474 1714 imperator

1892 1723 2156 1783 Honorius
2195 1730 2418 1786 audiens
2459 1746 2523 1788 ac
2553 1747 2810 1803 sequens,
2841 1735 2952 1790 suis
2979 1750 3073 1792 eos
3096 1738 3302 1808 legibus
3329 1739 3475 1794 dam-

1889 1827 2064 1886 natos,
2090 1820 2230 1876 inter
2257 1823 2534 1879 haereticos
2564 1826 2747 1882 haberi
2777 1826 2974 1884 debere
3002 1830 3296 1884 constituit.
3325 1830 3476 1885 Unde

1889 1910 2128 1964 nonnulli
2169 1926 2235 1966 ex
2264 1912 2342 1967 eis
2371 1914 2436 1968 ad
2464 1924 2664 1971 sanctae
2695 1918 2880 1972 matris
2904 1917 3158 1973 Ecclesiae
3186 1921 3473 1988 gremium,

1890 1999 2034 2055 unde
2075 2002 2405 2068 resilierant,
2455 2006 2746 2072 redierunt,
2786 2007 3154 2064 innotescente
3187 2019 3242 2065 et
3273 2025 3476 2078 przeva-

1890 2089 2124 2147 lescente
2152 2093 2408 2150 adversus
2446 2095 2596 2151 illum
2625 2097 2993 2155 detestabilem
3046 2117 3282 2158 errorem
3313 2114 3474 2161 recta:

1893 2181 2018 2238 ﬁdei
2044 2185 2288 2242 veritate.

1969 2295 1987 2329 ‹
2018 2277 2084 2332 Et
2125 2287 2239 2333 erat
2276 2280 2367 2336 ille
2397 2283 2768 2349 memorabilis,
2789 2285 2898 2355 vir,
2933 2289 3259 2358 praecipuum
3307 2291 3478 2347 domi-

1891 2367 1994 2421 nici
2022 2370 2266 2438 corporis
2307 2373 2638 2439 membrum,
2685 2376 2824 2431 circa
2853 2380 3176 2438 universalis
3223 2383 3479 2439 ECCIOSlLD

1889 2457 2168 2514 utilitatem
2199 2460 2460 2517 sollicitus
2485 2476 2699 2535 semper
2727 2481 2789 2521 ac
2814 2470 3056 2540 pervigil.
3089 2472 3156 2527 Et
3187 2474 3260 2527 illi
3289 2475 3480 2529 divini-

1889 2554 1972 2602 tus
1993 2550 2247 2606 donatum
2278 2562 2378 2619 est,
2413 2563 2470 2608 ut
2498 2555 2564 2611 de
2585 2573 2802 2614 suorum
2830 2560 3070 2617 laborum
3095 2563 3294 2628 fructu,
3315 2567 3479 2621 etiam

1891 2639 1944 2694 in
1973 2639 2069 2696 hac
2091 2641 2196 2697 vita
2218 2642 2453 2714 gaudere
2481 2650 2835 2716 provenisset,
2859 2653 3003 2719 prius
3037 2654 3249 2721 quidem
3277 2656 3327 2707 in
3351 2656 3479 2723 Hip-

1890 2736 2114 2797 ponensi
2145 2735 2382 2790 Ecclesia
2415 2746 2467 2789 et
2495 2739 2737 2805 regione,
2758 2741 2843 2794 cui
2874 2743 3107 2796 maxime
3137 2746 3477 2813 prtesidebat,

1892 2819 2095 2874 unitate
2132 2833 2196 2873 ac
2224 2835 2352 2889 pace
2382 2821 2614 2890 perfecta
2635 2841 2649 2890 ;
2674 2825 2868 2879 deinde
2898 2828 2950 2880 in
2982 2829 3102 2882 aliis
3138 2832 3330 2884 Africm
3362 2849 3482 2901 par-

1892 2911 2050 2978 tibus,
2082 2913 2193 2968 sive
2224 2929 2319 2983 per
2347 2929 2406 2970 se
2441 2914 2636 2985 ipsum,
2663 2919 2778 2973 sive
2817 2933 2912 2988 per
2940 2919 3096 2986 alios,
3120 2930 3173 2977 et
3202 2938 3336 2993 quos
3367 2926 3482 2995 ipse

1893 3003 2114 3059 dederat
2137 3005 2467 3072 sacerdotes,
2485 3007 2796 3077 pullulasse,
2815 3019 2868 3066 et
2884 3011 3290 3081 multiplicatam
3318 3016 3483 3074 fuisse

1894 3093 2104 3149 Domini
2129 3096 2419 3152 Ecclesiam
2441 3099 2747 3168 pervidens,
2769 3101 2994 3172 illosque
3012 3103 3349 3173 Manichaeos,
3376 3109 3483 3164 Do-

199 3177 277 3222 est
317 3183 647 3240 responsum
691 3175 923 3232 solutum
946 3219 960 3244 ,
991 3189 1044 3234 et
1073 3192 1419 3238 consecutum
1458 3195 1541 3240 est
1588 3166 1861 3255 praeceec
1895 3188 2147 3253 natistas,
2184 3187 2595 3259 Pelagianistas,
2629 3202 2681 3248 et
2725 3193 2968 3263 Paganos
2994 3211 3058 3251 ex
3108 3212 3298 3269 magna
3327 3207 3483 3270 parte

201 3269 368 3329 ptum,
403 3263 564 3317 nullo
612 3279 830 3333 prorsus
873 3269 992 3325 loco
1025 3272 1308 3329 haereticos
1337 3275 1642 3332 Donatistas
1669 3293 1789 3334 esse

199 3350 414 3418 debere,
445 3362 507 3409 et
534 3369 628 3410 eos
658 3357 724 3411 ad
757 3360 858 3414 vim
886 3361 1058 3431 legum
1089 3367 1327 3420 omnium
1358 3375 1541 3423 contra
1575 3369 1789 3425 haereti-

202 3455 289 3498 cos
319 3444 558 3501 latarum
589 3448 788 3517 ubique
819 3453 989 3506 teneri
1019 3454 1234 3510 debere.
1269 3456 1347 3511 Ex
1380 3474 1486 3525 quo
1512 3467 1566 3512 et
1593 3459 1786 3526 iudex,

204 3544 254 3590 et
279 3536 556 3605 Ofﬁcium,
607 3550 663 3595 et
694 3541 837 3597 idem
866 3543 1165 3615 Crispinus,
1202 3549 1341 3619 quod
1384 3551 1602 3607 minime
1631 3552 1791 3607 fuerit

206 3636 434 3695 exactus,
473 3633 732 3701 praecepti
759 3643 885 3688 sunt
909 3636 1076 3693 denas
1103 3640 1220 3694 auri
1253 3640 1415 3695 libras
1449 3643 1558 3696 fisci
1586 3643 1790 3712 juribus

210 3716 415 3777 inferre.
454 3721 568 3778 Sed
601 3726 844 3794 protinus
894 3743 1055 3798 opera
1097 3732 1215 3786 data
1246 3744 1324 3789 est
1371 3750 1466 3803 per
1499 3736 1790 3792 catholicos

209 3810 485 3884 episcopos
505 3856 520 3881 ,
574 3819 838 3887 praecipue
865 3836 963 3889 per
1001 3834 1201 3878 sanctae
1232 3827 1510 3883 memoriae
1539 3829 1790 3896 Augusti-

210 3915 349 3969 num,
384 3914 444 3959 ut
477 3905 568 3959 illa
598 3909 836 3964 omnium
867 3912 1241 3969 condemnatio
1272 3918 1526 3987 principis
1552 3919 1788 3974 dimitte-

211 4003 348 4048 retur
390 3997 767 4068 indulgentia:
799 4010 850 4058 et
899 4003 1123 4060 Domino
1163 4006 1450 4072 adjuvante
1496 4009 1790 4078 perfectum

216 4093 308 4138 est.
339 4088 449 4155 Qua
484 4090 757 4160 diligentia
783 4105 834 4150 et
863 4108 1048 4152 sancto
1092 4101 1269 4154 studio
1302 4102 1469 4173 magis
1501 4103 1787 4173 magisque,

215 4172 422 4243 iuvante
467 4178 719 4250 Christo,
762 4187 827 4241 de
868 4188 953 4243 die
983 4189 1034 4242 in
1067 4190 1206 4244 diem
1248 4172 1540 4262 augebatur
1570 4203 1620 4249 et
1660 4172 1795 4250 mul-

219 4268 554 4335 tip‘icabatur
586 4277 726 4343 pacis
757 4279 951 4347 unitas,
980 4291 1032 4336 et
1056 4283 1310 4338 Ecclesiae
1335 4283 1427 4338 Dei
1462 4283 1790 4341 fraternitas.

221 4355 283 4411 Et
310 4359 364 4414 id
402 4362 631 4421 maxime
661 4368 856 4423 factum
904 4380 983 4425 est
1013 4381 1134 4441 post
1172 4373 1535 4444 collationem,
1569 4392 1687 4446 qua:
1728 4379 1795 4434 ab

218 4455 476 4513 universis
508 4459 771 4530 episcOpis
793 4463 1073 4521 catholicis
1102 4467 1241 4536 apud
1270 4467 1644 4539 Carthaginem
1673 4485 1793 4525 cum

1893 3277 2171 3344 defecisse,
2203 3286 2258 3333 et
2282 3278 2538 3334 Ecclesiae
2568 3281 2660 3335 Dei
2689 3283 2920 3339 sociatos
2951 3300 3070 3341 esse
3097 3289 3437 3358 congaudens
3464 3306 3480 3344 :

1892 3368 2222 3438 profectibus
2262 3385 2474 3440 quoque
2497 3381 2552 3426 et
2572 3373 2762 3428 studiis
2798 3375 2984 3431 favens
3013 3388 3128 3433 erat
3152 3388 3205 3432 et
3233 3382 3480 3436 exultans

1892 3457 2155 3513 bonorum
2195 3459 2474 3526 omnium;
2527 3461 3044 3531 indisciplinationes
3092 3471 3175 3536 pie
3205 3485 3267 3524 ac
3295 3482 3483 3526 sancte

1894 3551 2124 3604 tolerans
2169 3550 2429 3614 fratrum,
2481 3551 2944 3623 ingemiscensque
2987 3557 3053 3610 de
3113 3558 3482 3626 iniquitatibus

1892 3639 2176 3707 malorum,
2194 3639 2305 3695 sive
2326 3654 2509 3694 eorum
2537 3640 2629 3710 qui
2653 3642 2791 3697 intra
2817 3644 3134 3712 Ecclesiam,
3159 3647 3271 3702 sive
3294 3665 3483 3707 eorum

1893 3736 1983 3803 qui
2014 3743 2165 3789 extra
2216 3734 2514 3789 Ecclesiam
2564 3743 2691 3790 sunt
2726 3738 3041 3807 constituti,
3074 3740 3381 3808 dominicis,
3428 3753 3485 3797 ut

1893 3827 2027 3893 dixi,
2071 3827 2234 3884 lucris
2263 3843 2477 3898 semper
2502 3829 2760 3900 gaudens,
2791 3840 2844 3888 et
2874 3833 3087 3887 damnis
3119 3849 3374 3891 moerens.

1971 3939 1990 3971 ί
2029 3919 2219 3976 Vestes
2247 3919 2365 3989 ejus
2411 3929 2465 3976 et
2492 3923 2857 3978 calceamenta
2886 3925 2968 3980 vel
3000 3925 3241 3981 lectualia
3271 3943 3340 3982 ex
3370 3942 3485 3982 mo-

1896 4011 2080 4067 derato
2118 4022 2171 4068 et
2207 4017 2532 4082 competenti
2585 4015 2766 4069 habitu
2820 4025 3005 4083 erant,
3049 4033 3148 4073 nec
3185 4019 3349 4073 nitida
3400 4021 3486 4072 ni-

1896 4105 2092 4173 mium,
2144 4120 2242 4161 nec
2272 4106 2477 4174 abjecta
2520 4107 2805 4175 plurimum
2840 4127 2852 4159 :
2889 4110 3013 4178 quia
3052 4109 3138 4165 his
3169 4111 3483 4182 plerumque

1895 4197 1978 4251 vel
2004 4197 2205 4265 jactare
2235 4213 2292 4253 se
2315 4199 2606 4254 insolenter
2631 4199 2875 4256 homines
2897 4202 3092 4270 solent,
3115 4204 3196 4258 vel
3221 4206 3484 4274 abjicere;

1897 4301 1965 4343 ex
2001 4296 2226 4359 utroque
2253 4303 2361 4343 non
2402 4305 2521 4359 quae
2549 4289 2679 4346 Jcsu
2718 4291 2937 4359 Christi,
2970 4293 3063 4348 sed
3093 4310 3209 4364 quae
3237 4310 3332 4349 sua
3362 4305 3490 4351 sunt

1899 4380 2058 4436 iidem
2087 4392 2390 4451 quaerentes
2422 4399 2433 4433 :
2463 4391 2518 4436 at
2548 4383 2678 4450 iste,
2711 4393 2768 4437 ut
2797 4384 2944 4450 dixi,
2984 4385 3219 4439 medium
3251 4387 3486 4451 tenebat,

1901 4488 2072 4543 neque
2120 4475 2172 4528 in
2202 4476 2512 4542 dexteram,
2562 4490 2736 4544 neque
2785 4477 2838 4531 in
2867 4477 3141 4533 sinistram
3188 4478 3485 4535 declinans.

219 4547 413 4605 eisdem
448 4551 846 4612 Donatistarum
873 4559 1138 4628 episcopis
1170 4562 1506 4629 postmodum
1537 4563 1670 4617 facta
1693 4573 1796 4631 est,
1825 4547 1875 4607 Ι)
1901 4563 2056 4618 Olera
2103 4573 2156 4619 et
2195 4565 2487 4635 legumina,
2535 4568 2696 4622 etiam
2727 4581 2915 4623 carnes
2945 4568 3230 4637 aliquando
3272 4577 3513 4648 propter,

219 4638 266 4695 id
287 4642 511 4711 jubente
541 4647 927 4715 gloriosissimo
952 4660 1006 4706 et
1031 4651 1431 4723 religiosissima
1477 4656 1800 4725 imperatore

222 4732 484 4805 Honorio;
519 4752 738 4811 propter
763 4745 902 4814 quod
936 4747 1317 4816 perﬁciendum
1348 4753 1507 4806 etiam
1542 4766 1571 4806 a
1601 4767 1698 4808 suo
1722 4753 1800 4807 la-

221 4833 326 4884 tere
356 4832 631 4889 tribunum
679 4845 733 4891 et
762 4840 1025 4895 notarium
1058 4840 1421 4898 Marcellinum
1461 4845 1526 4899 ad
1563 4845 1794 4902 Africam
1869 4841 1872 4844 ’

223 4917 447 4989 iudicem
481 4926 717 4982 miserat.
748 4928 805 4984 In
835 4945 938 5000 qua
979 4935 1343 4989 controversia
1374 4935 1449 4989 illi
1480 4938 1802 4994 omnimodis
1866 4929 1870 4932 ’

223 5019 497 5085 confutati,
529 5030 689 5090 atque
729 5025 793 5078 de
821 5037 1002 5080 errore
1032 5043 1062 5081 a
1093 5027 1382 5082 Catholicis
1403 5031 1654 5098 convicti,
1682 5047 1804 5086 sen-

225 5109 382 5161 tentia
412 5110 719 5179 Cognitoris
765 5113 927 5167 notati
957 5125 1114 5181 sunt;
1161 5126 1216 5172 et
1247 5125 1366 5186 post
1403 5132 1584 5173 eorum
1616 5121 1802 5189 appel-

227 5195 474 5256 lationem
496 5245 512 5269 ,
555 5203 778 5270 piissimi
806 5204 965 5274 Regis
992 5223 1247 5278 responso
1274 5209 1418 5278 juste
1451 5210 1588 5266 inter
1627 5211 1802 5267 licere-

227 5290 354 5349 ticos
385 5294 726 5350 condemnati
769 5307 911 5351 sunt.

297 5402 318 5437 ι
341 5386 610 5441 Adversus
641 5388 1022 5459 Pelagianistas
1042 5406 1271 5461 quoque,
1305 5385 1659 5461 disputatores
1693 5393 1804 5447 cal-

231 5471 387 5545 lidos,
419 5487 535 5533 arte
565 5480 732 5548 magis
759 5481 942 5535 subtili
975 5491 1026 5536 et
1056 5484 1214 5536 noxia
1260 5484 1577 5550 scribentes,
1607 5494 1659 5539 et
1689 5485 1804 5544 ubi-

231 5581 459 5640 cumque
488 5580 736 5640 poterant
784 5572 991 5642 publice
1040 5584 1094 5629 et
1143 5590 1237 5643 per
1265 5576 1452 5630 domos
1490 5577 1764 5646 loquentes
1788 5617 1802 5643 ,

235 5675 332 5730 per
360 5679 528 5720 annos
555 5665 721 5721 ferme
750 5666 934 5722 decem
986 5667 1290 5733 laboravit,
1339 5669 1592 5723 librorum
1643 5670 1804 5725 multa

237 5754 469 5816 condens
497 5765 550 5815 et
569 5757 815 5828 edens,et
843 5757 894 5815 in
925 5758 1149 5817 ecclesia
1177 5759 1385 5829 populis
1415 5760 1479 5816 de
1508 5760 1694 5817 eodem
1720 5776 1806 5818 er-

1902 4656 2161 4724 hospites,
2189 4656 2273 4712 vel
2308 4673 2547 4728 quosque
2578 4658 2931 4726 inﬁrmiores,
2960 4672 3170 4724 semper
3200 4664 3376 4711 autem
3408 4659 3488 4712 vi-

1903 4765 2030 4804 num
2062 4749 2309 4820 habebat,
2338 4752 2459 4822 quia
2491 4761 2738 4821 noverat,
2762 4761 2816 4807 et
2845 4749 3092 4815 docebat,
3117 4759 3173 4804 ut
3203 4752 3493 4821 Apostolus

1902 4842 2051 4908 dicit,
2083 4843 2222 4914 quod
2253 4846 2418 4899 omnis
2447 4853 2682 4899 creatura
2715 4844 2809 4896 Dei
2835 4842 2967 4894 bona
2993 4841 3078 4909 sit,
3121 4852 3168 4898 et
3195 4844 3324 4898 nihil
3352 4846 3491 4916 abji-

1905 4939 2161 5005 ciendum,
2186 4939 2323 5008 quod
2344 4955 2459 4992 cum
2483 4938 2764 5008 gratiarum
2790 4935 2986 4988 actione
3013 4938 3323 5007 percipitur;
3344 4955 3496 4992 sanc-

1907 5029 2132 5095 tiﬁcatur
2159 5030 2292 5080 enim
2319 5044 2405 5094 per
2427 5025 2632 5079 verbum
2652 5023 2746 5078 Dei
2767 5032 2816 5078 et
2842 5026 3122 5081 orationem
3137 5027 3178 5098 (l
3196 5027 3330 5081 Tim.
3348 5043 3420 5094 tv,
3436 5027 3489 5095 4,

1909 5116 1985 5186 5).
2020 5118 2113 5182 Et,
2155 5125 2214 5168 ut
2259 5115 2398 5169 idem
2429 5117 2754 5186 Augustinus
2795 5128 3016 5174 sanctus
3045 5120 3097 5174 in
3129 5123 3239 5175 suis
3268 5118 3496 5175 Confes-

1870 5202 1872 5206 ’
1908 5210 2117 5264 sionnm
2158 5207 2307 5262 libris
2339 5210 2545 5278 posuit,
2590 5209 2811 5266 dicens:
2841 5210 2966 5264 Non
2995 5228 3087 5283 ego
3118 5213 3496 5267 immunditiam

1911 5301 2104 5357 obsonii
2136 5302 2306 5370 timeo,
2341 5304 2429 5357 sed
2456 5304 2833 5358 immunditiam
2863 5306 3183 5374 cupiditatis.
3225 5305 3348 5358 Scio
3379 5303 3498 5360 Noe

1912 5411 2057 5449 omne
2104 5412 2261 5465 genus
2307 5398 2475 5450 carnis
2523 5398 2660 5467 quod
2689 5398 2800 5451 cibo
2830 5406 2954 5451 esset
2986 5399 3133 5462 usui,
3183 5396 3497 5453 manducare

1913 5488 2244 5556 permissum;
2279 5487 2450 5543 Eliam
2477 5490 2587 5542 cibo
2617 5490 2784 5543 carnis
2811 5493 3087 5556 refectum;
3118 5486 3375 5542 Joannem
3403 5491 3500 5543 nti-

1911 5579 2065 5632 ττιὸίιὶ
2096 5580 2399 5633 abstinentia
2431 5581 2722 5650 praeditum,
2755 5576 3090 5642 animalibus,
3126 5579 3218 5632 Itoc
3249 5588 3323 5632 est
3355 5581 3497 5634 locu-

1913 5672 2027 5736 stis,
2056 5672 2107 5724 in
2138 5687 2304 5724 escam
2336 5671 2625 5725 cedentibus
2666 5685 2764 5723 non
2798 5668 2952 5738 fuisse
2979 5668 3252 5739 pollutum.
3287 5671 3408 5724 Scio
3451 5678 3502 5725 et

1914 5761 2056 5820 Esau
2077 5763 2328 5820 lenticula:
2349 5763 2753 5831 concupiscentia
2775 5761 3069 5834 deceptum;
3094 5773 3137 5819 et
3157 5761 3322 5819 David
3344 5779 3500 5832 prop-
