3882 6304
423 312 492 367 ἳδ
1278 316 1833 375 SUPPLEMENTUM
1875 313 1966 369 AD
2004 311 2227 369 OPERA
2270 314 2329 370 S.
2372 314 2761 373 AUGUSTINI.
3604 312 3671 369 24

420 436 495 479 ter
524 443 670 496 aquae
694 429 999 485 desiderium
1022 448 1054 485 a
1080 448 1131 486 se
1162 434 1271 501 ipso
1305 435 1689 505 reprehensum;
1724 442 1771 487 et
1806 432 1992 502 Regem
2021 430 2073 490 Α
2099 430 2420 486 inﬁrmitatis
2450 432 2774 499 intuebatur,
2802 432 3098 504 etlegebat,
3133 444 3186 491 et
3207 435 3400 505 iugiter
3422 450 3485 489 ac
3514 436 3670 491 uber-

417 527 646 572 nostrum
668 563 683 588 ,
733 536 835 575 non
872 524 933 575 de
959 539 1108 577 carne
1131 566 1144 588 ,
1196 526 1283 578 sed
1313 526 1376 578 de
1419 541 1550 595 pane
1579 541 1683 579 esse
1730 534 1995 581 tentatum.

416 608 645 681 Ideoque
672 623 719 668 et
741 616 959 685 populus
986 617 1037 669 in
1064 633 1229 671 eremo
1247 660 1261 683 ,
1294 633 1395 671 non
1421 620 1542 687 quia
1586 634 1764 673 carnes
1794 620 1995 674 deside-

414 703 548 756 ravit
570 744 585 767 ,
635 704 724 757 sed
751 707 870 773 quia
900 722 1027 760 esca:
1067 707 1321 762 desiderio
1351 719 1527 763 contra
1558 708 1720 762 Deum
1768 726 1998 764 murmu-

413 796 564 863 ravit,
588 798 772 850 meruit
795 798 1071 868 improbari
1096 799 1507 872 (Confessionum
1534 802 1623 856 lib.
1658 802 1743 868 ιθ,
1769 819 1883 873 cap.
1903 803 1993 871 3i,

413 903 465 940 η.
499 887 614 958 25).
658 890 733 945 De
762 891 885 945 vino
914 901 1089 947 autem
1122 894 1384 950 sumendo
1410 894 1648 964 Apostoli
1675 905 1847 951 exstat
1872 911 1996 951 sen-

414 979 579 1032 tentia
626 981 688 1032 ad
736 980 1075 1038 Timotheum
1127 986 1409 1041 scribentis
1456 1001 1521 1040 ac
1561 986 1831 1041 dicentis:
1867 987 1995 1042 Νοιὶ

411 1086 571 1139 usque
600 1072 769 1125 adhuc
796 1091 982 1145 aquam
1008 1076 1192 1144 bibere,
1225 1079 1314 1132 sed
1332 1080 1446 1132 vino
1475 1080 1676 1133 modico
1704 1088 1844 1134 utere
1870 1097 1994 1148 pro-

412 1168 523 1227 pter
552 1165 869 1217 stomachum
896 1175 942 1221 et
975 1168 1260 1237 frequentes
1290 1176 1401 1223 tuas
1428 1170 1749 1237 inﬁrmitates
1772 1172 1821 1239 (Ι
1853 1170 1988 1226 Tim.

406 1264 475 1318 ν,
519 1251 655 1323 25).
757 1256 1140 1314 Cochlearibus
1215 1268 1415 1315 tantum
1473 1261 1739 1331 argenteis
1796 1272 1989 1331 utens,

405 1350 601 1397 caetera
649 1360 771 1400 vasa
825 1349 1019 1417 quibus
1068 1364 1265 1405 mensa:
1315 1352 1682 1409 inferebantur
1722 1355 1872 1422 cibi,
1907 1344 1990 1411 vel

409 1441 595 1501 testes,
625 1438 707 1492 vel
736 1439 929 1510 lignea,
958 1442 1042 1497 vel
1072 1457 1367 1500 marmorea
1395 1444 1611 1501 fuerunt
1635 1466 1652 1502 :
1676 1462 1783 1501 non
1812 1455 1989 1504 tamen

409 1526 750 1584 necessitatis
781 1529 987 1600 inopia,
1031 1532 1125 1589 sed
1156 1536 1429 1604 proposito
1460 1538 1761 1592 voluntatis.
1806 1538 1909 1595 Sed
1936 1548 1991 1595 et

404 1615 819 1685 hospitalitatem
868 1637 1084 1695 semper
1128 1627 1387 1683 exhibuit.
1443 1628 1510 1684 Et
1558 1630 1609 1683 in
1650 1630 1764 1699 ipsa
1804 1647 1988 1687 mensa

402 1711 573 1779 magis
603 1712 884 1769 lectionem
916 1719 998 1773 vel
1031 1718 1443 1789 disputationem
1466 1765 1479 1787 ,
1533 1738 1690 1792 quam
1720 1723 1986 1792 epulatio-

2103 524 2195 578 tim
2218 526 2471 581 ﬁebat:et
2491 541 2559 581 ne
2586 526 2809 581 intentio
2835 527 2952 595 ejus
2972 542 2999 580 a
3018 543 3279 598 quoquam
3303 529 3670 597 impediretur,

2100 624 2227 670 ante
2245 616 2359 670 dies
2382 617 2545 672 ferme
2571 617 2755 672 decem
2781 633 2939 687 quam
2968 619 3138 673 exiret
3166 619 3231 673 de
3254 634 3498 687 corpore,
3526 635 3555 671 a
3588 636 3673 675 no-

2099 706 2181 761 bis
2210 708 2491 777 postulavit
2516 708 2866 776 praesentibus
2888 749 2904 775 ,
2937 723 3005 764 ne
3032 710 3149 778 quis
3177 710 3241 763 ad
3273 724 3393 764 eum
3428 710 3675 779 ingrede-

2097 808 2264 859 retur,
2293 797 2393 851 nisi
2432 798 2499 853 iis
2527 805 2728 852 tantum
2760 799 2934 867 horis,
2962 800 3155 871 quibus
3186 800 3373 856 medici
3402 803 3467 855 ad
3502 802 3677 872 inspi-

2098 888 2341 945 ciendum
2374 891 2652 955 intrarent,
2683 891 2765 946 vel
2795 907 2916 946 cum
2947 894 2995 947 ei
3029 892 3249 949 refectio
3275 894 3587 949 inferretur.
3614 897 3677 953 Et

2092 978 2166 1032 ita
2202 980 2537 1035 observatum
2568 996 2630 1036 ac
2657 982 2849 1036 factum
2892 993 2975 1038 est
3002 1002 3015 1037 :
3046 991 3101 1040 et
3129 986 3272 1040 omni
3311 985 3403 1041 illo
3433 996 3678 1057 tempore

2096 1071 2321 1125 orationi
2353 1072 2590 1126 vacabat.
2644 1072 2872 1128 Verbum
2904 1074 2995 1129 Dei
3029 1090 3193 1144 usque
3222 1077 3286 1129 ad
3320 1077 3488 1143 ipsam
3521 1094 3675 1132 suam

2096 1170 2389 1216 extremam
2434 1164 2800 1233 aegritudinem
2831 1166 3299 1233 imprzetermisse,
3328 1168 3581 1223 alacriter
3630 1179 3679 1225 et

2101 1253 2339 1319 fortiter,
2382 1270 2511 1311 sana
2558 1268 2774 1324 mente,
2824 1273 3057 1328 saneque
3086 1258 3309 1314 consilio
3362 1260 3413 1312 in
3448 1262 3680 1317 ecclesia

2094 1347 2428 1416 praedicavit.
2453 1346 2698 1404 Membris
2724 1349 2972 1405 omnibus
2998 1350 3079 1405 sui
3106 1351 3346 1415 corporis
3368 1351 3678 1419 incolumis,

2090 1438 2305 1509 integro
2326 1448 2542 1509 aspectu
2565 1450 2723 1508 atque
2745 1441 2948 1508 auditu,
2973 1449 3047 1508 et,
3076 1451 3136 1496 ut
3159 1443 3409 1511 scriptum
3447 1452 3550 1510 est,
3585 1461 3682 1499 no-

2094 1530 2175 1585 bis
2203 1532 2519 1597 astantibus,
2542 1542 2598 1587 et
2617 1532 2939 1597 videntibus,
2968 1543 3020 1588 et
3047 1548 3167 1589 cum
3195 1549 3260 1589 eo
3284 1535 3479 1603 pariter
3507 1552 3681 1592 oran-

2094 1620 2234 1677 tibus
2279 1622 2603 1677 obdormivit
2649 1638 2768 1679 cum
2819 1625 3060 1693 patribus
3112 1626 3259 1690 suis,
3306 1627 3568 1682 enutritus
3626 1629 3680 1683 in

2094 1710 2235 1766 bona
2280 1722 2586 1780 senectute;
2619 1722 2671 1768 et
2700 1714 2854 1769 nobis
2901 1729 3081 1768 coram
3113 1729 3210 1783 pro
3246 1715 3363 1784 ejus
3399 1730 3683 1774 commen-

400 1816 523 1857 nem
556 1808 993 1880 potationemqtm
1016 1811 1290 1882 diligebat,
1324 1812 1391 1870 Et
1417 1822 1602 1869 contra
1629 1816 1985 1884 pestilentiam
2015 1800 2067 1863 B
2092 1803 2264 1859 danda
2307 1806 2551 1875 corporis
2578 1806 2910 1875 depositione
2940 1807 3258 1861 sacriﬁcium
3289 1808 3397 1863 Deo
3435 1809 3679 1865 oblatum

399 1894 647 1951 humanae
675 1901 1079 1957 consuetudinis
1111 1904 1162 1957 in
1194 1919 1257 1959 ea
1300 1902 1556 1974 scriptum
1583 1905 1655 1959 ita
1679 1905 1907 1961 habebat
1935 1922 1948 1959 :

584 1988 816 2059 Quisquis
852 2000 980 2040 amat
1001 1993 1426 2059 dictisgabsentum
1450 1996 1629 2045 rodere
1656 1999 1829 2059 vitam,

646 2050 783 2101 Hanc
821 2066 1035 2105 mensam
1065 2057 1263 2106 vetitam
1288 2060 1484 2108 noverit
1509 2071 1623 2108 esse
1646 2060 1753 2108 sibi.

397 2130 465 2184 Et
490 2131 611 2188 ideo
631 2148 844 2188 omnem
866 2137 1144 2191 convivam
1166 2152 1195 2191 a
1220 2140 1506 2208 superﬁuis
1524 2148 1577 2195 et
1593 2142 1765 2197 noxiis
1792 2142 1984 2199 fabulis

396 2231 450 2276 et
493 2222 915 2279 detractionibus
946 2242 1066 2281 sese
1103 2227 1374 2284 abstinere
1412 2229 1611 2285 debere
1640 2231 1979 2287 admouebat.

395 2311 529 2366 Nam
560 2321 615 2366 et
641 2314 901 2381 quosdam
932 2330 1058 2371 suos
1081 2316 1531 2375 familiarissimos
1554 2322 1897 2393 coepisc0pos
1921 2325 1985 2379 il-

393 2403 497 2458 lius
522 2404 799 2475 scriptura:
830 2406 1049 2475 oblitos,
1084 2417 1137 2461 et
1170 2419 1360 2465 contra
1387 2425 1505 2466 eam
1542 2411 1841 2482 loquentes,
1875 2423 1980 2469 tam

392 2510 585 2565 aspere
612 2498 898 2567 aliquando
924 2501 1291 2569 reprehendit,
1325 2514 1624 2560 commotus
1666 2514 1723 2561 ut
1757 2507 1978 2573 diceret,

394 2595 488 2641 aut
510 2586 768 2643 delendos
797 2603 919 2646 esse
956 2590 1080 2646 illos
1105 2591 1171 2646 de
1197 2607 1382 2648 mensa
1429 2608 1651 2661 versus,
1698 2609 1790 2652 aut
1818 2611 1877 2653 se
1916 2597 1982 2654 de

393 2679 571 2734 media
619 2680 911 2738 refectione
940 2682 1007 2738 ad
1054 2698 1208 2740 suum
1237 2685 1543 2743 cubiculum
1594 2700 1980 2745 surrecturum.

390 2768 695 2842 Pauperum
741 2789 868 2830 vero
914 2789 1131 2845 semper
1181 2793 1389 2834 memor
1430 2792 1580 2848 erat,
1632 2783 1814 2853 eisque
1858 2786 1984 2840 inde

390 2865 667 2934 erogabat,
701 2866 839 2918 unde
870 2874 926 2918 et
953 2868 1052 2918 sibi
1083 2868 1301 2934 suisque
1330 2871 1579 2922 omnibus
1619 2884 1800 2923 secum
1834 2875 1983 2926 habi-

390 2956 663 3020 tantibus;
708 2957 811 3009 hoc
855 2964 975 3021 est,
1026 2956 1107 3009 vel
1152 2971 1221 3010 ex
1269 2958 1531 3012 reditibus
1581 2959 1981 3026 possessionum

391 3048 686 3112 Ecclesiae,
732 3046 818 3101 vel
882 3045 1043 3101 etiam
1093 3062 1158 3100 ex
1194 3047 1555 3105 oblationibus
1604 3049 1861 3105 ﬁdelium.
1915 3051 1984 3106 Et

392 3141 520 3195 dum
548 3140 687 3194 forte
715 3140 782 3193 de
810 3139 1238 3208 possessionibus
1265 3140 1396 3209 ipsis
1422 3141 1621 3198 invidia
1650 3142 1864 3198 clericis
1889 3142 1983 3200 ﬁe-

392 3239 512 3299 ret,
557 3228 925 3298 alloquebatur
953 3229 1159 3297 plebem
1188 3230 1313 3301 Dei,
1344 3232 1503 3290 malle
1546 3250 1607 3291 se
1631 3250 1695 3291 ex
1726 3234 1983 3292 collatio-

392 3325 551 3379 nibus
579 3324 746 3394 magis
777 3324 946 3395 plebis
974 3324 1067 3379 Dei
1097 3324 1298 3393 vivere,
1341 3343 1501 3398 quam
1530 3330 1738 3385 illarum
1771 3345 1985 3400 posses-

392 3418 603 3472 sionum
650 3433 835 3473 curam
868 3418 950 3473 vel
977 3420 1419 3490 gubernationem
1475 3425 1612 3493 pati;
1655 3434 1711 3481 et
1736 3435 1983 3496 paratum

392 3524 455 3565 se
483 3524 603 3566 esse
629 3510 737 3566 illis
780 3509 995 3583 cedere,
1030 3520 1087 3565 ut
1115 3526 1181 3567 eo
1230 3513 1388 3568 modo
1416 3529 1605 3571 omnes
1638 3516 1730 3572 Dei
1759 3518 1901 3573 servi
1930 3526 1985 3575 et

392 3603 623 3659 ministri
657 3605 923 3671 viverent,
954 3620 1062 3675 quo
1102 3606 1157 3661 in
1194 3606 1388 3663 Vetere
1427 3608 1770 3665 Testamento
1800 3611 1985 3681 legun-

395 3706 482 3752 tur
522 3696 700 3768 (Deut.
732 3714 891 3762 xvm.
942 3697 1030 3765 ί),
1082 3698 1236 3753 altari
1286 3699 1653 3756 deservientes
1698 3702 1765 3756 de
1790 3703 1981 3757 eodem

396 3790 848 3859 comparticipari.
876 3787 985 3844 Sed
1020 3803 1290 3857 nunquam
1331 3790 1383 3845 id
1416 3790 1533 3845 laici
1563 3792 1838 3861 suscipere
1890 3806 1985 3848 vo-

396 3882 935 4021 lueSri‘tlyzku’gustieus,
965 3948 1094 4003 solis
1135 3949 1374 4006 hostibus
1420 3952 1541 4006 ﬁdei
1568 3953 1848 4021 terribilis,
1891 3968 1986 4022 per

399 4043 578 4097 omnia
616 4052 893 4108 sanetum,
928 4040 1225 4111 simplicem
1274 4053 1327 4097 et
1368 4053 1701 4099 mansuetum
1744 4059 1802 4098 se
1849 4060 1985 4113 pra:-

399 4135 592 4199 bebat,
648 4150 752 4188 non
783 4135 1042 4190 minorem
1082 4135 1215 4189 forte
1245 4136 1467 4206 gloriam
1517 4152 1725 4191 morum
1770 4138 1990 4206 integri-

404 4238 510 4282 tate
531 4212 753 4283 meritus
766 4242 925 4296 quam
950 4227 1244 4281 innumeris
1266 4242 1399 4296 pene
1418 4227 1567 4281 libris
1581 4243 1713 4297 quos
1731 4227 1895 4296 ipsxus
1912 4228 1992 4281 in-

400 4320 612 4387 genium
646 4317 900 4373 adversus
934 4316 1231 4380 haereticos,
1265 4316 1636 4371 schismaticos
1673 4328 1728 4372 et
1757 4332 1990 4387 paganos

401 4410 555 4479 quasi
604 4424 670 4463 ex
710 4408 1026 4464 inexhausto
1072 4407 1217 4463 fonte
1266 4408 1505 4477 protulit.
1554 4408 1659 4463 Sed
1705 4419 1989 4478 antequam

401 4501 771 4573 gloriosissimi
825 4501 1058 4557 doctoris
1102 4514 1324 4569 operum
1379 4500 1478 4554 sub
1538 4500 1754 4555 lectoris
1806 4500 1990 4557 oculos

404 4594 563 4650 index
606 4595 915 4660 evolvatur,
964 4591 1262 4646 Possidium
1288 4629 1303 4655 ,
1339 4592 1490 4647 nobis
1529 4594 1755 4662 qualiter
1804 4608 1836 4647 e
1882 4595 1991 4647 vita

404 4688 700 4743 excesserit
728 4692 1035 4742 narrantem
1067 4685 1366 4742 audiamus.
1404 4685 1555 4740 Ευιτ.

480 4796 502 4831 ‹
536 4778 677 4833 Sane
703 4780 792 4833 ille
822 4789 1038 4835 sanctus
1087 4778 1137 4830 in
1173 4776 1278 4831 vita
1325 4792 1419 4831 sua
1449 4775 1653 4845 prolixa
1701 4789 1797 4843 pro
1840 4776 1989 4831 utili—

366 4875 516 4943 _tate
558 4881 620 4921 ac
670 4867 922 4923 felicitate
970 4878 1171 4923 sancta:
1217 4866 1473 4922 Ecclesiae
1526 4864 1807 4920 catholica:
1854 4864 1991 4920 divi-

409 4961 553 5015 nitus
594 4960 923 5027 condonata,
954 4964 1083 5016 vixit
1126 4963 1279 5017 annis
1309 4960 1641 5031 septuaginta
1670 4967 1725 5014 et
1763 4974 1855 5014 sex
1879 5000 1893 5023 ,
1935 4960 1988 5014 in

406 5051 667 5109 clericatu
714 5062 892 5106 autem
925 5051 1007 5105 vel
1037 5053 1345 5122 episcopatu
1383 5052 1537 5106 annis
1575 5049 1743 5104 ferme
1766 5049 1993 5119 quadra-

408 5148 578 5220 ginta.
612 5146 801 5201 Dicere
844 5154 1022 5200 autem
1056 5144 1205 5198 nobis
1237 5146 1375 5200 inter
1407 5143 1684 5199 fatiiiliaria
1725 5142 1990 5212 colloquia

409 5247 782 5306 consueverat,
813 5246 933 5307 post
971 5243 1275 5305 perceptum
1308 5232 1654 5303 baptismum,
1685 5234 1841 5289 etiam
1875 5232 1993 5287 lau-

412 5335 567 5391 datos
593 5318 926 5388 Christianos
955 5337 1009 5385 et
1037 5327 1341 5383 sacerdotes
1368 5326 1568 5397 absque
1589 5326 1744 5396 digna
1771 5335 1824 5381 et
1848 5342 1997 5381 com-

412 5428 613 5496 petenti
634 5422 951 5496 paenitentia
970 5422 1118 5477 exire
1138 5418 1205 5475 de
1229 5433 1454 5487 corpore
1478 5433 1581 5472 non
1608 5418 1824 5472 debere.
1844 5418 1995 5484 Quod

413 5524 471 5573 et
500 5515 615 5585 ipse
644 5516 765 5570 fecit
785 5556 798 5580 ,
847 5514 1033 5569 ultima
1066 5526 1168 5581 qua
1205 5508 1485 5564 defunctus
1514 5518 1596 5563 est
1632 5508 1947 5579 mgritudine
1978 5526 1991 5560 :

413 5622 537 5663 nam
565 5604 665 5661 sibi
699 5606 931 5675 jusserat
958 5603 1192 5675 psalmos
1233 5600 1542 5665 Davidicos,
1575 5599 1665 5667 qui
1705 5606 1828 5651 sunt
1859 5614 1993 5666 pau-

412 5702 614 5758 cissimi
644 5699 711 5753 de
753 5697 1057 5766 paenitentia
1089 5693 1283 5762 scribi,
1333 5694 1585 5763 ipsosque
1612 5689 1992 5758 quaterniones

419 5798 600 5851 iacens
642 5793 694 5847 in
724 5792 861 5847 lecto
905 5800 1087 5844 contra
1121 5788 1375 5859 parietem
1418 5782 1619 5851 positos
1649 5780 1834 5834 diebus
1884 5797 1993 5837 sua:

2089 1902 2193 1958 est,
2224 1902 2278 1949 et
2306 1896 2545 1965 sepultus
2572 1905 2673 1951 est.
2704 1896 3107 1952 Testamentum
3139 1899 3339 1953 nullum
3369 1898 3515 1964 fecit,
3548 1902 3686 1969 quia

2087 1986 2232 2042 unde
2260 1986 2461 2044 faceret
2491 2003 2693 2057 pauper
2716 1987 2811 2043 Dei
2838 2004 2944 2044 non
2975 1990 3175 2044 habuit.
3202 1989 3451 2045 Ecclesiae
3476 1990 3680 2046 biblio—

2090 2078 2323 2145 thecam,
2353 2096 2646 2151 omuesqne
2675 2081 2888 2138 codices
2914 2082 3194 2153 diligenter
3231 2084 3458 2155 posteris
3489 2096 3680 2139 custo-

2088 2168 2315 2224 diendos
2341 2184 2556 2239 semper
2577 2172 2820 2240 jubebat.
2845 2173 2901 2229 Si
2924 2174 3047 2243 quid
3076 2189 3202 2229 vero
3226 2175 3482 2239 Ecclesia,
3507 2178 3592 2230 vel
3624 2178 3680 2231 in

2089 2262 2413 2328 sumptibus,
2439 2262 2519 2317 vel
2544 2264 2596 2316 in
2623 2265 2954 2318 ornamentis
2976 2265 3180 2330 habuit,
3203 2265 3322 2320 ﬁdei
3347 2267 3678 2339 presbyteri,

2086 2352 2175 2421 qui
2223 2353 2320 2407 sub
2350 2352 2539 2408 eodem
2586 2353 2778 2408 domus
2811 2354 3066 2410 Ecclesia;
3096 2370 3276 2409 curam
3309 2356 3559 2426 gerebat,
3591 2358 3681 2411 di-

2088 2446 2253 2499 misit.
2286 2446 2395 2501 Nec
2424 2460 2552 2501 suos
2596 2447 3051 2514 consanguineos,
3082 2448 3163 2501 vel
3194 2448 3246 2500 in
3283 2449 3556 2516 proposito
3586 2450 3679 2504 vel

2088 2545 2239 2590 extra
2275 2536 2628 2602 constitutos,
2674 2537 2727 2590 in
2755 2550 2850 2590 sua
2882 2537 2989 2590 vita
3033 2544 3087 2591 et
3124 2545 3294 2590 morte
3337 2536 3476 2606 vulgi
3517 2550 3676 2590 more

2090 2630 2361 2697 tractavit,
2394 2629 2611 2699 quibus,
2641 2629 2766 2684 dum
2796 2628 2969 2684 adhuc
3014 2636 3339 2697 superesset,
3375 2627 3427 2681 id
3458 2628 3500 2681 si
3532 2642 3677 2693 opus

2087 2719 2205 2785 fuit,
2234 2720 2374 2788 quod
2404 2732 2458 2774 et
2487 2722 2720 2781 caeteris,
2753 2720 3017 2787 erogavit,
3050 2734 3155 2769 non
3183 2727 3243 2768 ut
3262 2715 3478 2768 divitias
3505 2714 3679 2771 habe-

2088 2819 2227 2876 rent,
2254 2812 2345 2864 sed
2371 2818 2539 2864 utaut
2562 2824 2690 2876 non,
2718 2817 2806 2862 aut
2835 2808 3011 2862 minus
3051 2814 3291 2875 egerent.
3320 2804 3534 2859 Clerum
3561 2807 3684 2861 suf-

2088 2898 2538 2962 ﬁcientissimum,
2562 2908 2618 2950 et
2654 2898 2979 2949 monasteria
3000 2896 3237 2948 virorum
3260 2908 3324 2949 ac
3352 2894 3683 2953 feminarum

2086 2987 2473 3041 continentium
2524 3001 2645 3040 cum
2695 2987 2807 3039 suis
2848 2985 3148 3055 praepositis
3177 2985 3364 3053 plena,
3416 2987 3684 3045 Ecclesiae
3724 3022 3727 3025 η

2092 3077 2317 3146 dimisit,
2342 3090 2445 3129 una
2470 3090 2591 3131 cum
2622 3075 2979 3142 bibliothecis,
3014 3076 3180 3132 libros
3218 3086 3273 3132 et
3304 3086 3560 3134 tractatus
3592 3082 3686 3139 vel

2010 3168 2059 3233 C
2089 3184 2215 3226 suos
2243 3168 2330 3223 vel
2374 3168 2599 3224 aliorum
2644 3175 2949 3223 sanctorum
2997 3167 3344 3236 habentibus,
3380 3170 3435 3224 in
3476 3173 3684 3241 quibus

2090 3262 2234 3317 dono
2248 3259 2339 3315 Dei
2364 3260 2533 3330 qualis
2554 3269 2892 3330 quantusque
2914 3260 2966 3314 in
2982 3260 3217 3315 Ecclesia
3237 3260 3392 3316 fuerit
3412 3264 3684 3333 noscitur,

2088 3361 2143 3408 et
2171 3353 2226 3408 in
2259 3352 2341 3407 his
2374 3366 2587 3421 semper
2615 3351 2796 3406 vivere
2837 3366 2867 3405 a
2910 3350 3153 3405 ﬁdelibus
3182 3352 3473 3408 invenitur.
3513 3354 3679 3409 Juxta

2076 3444 2229 3514 quod
2270 3444 2429 3499 etiam
2461 3443 2798 3498 saecularium
2844 3443 3058 3513 quidam
3089 3452 3396 3514 poetarum,
3440 3447 3549 3501 suis
3576 3447 3683 3517 ju—

2078 3536 2221 3591 ‘bens
2243 3551 2349 3606 quo
2369 3535 2470 3591 sibi
2500 3535 2760 3590 tumulum
2788 3545 2999 3591 mortuo
3024 3535 3076 3590 in
3098 3549 3290 3606 aggere
3320 3536 3533 3605 publico
3554 3540 3683 3595 coi-

2088 3631 2361 3696 locarent,
2392 3643 2488 3699 pro
2515 3629 2897 3699 epigrammate
2927 3629 3077 3683 ﬁnxit
3104 3628 3316 3695 dicens,

2276 3723 2475 3785 Vivere,
2491 3730 2601 3785 post
2622 3723 2809 3785 obitum
2832 3728 2992 3771 vatem
3014 3722 3088 3771 vis
3113 3733 3255 3772 nosse
3279 3723 3454 3785 viator,

2341 3784 2481 3843 Quod
2504 3784 2631 3846 legis
2656 3796 2774 3833 ecce
2800 3784 2990 3845 loquor,
3018 3796 3111 3833 vox
3144 3792 3225 3834 tua
3245 3796 3421 3845 nempe
3442 3784 3552 3834 mea
3574 3793 3661 3836 est

2091 3868 2160 3924 Et
2183 3868 2235 3923 in
2262 3868 2374 3923 suis
2402 3868 2615 3939 quidem
2642 3867 2854 3932 scriptis
2885 3866 2974 3923 ille
2999 3866 3107 3921 Deo
3128 3876 3380 3934 acceptus
3401 3876 3455 3921 et
3474 3866 3680 3924 charus

2090 3962 2364 4028 sacerdos,
2382 3970 2634 4031 quantum
2663 3960 2870 4015 lucente
2890 3960 3114 4014 veritate
3139 3959 3322 4014 videre
3340 3959 3679 4017 conceditur.

2091 4060 2238 4108 recte
2252 4067 2315 4105 ac
2330 4065 2481 4114 sane,
2506 4050 2647 4115 ﬁdei,
2673 4049 2808 4119 spei,
2824 4058 2877 4104 et
2903 4047 3182 4103 charitatis
3196 4049 3474 4107 catholica:
3493 4048 3681 4106 Eccle-

2091 4142 2186 4196 siae
2210 4142 2407 4197 vixisse
2434 4140 2802 4195 manifestatur
2826 4157 2839 4193 :
2862 4140 3003 4208 quod
3024 4147 3321 4209 agnoscunt
3339 4138 3428 4209 qui
3450 4153 3571 4194 eum
3604 4141 3680 4197 de

2094 4233 2291 4288 divinis
2317 4232 2643 4287 scribentem
2672 4232 2911 4300 legentes
2935 4231 3244 4299 proﬁciunt.
3275 4229 3378 4285 Sed
3407 4245 3505 4299 ego
3526 4230 3682 4286 arbi-

2094 4333 2210 4379 tror
2239 4323 2356 4391 plus
2378 4338 2445 4378 ex
2465 4337 2532 4377 eo
2554 4320 2815 4391 proﬁcere
2838 4322 3096 4391 potuisse,
3124 4322 3213 4391 qui
3236 4338 3358 4377 eum
3382 4332 3439 4377 et
3458 4322 3683 4391 loquen-

2094 4422 2204 4469 tem
2249 4412 2301 4467 in
2330 4412 2560 4468 ecclesia
2594 4420 2910 4482 praesentem
2944 4412 3127 4468 audire
3156 4420 3210 4466 et
3260 4410 3443 4464 videre
3491 4419 3683 4479 potue-

2094 4515 2251 4572 runt,
2285 4514 2340 4561 et
2386 4506 2501 4575 ejus
2535 4506 2834 4573 praesertim
2882 4504 3019 4559 inter
3049 4502 3289 4558 homines
3316 4503 3683 4557 conversatio~

2103 4616 2224 4657 nem
2259 4613 2367 4653 non
2387 4600 2783 4666 ignoraverunt.
2808 4596 2931 4651 Erat
2951 4596 3092 4652 enim
3123 4610 3227 4650 non
3249 4595 3419 4651 solum
3441 4596 3682 4652 eruditus

2100 4689 2275 4745 scriba
2317 4688 2372 4741 in
2393 4702 2557 4756 regno
2585 4688 2866 4754 caelorum,
2892 4687 2958 4741 de
2988 4687 3240 4742 thesauro
3268 4702 3364 4741 suo
3401 4687 3683 4756 proferens

2100 4794 2238 4835 nova
2268 4786 2321 4833 et
2349 4789 2530 4832 vetera
2549 4817 2564 4844 ,
2595 4789 2649 4832 et
2679 4793 2814 4832 unus
2845 4778 3256 4845 negotiatorum,
3291 4776 3378 4846 qui
3411 4777 3682 4833 inventam

2103 4872 2392 4942 pretiosam
2422 4872 2763 4942 margaritam
2784 4910 2799 4936 ,
2830 4885 2948 4939 qua:
3000 4870 3230 4924 habebat
3254 4869 3507 4935 venditis,
3536 4884 3685 4924 com-

2103 4961 2310 5031 paravit
2339 4959 2553 5032 (Matth.
2589 4975 2704 5027 xm,
2733 4958 2821 5025 5'2,
2848 4958 2939 5023 45,
2968 4957 3057 5028 46)
3086 4974 3102 5013 :
3127 4973 3308 5012 verum
3338 4959 3498 5012 etiam
3526 4972 3590 5013 ex
3619 4956 3685 5029 iis

2100 5056 2166 5111 ad
2193 5068 2326 5127 quos
2355 5055 2612 5123 scriptum
2646 5062 2749 5115 est,
2782 5049 2873 5105 Sic
2905 5050 3189 5119 loquimini,
3220 5062 3265 5105 et
3292 5053 3363 5105 sic
3390 5052 3542 5121 facile
3569 5049 3684 5121 (Ja-

2060 5215 2066 5219 ‘
2100 5148 2211 5201 cobi
2241 5163 2301 5212 II,
2333 5146 2455 5214 1'2);
2484 5154 2537 5199 et
2566 5142 2636 5198 de
2657 5142 2847 5212 quibus
2873 5140 3115 5197 Salvator
3138 5142 3287 5207 dicit,
3316 5143 3417 5206 Qui
3437 5144 3610 5213 fecerit
3636 5153 3683 5196 et

2100 5241 2329 5297 docuerit
2360 5240 2433 5293 sic
2480 5239 2741 5301 homines,
2774 5236 2854 5288 hic
2893 5250 3107 5305 magnus
3142 5234 3400 5289 vocabitur
3442 5237 3495 5290 in
3522 5251 3682 5308 regno

2082 5332 2349 5387 scalarum
2385 5328 2601 5401 (Matth.
2634 5343 2695 5393 v,
2732 5326 2841 5396 l9).
2876 5345 2895 5377 ι

2724 5416 2950 5474 CAPUT
2992 5417 3030 5470 ll

2601 5499 2807 5569 Scripta
2839 5498 2877 5553 S
2888 5540 2900 5552 .
2928 5496 3214 5567 Augustini.

2105 5596 2186 5657 §l.
2232 5591 2424 5657 Scripta
2468 5588 2742 5657 Augustini,
2767 5588 2999 5649 genuina,
3036 5590 3232 5657 servato
3269 5583 3683 5657 Retractationum

2164 5647 2359 5711 ordine,"
2404 5647 2569 5712 quenf
2586 5647 2810 5699 similiter
2856 5657 3080 5697 auctores
3134 5648 3324 5707 Magnas
3367 5647 3688 5696 Bibliotheca

2166 5718 2363 5767 Patrum
2382 5714 2538 5763 secuti
2566 5717 2693 5760 sunt.

2170 5765 2361 5836 Contra
2401 5774 2727 5831 Academicos
2757 5768 2879 5827 libri
2930 5778 3037 5826 tres
3086 5778 3206 5841 post
3235 5768 3427 5824 librum
3464 5765 3683 5825 (18Ραί-
