3882 6350
494 337 568 399 27
1379 307 1954 403 SUPPILEMENTUM’
1976 345 2027 402 At

2196 346 2335 405 EBA
2372 348 2433 407 S..
2474 347 2869 408 AUGUSTINI.
3662 348 3725 409 28

560 451 820 509 tholioum
865 450 1154 525 scripsisse
1198 465 1257 511 se
1309 426 1821 511 testatur-’Retract.
1854 454 1949 513 lib.
1996 471 2057 523 ιι,
2085 458 2327 532 Α[57.]
2378 458 2532 514 Liber
2576 458 2954 515 Probation‘um
3006 467 3054 515 et
3091 459 3529 517 Testimoniorum
3565 470 3722 517 contra

562 561 683 617 cap.
717 544 773 601 2.
2252 550 2576 606 Donatistas.

492 639 582 696 11.
633 640 991 707 ραωιιὶοηιιηι
1044 640 1473 711 Euangelicarum
1512 640 1724 697 XCVIII
1768 642 1893 698 libri
1944 643 2025 699 άω

1768 642 1893 698 libri
1944 643 2073 711 duo,
2182 639 2335 714 [58.]
2367 642 2556 697 Contra
2576 634 2745 698 nescio
2771 660 2920 715 quem
2949 642 3298 700 Donatistam.

559 747 699 803 quos
727 731 1048 789 festinanter
1077 732 1366 787 admodum
1378 732 1937 803 scripsitAugustinus
1952 742 2079 803 post
2180 729 2334 801 [59.]
2368 733 2661 788 Admonitio
2689 733 3080 790 Donatistarum
3101 735 3165 790 de
3194 734 3607 792 Maximianistis.

558 839 609 877 a.
641 825 765 879 400.
802 824 957 879 Exst.
1005 824 1068 903 in.
1102 823 1191 880 ed.
1220 823 1431 881 Erasm.
1463 834 1534 896 ⁵ει.
1563 823 1759 879 Lovan.
1818 833 1948 881 tom.
1980 825 2071 896 IV,
2179 823 2267 881 60.
2302 824 2461 881 Liber
2501 827 2564 880 de
2617 826 2952 883 Divinatione
2999 826 3308 884 Dtemonum
3347 844 3456 886 scr.
3512 830 3645 886 inter
3684 846 3729 887 a.

560 915 753 970 Bened.
776 917 845 971 111
862 958 874 973 .

2245 915 2351 971 406
2391 925 2445 972 et
2472 917 2596 973 Ml.
2643 917 2797 975 Exst.
2845 919 2898 974 in
2921 920 3008 975 ed.
3040 920 3229 977 Erasm
3255 929 3311 977 et
3337 920 3534 977 Looan.
3572 922 3633 978 Τ.
3657 920 3729 990 ΠΙ,

486 1009 972 1065 ιΞ..4ηιιοιαιὶοηεε
1021 1010 1076 1065 in
1122 1008 1334 1077 Jobunt,
1380 1010 1597 1079 scripta:
1645 1024 1836 1066 versus
1864 1024 1916 1065 a.
1945 1011 2019 1067 4οι

1031 1010 1076 1065 in
1122 1008 1334 1077 Jobum,
1380 1010 1597 1079 scripta:
1645 1024 1836 1066 versus
1864 1024 1916 1065 a.
1945 1010 2071 1067 400.
2245 1006 2442 1061 Bened.
2476 1008 2564 1063 Vl.

555 1102 710 1157 Exst.
772 1103 829 1157 in
886 1100 975 1158 ed.
1039 1100 1245 1158 Erasm.
1311 1111 1371 1158 et
1400 1100 1597 1157 Louan.
1662 1111 1795 1157 tom.
1844 1100 1935 1171 IV,
1972 1101 2073 1158 Be-
2174 1098 2262 1156 61.
2295 1098 2375 1154 De
2407 1117 2497 1155 sea:
2548 1101 2917 1172 quaestionibus
2963 1113 3146 1159 contra
3204 1104 3449 1177 Paganos
3499 1104 3731 1174 expositis
3846 1144 3847 1149 η

557 1198 677 1251 ned.
722 1196 807 1252 IlI.
2243 1190 2381 1247 liber
2410 1192 2479 1247 ad
2503 1191 2814 1265 Deogratias
2841 1196 3256 1268 presbyterum,
3308 1213 3358 1253 c.
3406 1213 3460 1253 a.
3505 1197 3606 1253 108
3643 1211 3732 1250 scr.

489 1302 575 1345 eo.
605 1288 685 1343 De
712 1289 1109 1345 Catechizandis
1136 1288 1349 1344 rudibus
1384 1286 1525 1344 liber
1555 1294 1678 1358 post
1721 1300 1772 1341 a.
1801 1287 1908 1344 400
1934 1289 2071 1344 scri-
2241 1284 2480 1341 videtur.
2511 1286 2756 1342 Meminit
2783 1287 3103 1358 Augustinus
3134 1290 3378 1347 Retract.
3410 1305 3471 1357 ιι,
3507 1291 3593 1345 51.
3618 1289 3738 1344 Inter

566 1392 709 1451 ptus.
741 1381 901 1436 Exst.
929 1382 985 1436 in
1009 1379 1099 1438 ed.
1128 1379 1337 1435 Erasm.
1370 1387 1425 1435 et
1452 1379 1649 1433 Lovan.
1680 1387 1810 1435 tom.
1830 1377 1921 1448 ιν,
1962 1376 2069 1433 Be-
2242 1376 2500 1446 epistolas
2554 1378 2734 1435 editus
2780 1388 2865 1436 est
2913 1379 3064 1452 (olim
3106 1382 3177 1438 49
3199 1426 3215 1452 ,
3262 1397 3405 1444 nunc
3434 1382 3563 1454 102)
3589 1383 3638 1437 in
3663 1380 3736 1437 ed.

556 1471 675 1525 ned.
700 1470 788 1525 Vl.

2184 1468 2187 1471 ’
2240 1465 2474 1538 Erasm.,
2499 1467 2719 1538 Lovan.,
2742 1478 2798 1526 et
2833 1470 3025 1527 Bened.
3055 1472 3120 1528 Τ.
3152 1473 3218 1528 II.

483 1560 573 1615 14.
605 1559 685 1616 De
724 1560 981 1617 Trinitate
1009 1561 1136 1619 libri
1167 1559 1480 1632 quindecim
1504 1573 1557 1613 a.
1586 1558 1691 1615 400
1720 1558 1982 1628 inchoati,
2012 1572 2064 1615 a.
2169 1555 2330 1631 [62.]
2360 1558 2621 1629 Sequitur
2646 1560 2698 1615 iu
2728 1561 2963 1618 Retract.
2986 1564 3082 1619 lib.
3106 1580 3165 1631 ιι,
3199 1564 3269 1620 52
3289 1606 3304 1631 ,
3340 1563 3610 1635 Expositio
3630 1560 3741 1633 Epi-

553 1655 660 1710 416
689 1654 948 1709 absoluti.
976 1653 1132 1709 Exst.
1156 1654 1211 1708 in
1240 1652 1330 1709 ed.
1361 1650 1573 1705 Erasm.
1604 1660 1659 1706 et
1682 1649 1879 1705 Louan.
1929 1658 2061 1706 tom.
2186 1698 2187 1701 η
2239 1649 2388 1728 stola
2426 1648 2490 1704 S.
2514 1647 2729 1717 Jacobi,
2760 1668 2881 1722 qua:
2910 1669 3021 1708 non
3046 1663 3241 1709 exstat.

554 1745 643 1811 ll],
671 1744 869 1800 Bened.
902 1744 1039 1800 VIII.
1944 1780 1949 1787 .
2166 1734 2260 1792 65.
2292 1736 2373 1791 De
2400 1736 2740 1794 Peccatorum
2765 1741 2969 1797 Meritis
2992 1743 3392 1817 et‘Remissione
3420 1762 3481 1798 ac
3500 1745 3563 1799 de
3580 1743 3743 1815 Bapti-

491 1839 572 1895 15.
614 1838 692 1891 De
715 1837 978 1893 Consensu
1002 1837 1451 1908 Evangelistarum
1472 1836 1594 1891 libri
1625 1844 1858 1906 quatuor
1874 1848 2065 1890 versus
2094 1839 2144 1900 B
2243 1845 2356 1883 δηιο
2388 1829 2735 1886 Parvulorum
2766 1832 2891 1888 libri
2920 1842 3050 1903 tres,
3077 1835 3165 1909 ad.
3194 1834 3599 1902 Marcellinum,
3648 1848 3742 1888 scr.

561 1944 611 1982 a.
638 1928 744 1983 400
793 1928 1004 1996 scripti,
1057 1943 1195 1997 quos
1226 1929 1370 1982 inter
1414 1926 1758 1982 scribendum
1800 1923 1971 1980 libros
2000 1925 2070 1981 de
2246 1935 2298 1975 a.
2338 1920 2464 1975 412.
2499 1923 2654 1978 Exst.
2704 1925 2756 1979 in
2789 1926 2877 1980 ed.
2926 1925 3129 1983 Erasm.
3183 1936 3238 1982 et
3274 1926 3472 1982 Lovan.
3531 1926 3595 1983 T.
3626 1922 3745 1990 VII,

553 2020 820 2075 Trinitate
870 2022 1202 2090 composuit.
1251 2021 1405 2075 Exst.
1442 2020 1497 2074 in
1525 2020 1612 2075 ed.
1644 2017 1851 2074 Erasm.
1883 2027 1940 2074 et
1968 2017 2070 2073 Lo-
2244 2022 2385 2081 parl.
2417 2029 2477 2079 Il,
2505 2013 2697 2069 Bened.
2732 2016 2799 2070 Χ.

552 2130 667 2166 van.
699 2123 833 2168 tom.
865 2112 954 2179 IV,
980 2110 1178 2166 Bened.
1208 2109 1295 2166 III.
2172 2101 2261 2158 64.
2316 2103 2396 2159 De
2425 2107 2576 2160 unico
2632 2105 2902 2177 Baptismo
2952 2109 3091 2166 liber
3133 2111 3323 2167 eodem
3375 2119 3626 2180 tempore
3650 2118 3752 2160 scr.

482 2202 569 2261 46.
605 2206 807 2259 Contra
834 2202 1194 2269 Parmenioni,
1218 2204 1410 2258 Donati
1441 2204 1493 2257 in
1518 2203 1647 2259 sede
1672 2199 1925 2271 Carthag.
1948 2214 2070 2255 suc-
2244 2196 2397 2252 Exst.
2425 2198 2477 2253 in
2518 2200 2606 2255 ed.
2638 2200 2845 2257 Erasm.
2873 2212 2927 2258 et
2958 2203 3155 2259 Lovan.
3192 2204 3258 2258 T.
3283 2204 3409 2271 VII,
3441 2201 3640 2256 Bened.
3668 2195 3756 2253 IX.

554 2300 816 2358 cessoris,
847 2296 1135 2363 Epistulam
1162 2297 1230 2349 ad
1273 2295 1588 2366 Tychonium
1627 2311 1735 2351 scr.
1764 2310 1813 2349 c.
1846 2310 1898 2348 a.
1940 2293 2085 2347 400.
2174 2286 2337 2359 [65.]
2366 2290 2534 2354 Quem
2586 2302 2707 2360 post
2730 2308 2865 2363 opus
2893 2294 2961 2348 de
2998 2296 3152 2348 unico
3190 2293 3459 2365 Baptismo
3502 2298 3757 2347 recenset

556 2388 709 2441 Exst.
761 2387 816 2441 in
873 2386 960 2441 ed.
996 2386 1201 2440 Erasm.
1252 2396 1309 2441 et
1365 2386 1561 2441 Loran.
1629 2395 1765 2441 tom.
1797 2383 1908 2449 VII,
1965 2381 2069 2437 Be-
2242 2378 2557 2449 Augustinus
2586 2397 2645 2449 ιι,
2694 2384 2807 2449 55,
2839 2384 2979 2439 liber
3024 2384 3092 2439 de
3123 2383 3531 2439 Maximianislis
3583 2388 3769 2453 contra

556 2478 677 2535 ned,
710 2478 805 2533 lx.
1148 2508 1151 2509 ν
2246 2468 2580 2537 Donatistas,
2619 2472 2728 2542 jam
2776 2488 2881 2529 non
2913 2475 3147 2542 amplius
3176 2481 3365 2528 restat.

483 2571 570 2627 47,
602 2573 679 2629 οε
699 2573 967 2643 Raptim",
998 2574 1127 2631 ιίιπί
1158 2582 1366 2646 septem
1390 2574 1580 2629 eodem
1612 2581 1855 2644 tempore
1872 2569 2070 2647 advers...
2171 2558 2261 2614 66.
2291 2558 2366 2613 De
2385 2558 2568 2615 Gratia
2595 2561 2650 2615 Ν
2655 2563 2735 2616 ovi
2785 2562 3091 2618 Testamenti
3130 2563 3271 2618 liber
3318 2563 3385 2616 ad
3426 2560 3776 2615 Honoratum

553 2679 646 2719 sus
671 2665 982 2721 Donatistas
1013 2666 1244 2721 exarati.
1272 2665 1426 2721 Exst.
1458 2664 1510 2720 in
1533 2664 1619 2721 ed.
1649 2661 1859 2717 Erasm.
1891 2670 1946 2718 et
1966 2660 2068 2716 Lo-

2313 2667 2347 2704 r.
2379 2665 2425 2706 c.
2482 2666 2532 2706 a.
2581 2653 2708 2707 412.
2756 2654 2909 2710 Exst.
2942 2656 2996 2711 in
3036 2654 3125 2711 ed.
3157 2653 3389 2721 Erasm.,
3419 2652 3657 2717 Lovan.,
3716 2659 3773 2706 et

554 2773 673 2812 van.
713 2769 846 2813 tom.
880 2758 993 2821 VII,
1028 2757 1225 2813 Bened.
1250 2758 1342 2812 IX.

1112 2759 1225 2813 ned.
1250 2758 1342 2812 IX.
2243 2739 2443 2797 Bened.
2486 2743 2551 2798 T.
2582 2742 2645 2798 11.

483 2848 618 2922 [48.]
644 2851 902 2920 Sequitur
925 2852 976 2903 in
1006 2849 1456 2904 Retractationum
1488 2851 1655 2913 serie,
1690 2851 1784 2905 lib.
1812 2865 1871 2917 ιι,
1900 2864 1949 2929 ci.
1975 2852 2016 2902 11

2229 2838 2261 2892 l.
2311 2838 2389 2892 De
2437 2836 2643 2909 Spiritu
2674 2847 2721 2893 et
2766 2838 2970 2893 Littera
3001 2835 3138 2892 liber
3192 2835 3259 2891 ad
3311 2836 3688 2891 Marcellinum
3715 2854 3762 2893 a.

554 2941 798 3008 proxime
833 2940 990 3001 liber,
1007 2941 1090 2991 cui
1120 2941 1201 2992 tit.
1229 2956 1242 2990 :
1275 2937 1467 2990 Contra
1496 2938 1633 3005 quod
1664 2938 1844 2988 attulit
1876 2927 2069 2988 Centu-
2240 2928 2349 2977 412
2377 2931 2460 2980 vel
2492 2929 2596 2981 413
2623 2944 2732 2981 scr.
2761 2928 2915 2982 Exst.
2955 2930 3009 2981 in
3032 2928 3121 2983 ed.
3152 2927 3359 2982 Erasm.
3388 2937 3443 2984 et
3473 2927 3680 2983 Louan.
3704 2928 3763 2984 T.

554 3032 664 3083 rius
695 3046 727 3081 a
751 3014 1061 3090 Donatistis,
1095 3028 1186 3093 qui
1215 3040 1320 3079 non
1354 3032 1550 3080 exstat.

1134 3028 1186 3085 ui
1215 3040 1320 3079 non
1354 3032 1550 3080 exstat.
2240 3014 2342 3079 III,
2367 3014 2560 3067 Bened.
2592 3016 2662 3068 X.

484 3119 574 3176 ‘9,
613 3118 693 3171 Αά
726 3116 1093 3187 Inquisitio“;
1131 3103 1378 3168 Ianuarii
1416 3112 1542 3169 libri
1586 3112 1713 3181 duo,
1763 3127 1813 3169 c.
1860 3126 1912 3167 θ,
1962 3110 2068 3167 400
2168 3100 2258 3159 68.
2291 3102 2367 3156 De
2386 3103 2524 3157 Fide
2552 3112 2600 3158 et
2634 3104 2888 3176 Operibus
2917 3106 3057 3163 liber
3097 3121 3208 3163 scr.
3232 3122 3287 3163 a.
3340 3107 3469 3165 415.
3524 3109 3682 3166 Exst.
3715 3109 3764 3167 in

552 3224 660 3261 scr.
702 3208 855 3262 Exst.
926 3207 981 3261 in
1030 3206 1119 3261 etl.
1183 3203 1419 3273 Erasm.,
1474 3204 1695 3271 Lovan.,
1749 3211 1804 3260 et
1868 3202 2061 3258 Bened.
2092 3195 2140 3262 C
2244 3195 2332 3252 Cdo
2366 3194 2871 3253 Eram-“140W”.
2896 3199 2961 3255 Τ·
2994 3199 3099 3267 IV,
3124 3198 3319 3256 Βεηεάο
3355 3200 3443 3257 VI.

557 3310 691 3355 tom.
725 3300 787 3354 II.
1098 3322 1099 3325 η
1226 3324 1229 3325 ν
2174 3284 2264 3344 69.
2313 3288 2616 3345 Breviculus
2668 3289 3019 3346 Collationum
3072 3301 3253 3347 contra
3310 3292 3624 3349 Donatistas
3661 3308 3764 3349 scr.

489 3391 579 3447 50.
607 3391 682 3447 De
730 3392 897 3463 Opere
944 3388 1324 3445 Monachorum
1369 3390 1508 3447 liber
1552 3388 1782 3460 iubente
1836 3388 2070 3457 Aurelio,
2244 3381 2347 3437 sub
2375 3384 2535 3439 linem
2566 3399 2617 3439 a.
2646 3383 2772 3437 411.
2820 3383 2977 3441 Exst.
3023 3385 3077 3440 in
3117 3385 3207 3441 ed.
3237 3385 3444 3441 Erasm.
3476 3395 3537 3441 et
3565 3386 3765 3442 Lovan.

559 3483 725 3552 episc.
757 3481 1007 3552 Cartltag.
1034 3498 1084 3536 c.
1113 3498 1142 3535 a
1164 3481 1268 3536 400
1302 3497 1407 3538 scr.
1444 3482 1602 3537 Exst.
1638 3482 1691 3537 in
1733 3480 1823 3538 ed.
1855 3479 2068 3535 Erasm.

1683 3500 1691 3537 ι
1733 3480 1823 3538 ed.
1855 3479 2068 3535 Erasm.
2244 3473 2308 3527 T.
2346 3472 2464 3540 VII,
2486 3474 2678 3529 Bened.
2710 3474 2804 3529 IX.
3114 3476 3125 3483 ”

560 3584 613 3631 et
642 3572 838 3629 ιουαη,
874 3583 1005 3630 tom.
1037 3574 1123 3641 ΙΙΙ,
1157 3573 1354 3630 Bened.
1382 3583 1510 3631 ιοιῃ,
1547 3574 1640 3630 VI.
2173 3566 2263 3622 70.
2296 3567 2376 3620 Ad
2403 3565 2701 3622 Donatistas
2727 3576 2848 3639 post
2874 3568 3075 3625 dictam
3099 3569 3437 3626 Collationem
3459 3569 3611 3628 liber
3634 3570 3770 3627 forte

487 3665 576 3724 51.
598 3667 675 3721 De
699 3667 845 3722 Bono
873 3666 1145 3740 conjugali
1173 3666 1309 3721 liber
1335 3668 1595 3722 adversus
1623 3665 1969 3721 Iovinianum
2017 3679 2067 3719 a.
2242 3661 2343 3714 sub
2366 3660 2482 3714 init.
2513 3656 2573 3715 a.‘
2597 3661 2700 3717 412
2730 3676 2837 3717 scr.
2867 3664 3015 3719 Exst.
3039 3665 3096 3719 in
3125 3663 3214 3719 ed.
3241 3662 3451 3718 Erasm.
3475 3674 3532 3719 et
3564 3665 3746 3719 Lovan

570 3758 663 3813 100
700 3773 809 3811 scr.
845 3759 997 3810 Exst.
1046 3759 1098 3810 iu
1131 3757 1219 3811 ed.
1251 3755 1488 3823 Erasm.,
1526 3757 1751 3827 Lovan.,
1787 3766 1841 3811 et
1875 3754 2066 3810 Beued.
2128 3746 2137 3753 ’
2244 3754 2309 3807 Τ.
2343 3753 2454 3820 VlI,
2481 3753 2674 3808 Bened.
2705 3753 2797 3810 IX.
3322 3754 3325 3757 ’

560 3855 698 3901 ιοιιι.
730 3846 820 3900 Vl.
2174 3848 2265 3902 71.
2301 3847 2376 3901 De
2406 3848 2625 3901 videndo
2657 3847 2765 3903 Deo
2792 3851 2860 3903 ad
2884 3849 3164 3905 Paulinam
3194 3850 3354 3907 liber.
3383 3850 3541 3907 Exst.
3581 3854 3640 3909 in
3682 3851 3764 3909 ed.

490 3933 579 3989 52.
609 3935 687 3989 De
709 3944 887 3989 sancta
908 3936 1205 4007 uirginitate
1231 3937 1371 3993 liber
1398 3953 1504 3994 scr.
1538 3954 1626 3993 an.
1648 3937 1774 3994 401.
1805 3936 2000 3995 Exstat
2020 3939 2071 3993 in
2246 3938 2483 4003 Erasm.,
2512 3940 2727 4007 Lovan.,
2759 3950 2813 3996 et
2838 3940 3035 3996 Bened.
3058 3942 3123 3996 T.
3152 3940 3221 3997 11.

563 4026 651 4081 ed.
671 4024 903 4093 Erasm.,
926 4026 1151 4094 Lovan.,
1179 4037 1233 4083 et
1260 4028 1457 4083 Bened.
1489 4038 1621 4084 tom.
1651 4029 1737 4084 VI.
2173 4028 2264 4084 72.
2296 4028 2377 4083 De
2424 4029 2636 4085 Natura
2661 4041 2709 4086 et
2735 4031 2915 4086 Gratia
2954 4042 3135 4088 contra
3164 4033 3477 4105 Pelagianos
3527 4036 3677 4092 liber
3716 4048 3765 4089 a.

491 4117 578 4173 5'5.
605 4120 682 4174 De
710 4117 892 4174 Genesi
918 4121 986 4174 ad
1017 4121 1263 4175 Litteram
1292 4123 1416 4177 libri
1459 4123 1744 4179 duodecim
1776 4139 1826 4177 a.
1857 4125 1951 4180 101
1991 4126 2074 4180 in-
2245 4124 2370 4177 415.
2400 4138 2505 4179 scr.
2539 4124 2692 4181 Exst.
2724 4125 2776 4181 in
2805 4126 2891 4182 ed.
2940 4126 3151 4183 Erasm.
3193 4136 3247 4184 et
3292 4127 3490 4184 Lovan.
3532 4129 3603 4184 T.
3664 4126 3766 4193 VII,
3818 4126 3821 4129 ’

562 4208 763 4274 cltoali,
801 4210 1033 4266 absoluti
1057 4227 1107 4266 a.
1139 4214 1265 4269 415.
1302 4214 1452 4269 Exst.
1484 4215 1537 4269 in
1567 4214 1655 4270 ed.
1688 4212 1921 4283 Erasm,
1955 4216 2073 4271 Lo-
2246 4225 2385 4284 part.
2420 4232 2480 4283 ιι,
2519 4216 2712 4271 Bened.
2748 4219 2811 4272 T.
2841 4218 2913 4272 Χ.

562 4316 707 4369 υαη.,
733 4309 790 4357 et
811 4300 1009 4357 Bened.
1044 4314 1177 4359 tom.
1220 4303 1309 4359 III.
2177 4309 2266 4363 7'5.
2298 4308 2378 4363 De
2400 4309 2730 4379 Perfcclionc
2749 4312 2961 4376 iustitia:
2990 4312 3209 4369 hominis
3256 4312 3322 4368 ad
3366 4311 3695 4385 Eutropium
3722 4321 3773 4370 et

492 4392 584 4450 51.
618 4391 809 4448 Contra
837 4393 1063 4450 Litteras
1096 4396 1344 4452 Petitiani
1366 4396 1675 4470 Donatistw,
1695 4400 1960 4457 Cirtensis
1987 4400 2073 4455 vel
2250 4401 2476 4456 Paulum
2498 4443 2513 4470 ,
2566 4403 2859 4474 episcopos
2909 4403 3217 4460 Gallicanos
3243 4444 3258 4470 ,
3309 4405 3449 4459 liber
3492 4418 3597 4460 seu
3660 4406 3773 4477 epi-

563 4486 1060 4545 Constantiniensis
1108 4491 1161 4543 in
1219 4490 1469 4545 Numidia
1519 4493 1714 4562 episc.,
1758 4494 1881 4549 libri
1938 4503 2143 4573 tres._
2250 4496 2385 4551 stola
2418 4498 2752 4552 ser.a.415.
2810 4499 2958 4554 Exst.
3001 4499 3055 4554 in
3086 4497 3171 4554 ed.
3196 4494 3403 4550 Erasm.
3453 4504 3512 4573 et
3562 4496 3772 4554 Lovan.

566 4578 717 4635 Exst.
755 4580 809 4636 in
841 4580 928 4637 ed.
990 4581 1193 4638 Erasm.
1227 4593 1282 4640 et
1314 4583 1506 4641 Lovan.
1541 4596 1676 4644 tom.
1721 4586 1842 4657 VII,
1873 4586 2069 4643 Bened.
2099 4564 2153 4626 Ῑ)
2247 4588 2310 4642 Τ.
2350 4588 2467 4651 VII,
2520 4598 2658 4658 part.
2694 4603 2754 4654 ιι,
2795 4588 2989 4644 Bened.
3020 4589 3089 4645 X.

565 4671 657 4727 IX.
974 4720 979 4725 .
1493 4725 1505 4735 .
1620 4732 1621 4735 η
2179 4681 2266 4736 71.
2292 4682 2379 4734 De
2415 4680 2630 4736 Civitate
2684 4680 2782 4737 Dei
2809 4682 2927 4739 libri
2975 4683 3165 4753 viginti
3195 4682 3341 4754 duo,
3380 4683 3451 4739 ad
3512 4684 3778 4740 comitem

497 4761 587 4816 55.
629 4762 708 4817 Ad
739 4764 1037 4822 Cat/tolicos
1068 4765 1309 4839 Epistola
1341 4779 1524 4824 contra
1557 4770 1883 4842 Donatistas,
1916 4774 2077 4845 vulgo
2249 4771 2643 4838 Marcellinum,
2677 4789 2810 4841 quos
2841 4789 3125 4845 aggressus
3157 4786 3242 4832 est
3272 4774 3518 4831 scribere
3563 4776 3780 4847 Augus-

565 4852 632 4907 de
658 4853 863 4913 Unitate
911 4857 1162 4915 Ecclesia:
1192 4861 1355 4930 liber,
1409 4862 1505 4933 qui
1537 4877 1568 4917 a
1617 4863 1941 4933 quibusdam
1968 4881 2077 4921 non
2254 4865 2393 4918 tinus
2423 4879 2473 4918 a.
2502 4863 2639 4934 M5,
2690 4876 2811 4935 post
2844 4875 3053 4937 captam
3098 4869 3166 4923 ab
3195 4866 3433 4934 Alarico,
3466 4865 3780 4924 Gothorum

566 4941 845 5012 Augustini
876 4942 1108 5016 putatur,
1141 4967 1170 5005 a
1193 4949 1429 5024 Dupinio
1459 4960 1642 5013 tamen
1669 4954 1719 5009 ei
1746 4957 2005 5011 asseritur
2026 4966 2082 5014 et
2254 4971 2380 5026 rege
2399 4997 2414 5022 ,
2444 4957 2630 5013 urbem
2654 4957 2910 5023 Romam;
2940 4958 3173 5014 absolvit
3196 4959 3416 5015 demum
3442 4973 3495 5012 a.
3536 4956 3651 5011 427
3694 4954 3779 5013 vel

570 5031 638 5086 ad
662 5046 711 5084 a.
741 5032 847 5087 402
874 5036 1125 5092 refertur.
1160 5041 1314 5098 Exst.
1350 5043 1402 5098 in
1433 5044 1523 5100 ed.
1555 5043 1762 5100 Erasm.
1789 5054 1844 5100 et
1872 5045 2077 5103 Lovan.
2250 5051 2375 5108 428.
2416 5052 2569 5109 Exst.
2600 5054 2652 5108 in
2675 5052 2758 5109 ed.
2794 5052 2999 5109 Erasm.
3032 5063 3089 5110 et
3135 5053 3335 5112 Lovan.
3365 5053 3430 5109 Τ.
3462 5052 3529 5120 V,
3563 5049 3776 5109 Bened.

569 5130 708 5176 tom.
742 5122 859 5183 VII.
892 5122 1086 5180 Bened.
1121 5129 1215 5183 IX.
1568 5151 1572 5154 ‘
2252 5144 2365 5201 VII.

503 5212 591 5271 56.
622 5211 817 5268 Contra
840 5211 1169 5271 Cresconium
1213 5220 1639 5294 Crammaticttm,
1691 5229 1786 5299 qui
1832 5230 2081 5287 Petitiaui
2183 5239 2272 5293 75.
2317 5236 2397 5290 De
2421 5235 2569 5290 Bono
2603 5235 2889 5291 Viduitati‘s
2944 5235 3083 5293 liber
3131 5239 3260 5302 (seu
3304 5233 3598 5308 epistola).
3661 5233 3783 5291 Non

570 5324 790 5366 causam
811 5310 1211 5369 defendendam
1233 5330 1567 5389 susceperat,
1596 5323 1724 5379 libri
1748 5335 1997 5397 quatuor,
2029 5343 2080 5389 ιι.
2162 5312 2221 5336 ν””
2255 5327 2505 5383 meminit
2532 5327 2652 5397 ejus
2689 5328 2743 5382 in
2776 5326 3243 5384 Retractationibus
3267 5373 3281 5398 ,
3328 5328 3425 5383 sed
3456 5342 3488 5382 a
3527 5325 3775 5382 Possidit

569 5403 676 5462 406
697 5419 802 5462 scr.
835 5405 986 5461 Exst.
1021 5406 1075 5462 in
1106 5405 1195 5463 ed.
1236 5402 1442 5467 Erasm.
1476 5422 1534 5469 et
1575 5414 1755 5472 Louan
1806 5430 1938 5475 tom.
1981 5420 2091 5485 ωδ
2249 5418 2310 5473 in
2328 5418 2554 5481 indicem
2578 5419 2748 5474 relata
2775 5427 2877 5475 est.
2896 5420 3047 5475 Exst.
3069 5419 3123 5475 in
3145 5418 3234 5476 ed.
3258 5417 3468 5475 Erasm.
3493 5426 3548 5474 et
3568 5417 3771 5478 Lovan.

573 5494 775 5552 Bened.
798 5496 890 5552 IX.
1774 5554 1775 5561 η
2074 5508 2082 5553 i
2161 5501 2164 5505 ’
2257 5507 2321 5565 Τ.
2351 5509 2422 5565 IV
2444 5551 2461 5579 ,
2502 5510 2695 5567 Bened.
2727 5512 2815 5567 VI.

646 5585 762 5678 Hoc
787 5586 908 5643 loco
936 5587 1297 5662 subiungendi
1321 5591 1576 5664 fuissent,
1610 5599 1655 5652 si
1684 5606 1983 5668 exstarent,
2013 5601 2082 5657 li-
2187 5591 2276 5659 76.
2326 5600 2517 5657 Contra
2544 5601 2976 5660 Priscillionistas
3006 5613 3052 5660 et
3079 5604 3399 5678 Origenistas
3427 5602 3565 5660 liber
3592 5614 3653 5657 a.
3675 5599 3785 5659 41L

573 5676 659 5734 bri
690 5684 800 5769 tres
828 5682 1249 5756 subsequentes.
1276 5703 1511 5747 auorum
1534 5693 1867 5764 Augustinus,
1899 5695 2083 5761 memi~
2255 5711 2365 5754 scr.
2398 5696 2465 5751 ad
2505 5695 2733 5752 Paulum
2764 5696 3008 5756 Orosium
3048 5676 3372 5769 Hispanum.
3401 5697 3555 5757 Exst.
3583 5696 3655 5754 in
3686 5692 3779 5755 ed.

576 5771 662 5832 nit
682 5768 926 5839 Retract.
958 5788 1020 5852 ιι,
1049 5794 1101 5838 c.
1129 5780 1226 5853 27,
1253 5783 1346 5859 28,
1373 5788 1467 5856 29,
1492 5788 1721 5860 scilicet,
2080 5864 2083 5871 ι

2080 5864 2083 5871 ι
2258 5786 2465 5850 Erasut.
2497 5798 2551 5851 et
2571 5788 2767 5876 Lovan.
2805 5791 2872 5853 Τ.
2910 5788 2995 5867 γι,
3034 5768 3234 5857 Bened.
3269 5787 3414 5852 VIII.
