3882 6318
250 277 324 333 89
1187 278 1470 338 ΝΟΤΙΤῙΑ
1506 277 1934 342 LITTERARIA
1969 282 2039 342 IN
2078 283 2136 342 S.
2178 283 2650 344 AUGUSTINUM.
3484 289 3559 349 50

264 394 361 452 77.
402 391 480 450 De
513 393 740 465 Origine
770 394 966 451 anima:
1000 391 1070 452 ad
1118 387 1527 468 Hieronymum.
1570 397 1695 455 Vid.
1725 399 1866 455 infra
1893 407 1942 467 Α
2042 401 2210 459 libros
2237 405 2508 459 recensuit
2536 405 2854 477 Augustinus
2897 403 3136 461 Retract.
3168 404 3264 461 lib.
3287 420 3350 476 tt,
3379 420 3431 464 ο.
3461 407 3556 464 45.

349 506 408 545 n.
437 487 526 544 92.
1976 493 2063 552 95.
2095 493 2176 550 De
2201 495 2474 569 Conjugiis
2497 497 2801 551 adulterinis
2821 497 2890 550 ad
2916 495 3235 551 Pallantium
3275 498 3397 553 libri
3429 498 3556 565 duo,

273 581 421 659 [78.]
444 583 703 655 Sequitur
723 584 781 640 in
799 583 1037 640 Retract.
1069 584 1163 642 lib.
1193 599 1255 651 ιι,
1283 598 1334 640 c.
1351 585 1444 653 46,
1474 584 1611 642 liber
1638 584 1705 641 ad
1719 581 1873 641 Eme-
2046 599 2154 642 scr.
2192 601 2244 640 a.
2287 586 2414 642 119.
2457 585 2611 643 Exst.
2658 587 2714 643 in
2743 586 2832 644 ed.
2858 584 3096 656 Erasm.,
3122 585 3346 655 Lovan.,
3370 597 3426 644 et
3449 587 3554 661 Be-_

350 674 523 747 rilttm,
559 679 970 735 Donatistarum
998 677 1192 748 episc.,
1232 676 1325 749 qui
1348 676 1510 734 hodie
1531 691 1637 734 non
1668 684 1866 734 exstat.
2046 679 2164 732 ned.
2193 679 2255 733 T.
2281 678 2370 736 Vl.

347 767 431 825 Cl.
464 787 524 825 n.
557 769 648 838 85,
704 768 794 826 86.
1975 770 2064 829 94.
2106 771 2302 826 Contra
2338 773 2702 830 Adversarium
2750 775 2905 848 Le'gis
2951 791 2995 832 et
3029 775 3404 847 Prophetarum
3431 771 3555 829 libri

265 863 365 919 79.
410 863 492 919 De
517 863 694 919 Gestis
727 862 922 935 Pelagii
954 872 1136 918 contra
1184 863 1514 918 adversarios
1550 861 1747 918 Gratia:
1797 862 1870 918 D.‘
2046 863 2172 930 duo,
2204 878 2311 920 scr.
2343 878 2393 918 a.
2424 864 2551 921 420.
2592 865 2749 923 Exst.
2780 866 2838 922 in
2883 867 2972 924 ed.
3004 865 3214 923 Erasm.
3264 873 3320 923 et
3360 864 3556 921 Lovan.

353 954 431 1010 Ν.
476 956 532 1010 J.
577 955 636 1010 C.
670 954 802 1010 liber
827 969 877 1007 a.
911 953 1016 1010 416
1047 968 1146 1010 seu
1179 953 1284 1009 417
1317 969 1425 1010 scr.
1459 954 1526 1008 ad
1562 953 1869 1022 Aurelium,
2045 957 2109 1012 T.
2138 957 2237 1024 VI,
2261 957 2454 1013 Bened.
2483 958 2622 1014 VIII.

356 1047 531 1118 episc.
557 1045 804 1117 Carthag.
851 1045 1005 1102 Exst.
1062 1047 1118 1102 in
1162 1045 1433 1117 Supplem.
1473 1045 1701 1118 Vignerii
1729 1045 1794 1103 T.
1824 1045 1868 1114 I,
1973 1051 2064 1108 95.
2104 1049 2299 1106 Contra
2326 1050 3225 1125 Gaudentium,Thamugadensem
3255 1035 3425 1124 episc.
3453 1050 3556 1106 Do-

355 1158 406 1210 p.
440 1140 698 1211 415sqq.,
729 1147 785 1194 et
817 1139 904 1194 ed.
932 1137 1127 1194 Bened.
1173 1138 1239 1194 Τ.
1269 1137 1338 1194 X;
2045 1142 2383 1209 natistarum,
2418 1142 2541 1198 libri
2584 1142 2712 1212 duo,
2744 1144 2936 1201 eodem
2963 1161 3015 1199 a.
3045 1145 3151 1202 420
3179 1160 3286 1201 scr.
3317 1145 3471 1199 Exst.
3503 1143 3556 1198 in

269 1228 364 1288 80.
411 1231 490 1287 De
543 1231 864 1285 correctione
911 1230 1310 1286 Donatistarum
1353 1229 1490 1287 liber
1536 1229 1603 1286 ad
1652 1229 1871 1302 Banifa-
2043 1233 2131 1289 ed.
2157 1231 2365 1288 Erasm.
2397 1239 2451 1289 et
2478 1232 2680 1289 Lovan.
2706 1234 2770 1290 T.
2804 1235 2930 1302 VII,
2957 1231 3152 1290 Bened.
3183 1234 3275 1291 IX.

344 1325 485 1378 cium
515 1323 793 1378 tribunum
821 1336 886 1377 ac
916 1322 1129 1378 demum
1152 1320 1405 1377 comitem
1442 1321 1497 1376 in
1543 1321 1725 1378 Africa
1757 1336 1864 1377 εον.
1891 1361 1894 1366 -
1971 1323 2062 1384 96.
2105 1325 2296 1384 Contra
2319 1327 2649 1383 Mendacium
2672 1329 2810 1385 liber
2836 1329 2904 1384 ad
2919 1327 3434 1384 Consentiuma.420
3451 1342 3556 1382 scr.

346 1433 399 1474 c.
432 1433 484 1473 a.
533 1416 660 1472 417.
693 1417 882 1472 Exstat
913 1416 1054 1471 inter
1092 1416 1351 1486 epistolas
1396 1415 1524 1470 olim
1577 1415 1677 1484 50,
1728 1429 1870 1471 nunc
2042 1419 2192 1476 Exst.
2227 1420 2279 1474 in
2308 1420 2397 1476 ed.
2427 1419 2637 1476 Erasm.
2675 1429 2730 1476 et
2756 1420 2955 1475 Lovan.
2989 1419 3053 1476 Τ.
3085 1419 3176 1486 IV,
3201 1418 3396 1472 Bened.
3429 1418 3518 1472 VI.

1691 1497 1864 1509 ...σο-ο.

349 1510 477 1578 185,
507 1511 593 1567 ed.
627 1508 865 1576 Erasm.,
913 1508 1116 1564 Lovan.
1163 1518 1218 1564 et
1245 1507 1443 1563 Bened.
1475 1508 1540 1564 '1‘.
1575 1509 1639 1564 Il.
1700 1507 1858 1509 '7",
1971 1512 2062 1571 97.
2107 1512 2296 1569 Contra
2331 1514 2465 1569 duas
2512 1514 2780 1586 Epistolas
2824 1512 3231 1584 Pelagianorum
3277 1510 3396 1565 libri
3427 1523 3557 1577 qua-

274 1602 375 1657 81.
418 1601 496 1655 De
523 1599 815 1655 Praesentia
841 1598 941 1652 Dei
984 1600 1124 1655 liber
1172 1601 1242 1653 ad
1262 1599 1567 1652 Dardanum
1593 1601 1646 1654 in
1677 1599 1870 1657 Galliis
2039 1615 2188 1676 tuor,
2234 1607 2302 1662 ad
2335 1604 2669 1678 Bonifacium
2698 1607 2753 1672 I,
2784 1606 2953 1676 episc.
2982 1604 3166 1672 Rom.,
3198 1602 3393 1658 Zosimi
3431 1615 3557 1656 suc-

356 1692 669 1764 praelectum
707 1706 813 1747 scr.
846 1691 992 1746 circa
1031 1690 1174 1745 idem
1224 1699 1462 1760 tempus.
1497 1690 1687 1747 Exstat
1728 1692 1868 1747 inter
2042 1713 2340 1765 cessarem,
2368 1699 2554 1768 scripti
2586 1714 2636 1753 ε,
2673 1698 2779 1753 420
2810 1696 2893 1752 vel
2942 1696 3101 1766 paulo
3141 1701 3282 1766 post.
3319 1694 3466 1747 Exst.
3500 1692 3556 1745 in

360 1783 610 1854 epistolas
628 1783 781 1854 (olim
803 1782 893 1848 57,
916 1796 1056 1837 nunc
1075 1778 1198 1851 187)
1222 1780 1353 1837 edit.
1377 1781 1608 1851 Erasm.,
1633 1782 1856 1852 Lovan.,
1887 1786 1893 1846 ζ

2033 1793 2121 1848 ed.
2154 1792 2359 1848 Erasm.
2391 1800 2446 1848 et
2471 1791 2664 1846 Lovan.
2696 1791 2759 1845 T.
2792 1789 2914 1856 Vll,
2949 1798 3090 1860 part.
3141 1803 3200 1855 n,
3234 1787 3431 1841 Bened.
3481 1783 3553 1838 X.

356 1882 412 1929 et
439 1872 636 1927 Bened.
677 1873 742 1927 Τ.
774 1872 840 1927 II.

2018 1885 2063 1941 Β.
2106 1883 2304 1938 Contra
2332 1882 2605 1938 lulianum
2648 1883 2770 1938 libri
2800 1898 2896 1938 sex
2936 1898 2987 1935 a.
3018 1880 3116 1934 421
3155 1880 3366 1947 scripti.
3400 1879 3551 1932 Exst.

277 1965 372 2023 82.
416 1966 483 2021 In
513 1967 852 2038 Evangelium
877 1963 1094 2021 Joannis
1124 1973 1386 2021 tractatus
1411 1962 1646 2033 CXXIV,
1672 1967 1866 2038 quibus
2042 1975 2095 2030 in
2126 1975 2210 2030 ed.
2236 1975 2449 2028 Erasm.
2479 1985 2534 2029 et
2562 1974 2761 2028 Lovan.
2791 1972 2986 2038 T.VII,
3017 1978 3157 2040 part.
3184 1984 3222 2034 ι,
3254 1965 3450 2022 Bened.
3483 1965 3547 2019 X.

352 2060 577 2128 praeﬁxa
608 2065 693 2113 est
732 2057 984 2126 Prtefatio
1038 2058 1230 2113 incerti
1273 2061 1532 2115 auctoris.
1575 2061 1867 2117 Sermones
1971 2065 2059 2122 99.
2103 2064 2447 2119 Enchiridion
2475 2079 2522 2120 s.
2548 2065 2794 2118 Manuale
2817 2062 2882 2116 ad
2909 2059 3283 2124 Laurentium,
3309 2059 3370 2112 de
3397 2055 3548 2120 Fide,

355 2159 485 2204 sunt
510 2149 577 2204 ab
601 2149 884 2220 Augustino
906 2164 1004 2218 pro
1031 2151 1290 2204 concione
1314 2150 1482 2205 habiti
1505 2151 1658 2205 annis
1685 2151 1788 2207 416
1813 2162 1868 2208 et
2041 2157 2146 2229 Spe
2166 2168 2212 2211 et
2236 2156 2498 2213 Charitate
2520 2200 2534 2225 ,
2567 2171 2674 2211 scr.
2703 2155 2830 2211 421.
2866 2154 3021 2209 Exst.
3051 2153 3104 2207 in
3132 2150 3217 2207 ed.
3255 2149 3464 2224 Erasm.
3500 2159 3554 2202 ct

349 2242 480 2296 417.
503 2242 656 2296 Exst.
676 2243 730 2296 in
745 2241 833 2298 ed.
851 2239 1058 2297 Erasm.
1082 2241 1348 2298 etLovan.
1370 2243 1433 2297 T.
1453 2242 1542 2309 IX,
1559 2242 1753 2298 Bened.
1774 2243 1862 2300 III.

1273 2260 1348 2296 ιη.
1370 2243 1433 2297 Τ.
1453 2242 1753 2309 IX,Bened.
1774 2243 1862 2300 III.
2041 2251 2238 2304 Lovan.
2265 2251 2330 2307 Τ.
2362 2250 2460 2320 Ill,
2496 2250 2690 2304 Bened.
2719 2247 2806 2302 VI.

279 2331 372 2389 83.
415 2331 478 2387 In
515 2332 864 2405 Epistolamj
887 2334 989 2388 divi
1015 2333 1237 2389 Joannis
1262 2334 1329 2386 ad
1356 2332 1578 2390 Parthos
1611 2343 1864 2391 tractatus
1969 2342 2092 2398 100.
2131 2342 2211 2396 De
2237 2341 2372 2395 Cura
2414 2357 2509 2410 pro
2544 2341 2761 2393 mortuis
2791 2337 3014 2410 gerenda
3042 2352 3094 2391 ει.
3121 2335 3223 2390 421
3262 2348 3368 2389 scr.
3401 2333 3551 2387 Exst-

355 2424 421 2495 X,
448 2426 546 2481 sub
576 2426 719 2482 idem
761 2436 972 2496 tempus
1023 2425 1233 2496 scripti.
1257 2425 1409 2481 Exst.
1444 2425 1499 2480 in
1531 2425 1620 2481 ed.
1649 2426 1860 2482 Erasm.
2035 2432 2089 2487 in
2118 2431 2207 2488 ed.
2236 2431 2438 2486 Erasm.
2471 2440 2525 2486 et
2543 2430 2742 2484 Lovan.
2775 2429 2840 2484 Τ.
2883 2427 2977 2496 IV,
3012 2425 3207 2482 Bened.
3237 2426 3328 2481 VI.

349 2526 404 2571 et
428 2515 624 2572 Lovan.
653 2518 718 2573 T.
751 2517 824 2572 IX
847 2559 861 2584 ,
886 2516 1078 2572 Bened.
1109 2516 1198 2572 III.
1968 2525 2090 2582 101.
2132 2523 2211 2579 De
2240 2535 2351 2580 octo
2378 2525 2594 2579 Dulcitii
2623 2523 3000 2589 Quaestionibus
3032 2521 3171 2576 liber
3200 2534 3308 2574 scr.
3334 2534 3384 2572 a.
3427 2518 3552 2572 4:22.

278 2609 369 2667 84.
410 2610 485 2666 De
514 2610 701 2666 Gratia
721 2610 911 2667 Christi
938 2620 984 2665 et
1014 2610 1238 2666 Peccato
1263 2609 1524 2682 Originalt
1552 2621 1731 2666 contra
1759 2611 1863 2669 Pe-
2035 2619 2190 2672 Exst.
2217 2617 2269 2672 in
2300 2616 2386 2672 ed.
2417 2617 2626 2670 Erasm.
2649 2625 2705 2670 et
2725 2614 2921 2670 Lovan.
2953 2613 3018 2668 Τ.
3047 2611 3137 2678 IV,
3164 2610 3365 2664 Bened.
3397 2608 3482 2660 VI.

352 2704 540 2773 lagium
571 2713 619 2756 et
668 2704 965 2758 Caelestium
1009 2703 1128 2758 libri
1175 2703 1301 2768 duo,
1347 2705 1493 2758 circa
1538 2704 1771 2758 medium
1804 2719 1856 2759 a.
1965 2708 2088 2763 102.
2129 2709 2334 2779 Regula
2363 2709 2429 2761 ad
2457 2723 2627 2761 servos
2670 2704 2769 2759 Dei
2810 2706 2876 2760 de
2928 2704 3101 2757 tribus
3143 2702 3330 2754 ultima
3359 2700 3457 2769 (a),
3489 2700 3557 2753 de

347 2792 458 2847 408
483 2809 594 2847 scr.
627 2792 788 2846 Exst.
836 2792 888 2846 in
938 2792 1027 2849 ed.
1060 2791 1260 2848 Erasm.
1302 2802 1358 2849 et
1400 2793 1596 2847 Lovan.
1628 2794 1692 2848 T.
1723 2793 1858 2863 VII,
2033 2812 2137 2867 qua
2178 2797 2388 2849 dubitat
2441 2796 2731 2857 Erasmus,
2765 2796 2894 2846 licet
2946 2793 3219 2856 indignam
3267 2790 3558 2856 Augustino

352 2884 555 2939 Bened.
585 2883 657 2940 X.
2033 2904 2142 2943 non
2168 2887 2398 2956 judicet,
2439 2893 2688 2940 asserunt
2718 2883 2874 2953 plane
2904 2879 3248 2934 Benedictini.
3287 2878 3470 2932 Exstat
3504 2879 3556 2933 in

277 2979 374 3035 85.
421 2976 499 3030 De
525 2978 680 3047 gestis
714 2993 837 3052 [cum
869 2975 1092 3034 Emerita
1132 2976 1395 3034 Caesarem
1445 2977 1498 3031 in
1541 2976 1859 3031 Mauritania
2034 2981 2262 3051 epistola
2301 2979 2402 3033 211
2437 2978 2594 3050 (alias
2623 2976 2781 3046 109),
2811 2972 3324 3030 Sanctimonialibus
3350 2971 3415 3026 ab
3439 2971 3556 3040 ipso

351 3071 754 3125 Donatistarum
783 3071 1035 3139 episcopo
1058 3070 1193 3125 liber
1214 3085 1264 3124 a.
1291 3069 1397 3124 415
1425 3069 1510 3124 vel
1541 3067 1647 3122 418
1669 3067 1854 3136 script.
2034 3074 2236 3143 scripta
2261 3087 2312 3126 θ,
2343 3071 2450 3127 4ἳὸ
2470 3070 2552 3125 vel
2581 3069 2706 3123 .524,
2741 3067 2870 3122 [nde
2894 3080 3025 3122 vero
3063 3064 3437 3133 deprompram
3472 3062 3553 3117 vi-

281 3161 371 3218 86.
414 3162 596 3217 Sermo
639 3162 709 3214 ad
738 3161 1066 3217 Caesariensis
1101 3160 1353 3217 Ecclesia:
1386 3159 1583 3231 plebem
1620 3159 1859 3213 Emerito
1884 3161 1931 3225 C
2034 3166 2219 3235 risque
2248 3172 2483 3233 aptatam
2506 3161 2678 3217 fuisse
2702 3160 2908 3218 dicunt.
2938 3156 3037 3213 Ed.
3062 3155 3300 3224 Erasm.,
3325 3153 3548 3221 Lovan.,

353 3265 599 3325 praesente
629 3253 864 3310 habitus.
906 3254 1058 3310 Exst.
1093 3254 1147 3309 in
1190 3254 1280 3309 ed.
1327 3251 1536 3308 Erasm.
1576 3260 1632 3307 et
1660 3250 1856 3306 Lovan.
2035 3256 2304 3314 etBened.
2335 3255 2398 3310 T.
2428 3254 2469 3309 l.

354 3346 420 3400 Τ.
455 3347 541 3402 VII
563 3387 578 3413 ,
610 3345 806 3400 Bened.
832 3345 926 3402 IX.
1966 3347 2093 3405 105.
2133 3347 2210 3400 De
2232 3346 2410 3400 Gratia
2429 3353 2474 3398 et
2498 3343 2684 3398 Libero
2707 3341 2934 3397 Arbitrio
2957 3339 3027 3395 ad
3045 3338 3380 3393 Valentinum
3401 3335 3554 3390 abba-

282 3441 375 3497 87.
416 3439 604 3496 Contra
634 3441 942 3497 Sermonem
971 3440 1242 3512 quemdam
1268 3439 1582 3494 Arianorum
1610 3436 1727 3493 sine
1748 3435 1862 3490 Au-
2036 3450 2138 3494 tem
2163 3448 2209 3495 et
2237 3439 2511 3494 monachos
2541 3437 2904 3491 Adrutnetinos
2943 3448 3051 3489 scr.
3077 3447 3128 3487 a.
3161 3430 3267 3486 426
3298 3430 3382 3484 vel
3422 3428 3548 3482 497.

356 3537 522 3590 ctoris
547 3537 767 3592 nomine
796 3535 931 3590 liber
961 3534 1436 3592 a.4183cr.Exst.
1462 3534 1516 3589 in
1538 3530 1856 3588 ed.Erasm.
2034 3535 2188 3589 Exst.
2230 3535 2284 3587 in
2323 3534 2411 3587 ed.
2454 3530 2660 3583 Erasm.
2700 3539 2754 3584 et
2798 3529 2989 3582 Lovan.
3029 3525 3093 3580 T.
3144 3523 3255 3588 VII,
3290 3531 3430 3591 part.
3479 3535 3549 3585 ιι,

357 3638 413 3683 et
432 3628 622 3683 Lovan.
656 3628 720 3683 Τ.
743 3629 811 3685 VI
835 3670 852 3698 ,
885 3628 1081 3685 Bened.
1114 3630 1251 3686 VIII.
2034 3625 2227 3680 Bened.
2259 3624 2329 3679 X.

283 3721 379 3778 88.
420 3720 497 3775 De
524 3722 787 3775 Patientia
813 3722 949 3778 liber
981 3723 1067 3778 vel
1099 3723 1276 3793 potius
1305 3721 1496 3778 Sermo
1526 3735 1634 3778 scr.
1659 3727 1718 3774 ut
1747 3731 1863 3773 cre—
1966 3719 2091 3776 104.
2123 3716 2203 3770 De
2224 3714 2554 3785 Correptione
2578 3720 2625 3765 et
2648 3709 2832 3766 Gratia
2854 3707 2991 3763 liber
3009 3704 3074 3761 ad
3100 3701 3395 3759 monachos
3422 3700 3550 3754 item

354 3813 522 3880 ditur,
558 3820 683 3867 ante
723 3827 775 3867 a.
807 3812 934 3867 418.
967 3812 1120 3869 Exst.
1151 3815 1205 3870 in
1234 3814 1321 3871 ed.
1354 3812 1563 3869 Erasm.
1588 3823 1641 3869 et
1662 3809 1860 3865 Lovan.
2037 3811 2422 3868 Adrumetinos
2449 3822 2500 3861 a.
2531 3807 2634 3861 427
2653 3803 2906 3874 scriptus.

349 3906 415 3960 Τ.
443 3905 533 3973 IV,
573 3904 765 3960 Bened.
799 3906 887 3961 VI.
1968 3904 2090 3961 105.
2125 3902 2567 3958 Retractationum
2592 3897 2716 3953 libri
2752 3894 2858 3950 duo
2880 3935 2894 3959 ,
2928 3891 2982 3947 in
3014 3890 3209 3962 quibus
3235 3887 3571 3957 Augustinus

277 4001 376 4056 89.
416 4000 493 4053 De
523 3999 740 4070 Nuptiis
771 4009 816 4055 et
844 4001 1266 4074 Concupiscentia
1293 4003 1361 4057 ad
1396 4000 1666 4056 Valerium
1695 3997 1866 4053 comi-
2037 4010 2202 4067 opera
2219 4011 2310 4050 sua
2335 3991 2521 4060 XCIV,
2548 3992 2600 4045 in
2626 3989 2780 4044 libris
2795 3984 3055 4051 CCXXX,
3091 3992 3339 4038 recenset
3358 3981 3432 4074 ad
3465 3994 3554 4074 an-

360 4103 467 4149 tem
499 4094 618 4148 libri
651 4092 778 4148 duo.
811 4094 968 4149 Prior
997 4069 1230 4165 scriptus
1260 4103 1345 4149 est
1373 4109 1424 4146 a.
1463 4091 1569 4148 418
1595 4101 1861 4158 exeunte,
2039 4106 2168 4145 num
2217 4102 2385 4157 usque
2429 4084 2555 4150 427,
2589 4096 2693 4153 quo
2733 4078 2922 4149 scripti
2969 4084 3114 4131 sunt.
3157 4075 3307 4129 Ex5t.
3355 4071 3413 4125 in
3463 4069 3552 4123 ed.

344 4184 620 4241 secundus
650 4201 703 4240 a.
732 4185 855 4244 420.
887 4187 1042 4242 Exst.
1091 4186 1144 4241 in
1190 4186 1279 4242 ed.
1328 4184 1535 4240 Erasm.
1575 4192 1629 4239 et
1664 4179 1861 4238 Lovan.
2040 4182 2275 4249 Erasm.,
2316 4180 2540 4246 Lovan.,
2571 4184 2627 4232 et
2655 4173 2847 4229 Bened.
2881 4171 2945 4227 T.
2972 4170 3015 4225 I.

357 4278 430 4332 T.
457 4277 575 4343 VII,
601 4285 735 4347 part.
768 4292 837 4344 ιι,
865 4275 1062 4332 Bened.
1095 4275 1160 4332 T.
1194 4276 1262 4332 X.

2021 4279 2096 4336 )6.
2135 4277 2214 4331 De
2241 4273 2540 4330 Hazresibus
2570 4270 2710 4326 liber
2734 4269 2874 4323 intra
2909 4279 2962 4319 a.
2987 4261 3091 4317 428
3120 4269 3174 4317 et
3206 4259 3310 4316 450
3338 4256 3554 4311 absolu-

284 4370 380 4430 90.
422 4368 762 4425 Loeutionum
783 4370 906 4426 libri
935 4369 1239 4438 'scptem,c.
1269 4383 1320 4423 a.
1345 4368 1452 4425 419
1481 4365 1865 4439 scripti.Exst.
2041 4377 2148 4424 tus.
2181 4368 2334 4422 Exst.
2375 4365 2431 4420 in
2476 4362 2566 4420 ed.
2620 4361 2828 4415 Erasm.
2881 4364 2936 4412 et
2962 4353 3175 4447 “Lovan.
3223 4350 3286 4406 T.
3325 4348 3422 4414 Vl,
3453 4347 3554 4401 Be-

354 4464 408 4517 in
439 4461 527 4517 ed.
557 4461 790 4530 Erasm.,
817 4461 1015 4517 Lovan.
1045 4470 1099 4517 et
1118 4458 1313 4516 Bened.
1344 4461 1411 4516 T.
1437 4459 1528 4515 III.
2042 4462 2162 4516 ned.
2199 4458 2329 4514 VIII.

285 4553 376 4610 91.
420 4554 770 4620 Quastionum
809 4556 864 4610 in
905 4554 1321 4624 Heptateuchum
1347 4551 1576 4610 DCLXV
1608 4551 1735 4608 libri
1778 4533 1943 4608 se-D
1970 4555 2091 4613 107.
2124 4553 2395 4608 Tractatus
2445 4565 2491 4606 s.
2544 4548 2672 4604 liber
2712 4546 2776 4601 de
2813 4541 3180 4598 Incarnatione
3219 4532 3430 4590 Domini
3457 4532 3554 4586 ad-

354 4657 534 4717 ptem,
567 4649 695 4704 eod.
724 4663 776 4703 a.
808 4647 934 4704 419.
982 4663 1089 4705 scr.
1140 4648 1296 4705 Exst.
1347 4648 1402 4703 in
1442 4647 1534 4704 ed.
1571 4645 1780 4702 Erasm.
1812 4653 1869 4701 et
2040 4661 2212 4703 versus
2233 4642 2443 4699 Iudaeos
2483 4650 2606 4712 post
2632 4639 2827 4696 librum
2866 4637 2933 4691 de
2974 4630 3286 4717 Hmresibus
3328 4642 3356 4678 a
3385 4625 3557 4717 Bene-

354 4715 552 4797 ὶουαη.
585 4741 652 4797 Τ.
681 4741 770 4808 IV,
801 4739 998 4797 Bened.
1031 4741 1122 4798 Ill.
2041 4737 2260 4794 dictinis
2286 4733 2523 4806 ponitur.
2555 4732 2706 4787 Exst.
2733 4730 2788 4784 in
2821 4726 2910 4783 ed.
2941 4723 3150 4778 Erasm.
3181 4726 3236 4774 et
3259 4715 3454 4771 ιουαηο
3489 4715 3554 4771 Τ-

289 4831 376 4890 82.
416 4835 492 4889 De
521 4834 710 4888 Anima
744 4843 790 4890 et
834 4838 946 4906 ejus
990 4835 1189 4906 origine
1237 4833 1362 4888 libri
1401 4838 1633 4903 quatuor
1671 4845 1723 4885 a.
1763 4828 1867 4887 419
2043 4830 2134 4898 Vl,
2167 4827 2361 4884 Bened.
2391 4825 2526 4883 VIII.

358 4937 413 4983 et
437 4926 541 4984 420
567 4928 776 4997 scripti.
819 4904 974 4982 Exst.
1019 4904 1086 4983 ini
1123 4927 1214 4983 ed.
1245 4925 1452 4982 Erasm.
1494 4934 1550 4982 et
1576 4925 1772 4981 Lovan.
1798 4923 1865 4980 Τ.
1975 4923 2100 4982 108.
2136 4921 2258 4976 109.
2293 4919 2511 4973 Collatia
2539 4931 2654 4970 cum
2676 4908 2962 4993 Maximino
2983 4904 3294 4960 Arianorum
3320 4905 3558 4973 episcopo

360 5019 471 5088 VII,
504 5029 647 5092 part.
678 4990 714 5076 Il
733 5063 748 5091 ,
776 5018 970 5075 Bened.
997 5017 1067 5074 Χ.
2047 5017 2279 5084 librique
2301 5013 2407 5067 duo
2429 5019 2607 5064 contra
2635 4990 2887 5058 eumdem.
2925 4998 3156 5057 Collatio
3187 4998 3370 5092 habita
3397 5007 3477 5051 est
3489 5010 3553 5092 Ξ.

426 5086 701 5170 Caeterum
735 5086 1046 5185 scripserat
1092 5113 1411 5186 Augustinus
1442 5126 1494 5165 a.
1538 5110 1646 5166 415
1691 5109 1758 5164 ad
1805 5107 1864 5165 S.
2047 5107 2175 5171 498,
2208 5104 2473 5171 Hippone.
2518 5098 2671 5153 Exst.
2698 5095 2752 5152 in
2797 5094 2886 5152 ed.
2919 5093 3125 5148 Erasm.
3169 5099 3223 5147 et
3259 5089 3456 5143 Lovan.
3489 5086 3552 5140 Τ.

359 5206 748 5278 Hieronymum
774 5205 844 5262 de
875 5205 1087 5277 Origine
1113 5206 1300 5260 anima:
1330 5205 1524 5260 librum
1551 5245 1566 5270 ,
1599 5200 1692 5271 qui
1730 5201 1870 5256 inter
2047 5195 2140 5263 Vl,
2172 5191 2362 5247 Bened.
2398 5190 2534 5246 VIII.

358 5275 617 5373 epistolas
638 5310 815 5359 exstat
836 5275 1025 5356 ordine
1050 5300 1152 5356 166
1179 5301 1235 5355 in
1256 5299 1344 5354 ed.
1367 5295 1598 5362 Bened.,
1623 5293 1756 5347 alias
1775 5290 1868 5359 28,
1977 5293 2102 5350 110.
2145 5290 2223 5344 De
2253 5287 2719 5343 Prwdestinatione
2745 5292 3037 5341 sanctorum
3064 5276 3290 5374 Iiber‘ad
3327 5275 3555 5374 Prospe-

360 5361 629 5466 simulque
655 5397 890 5452 alterum
937 5393 1010 5448 de
1059 5391 1330 5448 sententia
1383 5389 1448 5443 Ι).
1504 5361 1690 5443 Jacobi
1739 5397 1866 5453 apov
2049 5399 2166 5439 rum
2193 5390 2248 5437 et
2277 5380 2544 5434 Hilarium
2582 5393 2690 5434 scr.
2721 5394 2768 5432 a.
2796 5377 2900 5431 428
2928 5372 3167 5466 νθιῌ429.
3197 5369 3348 5423 Exst.
3381 5362 3434 5418 in
3462 5361 3555 5417 ed.

363 5491 488 5545 stoli
514 5463 584 5558 1t,
620 5488 723 5545 10:
761 5487 863 5553 Qui
895 5482 1166 5545 offenderit
1205 5484 1258 5536 in
1296 5498 1422 5548 uno,
1465 5485 1630 5551 factus
1653 5488 1726 5533 est
1757 5494 1866 5532 om—
2046 5478 2253 5533 Erasm.
2281 5483 2335 5530 et
2355 5472 2555 5528 Lovan.
2585 5471 2648 5527 T.
2678 5469 2768 5536 Vl,
2799 5468 2992 5522 Bened.
3023 5463 3092 5558 Χ.

355 5583 502 5637 nium
522 5546 847 5651 reus,epist.
865 5576 1140 5647 167,01im
1168 5546 1568 5645 29.Utramque
1589 5584 1862 5644 tamquam
1980 5570 2101 5630 111.
2133 5567 2212 5626 De
2239 5563 2700 5625 Prtedestinatione
2736 5561 3046 5633 Sanctorum
3083 5551 3222 5629 liber
3249 5546 3554 5618 secundus,

354 5784 437 5861 (α)
459 5781 540 5844 De
563 5778 787 5852 reliquis
806 5777 932 5837 vide
959 5776 1099 5837 intra
1131 5791 1186 5836 n.
1218 5775 1310 5850 21,
1339 5775 1432 5848 92,
1462 5776 1516 5836 in
1547 5775 1748 5832 Dubiis.
1801 5822 1851 5861 δ
1942 5784 2019 5842 ,ιζ

1878 5942 2052 5965 σιν-*κ*
