3882 6326
376 328 435 389 51
1258 312 1816 375 SUPPLEMENTUII
1858 311 1949 371 AD
1986 313 2219 374 OPERA
2257 311 2317 370 S.
2362 307 2762 367 AUGUSTINI.
3555 306 3611 360 ’52

438 435 601 505 Vulgo
632 437 693 488 tle
740 432 883 487 Dono
917 432 1318 489 Perseverantite
1362 441 1701 502 nuncupatus
1739 434 1806 485 ad
1836 446 1955 486 eos—
1982 434 2034 493 Α
2132 429 2469 494 Maximum;-
2510 426 2612 483 150
2661 425 3081 496 Chrysostomunt
3125 429 3392 478 auctorem
3439 418 3581 475 habet
3600 436 3623 479 ,ι

443 527 565 581 dem
606 540 713 579 scr.
744 540 796 581 a.
829 525 932 581 428
960 526 1045 581 vel
1094 525 1220 581 429.
1255 524 1407 579 Exst.
1440 526 1494 579 in
1534 523 1623 579 ed.
1667 522 1868 577 Erasm.
1906 532 1961 578 et

2177 522 2259 590 56,
2296 520 2419 585 158,
2456 519 2578 583 156,
2612 518 2744 584 176,
2794 519 2934 572 inter
2979 514 3294 570 Eusebianos
3337 512 3614 579 habemur;

444 620 645 675 Lat'an.
666 620 730 676 Τ.
754 620 845 687 VI,
870 619 1061 673 Bened.
1088 618 1157 674 X.

376 713 498 769 112.
526 715 718 769 Contra
740 714 1016 769 secundant
1043 711 1241 767 Juliani
1270 710 1670 781 responsionem,
1700 725 1829 780 Opus
1857 708 1958 763 im-

443 810 727 878 perfectum
771 822 860 862 sea:
892 804 1051 861 libros
1098 805 1445 874 complectens
1486 818 1592 859 scr.
1640 819 1693 858 a.
1720 802 1845 859 428.
1876 803 1962 859 vel
1998 846 2001 847 ν

443 899 571 957 429.
616 903 765 957 East.
817 903 873 956 in
925 900 1161 971 Vignerii
1210 897 1483 970 Supplem.
1534 896 1599 951 T.
1657 895 1721 962 ll,
1768 894 1961 952 Bened.

443 996 529 1049 ed.
566 996 633 1050 X.
1328 1006 1333 1011 '

378 1086 499 1143 115.
544 1087 822 1157 Speculum
870 1103 933 1142 ex
980 1098 1194 1155 utroque
1236 1083 1556 1137 Testamento
1608 1081 1711 1136 sub
1758 1097 1809 1135 a.
1862 1081 1965 1137 427

440 1179 728 1249 scriptum,
755 1190 809 1235 et
847 1196 875 1233 a
903 1178 1148 1233 Possidio
1180 1179 1231 1231 in
1275 1176 1516 1230 Indiculo
1555 1186 1611 1231 et
1640 1175 1759 1230 Vita
1792 1177 1968 1247 Augu-

441 1270 565 1322 stini
596 1280 978 1324 memoratum.
1028 1268 1187 1322 Exst.
1219 1268 1271 1321 in
1323 1267 1410 1322 ed.
1445 1266 1647 1321 Erasm.
1677 1276 1731 1322 et
1770 1267 1967 1325 Lovan.

443 1359 508 1413 Τ.
542 1360 631 1428 III,
668 1358 900 1430 Vignerii
932 1359 1125 1429 Suppl.
1161 1358 1203 1425 I,
1230 1359 1422 1413 Bened.
1446 1358 1531 1413 ΙΙΙ.

380 1450 499 1507 114.
532 1451 957 1507 Examinationes
995 1458 1045 1506 in
1073 1451 1314 1507 Psalmos
1357 1451 1569 1508 Davidis
1595 1451 1703 1509 CL.
1735 1453 1886 1509 Exst.
1915 1453 1969 1509 in

446 1543 533 1597 ed.
567 1542 772 1609 Erasm.
804 1553 859 1598 et
887 1542 1082 1598 Lovan.
1114 1544 1178 1598 Τ.
1213 1542 1352 1611 VIII,
1383 1541 1579 1599 Bened.
1604 1543 1693 1597 IV.

379 1632 501 1691 115.
537 1633 788 1705 Epistola:
809 1650 1039 1689 numero
1058 1631 1334 1700 CCLXXI,
1358 1633 1511 1703 juxta
1543 1632 1785 1688 ordinem
1816 1632 1973 1689 chro-

450 1726 759 1795 nologicum
790 1742 819 1781 a
848 1726 1219 1782 Benedictinis
1248 1725 1303 1782 in
1334 1725 1400 1781 IV
1431 1725 1636 1781 classes
1677 1725 1970 1797 disposita).

452 1814 559 1869 Ima
601 1816 792 1871 classis
824 1832 920 1873 eas
942 1818 1185 1873 continet
1208 1834 1341 1889 quas
1368 1817 1704 1887 Augustinus
1735 1815 1974 1871 nondum
2003 1808 2054 1871 Β

2136 611 2238 665 177
2282 610 2345 667 8.
2396 609 2633 681 Gregorii
2674 619 2786 676 est;
2817 610 2921 664 175
2950 622 3015 663 ex
3044 606 3288 677 ejusdem
3316 602 3520 672 scriptis
3540 601 3616 657 de-

2133 713 2412 775 sumptus;
2440 703 2579 772 226,
2615 701 2722 760 228
2744 744 2761 773 ,
2790 700 2926 770 229,
2953 699 3092 770 242,
3131 715 3206 757 ex
3238 696 3481 754 Ambrosii
3502 696 3621 751 scri-

2136 798 2263 869 ptis.
2354 864 2355 867 η

2208 899 2265 957 5⁸
2304 899 2382 953 De
2407 878 2615 956 Sanctis
2646 897 2920 954 Sermones
2942 895 3031 964 LI,
3056 909 3123 951 ex
3150 893 3342 965 quibus
3364 890 3624 947 Sermones

2138 996 2164 1049 1
2200 1003 2255 1050 et
2296 992 2361 1049 18
2390 992 2673 1065 Fulgentio
2715 990 2993 1048 ascribunt
3022 989 3300 1054 nonnulli;
3329 1000 3501 1043 sermo
3516 982 3580 1039 22
3602 999 3628 1039 e

2141 1086 2299 1142 Petro
2332 1086 2713 1143 Ravennatensi
2756 1086 3046 1155 decerptus
3084 1095 3198 1151 est;
3242 1082 3314 1137 26
3356 1082 3489 1136 inter
3528 1079 3633 1132 Ant-

2140 1180 2409 1234 brosianos
2434 1179 2734 1248 reperitur;
2765 1178 2832 1231 27
2862 1177 3084 1231 Maximi
3112 1185 3230 1241 est;
3260 1173 3329 1230 50
3356 1184 3408 1228 et
3436 1171 3496 1227 51
3525 1184 3635 1239 spu-

2141 1269 2206 1323 rii
2240 1277 2393 1337 sunt,
2423 1269 2698 1339 posterior
2730 1268 2874 1323 inter
2899 1267 3269 1323 Ambrosianos
3302 1264 3543 1326 habetur,
3571 1257 3635 1314 uti

2084 1366 2087 1369 ’
2143 1372 2195 1417 et
2222 1378 2403 1418 sermo
2424 1364 2523 1421 55;
2547 1362 2616 1417 55
2642 1360 2880 1416 Fulberti
2905 1370 3017 1429 est;
3043 1360 3132 1429 56,
3160 1358 3369 1415 Eusebii
3391 1352 3635 1427 episcopi;

2143 1452 2234 1518 57,
2269 1455 2475 1509 Alcuini
2523 1453 2843 1524 presbyteri,
2876 1467 2941 1507 ex
2977 1451 3139 1506 variis
3171 1459 3351 1505 tamen
3383 1441 3638 1502 consarci-

2145 1554 2333 1610 natus;
2362 1546 2430 1599 47
2460 1545 2623 1601 etiam
2648 1544 2709 1602 S.
2735 1544 2898 1599 Leoni
2921 1544 3201 1599 tribuitur.

2215 1637 2271 1694 6°
2312 1638 2591 1695 Sermones
2621 1639 2713 1693 alii
2738 1636 2918 1705 XVII,
2962 1652 3028 1693 ex
3065 1636 3261 1707 quibus
3289 1649 3383 1690 sex
3409 1632 3472 1685 de
3511 1627 3644 1684 Tem-

2149 1749 2294 1803 pore,
2312 1732 2578 1802 septimus
2600 1731 2663 1786 de
2696 1730 2879 1785 Verbis
2906 1728 3160 1799 Apostoli,
3190 1725 3378 1782 decem
3406 1724 3469 1777 de
3500 1720 3648 1778 Sanc-

378 5172 403 5399 Ξ

452 1908 738 1978 episcOpus
786 1909 1009 1979 scripsit
1054 1912 1121 1965 ab
1171 1925 1222 1964 a.
1255 1909 1361 1965 586
1401 1908 1467 1964 ad
1516 1909 1641 1965 595.
1692 1907 1968 1973 Secunda,

455 2014 589 2069 quas
646 2000 714 2053 ab
767 2015 832 2055 eo
888 2010 1135 2070 tempore
1189 2002 1412 2070 scripsit
1462 2010 1588 2055 ante
1639 1999 1975 2055 Collationem

459 2090 911 2163 Carthaginensem
929 2108 1050 2148 cum
1068 2092 1361 2148 Donatistis
1377 2092 1615 2148 habitam
1639 2102 1692 2148 et
1708 2093 1974 2148 detectam

458 2183 513 2238 in
542 2184 728 2239 Africa
762 2184 959 2256 Pelagii
990 2185 1222 2241 haeresin
1246 2225 1261 2252 ,
1291 2184 1329 2238 i.
1362 2200 1413 2239 e.
1444 2184 1511 2239 ab
1541 2199 1591 2237 a.
1620 2183 1723 2239 596
1752 2184 1818 2239 ad
1848 2184 1975 2238 412.

460 2276 641 2331 Tertia
662 2317 676 2342 ,
727 2291 861 2344 quas
903 2278 969 2331 ab
1000 2292 1065 2331 eo
1095 2287 1337 2345 tempore
1369 2277 1434 2330 ad
1465 2277 1667 2331 obitum
1720 2277 1977 2346 scripsit,

467 2383 665 2437 nempe
695 2367 762 2421 ab
783 2383 836 2422 a.
863 2369 965 2422 411
993 2368 1058 2422 ad
1080 2368 1206 2423 450.
1231 2367 1456 2436 Quarta,
1481 2384 1572 2422 eas
1595 2383 1822 2437 quarum
1848 2378 1982 2423 tem-

469 2473 572 2529 pus
601 2460 779 2512 minus
810 2470 1150 2530 compertum
1180 2460 1442 2529 habetur,
1489 2474 1623 2529 quas
1663 2469 1839 2515 tamen
1868 2476 1983 2514 om-

469 2566 567 2606 nes
597 2551 666 2605 ab
694 2551 985 2624 Augustino
1020 2552 1131 2624 jam
1163 2555 1419 2625 episcOpo
1459 2554 1690 2624 scriptas
1719 2570 1843 2611 esse
1868 2570 1985 2612 cer-

473 2653 586 2698 tum
614 2650 719 2698 est.
761 2644 1041 2717 Augustini
1071 2646 1316 2717 epistolis
1346 2655 1502 2702 antea
1532 2644 1762 2718 vulgatis
1802 2662 1988 2718 pauca:

473 2734 734 2792 hactenus
763 2737 981 2793 ineditas
1012 2748 1365 2794 accesserunt
1394 2737 1454 2793 in
1478 2737 1565 2794 ed.
1609 2737 1993 2794 Benedictino-

472 2843 615 2883 rum.
638 2829 791 2885 Exst.
818 2831 870 2884 in
895 2828 983 2885 ed.
1002 2830 1229 2897 Erasm.,
1247 2830 1538 2898 Lovan.,et
1560 2827 1759 2885 Bened.
1776 2841 1907 2885 tom.
1926 2831 1989 2885 Il.

472 2916 663 2974 Plures
722 2930 900 2973 autem
944 2922 1168 2988 jamjam
1219 2922 1359 2972 inter
1414 2914 1676 2987 ep‘istolas
1718 2920 1992 2985 leguntur,

477 3024 609 3081 quas
638 3018 904 3080 tamquam
923 3009 1092 3063 libros
1124 3009 1445 3077 Augustinus
1472 3006 1525 3061 in
1549 3006 1787 3062 [Ictract.
1808 3020 1997 3062 recen-

477 3106 619 3171 suit,
648 3117 780 3172 quas
806 3101 917 3155 suis
946 3100 1080 3155 locis
1106 3108 1324 3154 notatas
1354 3097 1585 3154 videbis.

483 3303 712 3359 quarum
740 3287 981 3357 quinque
1007 3292 1304 3356 sequentes
1348 3285 1587 3357 (praeter
1628 3284 1905 3340 Sermones
1935 3286 2005 3339 ad

487 3381 673 3449 fratres
709 3378 763 3431 in
798 3375 1021 3448 Eremo)
1078 3376 1403 3446 prodierunt
1430 3377 1485 3432 in
1512 3376 1602 3433 ed.
1637 3376 1848 3433 Erasm.
1881 3376 2005 3433 Bas.

491 3468 651 3535 1529,
684 3476 819 3523 tom.
858 3467 929 3523 X.

567 3561 621 3615 1⁸
660 3560 737 3617 De
787 3560 966 3616 Verbis
994 3558 1205 3615 Domini
1249 3561 1367 3617 sive
1399 3561 1463 3616 de
1497 3561 1674 3616 Verbis
1703 3558 2008 3634 Evangelii,

492 3652 786 3710 Sermones
816 3651 1003 3707 LXIV.
1040 3652 1118 3707 Ex
1147 3652 1232 3707 his
1262 3653 1458 3709 Sermo
1506 3653 1606 3720 14,
1640 3652 1833 3707 Eradii
1864 3668 2017 3722 pres—

498 3747 670 3817 byteri
704 3754 818 3811 est;
852 3745 954 3811 19,
986 3743 1208 3798 Maximi
1252 3745 1640 3811 Taurinensis;
1668 3742 1769 3812 28,
1799 3744 1862 3800 8.
1892 3746 2016 3798 Am-

500 3838 658 3891 brosii
688 3835 1110 3890 Mediolaneusis
1140 3836 1409 3904 episc0pi.

570 3926 627 3981 2°
668 3925 747 3979 De
781 3926 964 3980 Verbis
994 3926 1230 3995 Apostoli
1256 3925 1551 3981 Sermones
1581 3924 1801 3981 XXXV.
1834 3927 1914 3981 Ex
1936 3928 2020 3981 his

506 4020 699 4076 Sermo
724 4018 814 4083 25,
847 4018 1074 4073 Maximi
1118 4028 1232 4084 est;
1263 4019 1404 4073 inter
1426 4019 1792 4074 Ambrosianos
1823 4035 2019 4075 nonus.

579 4114 637 4167 5⁸
665 4112 916 4167 Homilice
939 4112 1001 4178 L,
1026 4112 1081 4166 in
1109 4112 1292 4184 quibus
1314 4113 1456 4167 varia
1480 4111 1765 4184 Scriptura:
1790 4114 1904 4168 loca
1930 4130 2022 4169 ex-

509 4206 774 4277 plicantur
820 4215 867 4260 et
920 4206 1045 4260 Loci
1101 4223 1397 4261 communes
1460 4216 1765 4261 tractantur.
1824 4206 2025 4263 Harum

510 4310 702 4370 quarta
736 4316 801 4355 ex
829 4300 1091 4355 Ambrosii
1121 4301 1339 4370 scriptis
1362 4300 1636 4371 decerpta.

510 4393 872 4449 Collectiones
901 4394 1021 4448 ista:
1053 4403 1164 4448 tres
1203 4393 1437 4462 antiqua:
1481 4403 1636 4459 sunt,
1689 4399 1813 4447 ante
1856 4406 2027 4448 annos

581 4485 780 4557 quippe
800 4484 905 4541 800
927 4484 1079 4539 tactae
1098 4526 1113 4551 ,
1136 4484 1452 4557 Augustino
1481 4493 1660 4539 tamen
1690 4499 2026 4554 nequaquam

587 4578 842 4649 aequales.
892 4576 1019 4632 Duae
1048 4587 1341 4647 sequentes
1371 4586 1548 4632 autem
1579 4591 1789 4631 summa
1820 4574 2027 4631 incuria
2054 4554 2108 4617 Ῑ)

583 4672 861 4727 adornata:
890 4678 1017 4725 sunt
1058 4670 1127 4726 ab
1152 4668 1243 4725 ed.
1286 4669 1734 4727 Amerbachiana:
1760 4668 2027 4723 curatori-

582 4760 706 4828 bus,
736 4777 929 4833 nempe
959 4780 971 4815 :

586 4848 649 4901 4ο
693 4850 977 4907 Sermones
1001 4853 1062 4907 de
1084 4851 1337 4925 Tempore
1354 4849 1578 4920 CCLV],
1604 4866 1671 4905 ex
1698 4851 1893 4921 quibus
1916 4852 2033 4925 plu-

516 4939 641 4996 rimi
665 4939 802 4998 alios
842 4961 953 5013 prae
984 4962 1044 5002 se
1073 4948 1254 5003 lerunt
1280 4957 1553 5003 auetores.
1584 4944 1879 5001 Sermones
1900 4962 2032 5003 vero
2116 4960 2119 4963 ‘

520 5032 613 5101 87,
657 5032 801 5103 2I5,
850 5033 992 5098 255,
1038 5040 1210 5107 spurii
1258 5039 1540 5096 habentur.
1590 5038 1902 5096 Sermonem
1934 5039 2031 5095 191

519 5123 822 5193 Augustino
866 5123 1138 5192 abjudicat
1176 5129 1320 5183 Phil.
1353 5132 1605 5187 Labbeus.
1668 5132 1863 5187 Eorum
1908 5146 2037 5187 vero

523 5233 692 5272 nonus
721 5224 807 5270 est
836 5215 1031 5272 Sermo
1071 5217 1356 5285 Bernardi;
1398 5224 1457 5275 11
1493 5222 1725 5276 Maximo
1754 5222 2037 5288 tribuitur;

525 5308 594 5367 I5
615 5306 893 5365 Severiano
916 5306 993 5362 uti
1015 5316 1069 5363 et
1089 5305 1369 5380 Fulgentio
1391 5311 1708 5379 ascribitur;
1738 5316 1805 5368 55
1833 5313 1894 5368 8.
1910 5312 2042 5368 Leo-

524 5402 605 5457 nis
632 5412 751 5468 est;
798 5399 866 5455 57
914 5399 1168 5468 Maximi;
1207 5398 1278 5456 48
1317 5415 1382 5456 ex
1415 5399 1655 5474 Hilario,
1696 5405 1959 5459 Ambrosio
1988 5414 2043 5461 et

526 5494 818 5564 Augustino
854 5493 980 5549 hinc
1006 5491 1132 5548 inde
1168 5492 1484 5563 desumptus
1511 5503 1625 5560 est;
1656 5494 1725 5549 65
1753 5495 1814 5550 8.
1857 5495 2043 5551 Leonis

527 5594 639 5650 est;
662 5582 752 5649 68,
781 5587 874 5651 77,
906 5588 1028 5653 117,
1063 5584 1126 5643 S.
1153 5584 1443 5653 Ambrosii;
1468 5587 1571 5641 118
1598 5585 1913 5653 Maximini;
1944 5586 2045 5644 120

531 5677 757 5733 Eusebio
789 5677 1071 5748 tribuitur;
1105 5680 1209 5735 I25
1240 5678 1383 5735 idem
1414 5678 1529 5737 fere
1550 5688 1635 5735 est
1660 5694 1724 5735 ac
1744 5679 2047 5750 Symbolum

537 5769 767 5827 Damaso
788 5770 1089 5841 inscriptum
1109 5774 1251 5830 inter
1266 5772 1439 5844 Opera
1464 5771 1529 5831 S.
1556 5771 1895 5843 Hieronymi;
1923 5771 2045 5844 I28,

2151 1824 2214 1878 tis
2239 1822 2292 1877 in
2322 1824 2560 1878 editione
2590 1821 2882 1877 Parisiensi
2910 1819 3045 1876 1551
3079 1820 3316 1890 primum
3343 1814 3497 1872 editi.

2218 1913 2274 1967 7°
2315 1912 2589 1969 Sermones
2626 1911 2720 1976 IV,
2752 1911 3005 1966 videlicet
3038 1909 3100 1963 de
3138 1906 3303 1963 Iacob
3332 1915 3379 1960 et
3415 1902 3581 1965 Esau,
3604 1898 3654 1952 in

2149 2004 2287 2059 festo
2315 2004 2377 2059 S.
2411 2003 2703 2069 Vincentii,
2742 2002 2794 2056 in
2817 2000 3064 2056 Proverb.
3105 2014 3228 2063 XIII,
3261 1998 3314 2052 in
3357 1989 3658 2049 Parabolam

2151 2095 2469 2151 Seminantis
2489 2136 2504 2162 ,
2538 2104 2593 2149 et
2623 2095 2676 2148 in
2708 2092 2840 2149 illud
2871 2091 3063 2147 Matth.
3089 2106 3212 2153 xvr,
3242 2087 3344 2154 Qui
3365 2086 3468 2140 vult
3494 2081 3656 2137 venire

2152 2194 2269 2257 post
2292 2203 2393 2253 me,
2420 2197 2524 2242 etc.
2549 2185 2613 2241 IIi
2641 2187 2871 2255 primum
2899 2182 3216 2254 prodierunt
3241 2179 3400 2251 (cum
3432 2180 3665 2230 tractatu

2153 2279 2206 2333 in
2238 2277 2538 2332 Orationem
2580 2273 2938 2344 Dominicam)
2968 2274 3022 2329 in
3050 2274 3138 2329 ed.
3166 2270 3333 2327 Basil.
3362 2267 3523 2323 I556.
3546 2261 3673 2332 Qui-

2154 2372 2254 2429 bus
2280 2382 2627 2427 accesseruut
2653 2371 2706 2425 in
2736 2370 2824 2426 ed.
2849 2384 2899 2423 a.
2930 2367 3092 2425 1569.

2231 2464 2288 2519 8'
2328 2463 2406 2517 De
2434 2460 2661 2516 Diversis
2683 2461 2977 2521 Sermones
3002 2457 3183 2515 XLIII.

2233 2551 2288 2610 9‘
2330 2553 2649 2627 Fragmenta
2697 2552 3007 2608 Sermonum
3033 2552 3091 2607 S.
3126 2541 3415 2617 Augustini
3451 2535 3681 2606 XXVII,

2162 2662 2230 2704 ex
2260 2645 2507 2719 Eugippii
2546 2643 2757 2700 abbatis
2787 2642 3052 2698 Thesauro
3088 2656 3186 2697 seu
3208 2630 3653 2719 Collectionibus
3676 2667 3691 2694 ,

2166 2741 2234 2797 ad
2266 2717 2495 2793 Probum
2524 2737 2811 2805 virginem,
2843 2745 3007 2804 atque
3028 2748 3093 2786 ex
3114 2730 3339 2783 Comme
3356 2718 3545 2777 ntariis
3566 2717 3693 2773 Flo—

2156 2833 2248 2895 Vri,
2281 2826 2658 2899 Lugdunensis
2694 2810 2964 2881 Ecclesia:
3015 2817 3261 2884 diaconi,
3312 2816 3378 2871 in
3424 2811 3687 2883 Epistolas

2172 2920 2360 2982 Pauli,
2389 2933 2455 2971 ex
2482 2918 2669 2971 verbis
2693 2912 2973 2983 Augustini
2993 2911 3095 2965 sub
3118 2910 3275 2963 Beda:
3302 2905 3525 2961 nomine
3549 2904 3686 2960 inter

2172 3009 2288 3079 ejus
2310 3022 2475 3078 opera
2496 3014 2552 3060 et
2576 3004 2807 3061 seorsim
2835 3003 2996 3059 etiam
3021 3001 3331 3070 impressis.

2249 3100 2341 3156 10⁶
2384 3098 2666 3157 Sermones
2698 3099 2761 3153 de
2788 3096 3003 3153 diversis
3032 3094 3277 3161 CXXIII,
3319 3108 3349 3148 a
3385 3091 3686 3149 Lovanien-

409 3196 533 3255 “0.
581 3171 879 3250 Sermones.
930 3192 1132 3247 Horum
1174 3190 1345 3246 varice
1375 3199 1595 3247 exstant
1623 3189 2000 3258 collectiones,
2027 3176 2079 3242 C
2182 3194 2334 3251 sibus
2351 3208 2402 3248 a.
2430 3171 2565 3249 1571
2590 3200 2735 3247 tomo
2759 3189 2808 3245 Χ
2834 3189 2989 3257 editi,
3019 3188 3391 3244 annumeratis
3423 3183 3686 3257 prtedictis

2182 3286 2521 3344 sermonibus
2558 3282 2741 3340 XLIII.
2791 3283 2870 3339 Ex
2911 3283 2994 3338 his
3040 3282 3301 3353 plurimos
3325 3278 3689 3353 supposititios

2183 3393 2306 3435 esse
2329 3378 2561 3432 fatentur
2592 3375 2692 3445 ipsi
2724 3374 3107 3430 Lovanienses.

2260 3470 2350 3527 11⁸
2384 3466 2630 3524 Homiliw
2649 3466 2744 3533 XI,
2769 3482 2800 3522 a
2827 3465 3221 3523 Parisiensibus
3242 3463 3407 3520 edita:
3432 3478 3485 3519 a.
3536 3456 3692 3530 1614,

2189 3581 2257 3623 ex
2286 3579 2419 3620 mss.
2446 3560 2847 3632 Carthusianis,
2877 3567 3039 3631 atque
3066 3558 3188 3613 alia:
3209 3555 3349 3624 XIII,
3379 3572 3449 3614 ex
3471 3554 3696 3613 mss.Pi-

2190 3657 2444 3713 thmanis.

2266 3748 2365 3805 12ο
2397 3747 2673 3803 Sermones
2695 3744 2789 3801 XL
2813 3744 2881 3802 de
2908 3743 3071 3801 variis
3097 3743 3434 3815 argumentis
3456 3759 3488 3798 a
3514 3739 3701 3798 Iacobo

2193 3840 2476 3898 Sirmondo
2518 3839 2722 3894 Jesuita
2766 3838 3000 3907 primum
3044 3834 3173 3890 editi
3204 3849 3324 3889 cum
3350 3834 3499 3891 notis
3534 3830 3701 3888 Paris.

2197 3934 2355 3997 1651,
2379 3932 2519 3997 Ill-8,
2545 3949 2564 3982 ι
2599 3944 2827 3999 quorum
2852 3926 3166 3993 nonnullos,
3190 3925 3266 3981 ait
3295 3926 3437 3979 And.
3477 3925 3703 3986 Binetus,

2194 4034 2256 4081 ut
2318 4024 2486 4080 nolim
2531 4037 2729 4094 negare
2758 4020 3110 4095 Augustinum
3160 4028 3437 4074 auctorem
3488 4017 3704 4081 habere,

2197 4117 2433 4173 maxime
2462 4113 2555 4184 qui
2583 4114 2636 4168 in
2667 4112 2910 4168 Indiculo
2925 4109 3155 4165 Possidii
3179 4119 3553 4175 numerantur,
3579 4107 3708 4162 alios

2200 4216 2405 4271 tamen,
2435 4205 2525 4273 qui
2551 4218 2581 4258 e
2604 4204 2991 4256 monachorum
3020 4201 3221 4271 cryptis
3250 4199 3590 4269 prodierunt,
3618 4210 3711 4267 pa-

2199 4300 2363 4355 tietur
2389 4297 2564 4351 editor
2593 4294 2734 4365 apud
2767 4309 2863 4349 nos
2886 4308 3008 4349 esse
3046 4303 3316 4363 suspecta:
3362 4292 3511 4356 ﬁdei,
3542 4291 3713 4345 donec

2203 4387 2617 4461 probationibus
2639 4386 2976 4457 dignioribus
3007 4385 3163 4440 nobis
3205 4382 3707 4448 commendentur.)

2207 4485 2353 4539 Inter
2383 4483 2482 4537 hos
2513 4490 2691 4536 autem
2716 4479 2809 4534 XL
2839 4480 3133 4535 Sermones
3161 4476 3423 4532 habentur
3465 4472 3714 4553 Ilomilia:

2204 4578 2310 4634 illae
2339 4576 2453 4631 XIII
2485 4575 2736 4643 superius
2762 4578 3222 4627 commemoratae.

2280 4668 2377 4723 150
2404 4664 2681 4720 Sermones
2710 4661 2781 4717 VI
2821 4662 3006 4717 Roma:
3039 4662 3272 4730 primum
3318 4657 3445 4714 editi
3476 4672 3525 4713 a.
3558 4654 3714 4708 1614.

2210 4775 2238 4815 a
2263 4757 2419 4813 Joan.
2469 4756 2623 4825 Bapt.
2659 4754 2810 4809 Maro
2842 4754 3112 4820 Romano,
3144 4752 3203 4808 S.
3256 4751 3444 4822 Angeli
3488 4750 3539 4805 in
3578 4746 3718 4803 Foro

2209 4850 2441 4908 Piscium
2470 4848 2766 4904 Canonico.

2278 4942 2521 5009 Quatuor
2549 4939 2887 5011 posteriores
2909 4938 3233 4994 Sermonum
3258 4933 3618 4990 Collectiones
3640 4946 3723 4987 re-

2220 5034 2367 5090 cudit
2400 5032 2679 5107 Vignerius
2707 5040 2898 5102 partet
2930 5028 3155 5101 Suppl.;
3179 5036 3332 5099 parte
3358 5042 3490 5082 vero
3526 5042 3563 5081 ll
3591 5024 3723 5080 alios

2220 5124 2409 5192 XLVI,
2443 5125 2702 5179 hactenus
2724 5121 2955 5177 ineditos
2984 5128 3145 5192 atque
3168 5134 3247 5177 ex
3276 5118 3505 5175 diversis
3535 5117 3723 5173 Biblio-

2218 5218 2396 5274 thecis
2422 5217 2792 5287 depromptos,
2816 5213 3041 5269 addidit.

2289 5311 2557 5363 Caeterum
2597 5307 2649 5361 in
2691 5306 3124 5375 praecedentibus
3155 5304 3513 5360 Sermonibus
3551 5300 3725 5356 notari

2220 5400 2400 5465 debet,
2427 5414 2532 5454 non
2560 5384 2686 5452 raro
2707 5397 2949 5463 evenire,
2978 5406 3037 5451 ut
3062 5397 3200 5452 idem
3215 5396 3408 5452 Sermo
3425 5398 3477 5449 in
3499 5392 3726 5450 diversis

2221 5496 2547 5552 Sermonum
2578 5492 3001 5548 Collectionibus
3028 5491 3113 5547 bis
3156 5491 3244 5546 vel
3296 5489 3477 5544 forsan
3532 5488 3726 5557 saepius

2225 5594 2537 5642 numeretur
2566 5601 2581 5640 :
2613 5584 2994 5654 quamplurimi
3016 5599 3147 5639 vero
3185 5598 3253 5639 ex
3280 5583 3404 5637 aliis
3450 5576 3728 5652 Augustini

2226 5679 2442 5749 scriptis
2472 5678 2714 5749 excerpti
2744 5687 2891 5733 sunt.
2924 5677 3217 5734 Sermones
3248 5691 3316 5732 ex
3346 5675 3495 5730 hisce
3522 5673 3730 5743 aliquot

2226 5771 2446 5845 spurio‘s
2466 5770 2639 5828 obiter
2657 5770 2965 5827 notavimus
2985 5786 2999 5825 :
3028 5776 3083 5825 at
3102 5783 3226 5827 cum
3250 5768 3410 5839 longe
3426 5760 3727 5825 accuratius

2406 5934 2419 5939 κγ
2436 5934 2455 5939 γ
2476 5924 2603 5938 fuat"
2620 5924 2646 5929 "
