3882 6384
472 287 541 340 55
1366 285 1924 345 SUPPLEMENTUM
1961 285 2053 344 AD
2091 286 2322 347 OPERA
2360 293 2420 348 S.
2461 295 2856 382 AUGUSTINI.
3639 313 3691 369 δῦ

485 406 537 460 5.
574 404 655 462 De
681 395 806 460 novo
834 405 1044 474 Cantica
1075 411 1122 458 et
1152 405 1214 458 de
1241 403 1416 458 reditu
1454 403 1509 456 in
1550 399 1804 456 caelestem
1829 401 2047 473 patriam
2073 399 2130 461 Λ
2174 389 2184 400 ι
2209 390 2359 476 ἠιαζέ,
2391 408 2487 464 sed
2517 409 2807 481 Augustino
2834 412 3134 484 abjudicat;
3167 418 3309 488 quod
3331 417 3582 489 judicium
3602 418 3693 479 bet.

544 514 606 551 ac
634 496 730 550 vita
759 497 1031 566 periculis,
1083 509 1264 550 sermo
1294 493 1362 547 ad
1392 492 1843 548 Catechumenos.
2235 499 2486 554 larminus
2514 512 2567 556 et
2599 503 2939 560 Louanienscs
2963 509 3134 564 seculi
3166 519 3312 566 sunt.

469 593 530 644 6.
569 589 762 644 Sermo
790 588 856 644 de
881 588 1173 656 Disciplina
1199 585 1515 640 Christiana.
2160 586 2252 643 25.
2293 587 2530 658 Epistola
2561 592 2629 644 ad
2669 591 3068 651 Demetriadem.
3105 598 3313 671 Pelagii
3356 608 3471 666 est,
3522 610 3575 656 ut
3610 603 3696 674 ipse

469 684 524 736 7.
567 683 764 740 Sermo
784 686 846 738 de
876 683 1112 738 Utilitate
1133 679 1355 752 Jejunii.
2230 679 2479 751 Pelagius
2523 681 2722 738 fatetur
2764 685 2818 739 in
2861 687 2974 743 suis
3018 688 3084 743 ad
3131 686 3490 745 Innocentium
3532 707 3691 767 papam

475 776 527 831 8.
566 778 756 832 Sermo
777 777 838 830 dc
869 776 1022 831 Urbis
1047 775 1270 829 excidio.
2231 771 2444 828 litteris.

613 871 742 934 Quae
765 877 1092 938 sequuntur,
1125 881 1297 936 usque
1325 865 1391 921 ad
1421 881 1476 921 n.
1512 863 1599 930 I5,
1639 863 1931 919 exstantin
1962 877 2057 932 ap-
2157 862 2247 920 96.
2291 865 2544 934 Epistolas
2607 877 2807 924 mutua:
2864 870 2970 926 SS.
3027 872 3300 945 Augustini
3349 883 3403 931 et
3445 874 3616 948 Cyrilli
3657 880 3702 933 de

542 960 704 1028 pend.
729 960 859 1013 tomi
885 958 952 1014 VI
978 958 1067 1013 ed.
1095 958 1290 1013 Bened.
1315 974 1371 1013 n.
1395 957 1448 1023 9,
1483 955 1573 1023 10,
1594 955 1684 1021 Η,
1707 962 1839 1011 tom.
1869 955 1940 1011 IX
1961 956 2049 1012 ed.
2228 958 2520 1026 magniﬁcis
2563 961 2981 1031 admirandisque
3010 962 3074 1019 S.
3113 963 3422 1038 Hieronymi
3467 970 3701 1024 virtutibus

543 1048 751 1103 Erasm.
785 1059 839 1105 et
869 1050 1064 1104 Lovan.
2113 1099 2120 1104 .
2171 1082 2176 1084 —
2227 1058 2274 1104 et
2303 1052 2589 1107 miraculis.
2622 1054 3014 1124 Supposititias.

469 1141 524 1196 9.
563 1141 752 1198 Sermo
777 1143 838 1197 de
861 1142 1157 1213 Contemptu
1177 1141 1378 1195 mundi.
1403 1139 1601 1196 Incerti
1627 1142 1890 1199 auctoris.
1918 1140 2053 1197 Item
2153 1139 2247 1194 27.
2288 1141 2565 1198 Altercatio
2593 1159 2693 1200 seu
2718 1144 2939 1201 Collatia
2962 1148 3018 1203 S.
3044 1147 3332 1220 Augustini
3355 1167 3476 1208 cum
3507 1154 3704 1213 Pascen-

534 1233 724 1289 Sermo
748 1235 812 1288 de
841 1233 1084 1287 Vanitate
1109 1233 1307 1300 swculi,
1335 1233 1425 1302 qui
1449 1231 1617 1287 ferme
1649 1240 1796 1286 totus
1821 1232 2052 1287 habetur
2228 1233 2302 1288 tio
2342 1234 2537 1288 Ariano
2577 1237 2825 1306 Hippone
2874 1237 3057 1294 habita
3079 1282 3095 1308 ,
3149 1252 3417 1311 prasente
3454 1246 3704 1304 Laurentio

485 1361 489 1364 -
537 1327 591 1381 in
625 1335 852 1380 tractatu
877 1326 940 1378 de
965 1325 1293 1380 Rectitudine
1332 1325 1600 1380 catholica:
1624 1325 2046 1392 conversationis,
2106 1388 2117 1395 ι
2221 1325 2406 1395 judice
2433 1326 2643 1384 delecto
2684 1343 2716 1384 a
2752 1328 3031 1387 Pascentio
3056 1372 3071 1400 ,
3121 1334 3237 1389 viro
3283 1338 3585 1405 spectabili.
3609 1340 3705 1396 Non

537 1420 605 1472 de
631 1433 734 1485 quo
761 1418 898 1471 inira
928 1434 985 1473 η.
1018 1417 1110 1473 61.

2228 1425 2309 1470 est
2339 1417 2636 1489 Augustini.
2744 1431 2748 1434 '

470 1509 554 1565 IO.
597 1508 791 1563 Sermo
822 1509 886 1562 de
913 1507 1060 1564 Bono
1093 1510 1405 1581 disciplima.
1441 1509 1638 1566 Melch.
1667 1508 1949 1566 Goldastus
1977 1511 2050 1566 ab
2152 1503 2242 1562 28.
2284 1505 2364 1562 De
2403 1508 2729 1566 Mirabilibus
2771 1511 2832 1567 S.
2867 1511 3155 1582 Scriptura:
3195 1516 3318 1572 libri
3367 1527 3496 1577 tres.
3536 1521 3708 1580 Incerti

533 1601 893 1672 Haiminsfeld
948 1604 1183 1660 asseruit
1214 1603 1493 1658 Valeriano
1535 1602 1860 1658 Cemeliensi
1905 1602 2048 1673 apud
2223 1600 2483 1669 auctoris,
2518 1603 2611 1671 qui
2640 1612 2762 1674 post
2783 1619 2834 1658 a.
2861 1606 2964 1663 700
2984 1608 3183 1664 vixisse
3213 1611 3543 1679 perhibetur.
3577 1616 3706 1670 Exst.

537 1695 699 1761 Alpes
734 1696 1033 1750 maritimas
1061 1697 1228 1766 episc.
1263 1710 1390 1750 smc.
1425 1712 1479 1762 ν,
1510 1696 1734 1765 ejusque
1762 1696 1923 1750 etiam
1949 1709 2048 1750 no-
2222 1692 2276 1746 in
2307 1691 2395 1746 ed.
2428 1692 2640 1752 Erasm.
2673 1705 2806 1753 tom.
2834 1698 2928 1765 III,
2973 1700 3168 1759 Lovan.
3205 1713 3261 1759 et
3288 1704 3482 1763 Bened.
3511 1707 3638 1764 ibid.
3664 1708 3709 1764 in

529 1803 652 1842 men
684 1789 981 1857 praeferunt
1013 1789 1315 1859 fragmenta
1349 1790 1512 1860 hujus
1534 1790 1777 1860 opusculi
1806 1790 1861 1844 in
1892 1797 2042 1844 vetu-
2069 1779 2120 1841 B
2216 1786 2478 1854 append.,
2503 1787 2594 1842 ubi
2623 1800 2676 1844 et
2705 1804 2957 1860 sequens.
3001 1806 3003 1808 ·

529 1890 612 1934 sto
640 1881 828 1934 codice
853 1881 1173 1936 Colbertino
1205 1891 1446 1951 reperta.
2045 1896 2051 1902 ·
2146 1876 2235 1934 29.
2278 1877 2358 1932 De
2386 1878 2838 1937 Benedictionibus
2859 1884 3172 1955 patriarcha:
3198 1886 3361 1942 Jacob
3384 1891 3708 1960 opusculum.

463 1973 546 2027 ιι,
589 1973 780 2028 Sermo
807 1974 871 2027 de
903 1973 1208 2027 Obedientia
1243 1984 1290 2028 et
1319 1974 1648 2028 Humilitate.
2216 1971 2543 2042 Decerptum
2581 1985 2664 2030 est
2707 1991 2772 2032 ex
2801 1977 2863 2032 S.
2903 1976 3210 2051 Hieronymi
3236 1980 3440 2049 Quaest.
3473 1983 3634 2040 Hebr.
3661 1986 3708 2040 in

459 2067 543 2122 12.
589 2066 859 2122 Tractatus
881 2067 943 2121 de
970 2066 1252 2136 Charitate,
1279 2083 1322 2121 s.
1343 2066 1413 2123 de
1437 2067 1615 2123 verbis
1641 2064 1854 2137 psalmi,
1878 2063 2042 2125 Terra
2213 2061 2411 2120 Genes.
2442 2074 2498 2120 el
2527 2065 2817 2124 Moralibus
2845 2066 3085 2140 Gregorii
3113 2070 3192 2128 Μ.
3214 2081 3270 2129 et
3288 2074 3566 2130 Alcuinum
3594 2091 3713 2132 auc-

524 2160 662 2213 dedit
693 2166 919 2230 fructum
946 2178 1115 2215 suum.
2214 2162 2386 2211 torem
2414 2157 2602 2215 habet.

456 2252 541 2307 I3.
586 2251 664 2306 De
690 2253 938 2307 Oratione
955 2264 1003 2308 et
1027 2255 1376 2324 Eleemosyna
1405 2262 1666 2308 tractatus
1697 2254 1823 2322 (seu
1856 2253 2036 2321 potius
2143 2245 2234 2304 50.
2282 2248 2604 2314 Quwstiones
2643 2251 2755 2307 Vet.
2786 2262 2834 2308 et
2863 2253 2938 2308 Ν.
2966 2253 3109 2310 Test.
3148 2256 3201 2311 in
3231 2265 3343 2314 tres
3383 2267 3560 2329 partes
3587 2260 3719 2316 divi-

525 2345 712 2412 lragm.
749 2345 969 2415 majoris
1000 2343 1215 2416 operis)
1243 2347 1311 2400 ab
1343 2345 1558 2401 Hieron.
1597 2346 1835 2415 Vignerio
1855 2345 2034 2403 editus
2209 2353 2307 2407 δῖε.
2336 2341 2533 2410 (“libus
2563 2353 2811 2411 quanam
2831 2345 3344 2417 ευβετθάἀίάθτυηι,
3370 2349 3512 2405 xxv
3562 2351 3719 2419 Ουπ·

524 2447 671 2494 mmo
714 2438 756 2493 ιι
794 2439 1069 2508 Supplem,
2206 2431 2414 2489 stiones
2461 2435 2831 2505 complexam,
2881 2436 2978 2492 sed
3029 2440 3264 2507 spuriam
3319 2442 3722 2512 Lovanieuses,

452 2533 540 2586 μ,
583 2531 659 2584 οε
689 2532 1037 2587 Generatim“
1072 2533 1530 2604 elemosynarum,
2208 2523 2420 2579 Hilario
2461 2526 2692 2581 diacono
2736 2527 3136 2595 adjudicantes.
3175 2531 3330 2587 Exst.
3381 2534 3437 2590 in
3484 2535 3723 2604 append.

453 2624 538 2678 I5.
584 2623 858 2680 Sententiae
907 2623 1271 2680 Miscellanete.
1301 2625 1426 2680 Hmc
1461 2625 1639 2681 omnia
1685 2625 1875 2682 incerti
1906 2639 1986 2680 sm

1812 2625 1875 2682 ui
1906 2633 2032 2682 sunt
2207 2619 2341 2673 tomi
2372 2618 2440 2674 IV
2472 2619 2558 2675 ed.
2590 2619 2786 2676 Lovan.
2818 2629 2873 2675 et
2898 2622 3029 2676 tomi
3063 2623 3129 2677 III
3152 2623 3345 2679 Bened.

516 2717 769 2782 auctoris,
800 2731 898 2772 nec
929 2717 1288 2786 Augustinum
1317 2718 1553 2786 sapiunt.
2132 2712 2220 2769 51.
2261 2711 2329 2764 In
2349 2712 2700 2784 Apocalypsin
2729 2713 2793 2767 D.
2822 2711 3048 2768 Joannis
3074 2713 3357 2784 Expositio
3387 2715 3504 2770 sive
3525 2716 3724 2772 Homi-

447 2809 533 2863 16.
582 2806 655 2859 De
680 2807 949 2861 Creatione
979 2809 1131 2876 primi
1176 2808 1425 2865 hominis.
1470 2810 1637 2864 Totus
1679 2811 1914 2867 insertus
1944 2827 1980 2866 es

2204 2801 2290 2858 lim
2318 2801 2505 2855 XVIII.
2530 2801 2792 2855 Fortasse
2825 2800 3077 2868 Tychonii
3118 2803 3237 2855 Afri
3264 2803 3581 2858 Donatista).
3607 2805 3725 2862 No-

515 2897 600 2948 ltic
647 2898 782 2951 liber
827 2899 881 2950 in
926 2907 1157 2950 tractatu
1202 2899 1266 2949 de
1306 2899 1511 2966 Spiritu
1537 2908 1584 2950 et
1619 2901 1806 2953 Anima
1835 2918 1889 2954 n.
1934 2902 2025 2954 67.
2202 2906 2271 2950 ιω
2297 2901 2422 2948 sunt
2448 2909 2516 2948 ex
2546 2893 2845 2959 VictorinO.
2889 2891 3152 2947 Primasio
3182 2901 3237 2949 et
3279 2893 3419 2949 Beda
3444 2897 3717 2958 collectae.

512 2989 800 3056 Reperitur
829 2990 971 3042 inter
990 2989 1170 3056 Opera
1199 2990 1455 3042 Ambrosii
1486 2990 1585 3042 sub
1616 2989 1722 3056 tit.,
1756 2991 2026 3046 Tructatus
2201 2985 2355 3038 Exst-
2385 2986 2437 3038 in
2459 2985 2546 3039 ed.
2579 2982 2792 3038 Erasm.
2834 2993 2968 3040 tom.
2998 2985 3103 3054 IX,
3132 2987 3336 3042 Lovan.
3382 2989 3518 3046 ibid.
3547 2992 3604 3048 in
3634 3009 3722 3065 ap-

511 3081 576 3133 de
604 3080 864 3150 Dignitate
890 3081 1044 3150 primi
1072 3079 1330 3145 hominis;
1359 3088 1411 3133 et
1441 3080 1581 3134 inter
1606 3080 1783 3149 Opera
1812 3080 2024 3137 Alcuini
2067 3146 2098 3150 _
2198 3071 2360 3143 pe‘nd.
2380 3113 2395 3141 ,
2424 3081 2480 3127 et
2503 3071 2699 3129 Bened.
2730 3072 2819 3130 III.
3442 3104 3444 3106 τ

509 3184 631 3223 cum
668 3146 776 3236 iit.,
809 3146 1158 3240 Cogitationes
1187 3168 1251 3222 B.
1282 3170 1453 3224 Albini
1476 3146 1668 3225 Levitte
1695 3171 1747 3226 in
1779 3173 1897 3228 haec
1917 3171 2025 3228 Ge-

2269 3165 2401 3232 Quae
2428 3172 2749 3236 sequuntur,
2784 3180 2957 3237 usque
2986 3165 3054 3223 ad
3081 3184 3136 3224 n.
3169 3168 3260 3236 65,
3293 3179 3512 3229 exstant
3538 3173 3597 3229 in
3628 3191 3724 3246 ap-

511 3275 705 3317 neseos
733 3261 918 3328 verba,
951 3261 1230 3316 Faciamus
1253 3261 1507 3317 hominem
1535 3264 1603 3318 ad
1621 3266 1904 3336 imaginem
1931 3283 2026 3322 ηο-
2193 3258 2362 3340 pend.
2406 3258 2538 3315 lomi
2576 3259 2645 3315 VI
2683 3259 2772 3316 ed.
2818 3258 3040 3331 Bencd.,
3090 3272 3295 3331 prteter
3339 3263 3623 3324 Sermones
3654 3273 3720 3323 ad

508 3362 690 3407 stram.
722 3354 882 3410 Exst.
907 3353 959 3408 in
990 3353 1077 3409 ed.
1113 3352 1319 3408 Erasm.
1344 3362 1398 3410 et
1424 3354 1621 3410 Lavan.
1652 3365 1782 3412 tom.
1815 3358 1888 3414 IX
1916 3359 2026 3430 Ap-
2198 3350 2411 3405 Fratres
2437 3351 2489 3404 ἕη
2517 3349 2740 3419 Ennio.
2768 3350 3017 3422 aliosque
3046 3351 3114 3409 de
3140 3353 3338 3422 quibus
3364 3369 3527 3425 supra
3553 3357 3720 3415 9-15.

510 3445 672 3514 pend.
2125 3442 2214 3499 '52.
2257 3440 2411 3495 Liber
2443 3439 2835 3497 Sententiarum
2860 3456 2908 3496 s.
2951 3441 3303 3509 Quwstionum
3336 3444 3491 3516 XXI,
3515 3461 3588 3502 ex
3611 3449 3723 3503 Au-

441 3537 530 3593 17.
570 3535 649 3593 De
678 3538 870 3593 Arbore
906 3539 1133 3594 scientia:
1161 3540 1279 3594 boni
1299 3549 1348 3595 et
1382 3541 1527 3595 mali.
1560 3541 1711 3598 Exst.
1743 3543 1796 3598 in
1828 3543 1916 3599 ed.
1942 3541 2021 3597 E-
2196 3533 2401 3604 gustino
2442 3533 2676 3603 aliisque
2720 3532 2874 3588 nullo
2922 3533 3117 3590 ordine
3155 3534 3224 3589 ab
3273 3544 3496 3593 auctore
3526 3539 3725 3610 aliquo

508 3648 692 3699 manu,
719 3631 941 3701 Lovan.,
967 3642 1022 3689 et
1044 3631 1237 3689 Bened.
1271 3642 1312 3689 ι.
1338 3633 1410 3688 IX
1430 3636 1664 3706 append.
1954 3631 1961 3636 ’
2195 3626 2604 3697 imperitissimo
2640 3626 3017 3683 collectarum.
3063 3627 3220 3682 Exst.
3251 3628 3306 3683 in
3334 3629 3468 3685 edit.
3498 3629 3722 3688 Erasm.

578 3725 894 3794 Sequentia,
939 3740 1109 3794 usque
1139 3727 1205 3780 ad
1238 3740 1387 3780 num.
1429 3727 1521 3794 25,
1554 3736 1790 3784 exstant.
1816 3729 1870 3784 in
1919 3744 2020 3801 ap-

2192 3726 2247 3776 et
2274 3718 2468 3773 Louan.
2498 3726 2631 3774 tom.
2665 3717 2733 3773 IV
2758 3719 2813 3774 in
2842 3718 3101 3789 append.,
3123 3720 3212 3775 ubi
3239 3729 3295 3775 et
3321 3736 3586 3792 sequens.

505 3817 672 3887 pend.
703 3825 835 3870 tom.
861 3817 881 3871 1
909 3817 996 3871 ed.
1024 3815 1219 3872 Bened.
2123 3810 2215 3866 55.
2249 3811 2604 3877 Quaestionum
2640 3808 2781 3866 LXV
2823 3809 3080 3883 Dialogus
3129 3825 3195 3867 ex
3225 3814 3392 3870 variis
3430 3814 3723 3886 Augustini

438 3909 527 3964 I8.
571 3906 649 3960 De
674 3905 1028 3960 Grammatica
1059 3908 1216 3962 liber.
2194 3902 2348 3957 libris
2378 3903 2671 3958 maximam
2703 3909 2910 3972 partem
2937 3910 3248 3973 congestus.

442 4000 528 4056 i9.
570 3999 838 4072 Principia
863 3998 1160 4055 Dialectij
1185 4009 1233 4054 et
1265 4001 1580 4059 Rhetorices.
1612 4004 1755 4060 Libri
1780 4014 1910 4063 tres.

2188 4029 2211 4051 ι.
2250 3995 2405 4050 Liber
2432 3997 2493 4050 de
2519 3993 2654 4049 Fide
2682 3994 2750 4050 ad
2781 3994 2996 4050 Petrum
3022 3995 3309 4052 diaconum
3327 4039 3344 4066 ,
3391 3999 3520 4055 olim
3565 4002 3721 4058 inter

437 4093 528 4149 20.
567 4093 849 4163 Categoriw
884 4095 1056 4148 decem
1077 4109 1141 4148 ea:
1167 4095 1442 4151 Aristotele
1467 4096 1737 4166 decerpta.
1776 4099 2019 4165 Quatuor
2193 4103 2358 4157 Opera
2387 4087 2672 4158 Αυειιειὶηῑ
2702 4088 3001 4158 impressus
3021 4129 3039 4156 ν
3072 4091 3141 4146 ab
3172 4091 3398 4148 Erat-imo
3427 4108 3564 4150 vero
3596 4096 3718 4166 pri-

447 4201 449 4203 '
505 4184 897 4256 isti-tractatus,
927 4185 1018 4255 qui
1041 4186 1339 4256 Augustino
1363 4186 1418 4240 in
1445 4187 1878 4257 praecedentibus
1903 4190 2017 4245 edi~
2192 4198 2337 4238 mum
2360 4182 2409 4237 ei
2436 4181 2792 4251 abjudicatus.
2830 4181 3095 4254 Fulgentii
3132 4191 3218 4238 est
3257 4185 3560 4255 Ruspensis
3593 4189 3722 4259 epi-

501 4277 742 4336 tionibus
781 4276 1000 4347 ascripti
1040 4287 1194 4333 erant
1227 4278 1471 4352 (Erasm.
1504 4288 1559 4334 et
1593 4278 1784 4334 Lovan.
1830 4289 1868 4334 t.
1904 4280 1956 4352 1)
1984 4295 2016 4337 a
2193 4275 2363 4342 scopi.
2389 4273 2542 4326 Exst.
2567 4273 2620 4326 in
2644 4273 2734 4328 ed.
2765 4273 2972 4328 Eram.
3015 4281 3070 4330 et
3110 4274 3304 4330 Lovan.
3353 4286 3485 4356 tom.
3528 4278 3600 4334 ιιι
3656 4280 3718 4335 in

505 4371 867 4427 l‘enedictinis
916 4370 970 4424 in
1017 4370 1367 4438 appendicem
1415 4370 1635 4441 rejectis
1674 4372 1873 4443 spuriis
1921 4387 2015 4427 ac-
2192 4365 2454 4438 append.,
2488 4365 2579 4423 ubi
2612 4373 2666 4422 et
2691 4380 2948 4436 sequens.
3015 4437 3017 4439 ι

440 4492 444 4500 -
503 4463 989 4535 censentur(tom.
1021 4463 1152 4536 XI).
1809 4494 1817 4501 ν
2036 4531 2075 4536 _
2119 4456 2208 4516 55.
2249 4457 2329 4512 De
2358 4456 2561 4528 Spiritu
2605 4467 2654 4512 et
2704 4457 2894 4514 Anima
2939 4457 3098 4516 liber.
3142 4457 3392 4516 Continet
3443 4462 3603 4519 Dicta
3661 4475 3727 4523 et

427 4557 518 4613 2i.
561 4554 780 4628 Regula:
808 4531 1022 4611 Clericis
1053 4531 1259 4611 traditte
1281 4556 1669 4628 fragmentum.
2036 4531 2092 4593 Ῑ)
2187 4552 2534 4608 Collectanea
2565 4565 2632 4607 ex
2664 4548 2849 4606 multis
2877 4560 2931 4607 et
2976 4551 3208 4610 diversis
3251 4554 3564 4612 auctoribus
3610 4572 3730 4614 ex-

426 4650 518 4706 22.
561 4648 765 4721 Regula
791 4649 1038 4704 secunda.
1071 4647 1283 4721 (Tertia
1309 4659 1393 4705 est
1418 4651 1675 4721 genuina,
1704 4649 1829 4706 vide
1850 4664 2013 4720 supra
2187 4643 2408 4714 scripta.

497 4756 552 4794 ῃ.
585 4739 747 4814 109.)
779 4737 932 4799 Em.
964 4742 1018 4796 in
1046 4741 1135 4797 ed.
1163 4740 1372 4797 Emm.
1404 4748 1460 4797 et
1486 4741 1683 4797 ιουαη,
1718 4751 1851 4798 tom.
1881 4743 1901 4798 ι
1956 4742 2010 4797 in
2115 4734 2202 4792 56.
2243 4736 2323 4789 De
2343 4736 2604 4791 Amicitia.
2625 4737 2849 4795 Nonnisi
2871 4739 3122 4810 Epitome
3142 4748 3226 4798 est
3244 4741 3408 4797 trium
3431 4741 3724 4800 librorum

497 4831 731 4899 append.
2185 4828 2389 4884 Atilredi
2419 4829 2772 4887 Rievallensis
2815 4831 2884 4888 de
2929 4831 3121 4888 eodem
3169 4842 3509 4904 argumento.
3542 4833 3723 4890 Exst.

425 4923 517 4978 23.
560 4921 727 4978 Liber
755 4924 819 4978 de
853 4924 976 4981 Vita
1002 4924 1285 4982 Eremitica
1312 4925 1380 4981 ad
1410 4939 1682 4994 sororem,
1715 4941 1876 4996 quem
1900 4941 2011 4984 non
2186 4923 2241 4980 in
2271 4922 2358 4978 8d.
2392 4922 2599 4978 Erasm.
2629 4933 2683 4982 et
2710 4924 2906 4980 Lavatt.
2940 4933 3074 4981 tom.
3105 4925 3176 4982 IV
3203 4926 3259 4982 in
3295 4926 3558 4997 append.,
3614 4928 3723 4984 ubi

434 5043 440 5047 -
498 5012 668 5068 edidit
696 5010 975 5070 Erasmus.
1004 5017 1195 5074 Exstat
1225 5017 1280 5073 in
1304 5017 1542 5088 append.
1572 5025 1614 5073 t.
1644 5018 1774 5074 led.
1809 5018 2004 5074 Lovan.
2185 5025 2241 5074 et
2260 5031 2515 5087 sequens.

497 5113 555 5161 et
599 5103 794 5158 Bened.
837 5104 1052 5160 Elredi
1081 5109 1440 5166 Rievallensis
1480 5118 1564 5166 est
1591 5110 1718 5182 (qui
1751 5126 1878 5166 saec.
1927 5124 2008 5165 xu
2113 5111 2201 5169 57.
2242 5108 2322 5165 De
2347 5111 2648 5165 Substantia
2677 5109 2965 5165 dilectionis
2992 5119 3042 5165 et
3068 5111 3261 5166 amoris
3288 5111 3445 5168 liber.
3481 5113 3607 5167 Duo
3637 5111 3717 5167 Ii-

497 5194 654 5269 vixit)
670 5196 822 5267 juxta
847 5196 1046 5252 Lucam
1066 5198 1416 5254 Holstenium.
1445 5201 1627 5258 Tertia
1646 5203 1860 5259 circiter
1885 5216 2009 5272 pars
2181 5206 2264 5262 bri
2288 5207 2342 5261 in
2365 5221 2528 5261 unum
2560 5207 2791 5262 confusi.
2820 5207 3090 5264 Auctores
3113 5209 3452 5278 ignorantur.

495 5293 552 5348 in
596 5289 866 5361 Operibus
910 5289 1161 5360 Ansclmi,
1201 5291 1316 5347 scil.
1363 5291 1671 5363 Medit.15,
1720 5297 1788 5352 16
1837 5303 1891 5351 et
1941 5295 2008 5350 I7
2110 5298 2200 5354 58.
2243 5297 2320 5352 De
2348 5297 2609 5370 diligendo
2635 5299 2746 5354 Deo
2773 5299 2931 5371 liber,
2962 5301 3052 5371 qui
3093 5310 3149 5356 et
3182 5300 3592 5356 Meditationum
3630 5302 3722 5358 in-

496 5391 740 5442 exstant.
2184 5392 2459 5447 scribitur.
2485 5389 2765 5447 Conﬂatus
2787 5401 2872 5447 est
2893 5392 3022 5448 item
3050 5407 3116 5448 ex
3138 5393 3303 5448 variis
3324 5393 3483 5450 libris
3509 5392 3721 5466 Hugo-

567 5478 698 5544 Quae
743 5481 1069 5549 sequuntur,
1119 5492 1290 5549 usque
1335 5479 1403 5535 ad
1445 5495 1503 5536 n.
1537 5480 1638 5550 26,
1681 5483 1735 5535 in
1767 5478 1999 5552 append.
2180 5486 2260 5540 nis
2310 5483 2590 5552 Victorini,
2639 5484 2894 5541 Bernardi
2944 5492 3001 5541 et
3043 5484 3295 5540 Anselmi.
3323 5484 3477 5542 Exst.
3507 5486 3564 5540 in
3599 5484 3715 5540 ed.

497 5568 628 5622 tomi
649 5570 694 5624 II
724 5569 812 5624 ed.
845 5569 1046 5626 Lovan.
1081 5577 1135 5628 et
1164 5569 1362 5628 Bened.
1391 5581 1626 5628 exstant.
2179 5575 2387 5636 Erasm.
2416 5584 2471 5634 et
2520 5577 2714 5636 Louan.
2760 5585 2894 5635 tom.
2924 5576 2998 5634 IX
3044 5578 3100 5635 in
3135 5579 3393 5650 append.,
3426 5590 3608 5650 usque
3643 5576 3726 5632 ad

417 5660 509 5723 24,
556 5658 809 5729 Epistolis
832 5662 952 5721 XVI
973 5673 1174 5720 mutuae
1205 5664 1269 5723 S.
1291 5666 1567 5736 Augustini
1592 5673 1645 5723 et
1669 5681 1820 5738 papa:
1843 5666 2007 5723 Boni-
2179 5687 2236 5728 n.
2262 5672 2354 5729 48.

493 5753 619 5840 {acii
637 5753 670 5822 Ι
691 5755 1050 5831 brevissimae,
1066 5777 1199 5837 quas
1221 5762 1468 5854 antiquas
1491 5779 1612 5824 esse
1629 5765 1831 5824 fatetur
1843 5762 2004 5844 Eras-
2108 5767 2199 5836 59.
2241 5768 2588 5860 Solitoqutum
2631 5770 2816 5828 anime
2847 5767 2917 5836 ad
2939 5767 3131 5845 Deum,
3166 5767 3327 5828 liber.
3353 5767 3438 5829 Ab
3465 5769 3731 5842 auctore
