3882 6318
245 281 308 337 37
674 310 680 315 -
773 260 776 264 ’
1177 280 1448 340 NOTITIA
1488 282 1909 345 LITTERARIA
1947 290 2015 349 IN
2053 291 2112 350 S.
2151 293 2618 359 AUGUSTINUM.
3463 329 3532 388 δε

314 397 528 451 incerto
570 409 645 449 ex
687 394 996 465 Augustino
1026 409 1126 448 non
1173 397 1366 464 modo,
1403 399 1498 454 sed
1527 401 1647 454 aliis
1678 403 1838 457 etiam
1867 403 1919 463 Α
2017 406 2314 476 Augustino
2345 412 2577 480 primum
2612 417 2664 471 in
2695 421 2946 481 omnibus
2979 419 3204 497 operum
3235 425 3382 495 illius
3409 441 3529 500 edi.-

316 489 632 546 auctoribus
659 529 673 552 ,
719 487 894 542 veluti
936 502 1004 541 ex
1047 486 1281 558 Hugonis
1326 489 1576 544 Victorini
1604 491 1741 548 libro
1781 495 1844 548 de
2021 497 2293 567 tionibus;
2342 504 2540 560 deinde
2590 509 2650 563 S.
2699 512 2858 568 Leoni
2909 486 3060 588 papae
3113 486 3528 596 inedi—Paucis:

319 586 454 638 Arra
491 584 695 636 Anima:
734 580 1024 636 collectus.
1615 627 1620 631 .
2017 588 2183 656 15H;
2233 604 2415 662 postea
2448 598 2509 653 S.
2560 600 2822 659 Ambrosio
2867 580 3006 665 Med.
3042 628 3129 683 ep.

239 675 334 732 ιο.
377 673 781 728 Μεάὶιαεὶοηυηι
807 672 966 726 liber.
998 671 1341 728 Lovanienses
1391 675 1532 731 inter
1574 679 1770 746 genuiu

2019 679 2186 748 1585,
2220 685 2272 738 in
2302 702 2404 757 qua
2434 691 2502 742 ad
2544 691 2943 765 Simplicianum
2985 671 3330 777 inscribitur;

308 771 592 844 Augustini
645 769 788 824 fetus
834 768 1199 837 reliquerant,
1247 785 1425 840 neque
1471 772 1538 827 de
1583 788 1646 826 eo
1691 774 1835 828 aliud
2009 783 2208 878 quiet.
2243 776 2554 878 S.-nlfitloro
2585 784 2881 856 llispulensi
2914 797 2966 847 in
2994 795 3080 851 ed.
3123 768 3330 858 Matrit:

229 862 232 864 ⁷
308 865 836 937 pronuntiaverant,
888 876 1050 929 quam
1085 863 1225 931 quod
1258 871 1418 917 antea
1452 864 1706 921 dubitans
1754 868 1834 921 in-
2093 863 2260 964 Paris.
2296 866 2450 924 1601.
2481 871 2590 926 Sed
2625 876 2916 943 plurimum
2966 884 3181 958 decepit
3228 862 3522 964 Sigebertiu;

312 967 611 1027 certusque
649 954 894 1008 Erasmus
925 952 1158 1020 dixerat,
1187 963 1461 1010 auctorem
1483 972 1605 1012 esse
1627 958 1712 1012 vel
1733 961 1832 1042 Au-
2009 951 2389 1012 Gemblacensis
2419 962 2480 1014 de
2513 962 2628 1018 Vir.
2667 968 2825 1024 ill.'c.
2853 970 2938 1039 55,
2960 951 3223 1048 deceptus
3254 951 3369 1053 ipse
3393 951 3521 1045 falsa

312 1046 620 1121 gustinuin,
656 1046 739 1101 vel
770 1045 863 1114 qui
893 1045 1010 1115 ejus
1051 1045 1217 1100 libros
1245 1061 1352 1100 non
1381 1045 1726 1118 indiligenter
1751 1049 1836 1104 Ie-
2005 1051 2112 1097 vet.
2143 1046 2349 1116 aliquot
2392 1052 2548 1108 codd.
2593 1055 2979 1133 inscriptione,
3011 1045 3328 1136 qui—momen
3351 1077 3522 1134 Isido.

310 1143 500 1213 gisset'
531 1140 800 1196 collectus
830 1148 914 1193 est
944 1139 1286 1208 potissimum
1326 1156 1391 1195 ex
1423 1142 1653 1196 Αηδειηιξ
1695 1146 1829 1198 seri-
2007 1136 2051 1190 I'I
2078 1136 2280 1194 habere
2309 1141 2584 1200 dICUIIIIII'.
2616 1149 2770 1205 EXSL
2800 1153 2855 1209 in
2882 1157 2970 1212 ed.
3001 1159 3212 1219 Erasm.
3242 1176 3297 1222 et
3323 1168 3520 1229 Lovan.

303 1234 415 1306 ptis
464 1232 530 1285 ab
573 1241 798 1286 auctore
828 1246 899 1284 xu
946 1245 1097 1292 δαῖε..
1127 1245 1227 1288 nec
1255 1247 1361 1286 non
1391 1247 1456 1287 ex
1483 1232 1704 1289 Joannis
1733 1236 1828 1290 ab-

1489 1232 1704 1289 Joannis
1733 1236 1828 1290 ab-
1935 1313 1942 1314 ί
2003 1233 2136 1282 tom.
2163 1229 2257 1296 IX,
2286 1236 2544 1303 aupend.,
2575 1239 2666 1293 ubi
2694 1249 3022 1314 etsequens.

301 1325 445 1380 batis
470 1322 835 1378 Fiscamensis
861 1336 1046 1391 opere.
1929 1313 2018 1372 55.
2059 1318 2136 1373 De
2175 1322 2461 1380 Sobri'elate
2480 1335 2528 1381 et
2560 1329 2827 1388 Castitatc.
2851 1313 3048 1406 Ignoti
3097 1350 3372 1421 auctoris,
3422 1361 3518 1414 sed

228 1419 322 1474 41.
367 1417 446 1472 De
497 1416 819 1471 Contritione
873 1416 1048 1470 cordis
1102 1416 1264 1472 liber.
1317 1419 1520 1475 Auctor
1572 1435 1697 1476 smc.
1748 1439 1761 1476 1

1748 1439 1823 1479 χιι
1935 1503 1954 1504 η
1998 1413 2252 1483 antiquus
2275 1417 2414 1473 liber
2442 1429 2496 1475 et
2527 1422 2743 1493 elegans
2763 1469 2776 1493 ,
2798 1428 2985 1497 judice
3018 1433 3271 1504 Dupinio.

229 1542 236 1546 ν
304 1511 707 1567 consarcinavit
735 1525 802 1566 ex
831 1507 1062 1564 Anselmi
1091 1520 1144 1566 et
1169 1510 1409 1582 Hugonis
1431 1513 1494 1568 de
1518 1514 1578 1569 S.
1611 1513 1762 1568 Victo:

1978 1505 2014 1559 ι.
2049 1505 2125 1561 De
2150 1524 2268 1562 vera
2294 1528 2355 1564 ac
2381 1512 2515 1582 falsa
2555 1514 2864 1573 Paenitentia
2904 1524 2974 1577 ad
3025 1503 3217 1584 Christi
3262 1534 3511 1595 devotam.

303 1605 576 1675 operibus.
1992 1595 2161 1653 Totus
2187 1598 2301 1655 fere
2332 1602 2418 1658 hic
2445 1604 2582 1660 liber
2608 1623 2728 1662 cum
2758 1612 3035 1683 Augustini
3065 1623 3287 1679 nomine
3324 1627 3378 1682 in
3410 1631 3510 1687 De-

228 1696 325 1750 42.
372 1697 628 1750 Manuale.
660 1695 991 1765 Opusculum
1034 1710 1102 1751 ex
1141 1695 1304 1750 variis
1336 1699 1731 1769 antiquioribus
1761 1708 1814 1755 et
1991 1696 2137 1744 creta
2191 1691 2430 1748 Gratiani
2475 1706 2528 1751 et
2581 1700 2633 1752 in
2682 1700 2991 1762 Sententias
3038 1709 3187 1767 Petri
3234 1716 3512 1778 Lombardi

227 1818 233 1824 ι
309 1802 442 1841 saec.
466 1802 517 1841 xl
542 1787 756 1854 scriptis
782 1786 1069 1842 collectum
1107 1805 1118 1840 :
1148 1785 1478 1857 Augustino,
1514 1788 1760 1861 Cypriani

1987 1783 2278 1839 translatus
2323 1796 2425 1841 est.
2475 1787 2811 1848 Tribuerunt
2859 1809 3042 1866 postea
3089 1805 3266 1862 eidem
3323 1810 3508 1870 Petrus

302 1879 561 1948 Gregorio
588 1888 640 1932 ει
668 1877 898 1939 Isidoro,
926 1877 1182 1932 Anselmo
1204 1878 1497 1946 Bel-nardo,
1533 1891 1640 1968 εις,
1688 1949 1710 1971 ο
1985 1871 2260 1943 Blesensis,
2298 1878 2597 1937 Vincentius
2620 1884 3000 1946 Bellovacensis
3023 1905 3076 1949 et
3101 1897 3329 1955 Thomas
3358 1904 3509 1974 Aqui.

219 1970 318 2026 43.
365 1969 645 2041 Speculum
671 1971 788 2024 sive
816 1968 1062 2023 Manuale
1085 2010 1098 2033 ,
1132 1978 1187 2022 ut
1211 1969 1264 2024 in
1294 1971 1498 2041 aliquot
1527 1963 1808 2030 codicibus
1983 1982 2100 2022 nas.
2127 1969 2272 2025 Inter
2295 1977 2628 2031 recentiores
2654 1979 2721 2034 de
2751 1993 2974 2040 auctore
3005 2002 3034 2040 a
3066 1963 3506 2054 Tritliemioiude

292 2063 610 2118 inscribitur
639 2080 654 2116 ε
684 2072 737 2118 ει
766 2064 819 2117 in
845 2063 967 2117 cod,
1002 2062 1136 2118 Bibl,
1165 2063 1622 2120 Bernardinorum
1654 2065 1807 2122 Pari-
1893 2086 1900 2092 -
1929 2087 1931 2090 ‹
1982 2059 2335 2131 disceptatum
2359 2075 2460 2120 est.
2499 2067 2634 2122 Vicit
2659 2078 2834 2127 tamen
2863 2076 3499 2156 probabilionsententia,

297 2155 502 2210 siensis
547 2154 772 2209 habetur
811 2155 912 2209 sub
959 2154 1111 2209 titulo
1145 2172 1158 2208 :
1191 2154 1420 2210 Libellus
1451 2157 1715 2213 catholica’
1743 2160 1810 2230 β-
1981 2161 2257 2236 attetorem
2299 2171 2419 2213 esse
2461 2159 2529 2214 ab
2568 2162 2867 2232 Augusﬁno
2909 2169 3211 2229 diversum.
3260 2163 3415 2235 Εὶει,
3447 2154 3500 2239 ἰή

292 2249 380 2301 dei
403 2289 418 2314 ,
477 2249 820 2316 alterumque
878 2246 1193 2316 adjunctum
1249 2247 1410 2303 habet
1457 2251 1802 2318 opusculum.
1981 2247 2068 2301 ed.
2094 2247 2306 2303 Erasm.
2339 2260 2394 2306 et
2424 2251 2618 2307 Lovan.
2648 2266 2777 2310 tom.
2809 2257 2901 2330 IV,
2931 2247 3162 2323 append.

294 2342 423 2396 Haec
450 2350 628 2396 autem
659 2341 767 2395 duo
796 2341 1056 2409 opuscula
1105 2340 1278 2396 nihilo
1327 2342 1542 2396 diversa
1595 2355 1722 2400 sunt
1773 2361 1804 2401 a
1909 2336 1997 2393 55.
2029 2338 2106 2393 De
2127 2340 2462 2397 Antichristo.
2507 2344 2829 2416 Plerumque
2870 2332 3090 2408 Alauiuo
3137 2358 3296 2414 tribui
3339 2363 3497 2439 solet,

297 2444 432 2502 part.
459 2449 498 2499 ι,
529 2428 937 2500 1|Confessionis
960 2431 1136 2498 Fidei,
1160 2447 1280 2500 qua:
1305 2447 1432 2487 cura
1461 2434 1574 2488 Pet.
1606 2434 1800 2492 Franc.
1977 2430 2119 2487 inter
2147 2432 2300 2518 cuius
2331 2451 2497 2503 opera
2523 2438 2758 2510 integer,
2795 2442 2882 2498 hic
2907 2461 3035 2501 vero
3063 2459 3124 2503 et
3143 2453 3282 2517 apud
3323 2428 3499 2511 Ralm;

292 2522 685 2589 ChifﬂetiiJes.
721 2522 819 2576 sub
865 2522 1078 2575 Alcuini
1111 2523 1333 2578 nomine
1380 2526 1601 2594 prodiit.
1645 2526 1804 2585 Certe
1956 2528 2101 2581 ’num
2153 2525 2398 2585 Maurum
2448 2534 2795 2603 imperfectus
2844 2550 3043 2596 exstat.
3096 2545 3306 2602 Saiculo
3354 2566 3498 2609 nono

293 2626 479 2670 auctor
508 2628 634 2669 saec.
662 2629 734 2668 xu
767 2628 872 2667 non
900 2614 1195 2682 antiquior.
1975 2623 2297 2678 asserendus
2325 2625 2562 2683 videtur.
2591 2627 2744 2684 Exst.
2779 2631 2831 2686 in
2855 2634 2942 2690 ed.
2973 2633 3183 2692 Erasm.
3217 2650 3272 2696 et
3298 2641 3496 2700 Lovan.

215 2705 310 2761 44.
358 2706 635 2776 Speculum
657 2705 958 2776 peccatoris.
991 2704 1184 2762 Incerti
1209 2708 1448 2763 auctoris
1477 2717 1559 2765 est
1588 2719 1644 2765 et
1671 2726 1797 2768 saec.
1977 2720 2107 2766 tom.
2138 2714 2231 2782 IX,
2263 2718 2495 2784 append.

287 2813 366 2852 xu
405 2812 514 2850 nou
546 2795 781 2850 excedit.
1904 2798 1992 2856 56.
2028 2801 2367 2875 Psalterium,
2394 2805 2536 2898 quod
2564 2811 2722 2862 matri
2766 2825 2866 2866 suo
2911 2820 3284 2884 composuisse
3327 2822 3495 2881 fertur

214 2887 310 2944 45.
361 2886 442 2941 De
469 2886 660 2958 triplici
696 2885 981 2940 habitacula
1008 2885 1164 2942 liber.
1191 2887 1387 2945 Incerti
1414 2903 1515 2944 nec
1545 2890 1800 2947 ineruditi
1973 2892 2319 2965 Augusunus.
2345 2885 2451 2952 Sed
2479 2899 2530 2952 in
2561 2914 2667 2956 ms.
2697 2902 2818 2957 cod.
2850 2903 3022 2974 Regio
3057 2908 3199 2966 4575
3240 2911 3493 2972 inscribi-

291 2982 554 3037 θυρίσι-ῖς,
1975 2993 2098 3040 tur:
2131 2986 2192 3040 Β.
2224 2985 2442 3044 Joannis
2471 3007 2622 3063 papa:
2660 2994 2857 3064 factum
2896 3002 3041 3067 apud
3097 2999 3346 3062 Viennas.
3394 3007 3492 3064 Hic

217 3073 308 3130 46.
348 3073 508 3132 Scala
539 3072 806 3130 Paradisi.
839 3073 937 3130 Est
967 3073 1217 3146 Guigonis
1261 3089 1357 3130 seu
1381 3075 1636 3131 Guidonis
1667 3091 1794 3134 saec.
1833 3148 1871 3158 _
1974 3088 2152 3135 autem
2176 3080 2404 3138 Joannes
2430 3085 2668 3142 creditur
2696 3102 2817 3146 esse
2859 3091 3077 3149 nomine
3115 3094 3284 3153 XXII.
3338 3100 3490 3158 Exst.

211 3173 222 3180 .
291 3181 393 3221 ιη.
1823 3148 1872 3215 C
1974 3176 2027 3229 in
2056 3177 2144 3231 ed.
2173 3176 2380 3233 Erasm.
2412 3189 2467 3235 et
2491 3180 2686 3239 Lovan.
2732 3191 2866 3243 tom.
2896 3185 2994 3258 IX,
3024 3148 3284 3261 app—end;
3320 3148 3493 3268 usque

218 3258 308 3314 47.
349 3257 426 3312 De
446 3257 733 3330 cognitione
756 3275 887 3316 verte
925 3259 1077 3318 Vitta.
1111 3261 1338 3317 Honorii
1364 3262 1796 3334 Augustodunen-
1971 3268 2038 3322 ad
2073 3285 2125 3323 n.
2157 3269 2245 3325 61.

289 3352 362 3405 sis
387 3359 620 3420 putatur.
1171 3393 1173 3395 ι
1492 3446 1519 3448 _
1568 3446 1577 3448 Α
1721 3445 1731 3448 Α
1899 3357 1987 3416 57.
2021 3360 2217 3417 Cantici
2242 3362 2543 3435 Magnificat
2565 3367 2861 3441 Expositio.
2895 3372 2980 3428 Ex
3023 3373 3268 3448 Hugonis
3316 3379 3490 3437 Victo-

197 3442 307 3497 48.
348 3441 423 3497 De
455 3442 573 3496 Vita
594 3442 905 3501 Christiana.
934 3445 1096 3502 Liber
1122 3453 1204 3502 est
1230 3445 1461 3500 Fastidii
1491 3445 1755 3500 Britanni.
1967 3452 2072 3507 rini
2101 3462 2329 3510 tractatu
2362 3457 2414 3511 in
2444 3458 2585 3514 hunc
2609 3461 2865 3531 hymnum
2897 3441 3170 3537 decerpta.

197 3534 305 3591 49.
350 3534 498 3602 Liber
526 3538 932 3607 exhortatorias,
978 3540 1140 3610 vulgo
1163 3542 1246 3604 _de
1275 3539 1605 3595 Salutaribus
1635 3540 1796 3593 docu-
1897 3545 1986 3601 58.
2021 3546 2097 3599 De
2123 3547 2486 3618 Assumptione
2515 3551 2581 3606 B.
2614 3553 2802 3608 Maria:
2832 3534 3078 3627 Virginis:
3097 3561 3232 3616 liber
3262 3577 3356 3618 seu
3394 3579 3488 3633 po.

287 3629 470 3682 mentis
499 3629 567 3682 ad
595 3632 867 3697 quemdam
897 3631 1152 3686 comitem.
1193 3632 1418 3687 Paulino
1463 3631 1792 3702 Aquileiensi
1968 3638 2071 3693 tius
2094 3653 2293 3695 sermo.
2323 3641 2528 3696 Auctor
2553 3644 2794 3700 creditur
2821 3646 3101 3703 Fulbertus
3132 3629 3482 3725 Carnotensis,

283 3734 395 3801 seu
429 3721 786 3791 Foroiuliensi
827 3714 1187 3802 patriarchae,
1213 3725 1306 3795 qui
1333 3739 1458 3780 saec.
1490 3740 1586 3779 vm
1617 3724 1789 3792 vixit,
1965 3731 2056 3800 qui
2085 3731 2300 3786 ineunte
2331 3746 2462 3787 saec.
2493 3749 2548 3788 xI
2593 3735 2702 3790 vita
2749 3735 2966 3792 functus
3009 3749 3114 3796 est.
3166 3742 3272 3796 Alii
3321 3714 3479 3802 codd:

281 3795 428 3866 haud
458 3800 650 3880 injuria
680 3824 949 3868 asserunt.
982 3814 1134 3870 Ex5t.
1168 3801 1222 3871 in
1246 3817 1335 3872 ed.
1368 3815 1574 3871 Erasm.
1606 3824 1660 3871 et
1684 3816 1790 3870 ιο-
1963 3795 2217 3878 Ambrosii
2241 3825 2475 3895 Autperti
2504 3827 2652 3897 (szec.
2686 3829 2799 3901 VIII)
2829 3846 3026 3889 nomen
3058 3835 3370 3904 praferunt.

189 3941 194 3943 .
278 3918 404 3956 van.
435 3912 563 3956 tom.
591 3901 658 3957 IV
691 3903 744 3957 in
776 3904 1012 3974 append.
1892 3914 1981 3971 59.
2011 3916 2090 3971 De
2123 3917 2425 3974 Visitatione
2448 3921 2772 3988 inﬁrmorum
2803 3924 2928 3979 libri
2957 3901 3086 3982 duo.

191 3995 297 4051 50.
341 3994 419 4049 De
471 3996 739 4050 duodecim
794 3997 1111 4053 Abusionum
1177 4000 1443 4070 gradibus.
1520 4002 1790 4071 Cypriano
1892 4007 1981 4063 60.
2005 4008 2081 4062 De
2102 4008 2462 4065 Consolatione
2486 4022 2801 4068 mortuorum
2824 4016 2942 4071 libri
2966 4033 3013 4072 s.
3042 4034 3323 4079 sermones
3348 4023 3475 4092 duo,

278 4104 433 4158 aeque
462 4103 525 4144 ac
553 4089 862 4158 Augustino
915 4090 1051 4145 falso
1095 4090 1374 4144 tribuitur.
1407 4091 1609 4145 Auctor
1641 4093 1790 4162 igno—
1961 4115 2026 4155 ex
2056 4099 2262 4156 Joanne
2287 4100 2672 4172 Chrysostomo
2700 4106 2877 4162 forsan
2907 4109 3171 4182 decerpti.

276 4189 451 4234 ratur.
482 4181 630 4234 Exst.
659 4181 710 4234 in
739 4181 825 4236 ed.
875 4183 1079 4236 Erasm.
1105 4190 1159 4238 et
1182 4182 1378 4237 Lovan.
1408 4190 1538 4238 tom.
1569 4181 1664 4251 IX,
1694 4200 1788 4255 ap-
1890 4191 1978 4248 61.
2011 4191 2089 4247 De
2132 4192 2459 4249 Rectitudine
2505 4196 2775 4252 catholica:
2817 4204 3242 4260 conversationis.
3291 4206 3478 4265 Exstat

279 4272 454 4340 pem],
1701 4302 1708 4308 ο
1959 4281 2014 4335 in
2042 4281 2135 4337 lib.
2169 4283 2367 4338 ItVitaa
2407 4284 2468 4340 S.
2514 4284 2695 4357 Eligii,
2741 4287 3116 4347 Noviomensis
3165 4295 3331 4363 episc.
3383 4313 3477 4364 per

198 4362 297 4417 51.
342 4362 615 4420 Tractatus
652 4368 710 4420 de
732 4376 926 4437 septem
963 4367 1114 4422 Vitiis
1154 4377 1201 4421 et
1242 4376 1432 4438 septem
1459 4368 1624 4450 Donis
1652 4369 1784 4449 Spi-
1960 4370 2022 4426 S.
2048 4372 2348 4428 Audoenum
2380 4375 2700 4447 Rothomag.
2735 4378 3038 4450 descriptae.
3066 4382 3173 4438 Alii
3199 4362 3472 4442 tamenfex

273 4457 410 4508 ritus
430 4458 612 4512 sancti.
645 4458 882 4529 ilugonis
909 4459 1194 4514 Victorini.
1233 4459 1446 4513 Primus
1493 4449 1658 4516 edidit
1703 4466 1785 4517 in-
1816 4529 1861 4548 ἢ
1960 4461 2079 4530 ipso
2109 4464 2276 4533 Eligio
2304 4467 2456 4536 (saec.
2484 4469 2601 4540 VIII)
2630 4478 2684 4524 et
2709 4449 2931 4529 Ctesario
2973 4475 3279 4533 Arelatensi
3321 4479 3470 4548 (saec.

273 4555 354 4601 ter
394 4547 709 4604 Sanctorum
760 4550 982 4605 Patrum
1031 4550 1366 4608 Monumenta
1414 4556 1589 4612 Paris.
1645 4529 1864 4614 16541)
1960 4553 2037 4626 v1)
2069 4557 2351 4612 collectum
2378 4560 2585 4643 volunt.

198 4669 200 4672 -
275 4635 413 4693 Guil.
449 4638 777 4696 Camerarius
824 4642 1007 4698 Scotus
1050 4642 1319 4717 Congreg.
1366 4648 1601 4703 Oratorii
1634 4664 1783 4718 pres-
1887 4646 1974 4702 62.
2010 4648 2197 4703 Sermo
2225 4649 2285 4703 de
2317 4639 2579 4721 Symbolo.
2610 4653 2823 4725 Iutegre
2843 4658 3105 4714 collectus
3130 4673 3194 4711 ex
3216 4658 3471 4728 Symbolo

284 4728 460 4801 byter.
519 4732 712 4789 Theo].
756 4735 818 4789 D.
847 4736 1043 4802 Paris.,
1085 4752 1209 4793 eum
1259 4740 1547 4811 Augustino
1577 4758 1684 4797 non
1714 4744 1782 4801 ab
1957 4739 2134 4796 Ruﬁni
2169 4742 2400 4811 Aquilei.
2431 4746 2609 4813 presb.
2630 4762 2696 4800 ex
2721 4748 2964 4804 Homiliis
2992 4749 3053 4804 S.
3080 4748 3296 4804 Cwsarii
3321 4767 3471 4824 papae

278 4822 509 4893 antiquis
539 4839 675 4880 mss.
715 4826 1023 4895 codicibus,
1056 4830 1150 4884 sed
1190 4837 1394 4886 tantum
1424 4850 1455 4886 a
1500 4835 1677 4888 multis
1714 4836 1783 4888 υἱ.
1954 4843 2008 4888 et
2029 4834 2213 4888 Yvonis
2235 4834 2561 4893 Carnotensis
2585 4839 2735 4909 (sccc.
2760 4855 2816 4893 xi
2843 4847 2897 4894 et
2919 4840 3035 4911 xu).
3063 4841 3288 4913 Insuper
3306 4822 3467 4907 etiam

268 4912 336 4965 ris
384 4914 546 4970 doctis
601 4917 768 4973 tribui
824 4919 1033 4975 dicens.
1065 4921 1198 4978 Inde
1247 4926 1455 4994 recepit
1506 4926 1778 4998 Vignerius
1953 4927 2326 4996 complectitur
2357 4938 2522 4983 totum
2556 4929 2871 4983 Sermonem
2903 4928 3031 4998 242,
3071 4935 3162 5003 qui
3197 4912 3380 4993 exstat
3415 4941 3465 4996 in

269 5003 542 5077 Supplem.
585 5017 720 5064 tom.
754 5009 794 5065 I.
824 5009 931 5066 Sed
973 5013 1097 5082 quia
1138 5015 1280 5071 inter
1323 5030 1488 5086 opera
1537 5017 1776 5089 Hugonis
1955 5020 2177 5090 append.
2221 5028 2327 5075 tom
2357 5019 2400 5073 ν
2429 5019 2514 5075 ed.
2543 5019 2739 5072 Bened.
2773 5021 3110 5080 membratim
3151 5026 3463 5086 dissectum.

268 5097 424 5168 vulgo
453 5102 698 5156 occurrit
730 5102 1042 5175 ibidemque
1066 5106 1205 5162 alius
1229 5107 1406 5163 allinis
1434 5110 1513 5177 ei,
1552 5117 1605 5166 e‘t
1649 5126 1773 5180 pars
1883 5111 1970 5167 65.
2004 5104 2193 5166 Sermo
2222 5113 2275 5164 in
2304 5110 2566 5182 pervigilio
2598 5110 2819 5165 Pascha:
2845 5115 2908 5170 de
2937 5133 3024 5171 esu
3051 5135 3218 5190 agme.
3242 5120 3462 5190 Reperi-

266 5190 415 5256 quasi
443 5192 692 5261 quadam
739 5192 982 5262 ejusdem
1007 5237 1022 5262 ,
1069 5197 1358 5268 inscriptus
1405 5217 1418 5252 :
1466 5198 1546 5253 De
1581 5210 1772 5270 septem
1955 5212 2037 5257 tur
2063 5203 2222 5257 etiam
2255 5202 2392 5256 inter
2423 5202 2485 5258 S.
2516 5201 2826 5274 Hieronymi
2852 5211 3218 5279 supposititia.

268 5275 504 5336 Peractis
534 5283 843 5339 mortalibus
873 5301 891 5338 :
923 5295 1101 5341 contra
1129 5305 1242 5360 quin
1285 5292 1451 5346 valent
1511 5291 1771 5350 Orationis
1877 5295 1966 5352 64.
2001 5295 2190 5352 Sermo
2216 5295 2270 5348 in
2298 5295 2388 5351 Ps.
2422 5312 2532 5365 xu,
2562 5297 2630 5350 ad
2659 5275 2988 5372 Neopliytos,
3035 5305 3127 5375 qui
3175 5312 3230 5360 et
3268 5304 3442 5360 II-iero

263 5367 550 5428 Dominica:
577 5385 772 5446 septem
819 5378 1125 5448 petitiones,
1163 5383 1496 5455 reperiatur,
1538 5388 1768 5446 omisere
1889 5459 1891 5462 ι
1947 5404 2098 5459 nymo
2121 5387 2255 5442 falso
2281 5388 2549 5444 tribuitur.

188 5456 602 5558 -MBesiedictini.
1872 5459 1960 5540 65.
1984 5456 2282 5538 Sermones
2312 5492 2419 5539 tres
2441 5485 2504 5538 de
2527 5486 2727 5542 Ritibus
2752 5495 2798 5542 et
2826 5488 3073 5558 Mysterio
3095 5486 3456 5557 Baptismatis.

193 5539 278 5604 52.
315 5553 396 5606 De
453 5552 706 5626 Conﬂictu
756 5559 1011 5617 Vitiorum
1061 5573 1109 5619 et
1158 5566 1438 5625 Virtutum.
1495 5570 1767 5629 Ambrosii
1886 5539 1891 5540 γ
1943 5575 2055 5632 Hoc
2085 5576 2286 5646 primus
2310 5578 2575 5647 evulgavit
2615 5539 2924 5634 Sirmondus
2962 5579 3013 5631 in
3060 5581 3291 5649 appeud.
3336 5594 3470 5652 post

259 5645 497 5717 Διαιρετιὶ
527 5658 611 5703 est
648 5665 773 5707 saec.
806 5669 899 5709 VIII
939 5656 1244 5726 scriptoris.
1292 5661 1406 5718 Hoc
1450 5668 1762 5733 opusculum
1943 5645 2232 5724 Sermones
2262 5668 2371 5740 XL,
2417 5645 2510 5725 sed
2561 5670 2782 5728 minime
2826 5669 3102 5750 Augustini
3149 5686 3268 5729 esse
3312 5675 3451 5729 arbi-

262 5745 503 5816 gnatuor
529 5743 770 5824 antiquis
799 5744 1058 5832 Ecclesia:
1094 5749 1403 5832 doctoribus
1450 5756 1702 5832 tributum
1745 5779 1758 5831 ς
1940 5769 2132 5839 tratur.
