3882 6332
468 287 539 348 89
1327 282 1883 343 SUPPLEMENTUM
1922 284 2015 339 A-D
2053 282 2282 340 OPERA
2322 286 2380 342 S.
2422 284 2813 344 AUGUSTINI.
3647 291 3707 351 40

598 401 887 471 Sequentia
916 413 1085 469 usque
1113 397 1178 453 ad
1207 410 1295 451 an.
1322 396 1389 450 77
1413 396 1468 450 in
1496 395 1720 467 append.
1745 402 1877 450 tom.
1903 393 2037 461 VIII,
2069 396 2121 455 Α
2220 393 2393 449 Orosii
2421 397 2531 462 (qui
2563 406 2701 452 exst.
2731 398 2786 452 in
2818 399 3046 468 append.
3080 399 3143 456 T.
3187 400 3287 474 VI)
3334 400 3633 459 decurtatas
3667 415 3710 460 ct

530 495 617 549 ed.
643 493 836 546 Bened.
1694 546 1697 547 ν

459 592 545 649 66.
576 590 835 645 Adversus
861 591 1087 659 quinque
1115 587 1352 653 hereses,
1384 600 1480 640 seu
1503 593 1682 639 contra
1707 585 1929 653 quinque
1951 583 2039 635 Ito-

438 710 441 713 ν
527 683 681 735 stium
708 696 892 753 genera
920 687 1188 747 tractatus,
1235 678 1441 732 scilicet
1479 674 1739 730 adversus
1776 674 2037 743 Paganos,

526 774 759 837 Iudaeos,
785 769 1131 836 Manichaeos,
1155 767 1510 832 Sabellianos,
1538 773 1594 820 et
1613 764 1863 818 Arianos.
1888 762 2040 817 Hunc

530 867 784 921 Erasmus
809 864 1039 918 hominis
1069 862 1284 926 eruditi,
1335 859 1509 930 arguti
1556 866 1611 912 et
1660 855 1871 910 facundi
1919 869 2039 911 esse

524 966 829 1023 censuerat,
880 972 985 1011 non
1036 966 1213 1009 tamen
1262 951 1553 1023 Augustini,
1607 948 1709 1003 nisi
1750 947 1908 1013 forte,
1940 948 2037 1014 ait,

521 1053 733 1121 juvenis
761 1048 1052 1119 scripserit.
1091 1045 1377 1118 Augustino
1407 1043 1526 1096 sine
1568 1038 1912 1095 cunctatione
1946 1040 2041 1093 ab-

521 1142 1153 1217 judicautBellarminus,
1197 1136 1566 1197 Lovanienses,
1614 1134 1834 1200 aliique.
1881 1132 2039 1187 Bedes

524 1238 857 1291 auctoritate.
880 1235 1028 1287 Exst.
1054 1232 1106 1284 in
1135 1228 1221 1284 ed.
1252 1228 1458 1280 Erasm.
1486 1236 1539 1280 et
1565 1223 1759 1278 Lovan.
1784 1232 1915 1279 tom.
1945 1223 2033 1279 VI.

456 1332 541 1385 87.
576 1330 761 1383 Contra
788 1325 1017 1388 Iudaeos,
1054 1321 1294 1390 Paganos
1326 1328 1371 1373 et
1395 1319 1635 1373 Asianos.
1662 1318 1854 1373 Sermo
1878 1316 2034 1384 alius,

524 1429 579 1472 ut
608 1420 837 1482 videtur,
870 1415 937 1469 ab
963 1414 1077 1481 illo,
1109 1414 1199 1483 qui
1229 1414 1283 1467 in
1311 1411 1551 1466 lndiculo
1572 1398 1801 1464 Possidii
1821 1409 2035 1479 legitur,

521 1519 575 1564 et
602 1522 760 1578 quem
795 1506 917 1561 ideo
950 1520 1075 1560 vere
1104 1503 1382 1576 Augustini
1426 1516 1547 1556 esse
1583 1500 1787 1569 judicat
1830 1498 2035 1554 Bellar-

520 1601 729 1653 minus:
758 1612 881 1653 nam
910 1606 1099 1651 auctor
1129 1596 1285 1650 istius
1323 1592 1677 1661 exscripsisse
1715 1591 1929 1646 videtur
1969 1589 2030 1645 S.

2213 487 2530 557 depravatas
2559 490 2819 545 referunt.

2142 578 2229 633 75.
2258 575 2336 632 De
2358 577 2593 634 Essenn‘a
2622 580 2910 638 Divinitatis
2932 582 3068 638 liber
3096 599 3256 641 unus.
3286 584 3404 641 Non
3430 586 3709 656 Augustino

2213 680 2441 739 tantum,
2493 673 2587 728 sed
2636 674 2819 729 multis
2862 675 3003 743 aliis,
3037 677 3345 745 Ambrosio,
3377 678 3710 750 Hieronymo,

2216 763 2496 834 Anselmo,
2527 765 2921 822 Bonaventurte
2945 769 3198 824 tributus.
3225 769 3401 826 Prima
3422 779 3476 825 et
3500 772 3713 826 maxima

2216 870 2339 925 pars
2368 871 2438 912 ex
2468 858 2718 913 Eucherii
2751 859 2919 930 Lugd.
2950 875 3038 929 ep.
3072 876 3240 932 opere
3265 861 3328 916 de
3356 861 3590 931 formulis
3625 863 3712 935 spi-

2213 949 2415 1004 ritualis
2443 950 2794 1022 intelligentia:
2820 960 3058 1022 sumpta.

2142 1039 2230 1095 76.
2264 1041 2488 1098 Libellus
2514 1061 2603 1099 seu
2628 1046 2868 1117 dialogus
2895 1046 2958 1100 de
2990 1046 3037 1103 U
3042 1048 3198 1101 nitate
3226 1056 3416 1102 sancta
3436 1047 3713 1104 Trinitatis.

2138 1168 2147 1179 ρ
2213 1134 2405 1205 Ignoti,
2436 1135 2532 1191 sed
2562 1139 2920 1209 antiquissimi
2941 1141 3198 1195 auctoris.
3230 1141 3381 1195 Exst.
3414 1140 3467 1196 in
3494 1141 3713 1213 append.

2213 1224 2301 1279 ed.
2336 1225 2507 1282 Paris.
2538 1228 2709 1284 i586.

2140 1316 2231 1371 77.
2264 1317 2343 1372 De
2367 1316 2706 1390 Dogmatibus
2734 1320 3111 1378 Ecclesiasticis
3136 1322 3274 1379 liber
3297 1322 3556 1379 Genuadii
3586 1323 3721 1379 Mas-

2210 1411 2453 1479 siliensis,
2482 1413 2635 1483 cujus
2664 1415 2764 1469 sub
2812 1415 3031 1470 nomine
3078 1416 3308 1472 seorsim
3356 1415 3524 1472 etiam
3569 1415 3725 1472 edidit

2212 1504 2427 1559 Geverh.
2456 1505 2873 1563 Elmenhorstius
2912 1508 3107 1564 Bamb.
3161 1508 3321 1575 1614,
3372 1508 3534 1565 ιηοιο.
3580 1509 3721 1566 Exst.

2211 1597 2273 1651 Τ.
2306 1598 2375 1652 Ill
2402 1597 2489 1653 ed.
2524 1598 2734 1653 Erasm.
2768 1609 2822 1655 et
2845 1599 3043 1656 Lovan.
3079 1600 3131 1656 in
3161 1602 3394 1671 append.

520 1692 825 1760 Gregorium
861 1698 971 1744 tum
1007 1690 1060 1742 in
1099 1686 1341 1753 exordio,
1380 1694 1491 1740 tum
1517 1683 1765 1753 quaedam
1790 1682 2033 1751 ejusdem
2138 1688 2227 1744 78,
2259 1689 2451 1745 sermo
2473 1691 2535 1745 de
2560 1690 2865 1745 Rusticiana
2893 1692 3245 1749 subdiacono,

516 1786 619 1840 alia
650 1799 767 1852 cap.
805 1783 889 1837 17.
921 1782 1111 1836 Exstat
1137 1782 1190 1834 in
1220 1780 1307 1834 ed.
1331 1778 1541 1833 Erasm.
1562 1785 1614 1832 et
1636 1777 1913 1832 Lovan.T.
1941 1777 2027 1831 VI.
2062 1773 2111 1833 B
2136 1778 2225 1834 79.
2258 1780 2459 1834 Contra
2490 1779 2825 1853 Fulgentium
2865 1782 3219 1838 Donatistam.
3259 1781 3381 1839 Non
3426 1781 3725 1853 Augustini,

450 1879 537 1935 68.
568 1878 644 1932 De
671 1876 1016 1931 Altercatione
1058 1872 1306 1927 Ecclesia:
1344 1881 1392 1925 et
1438 1870 1733 1943 Synagoga:
1768 1869 2032 1939 dialogus.

516 1970 765 2028 Auctoris
812 1983 938 2022 saec.
972 1982 1064 2021 xm
1095 1964 1179 2019 vel
1220 1979 1324 2031 xw,
1357 1977 1482 2017 nam
1510 1961 1733 2017 Joannis
1761 1958 1910 2016 Scoti
1947 1972 2032 2014 co-

519 2069 783 2116 aetaneum
811 2074 870 2114 se
902 2058 1064 2113 fuisse
1094 2063 1341 2112 testatur.
1364 2053 1515 2109 Exst.
1546 2054 1598 2107 in
1625 2051 1713 2107 ed.
1747 2050 1953 2105 Erasm.
1982 2056 2038 2105 et

520 2153 716 2207 Lovan.
745 2160 874 2204 tom.
908 2148 975 2204 VI
1004 2149 1059 2202 in
1086 2146 1316 2217 append.

448 2246 539 2301 69.
572 2246 646 2299 De
672 2242 805 2298 Fide
826 2260 916 2297 seu
944 2244 1140 2296 unitate
1167 2238 1437 2294 Trinitatis
1460 2237 1701 2291 adversus
1724 2232 2037 2289 Manicluzos

518 2336 674 2391 liber.
724 2334 876 2388 Hunc
926 2348 996 2388 ex
1044 2330 1401 2386 vetustissimi
1446 2328 1652 2384 codicis
1697 2324 2039 2381 Corbeiensis

517 2416 834 2481 auctoritate
873 2423 1075 2478 Evodio
1121 2421 1386 2485 Uaatensi,
1434 2420 1486 2474 in
1532 2416 1716 2473 Africa
1758 2417 2035 2486 episcopo,

513 2520 744 2575 asseruit
764 2519 882 2573 Jac.
913 2517 1221 2574 Sirmondus
1246 2516 1383 2569 Hist.
1417 2512 1683 2569 Prasdest.
1706 2524 1759 2567 c.
1790 2512 1843 2567 1.
1877 2509 2033 2564 Exst.

514 2612 569 2666 in
598 2612 686 2667 ed.
718 2611 924 2667 Erasm.
959 2619 1015 2666 et
1044 2609 1237 2663 Lovan.
1270 2607 1336 2661 T.
1373 2606 1457 2661 VI.

442 2702 531 2761 70.
559 2704 1015 2759 Commonitorium
1042 2703 1229 2775 (vulgo
1262 2700 1321 2756 S.
1359 2699 1634 2771 Augustini
1660 2697 1829 2767 episc.
1858 2696 2038 2751 Eccle-

512 2798 603 2851 site
623 2796 912 2865 catholicas)
931 2794 1189 2865 quomodo
1209 2793 1275 2847 sit
1296 2792 1551 2864 agendum
1573 2807 1691 2844 cum
1708 2789 2033 2855 Manichwis,

511 2888 597 2957 qui
626 2897 1010 2940 convertuntur.
1039 2884 1149 2937 Sub
1192 2883 1464 2951 Augustini
1503 2881 1720 2933 nomine
1761 2880 2034 2943 vulgatum

512 2989 601 3034 est
644 2980 697 3032 in
728 2976 963 3046 append.
997 2974 1063 3027 ad
1107 2974 1171 3025 T.
1223 2970 1272 3023 Χ
1317 2971 1405 3023 ed.
1449 2968 1623 3022 Paris.
1673 2965 1833 3020 1586.
1882 2964 2031 3018 Scri-

512 3080 662 3142 ptum
707 3065 1142 3136 antiquissimum
1189 3068 1293 3127 est,
1331 3060 1474 3130 quod
1519 3056 1777 3129 Dupinius
1817 3053 2029 3111 concilii

511 3162 736 3229 alicujus
763 3160 957 3214 Africae
982 3155 1425 3211 constitutionem
1458 3161 1627 3223 putat.

442 3253 531 3310 71.
561 3253 751 3308 Contra
782 3250 1109 3305 Felicianum
1140 3248 1394 3302 Arianum
1425 3248 1488 3304 de
1520 3247 1725 3302 Unitate
1767 3243 2035 3299 Trinitatis

514 3345 649 3401 liber
676 3344 744 3397 ad
776 3343 1036 3415 Optatum.
1074 3340 1455 3395 Pronuntiavit
1482 3339 1609 3395 olim
1643 3337 1897 3393 Erasmus
1924 3351 2033 3392 non

511 3452 634 3495 esse
665 3436 961 3508 probabile,
995 3436 1137 3490 hunc
1163 3434 1358 3487 librum
1387 3448 1510 3489 esse
1540 3432 1811 3504 Augustini
1857 3431 2035 3501 (cujus

512 3535 566 3589 in
616 3530 1111 3588 Retractationibus
1161 3542 1269 3583 non
1322 3526 1623 3596 meminit).
1684 3525 2033 3580 Dissimulata

512 3644 638 3686 vero
684 3626 890 3682 Erasmi
933 3640 1162 3682 censura
1213 3623 1409 3678 librum
1465 3623 1624 3677 istum
1671 3620 2034 3675 Lovanienses

510 3722 651 3776 inter
674 3722 937 3791 genuinos
966 3718 1239 3789 Augustini
1271 3717 1410 3771 fetus
1452 3723 1829 3781 reposuerunt,
1854 3711 2033 3778 Bedte,

512 3812 821 3880 Lanfranci,
849 3810 1051 3863 Alcuini
1081 3818 1135 3863 et
1160 3807 1303 3861 Petri
1336 3806 1614 3860 Lombardi
1652 3804 1763 3859 fere
1801 3803 2037 3859 auctori-

515 3903 712 3957 tatibus
737 3901 904 3955 ducti.
938 3900 1189 3954 Fortasse
1222 3898 1405 3968 Vigilii
1433 3897 1705 3967 Tapsensis
1732 3906 1835 3952 est.
1878 3896 2031 3951 Exst.

511 3994 564 4049 in
596 3992 682 4048 ed.
720 3992 924 4046 Erasm.
954 4003 1009 4046 et
1036 3991 1230 4045 Lovan.
1265 3990 1331 4045 Τ.
1367 3990 1453 4044 VI.

441 4086 533 4143 72.
571 4085 968 4155 Quarstiunculte
995 4086 1059 4139 de
1082 4085 1336 4139 Trinitate
1377 4092 1423 4137 et
1465 4083 1529 4137 de
1574 4080 1779 4150 Genesi,
1815 4099 1932 4153 qua:
1968 4099 2034 4139 ex

516 4180 733 4235 Alcuino
779 4179 1066 4248 descripta:
1108 4186 1254 4232 sunt.
1310 4178 1461 4233 Exst.
1503 4177 1557 4232 in
1597 4176 1684 4231 ed.
1734 4175 1940 4230 Erasm.
1979 4184 2035 4231 et

512 4275 709 4330 Lovan.
741 4276 804 4331 Τ.
837 4275 925 4341 III,
953 4274 1187 4345 append.

441 4368 529 4424 75.
569 4366 643 4421 De
670 4366 869 4421 Deitate
905 4376 951 4421 et
996 4365 1355 4421 Incarnatione
1405 4366 1560 4422 Verbi
1604 4366 1668 4421 ad
1722 4366 2031 4423 Ianuarium

2060 3105 2109 3170 C

2207 1872 2302 1949 sed
2330 1874 2681 1930 vetustissimi
2715 1882 2897 1931 tamen
2924 1876 3184 1944 auctoris,
3218 1884 3409 1945 utpote
3432 1874 3522 1945 qui
3552 1873 3728 1930 conci-

2209 1965 2341 2020 lium
2373 1966 2503 2021 illud
2532 1967 2956 2038 Carthaginiense
2980 1977 3171 2025 contra
3201 1967 3549 2024 Caecilianum
3583 1964 3729 2020 vide-

2207 2057 2301 2111 rit.
2333 2057 2485 2112 Exst.
2518 2059 2568 2114 in
2601 2058 2688 2115 ed.
2718 2058 2929 2115 Erasm.
2960 2068 3016 2116 et
3048 2058 3245 2115 Loran.
3273 2057 3339 2113 Τ.
3384 2056 3499 2125 VII,
3541 2056 3598 2111 in
3640 2068 3731 2125 ap-

2210 2147 2372 2215 pend.
2404 2158 2548 2217 part.
2580 2165 2627 2215 t;
2660 2148 2856 2206 Beued.
2886 2150 2979 2221 IX,
3012 2149 3246 2221 append.

2138 2238 2228 2295 80.
2264 2240 2705 2310 Hypomnesticon
2744 2254 2921 2299 contra
2958 2240 3272 2314 Pelagianos
3314 2248 3364 2296 et
3404 2239 3735 2295 Caelestianos

2209 2331 2331 2386 libri
2358 2345 2455 2387 sex
2484 2332 2635 2388 Sixto
2672 2333 2739 2388 Ill
2788 2334 2848 2389 Ρ.
2894 2334 2960 2389 R.
2998 2335 3080 2406 (a.
3121 2332 3272 2403 452).
3324 2331 3604 2386 Garuerius
3644 2329 3739 2384 Je-

2208 2427 2349 2481 suita
2375 2442 2399 2493 ,‘
2441 2426 2531 2481 alii
2571 2441 2693 2483 cum
2740 2428 3024 2484 Sirmondo
3064 2425 3240 2480 Mario
3296 2423 3573 2478 Mercatori
3633 2421 3742 2477 tri-

2208 2518 2396 2574 buunt.
2431 2520 2579 2577 Exst.
2614 2520 2666 2575 in
2698 2520 2786 2575 ed.
2818 2518 3025 2573 Erasm.
3058 2527 3114 2573 et
3143 2517 3342 2570 Lovau.
3375 2515 3438 2569 Τ.
3486 2512 3597 2579 VII,
3638 2527 3745 2581 ap—
3844 2512 3845 2579 1

2210 2611 2371 2681 pend.
2404 2628 2458 2681 p.
2491 2628 2559 2679 tt;
2591 2611 2783 2667 Bened.
2821 2609 2890 2679 Χ,
2940 2610 3203 2682 append.,
3254 2608 3343 2665 ubi
3392 2614 3450 2663 et
3486 2605 3595 2661 duo
3646 2620 3738 2661 se-

2137 2711 2850 2850 SIlugztgi-wdestinatione
2893 2794 2939 2841 et
2981 2784 3364 2864 Gratiadiber,
3397 2799 3426 2837 a
3457 2783 3739 2839 nonnullis

2212 2882 2478 2949 Fulgentii
2510 2881 2789 2949 Ruspensis
2814 2893 2906 2946 ep.
2934 2877 3193 2941 creditus,
3231 2875 3299 2930 ab
3334 2873 3456 2929 aliis
3503 2881 3735 2945 utroque

2207 2979 2263 3024 et
2289 2970 2593 3037 Augustino
2623 2977 2678 3022 et
2702 2968 2985 3034 Fulgentio
3018 2965 3375 3034 abjudicatus.

2138 3057 2226 3114 83.
2261 3055 2338 3111 De
2368 3056 2826 3112 Pm’destinatione
2853 3054 2949 3110 Dei
2979 3055 3221 3122 libellus,
3257 3055 3427 3126 ignoti
3466 3054 3730 3129 auctoris.

2137 3152 2225 3207 85.
2261 3151 2538 3222 Hymnus:
2569 3149 2642 3204 Te
2669 3149 2839 3203 Deum
2863 3148 3157 3217 laudamus,
3191 3147 3482 3203 Ambrosio
3518 3157 3578 3219 et
3620 3148 3733 3203 Au-

2207 3246 2424 3318 gustino
2448 3244 2610 3300 simul
2639 3243 2801 3298 tribui
2831 3242 3047 3310 solitus,
3072 3242 3142 3301 de
3165 3242 3321 3311 cujus
3337 3248 3560 3297 auctore
3579 3251 3733 3315 certo

2209 3337 2344 3395 nihil
2373 3337 2539 3394 statui
2570 3343 2769 3407 potest.

2754 3465 2984 3525 CAPUT
3013 3463 3103 3520 III.

2383 3563 2551 3617 Varia:
2577 3561 2828 3617 editiones
2857 3573 3072 3628 operum
3103 3555 3166 3613 S.
3197 3556 3495 3627 Augustini.

2731 3694 3104 3742 PROOEMIUM
3112 3718 3127 3735 ο

2208 3826 2362 3884 Haud
2389 3840 2527 3896 opus
2558 3838 2681 3880 esse
2706 3830 2833 3893 puto
2869 3819 2949 3876 rei
2978 3816 3267 3874 litterariae
3296 3814 3729 3873 et-ecclesiasti-

2135 3934 2214 3976 cae
2240 3918 2485 3989 historias
2513 3914 2797 3980 studiosis,
2832 3920 2890 3967 ut
2918 3910 2990 3966 de
3032 3912 3267 3975 ratione,
3301 3923 3408 3980 qua
3441 3916 3731 3963 tottanta-

2135 4028 2276 4083 que,
2323 4010 2521 4082 quibus
2566 4005 2854 4077 Augustini
2900 4004 3099 4073 scripta
3154 4001 3727 4072 comprehenduntur,

2138 4104 2405 4160 volumina
2436 4102 2505 4156 ab
2537 4099 2706 4170 ipsius
2730 4098 2860 4154 inde
2889 4097 3133 4152 auctoris
3162 4110 3323 4150 manu
3352 4102 3649 4165 propagata
3674 4099 3730 4147 et

2136 4197 2203 4250 ad
2236 4192 2612 4266 typographim
2635 4191 2897 4247 salutaria
2941 4196 3187 4258 tempora
3232 4195 3454 4242 servata
3476 4186 3719 4250 fuerint,

2134 4284 2324 4343 sedulo
2351 4285 2657 4354 disquirant
2681 4299 2696 4337 :
2721 4280 2990 4353 siquidem
3009 4281 3117 4350 jam
3142 4294 3241 4335 sua
3265 4287 3425 4334 aetate
3441 4294 3564 4334 cum
3588 4281 3731 4333 fama

2135 4377 2252 4447 ejus
2278 4377 2607 4447 scriptorum
2637 4372 2973 4444 exemplaria
2995 4374 3210 4427 omnem
3233 4385 3368 4440 pene
3383 4370 3571 4424 orbem
3595 4385 3727 4438 per-

510 4460 633 4515 lihri
665 4460 792 4526 duo,
824 4459 1038 4514 collecti
1077 4474 1143 4514 ex
1186 4458 1431 4530 Origenis
1471 4474 1635 4529 opere
1672 4464 1792 4537 περὶ
1829 4459 2031 4537 ’Δρχῶν

2170 4480 2322 4543 agata
2352 4477 2553 4535 essent,
2588 4475 2643 4523 et
2680 4474 2801 4535 post
2834 4464 3039 4520 obitum
3071 4463 3189 4533 ejus
3222 4474 3555 4531 nequaquam
3587 4474 3720 4513 ces-

504 4559 660 4628 Ῐυιιδ
710 4557 1014 4612 “Numam
1068 4556 1247 4625 Πυβηί
1294 4554 1525 4623 Αίῖιιίλθίο
1573 4557 1759 4626 Ρτθεδο
1794 4555 1941 4609 Εκεῐο
1976 4555 2029 4609 in
2134 4574 2289 4620 sante
2314 4575 2505 4618 eorum
2533 4573 2631 4614 usu
2660 4572 2766 4613 non
2798 4556 3094 4622 defuerint,
3123 4557 3217 4625 qui
3250 4562 3306 4609 et
3330 4549 3731 4608 conservandis

510 4648 596 4704 ed.
630 4646 839 4703 Erasm.
874 4655 929 4702 et
954 4645 1150 4700 Lovan.
1198 4646 1273 4705 Τ.
1306 4645 1397 4714 IV,
1445 4647 1700 4717 append.,
1751 4661 1920 4715 usque
1963 4646 2029 4702 ad

512 4754 569 4793 n.
597 4741 687 4793 76.

440 4826 530 4881 74.
565 4826 642 4879 De
672 4828 923 4885 Trinitate
948 4837 995 4884 et
1025 4826 1232 4885 Unitate
1262 4827 1359 4882 Dei
1388 4827 1543 4883 liber.
1572 4828 1869 4883 Distiuctus
1904 4829 2031 4885 olim

513 4917 616 4973 luit
640 4916 694 4972 in
724 4921 901 4989 capita
936 4923 1021 4989 l5,
1056 4937 1283 4994 quorum
1308 4920 1341 4976 9
1373 4920 1669 4992 posteriora
1701 4930 1869 4977 totum
1895 4921 2028 4991 fere,

2139 4662 2194 4709 et
2235 4648 2665 4721 multiplicandis
2711 4647 2928 4703 assidue
2969 4647 3257 4704 studerent
3300 4642 3405 4715 (a).
3453 4640 3732 4698 Observat

2135 4743 2420 4800 Fabricius
2441 4740 2547 4813 (b),
2570 4740 2784 4796 saeculis
2806 4739 3014 4808 aliquot
3035 4737 3103 4792 ab
3119 4749 3347 4791 excessu
3364 4734 3481 4804 ejus
3501 4731 3724 4800 elapsis,

2137 4845 2286 4892 tanto
2335 4836 2390 4891 in
2439 4833 2614 4901 pretio
2663 4832 2833 4887 fuisse
2876 4831 2965 4886 illa
3010 4835 3384 4891 monumenta,
3432 4828 3493 4881 ut
3533 4839 3728 4881 eorum

2137 4942 2323 4992 causa,
2357 4941 2482 4983 cum
2526 4926 2581 4981 in
2608 4924 2887 4994 Hispania
2908 4920 3242 4990 exemplaria
3271 4920 3548 4983 deessent,
3582 4916 3727 4971 circa

511 5008 611 5066 sed
634 5020 970 5065 contractum
990 5021 1045 5067 et
1065 5012 1817 5087 interpolatum‘S.Augustini
1840 5015 2033 5071 librum
2140 5034 2193 5074 a.
2238 5018 2380 5087 650,
2424 5017 2560 5073 Taio
2604 5016 3117 5087 Caesaraugustanus
3162 5014 3451 5083 episcopus
3493 5009 3725 5066 Romam

513 5109 695 5156 contra
737 5101 1039 5158 Sermonem
1083 5104 1395 5159 Arianorum
1438 5106 1808 5163 continebant.
1847 5108 2036 5177 Capita
2139 5111 2464 5167 mitteretur.
2495 5108 2852 5177 Sequioribus
2884 5116 3066 5164 autem
3103 5105 3445 5177 temporibus
3465 5118 3589 5160 cum
3622 5102 3722 5157 bo-

512 5202 693 5251 autem
749 5195 933 5266 priora
986 5194 1314 5264 quaestiones
1367 5196 1574 5266 aliquot
1625 5198 1820 5269 dialogi
1876 5198 2033 5255 Pauli

2166 5220 2225 5261 ne
2257 5205 2454 5261 litterae
2479 5203 2668 5258 lumen
2700 5218 2857 5259 suum
2887 5203 3181 5273 benignum
3215 5200 3376 5272 plane
3402 5196 3722 5278 abscondis-

516 5402 589 5480 (a)_
610 5401 668 5457 In
685 5400 1020 5480 Hipponensi
1039 5401 1371 5480 Bibliotheca
1387 5418 1663 5480 magnam,
1678 5408 1855 5480 immo
1883 5424 2021 5480 pene

445 5475 685 5547 omnium
740 5475 1006 5547 librorum
1046 5475 1332 5547 Augustini
1357 5475 1777 5547 gsupellcetilem
1834 5475 2019 5547 fuisse,

441 5559 566 5617 qum
590 5542 835 5601 ﬂammas
853 5546 1015 5601 etiam
1034 5560 1097 5601 ac
1118 5542 1339 5615 rapinas
1357 5544 1741 5602 Wandalorum
1767 5542 2021 5617 evaserit,

448 5614 799 5681 inulta,.cum
838 5618 1146 5687 Augustini,
1178 5614 1291 5671 tum
1316 5617 1543 5671 aliorum
1577 5619 1695 5672 loca
1734 5614 2024 5688 testantur,

2130 5411 2409 5481 posuerit;
2440 5409 2507 5466 de
2538 5411 2734 5480 quibus
2761 5412 3013 5466 omnibus
3058 5410 3277 5476 adeant,
3323 5408 3417 5478 qui
3447 5406 3723 5481 tanti-pu-

2127 5472 2266 5548 tant,
2292 5472 2598 5552 Erigelberii
2628 5481 2880 5549 Klupfelii
2907 5482 3071 5551 disq.,
3090 5498 3155 5535 an
3176 5490 3227 5535 et
3251 5472 3506 5548 guomodo
3526 5472 3722 5552 Biblioe

2130 5544 2671 5622 theca‘SfAugustini
2715 5544 2986 5607 incolumis
3011 5544 3229 5607 seruata
3257 5544 3413 5622 fugit
3432 5552 3498 5603 in
3520 5544 3718 5622 excidit!

2134 5622 2298 5693 Hipp.
2321 5622 2448 5688 450,
2478 5612 2738 5679 insertam
2768 5623 2944 5692 ejusd.
2986 5622 3100 5679 νει.
3135 5612 3718 5693 Bibl'.__Ecclesiastictc,

449 5693 867 5766 PIAPQSIFBQIU_QI
896 5689 1133 5766 quidem,
1165 5690 1287 5755 hoc,
1311 5688 1455 5766 quod
1482 5689 1762 5766 Possidius
1789 5691 1855 5746 ad
1884 5691 2026 5747 illius
2129 5688 2442 5766 vol'._'l,_par_t
2475 5688 2988 5766 71(li'rriburgi'78risg.
3008 5690 3413 5766 780,in-8_‘),_p.
3449 5691 3575 5755 175,
3613 5698 3717 5766 541g

448 5750 707 5837 intuitum
731 5750 970 5812 indicem
990 5750 1309 5829 scriptorum
1329 5750 1850 5831 Augustiuiauorum
1881 5777 2027 5819 com-

2205 5756 2371 5839 (ιη’Ιή
2395 5756 2535 5822 Bibl:
2562 5765 2680 5821 Lat.
2714 5756 2777 5820 Τ.
2802 5765 2868 5834 Il,
2893 5756 3036 5835 lftv,
3061 5756 3192 5832 c.'3,
3217 5756 3306 5820 ed.
3338 5756 3504 5831 Ven.,
3528 5776 3589 5832 p.
3612 5756 3718 5816 553
