3882 6300
188 314 248 397 ti
1069 308 1345 392 Nort'm
1384 308 1799 390 LlTTERAltlA
1841 334 1907 390 lN
1946 335 2002 390 s.
2047 336 2509 395 AUGUSTINUM.
3351 349 3425 404 η

188 466 327 520 scut,
378 453 534 523 hujus
588 460 763 507 tamen
808 449 978 505 libros
1025 449 1129 503 non
1178 464 1241 503 ex
1292 448 1539 504 manibus
1578 462 1752 502 mona-
1783 450 2054 519 Agularis
2082 451 2360 505 vetustatis
2411 451 2603 505 indicia
2650 451 2826 507 habet.
2870 456 3069 510 Eodem
3114 473 3242 513 vero
3262 473 3424 526 anno,

189 549 406 604 'chorum
453 557 711 599 excussos
738 541 924 608 luisse,
954 555 1054 595 non
1094 540 1267 595 solum
1311 548 1389 595 tot
1436 556 1501 594 ex
1554 541 1750 594 smculo

191 652 360 704 nono,
392 635 603 689 decimo
633 640 686 686 et
712 630 1058 701 sequentibus
1093 630 1346 699 proximis
1379 630 1581 698 reliqua
1614 643 1747 685 mss.

189 725 500 795 exemplaria
523 724 834 793 loquuntur,
875 721 968 776 sed
988 720 1313 775 documento
1332 730 1461 775 sunt
1479 721 1638 773 etiam
1658 736 1751 773 va-

188 821 262 873 ria
303 818 389 871 illa
442 815 763 871 Collectanea
800 826 896 867 seu
932 810 1221 882 Florilegia
1269 811 1649 866 Sententiarum
1696 818 1750 865 et

195 908 427 962 locorum
456 905 823 976 insigniorum,
868 917 989 971 quas
1019 901 1216 972 pusillo
1244 902 1426 956 studio
1472 916 1537 957 ex
1572 900 1750 970 operi-

195 1000 294 1053 bus
318 1000 429 1067 ejus
457 997 698 1065 decerpta
743 1003 797 1049 et
822 987 1104 1063 eompacta
1141 1001 1287 1059 sunt,
1320 1008 1568 1062 quorum,
1607 990 1748 1062 quod

196 1090 332 1144 felici
369 1088 538 1143 omine
570 1086 815 1156 contigit,
860 1085 1181 1155 paucissima
1214 1093 1396 1140 tamen
1439 1088 1581 1157 typis
1624 1095 1751 1139 sunt

193 1178 462 1247 impressa,
493 1178 587 1232 sed
620 1177 819 1246 passim
858 1175 915 1229 in
947 1162 1293 1231 bibliothecis
1329 1176 1487 1245 justis
1514 1176 1751 1231 tenebris

192 1279 488 1340 premuntur
533 1270 633 1339 (a).
677 1269 753 1323 De
780 1267 975 1323 Carolo
1007 1268 1203 1337 Magno
1252 1269 1621 1338 pervulgatum
1668 1277 1751 1323 est

192 1360 465 1429 Eginhardi
504 1359 835 1426 testimonio,
882 1359 1069 1428 quanti
1102 1359 1271 1414 libros
1304 1361 1367 1413 de
1406 1358 1619 1414 Civitate
1656 1359 1752 1414 Dei

193 1451 383 1505 fecerit.
419 1451 526 1507 Sed
577 1451 722 1521 quod
763 1451 949 1520 paucis
986 1458 1169 1505 notum
1206 1451 1385 1519 fuerit,
1419 1451 1642 1505 Carolus
1681 1451 1745 1519 V,

194 1558 284 1598 rex
328 1542 528 1608 Gallia,
576 1543 749 1595 virum
801 1542 946 1596 inter
979 1542 1172 1596 doctos
1220 1557 1331 1596 sua:
1375 1545 1547 1599 aetatis
1593 1542 1749 1612 longe

194 1632 659 1687 eminentissimum
700 1624 1039 1701 Radolpltum
1072 1632 1141 1686 de
1184 1631 1424 1686 Preulles
1464 1632 1751 1702 stipendiis

198 1739 317 1795 rege
338 1724 500 1793 dignis
526 1724 728 1795 adegit,
756 1732 814 1778 ut
840 1724 982 1779 idem
1008 1737 1142 1792 opus
1172 1725 1224 1777 in
1254 1720 1518 1779 Gallicum
1545 1737 1748 1779 sermo-

1855 554 2012 607 quem
2050 540 2464 594 Mediolaucusis
2499 543 2725 610 profert,
2766 546 2913 612 prelo
2950 546 3099 601 dedit
3130 547 3219 601 Jo.
3250 550 3430 604 Amer-

1854 629 1981 679 baclt
2017 629 2315 696 iterumque
2364 629 2519 692 1490,
2563 645 2683 699 qua:
2711 644 3020 701 sequentem
3072 636 3263 692 habuit
3308 638 3429 693 Fri-

1852 715 2170 785 burgensem
2199 718 2432 782 $1194,
2473 719 2814 776 Bastleeusem
2852 723 3225 797 Langendorﬁi
3266 728 3428 795 1515,

1850 816 1906 862 et
1936 806 2327 877 Lugdunensem
2359 810 2517 865 1520.
2564 812 2645 867 Ad
2677 813 2791 868 hac
2815 815 2986 882 prima
3024 818 3169 872 circa
3217 820 3430 888 Augus-

1853 898 1951 953 tini
1991 900 2157 954 libros
2186 901 2363 955 studia
2399 904 2632 969 pertinet
2672 920 2835 975 porro
2863 908 2915 961 in
2948 908 3236 963 Germania
3265 912 3431 965 editio

1848 988 1973 1043 libri
2003 990 2065 1042 de
2091 989 2352 1044 Consensu
2374 991 2403 1043 1
2421 992 2457 1044 γ
2492 994 2960 1067 Evangelistarum,
2988 997 3230 1070 Lavingte
3272 1000 3429 1056 1475.

1849 1080 1981 1135 Item
2012 1081 2136 1136 libri
2167 1085 2230 1137 de
2260 1083 2391 1137 Fide
2417 1094 2463 1137 et
2494 1085 2764 1156 Operibus,
2795 1088 3026 1145 Colonia:
3057 1094 3237 1146 eodem
3264 1110 3429 1159 anno;

1850 1172 2108 1241 variaque
2140 1173 2336 1226 ibidem
2371 1174 2565 1229 minori
2594 1177 2765 1231 forma
2787 1194 2986 1233 excusa
3005 1182 3283 1249 opuscula,
3314 1199 3431 1252 qua:

1848 1262 2030 1315 omnia
2058 1263 2124 1315 ad
2154 1263 2403 1317 eumdem
2442 1278 2641 1318 annum
2675 1267 2855 1322 redire
2898 1269 3172 1324 videntur.
3217 1273 3431 1342 Suppar

1852 1350 2042 1406 iisdem
2065 1351 2325 1419 ,fnrtasse,
2371 1355 2530 1407 modo
2558 1355 2883 1411 Germanica
2913 1359 3004 1425 sit,
3039 1360 3429 1429 Confessiounm

1848 1443 2017 1499 editio
2045 1446 2143 1498 loci
2170 1455 2215 1498 et
2241 1447 2366 1499 anni
2395 1446 2597 1500 indicio
2622 1448 2908 1517 destituta,
2948 1466 3177 1520 quarum
3222 1462 3430 1508 vetusta

1850 1533 2137 1589 admodum
2188 1538 2488 1605 descriptio
2533 1537 2824 1593 Mediolani
2874 1540 3010 1595 iacta
3051 1550 3136 1597 est
3177 1542 3334 1607 1475.
3377 1555 3432 1601 et

1851 1640 1975 1678 mox
1998 1641 2042 1677 ε.
2068 1627 2105 1678 l.
2142 1626 2297 1680 1482.
2344 1626 2619 1682 Sermones
2643 1630 2804 1683 etiam
2847 1631 3162 1701 frequenter
3195 1648 3291 1703 per
3330 1636 3431 1690 hoc

1852 1723 2063 1783 tempus
2095 1717 2238 1784 prela
2276 1726 2659 1785 exercuerunt,
2691 1735 2756 1774 ex
2795 1721 2990 1790 quibus
3034 1724 3431 1792 antiquissimae

200 1829 313 1869 nem
341 1813 733 1869 transfunderet
756 1824 810 1869 et
837 1814 1240 1869 commentariis
1266 1805 1490 1868 eruditis
1518 1813 1742 1868 illustra-

1852 1803 2099 1859 Homiliaz
2128 1805 2195 1860 L.
2233 1807 2479 1879 August
2508 1824 2603 1878 per
2629 1811 2788 1867 Anth.
2820 1812 2975 1882 Sorg.
3021 1813 3159 1868 1475
3185 1830 3422 1882 excusre,

193 1913 267 1958 ret
286 1902 374 1976 (lt).
408 1904 482 1958 Ex
511 1918 621 1974 quo
647 1918 778 1959 vero
802 1903 1005 1958 saeculo
1028 1903 1238 1959 decimo
1274 1904 1463 1974 quinto
1495 1905 1633 1959 mira
1656 1904 1749 1959 illa

189 1994 343 2048 libros
373 1993 767 2064 multiplicandi
798 2006 887 2049 ars
914 1994 1169 2063 occepit,
1219 1995 1361 2048 inter
1390 1994 1597 2063 primos
1638 2002 1748 2048 sta-

186 2082 296 2149 tim,
342 2084 427 2153 qui
459 2092 709 2155 typorum
739 2084 999 2139 formulas
1029 2084 1355 2155 ﬂagitarent,
1416 2085 1749 2152 Augustinus

185 2172 298 2238 fuit,
348 2188 446 2230 nec
492 2175 633 2229 ullus
664 2174 974 2229 Latinorum
1023 2175 1351 2245 scriptorum
1395 2175 1640 2231 crebrius
1683 2189 1750 2230 eo

186 2262 322 2333 prelo
343 2264 599 2336 deinceps
633 2265 920 2320 mandatus
946 2273 1048 2321 est.
1102 2265 1340 2321 Primum
1373 2275 1577 2335 autem,
1605 2266 1746 2335 quod

188 2358 407 2412 stanneis
431 2358 838 2413 characterihus
854 2357 1183 2427 exscriptum
1201 2367 1285 2413 est
1314 2373 1470 2428 opus,
1494 2357 1595 2412 fuit
1612 2358 1749 2415 liber

190 2446 290 2515 ejus
309 2448 370 2501 de
390 2451 513 2504 Arte
537 2450 858 2520 prwdicandi
879 2464 974 2504 seu
1006 2448 1224 2504 ultimus
1249 2465 1315 2503 ex
1345 2459 1576 2520 quatuor
1594 2450 1748 2507 libris

185 2540 242 2590 de
257 2537 496 2593 Doctrina
520 2539 845 2606 Christiana;
860 2540 999 2595 circa
1019 2555 1218 2595 annum
1246 2540 1402 2607 1165,
1421 2542 1748 2611 Argentorati

184 2630 323 2697 apud
339 2630 598 2685 Joannem
628 2631 987 2700 Mentelinum,
1018 2646 1179 2703 quem
1230 2634 1422 2689 eodem
1453 2636 1535 2689 vel
1564 2635 1745 2704 proxi-

182 2733 265 2773 mo
292 2723 469 2775 statim
493 2736 640 2778 anno
666 2724 883 2790 repetiit
897 2722 1126 2778 Joannes
1143 2722 1278 2778 Fust
1303 2725 1606 2795 Moguttliw.
1630 2725 1747 2779 Jam

182 2826 306 2869 vero
351 2829 383 2867 a
418 2814 557 2869 1167
591 2829 654 2870 ex
703 2814 898 2871 celebri
930 2817 1022 2871 illo
1079 2812 1387 2872 Sublacensi
1440 2817 1749 2870 monasterio

178 2904 376 2972 prodiit
402 2904 716 2973 primarium
746 2906 862 2975 ejus
890 2921 1026 2976 opus
1056 2910 1119 2961 de
1164 2907 1379 2962 Civitate
1429 2907 1544 2971 Dei,
1585 2915 1640 2962 et
1664 2920 1749 2962 se-

176 2997 352 3065 quenti
373 2996 553 3050 statim
587 2998 937 3068 proximoque
964 3014 1106 3053 anno
1128 2998 1311 3053 Roma:
1340 2998 1406 3053 ab
1447 2999 1634 3053 iisdem
1668 3007 1749 3068 ty-

180 3088 454 3158 pograpltis
487 3087 801 3158 repetitum,
834 3089 945 3143 cito
991 3104 1179 3144 omnes
1212 3104 1345 3158 pene
1380 3089 1543 3143 Italiae
1569 3089 1742 3142 ofﬁci-

1850 1904 1986 1965 q'uas
2010 1907 2343 1965 exceperunt
2374 1899 2651 1955 Sermones
2672 1902 2741 1954 ad
2771 1901 3027 1956 Eremitas
3060 1905 3267 1972 fratres,
3307 1904 3432 1959 Hu-

1852 1989 1975 2042 tinte
2002 2004 2051 2042 a.
2089 1991 2246 2052 1177;
2280 1991 2567 2045 Mediolani
2597 1992 2752 2057 1484;
2786 1994 2981 2048 Brixia:
3013 1994 3167 2061 1186;
3208 1995 3432 2051 Venetiia

1850 2091 1949 2147 per
1984 2078 2185 2150 Pagan.
2230 2081 2295 2134 de
2324 2080 2609 2153 Pagnninis
2644 2083 2800 2148 1487;
2823 2084 3014 2138 ibidem
3047 2101 3141 2154 per
3187 2085 3331 2139 Viue.
3369 2087 3431 2142 de

1850 2167 2081 2224 Benaliia
2111 2170 2269 2236 1492;
2296 2172 2515 2227 tandem
2547 2174 2957 2229 Anterbacltiana
2993 2176 3259 2243 Collectio,
3292 2178 3431 2255 inter

1849 2275 1987 2330 quos
2016 2276 2208 2317 recens
2238 2262 2453 2333 farrago
2486 2264 2810 2319 Sermonum
2838 2269 2900 2320 de
2928 2267 3181 2338 Tempore
3212 2269 3350 2324 1191
3379 2280 3430 2325 et

1852 2351 2007 2418 1495,
2037 2353 2263 2420 repetita
2290 2354 2377 2406 illa
2403 2352 2625 2409 Parisiis
2644 2356 2783 2427 apud
2807 2354 2993 2413 Jodoc.
3019 2358 3238 2413 Badium
3270 2361 3428 2429 1516,

1847 2450 1902 2497 et
1930 2443 2198 2516 Hageuow
2230 2444 2385 2500 1521.
2424 2444 2785 2515 Epistolarum
2834 2463 2998 2518 porro
3040 2453 3429 2519 impressiones

1848 2545 2048 2604 prteter
2086 2538 2351 2605 antiquam
2386 2538 2499 2592 loco
2525 2548 2573 2593 et
2619 2556 2756 2594 anno
2792 2557 2893 2594 non
2932 2542 3234 2612 insignitam
3277 2544 3430 2599 facta:

1850 2637 1974 2681 sunt
1995 2626 2064 2680 ab
2094 2628 2308 2694 eodem,
2340 2629 2430 2697 qui
2460 2630 2622 2684 toties
2650 2631 2806 2686 nobis
2843 2633 3296 2698 laudandus-est,
3341 2633 3427 2687 lo.

1852 2716 2186 2769 Amerbachio
2218 2732 2273 2769 a.
2319 2716 2457 2770 1495
2485 2727 2541 2771 et
2580 2720 2737 2785 1194,
2786 2721 3027 2790 itemque
3067 2723 3429 2776 Enarratioues

1851 2806 1905 2860 in
1934 2805 2174 2861 Psalmos
2205 2807 2450 2876 repetitis
2477 2808 2691 2863 vicibus
2713 2824 2762 2863 a.
2789 2810 2948 2875 1189,
2976 2811 3114 2866 1195
3131 2813 3315 2883 (cujus
3340 2829 3430 2868 an-

1853 2897 1904 2950 ni
1932 2896 2140 2952 Veneta
2165 2898 2330 2953 etiam
2375 2897 2544 2953 editio
2584 2899 2793 2955 laudari
2817 2901 3001 2971 solet),
3052 2903 3214 2972 1491,
3262 2906 3429 2973 1197,

1851 3002 1918 3042 ex
1944 3003 2041 3043 sua
2089 2989 2304 3045 olﬁcina
2357 2991 2511 3047 exire
2552 3006 2745 3060 passus
2789 3003 2895 3060 est,
2942 3010 3174 3067 eumque
3213 3009 3429 3054 secutus

1852 3078 2211 3149 Lugdunensis
2241 3083 2435 3137 artifex
2477 3097 2527 3139 a.
2567 3084 2723 3139 1519.
2776 3086 2873 3142 llis
2913 3088 3136 3157 insuper
3166 3090 3304 3145 adde
3347 3094 3429 3147 in~

181 3191 265 3231 nas
313 3179 680 3247 pervolitavit.
732 3179 899 3249 lgitur
942 3194 1199 3234 excusum
1245 3189 1327 3235 Cat
1372 3180 1561 3235 eodem
1616 3194 1757 3232 anno
1785 3164 1831 3226 C
1862 3183 2076 3241 gentem
2109 3188 2394 3228 numerum
2421 3189 2609 3229 eorum
2642 3177 2929 3242 librorum,
2961 3180 3053 3249 qui
3097 3191 3321 3250 propter
3355 3184 3427 3238 in~

182 3267 302 3322 1170
338 3268 586 3336 Venetiis,
617 3269 923 3339 ibidemque
950 3269 1033 3325 bis
1062 3270 1198 3325 1475
1223 3270 1363 3341 apud
1395 3270 1517 3325 Nic.
1548 3271 1747 3324 Jeuson

178 3369 224 3413 et
249 3358 401 3415 Gabr.
447 3361 603 3416 Petr.
638 3363 701 3416 de
740 3361 998 3423 Tarvisio;
1036 3362 1214 3416 Roma
1257 3362 1414 3427 1474,
1459 3362 1598 3430 apud
1637 3361 1748 3416 Ud-

178 3459 263 3507 alr.
285 3454 522 3521 Gallum;
555 3455 776 3523 Neapoli
801 3455 957 3521 1477;
993 3455 1217 3510 Venetiis
1243 3454 1403 3523 M86,
1430 3455 1587 3520 1:189;
1609 3454 1747 3509 Tho-

178 3541 287 3598 losre
325 3545 485 3601 H88.
524 3545 633 3600 Nec
662 3546 841 3601 minus
871 3547 923 3601 in
953 3545 1240 3601 Germania
1270 3547 1413 3602 circa
1440 3545 1579 3601 idem
1610 3560 1745 3615 opus

177 3635 225 3687 in
259 3638 392 3704 prela
430 3638 828 3703 incubuerunt,
867 3651 1192 3707 quamquam
1224 3636 1399 3691 serius
1430 3636 1739 3706 aliquando,

180 3740 287 3780 cum
306 3729 406 3794 jam
438 3729 734 3784 remissior
772 3728 944 3783 factus
967 3737 1111 3784 esset
1148 3730 1201 3783 in
1234 3729 1380 3783 Italia
1411 3728 1613 3798 primus
1650 3728 1743 3783 ille

176 3817 415 3875 librorum
467 3820 912 3876 excudendorum
938 3822 1117 3876 ardor.
1156 3819 1329 3877 Unum
1377 3824 1550 3877 solum
1592 3821 1745 3876 novi-

176 3919 283 3961 mus
309 3911 585 3982 antiquius
618 3912 895 3980 exemplar
919 3926 1177 3967 excusum
1205 3926 1233 3965 a
1263 3912 1422 3967 1475.
1458 3911 1742 3983 Moguntiaz

173 3998 301 4065 apud
344 3998 496 4054 Petr.
542 4000 834 4070 Scitoiffer;
875 3991 1484 4055 deinde'Basileensibus
1526 4002 1738 4069 signum

176 4092 354 4146 extulit
386 4091 559 4146 Hieh.
600 4086 864 4147 Wenssler
894 4106 945 4145 a.
981 4090 1142 4158 1479,
1169 4104 1331 4159 quem
1359 4091 1544 4145 decem
1567 4106 1740 4145 annos

176 4190 291 4249 post
312 4192 512 4238 secuta:
548 4190 671 4237 sunt
708 4181 1129 4237 Amerbachiana:
1166 4180 1575 4250 impressiones,
1609 4179 1736 4233 Fri-

172 4273 434 4341 burgensis
480 4273 634 4340 1499,
678 4273 1045 4345 Langendorﬁi
1086 4274 1247 4341 1515,
1288 4272 1535 4344 Lugdun.
1575 4272 1736 4327 1520.

1848 3263 2118 3320 diciorum
2147 3277 2200 3321 et
2225 3276 2475 3322 notarum
2504 3268 2773 3324 defeetum
2802 3284 2957 3325 certe
2997 3287 3139 3328 anno
3167 3275 3311 3344 afﬁgi
3342 3292 3429 3332 ne-

1851 3367 2076 3427 queunt,
2118 3358 2425 3429 cuiusmodi
2467 3374 2575 3413 non
2619 3375 2722 3414 una
2753 3370 2933 3416 exstat
2969 3363 3137 3418 editio
3171 3365 3428 3423 librorum

1848 3448 1914 3500 de
1945 3448 2189 3502 Doctrina
2218 3449 2534 3515 Christiana,
2558 3450 2632 3502 de
2661 3450 2966 3515 Quantitate
2986 3456 3193 3519 animm,
3228 3457 3426 3512 Solito-

1845 3542 2109 3609 quiorum,
2160 3540 2493 3604 Semnonum,
2542 3540 2625 3593 de,
2657 3541 2944 3608 Trinitate,
3006 3545 3425 3616 Confessiouurn,

1849 3632 2223 3701 Epistolarum,
2258 3632 2322 3684 de
2352 3630 2610 3685 Consensu
2629 3640 2847 3699 quatuor
2872 3633 3345 3704 Evangelialarum,
3369 3643 3426 3693 de

1848 3723 2048 3794 Spiritu
2076 3731 2125 3777 et
2152 3722 2372 3787 Littera,
2397 3723 2461 3775 de
2490 3721 2703 3778 Civitate
2734 3722 2859 3788 Dei;
2883 3726 2938 3777 in
2980 3722 3319 3795 Evangelium
3340 3728 3427 3780 le.

1843 3817 2017 3880 annis,
2053 3815 2341 3869 Enchiridii
2366 3817 2432 3867 ad
2462 3813 2823 3877 Laurentium,
2857 3825 3001 3881 ctc.;
3047 3831 3184 3885 quos
3234 3833 3426 3874 omnes

1843 3921 1942 3962 suo
2002 3905 2120 3961 loco
2161 3906 2447 3976 diligenter
2494 3911 2798 3960 notavimus
2842 3917 2893 3961 et
2938 3922 3043 3976 pro
3079 3907 3286 3963 viribus
3329 3911 3424 3965 de-

1842 3997 2075 4068 scriptus
2096 3998 2369 4054 dedimus.

1914 4088 2123 4145 Interea
2153 4089 2382 4160 plurima
2409 4090 2575 4145 etiam
2599 4091 2717 4160 ejus
2756 4092 3021 4161 opuscula
3054 4092 3237 4162 colligi
3268 4103 3326 4150 et
3373 4096 3425 4150 in

1844 4194 2009 4233 unum
2037 4194 2234 4247 corpus
2272 4180 2431 4235 condi
2462 4190 2640 4249 coepta
2681 4188 2828 4246 sunt,
2876 4182 3004 4237 licet
3034 4183 3087 4237 in
3129 4185 3424 4255 allegendis

1840 4270 2068 4337 singulis
2093 4285 2200 4324 non
2222 4283 2439 4337 semper
2457 4270 2595 4324 ratio
2620 4270 2864 4339 qumdam
2893 4282 2944 4326 et
2963 4273 3248 4327 consilium
3270 4290 3422 4343 spec-

171 4359 351 4416 Exstat
395 4378 606 4435 quoque
648 4364 977 4419 Louaniensis
1016 4363 1176 4424 1188.
1220 4362 1558 4417 Germanicis
1604 4378 1737 4418 vero
1844 4368 2013 4413 latum
2043 4360 2161 4425 luit,
2195 4360 2291 4416 sed
2315 4361 2466 4416 casui
2492 4362 2683 4441 magis,
2708 4360 2798 4430 qui
2834 4362 2983 4416 varia
3016 4364 3245 4419 invicem
3275 4364 3422 4421 illius

170 4453 476 4526 plerumque
535 4456 767 4526 adiuncti
822 4454 1063 4523 conspici
1122 4453 1298 4508 solent
1355 4453 1735 4509 commentarii
1840 4453 2040 4520 scripta
2062 4451 2347 4516 sociasset,
2375 4460 2661 4507 curatores
2693 4452 2933 4506 obsecuti
2980 4468 3103 4509 esse
3144 4456 3420 4510 videntur.

173 4541 367 4601 Thamar
404 4546 586 4599 Valois
616 4556 670 4602 et
712 4546 920 4601 Νίσοιαὶ
945 4545 1174 4610 Triueth,
1210 4544 1405 4614 quibus
1441 4544 1731 4600 admodum
1767 4549 1810 4607 D
1841 4543 2077 4596 Primum
2127 4541 2181 4595 in
2228 4540 2309 4595 his
2354 4542 2532 4597 locum
2577 4542 2678 4597 sibi
2727 4542 3005 4597 vindicant
3050 4544 3325 4599 Tractatus
3366 4562 3419 4601 a.

169 4640 272 4689 tum
297 4635 593 4692 delectatos
621 4636 786 4692 fuisse
805 4636 1051 4692 videntur
1066 4636 1394 4691 obscurioris
1422 4637 1583 4708 hujus
1605 4638 1734 4693 doc-

1840 4634 1978 4691 1484
2023 4633 2245 4689 Venetiia
2276 4650 2366 4703 per
2386 4632 2647 4686 Andream
2673 4633 2737 4687 de
2758 4632 2969 4688 Bouetis
2999 4636 3060 4688 de
3083 4634 3255 4699 Papia
3281 4638 3422 4690 in-4'

170 4726 313 4781 trinae
354 4738 647 4795 amatores,
691 4729 863 4784 donec
900 4726 997 4799 per
1034 4728 1353 4783 Ludovicum
1396 4730 1574 4784 Vivent
1609 4740 1734 4786 sunt
1831 4726 2058 4797 junctim
2091 4727 2243 4789 editi,
2275 4727 2378 4781 nisi
2408 4724 2568 4781 iidem
2601 4725 2741 4780 forte
2761 4725 2873 4793 jam
2915 4740 2979 4778 ex
3015 4726 3181 4794 priori
3222 4728 3423 4785 Veneta

164 4821 367 4888 sepulti.
396 4823 533 4876 Cum
567 4822 967 4877 Basileensibus
997 4821 1251 4877 librorum
1287 4823 1351 4875 de
1381 4822 1596 4878 Civitate
1634 4823 1734 4879 Dei

168 4908 483 4967 editionibus
514 4902 675 4981 huius
704 4912 875 4967 aetatis
904 4914 1019 4983 pari
1042 4912 1155 4967 fere
1184 4926 1345 4982 passu
1381 4913 1633 4969 incedunt
1663 4915 1731 4969 li-

164 5001 237 5054 bri
278 5004 340 5055 de
364 5003 642 5058 Trinitate.
676 5002 877 5058 Horum
909 5004 1081 5073 prima
1123 5003 1417 5073 descriptio
1456 5004 1623 5060 fuisse
1647 5006 1728 5060 vi-

162 5091 309 5146 detur
337 5093 630 5148 Venetiana
657 5093 857 5163 absque
885 5093 1011 5147 anni
1041 5094 1315 5149 mentione
1340 5105 1437 5163 per
1470 5095 1724 5164 Paganin.

158 5184 216 5237 de
242 5182 550 5254 Paganinis,
585 5194 679 5239 aut
713 5182 1114 5239 Mediolanensis
1142 5201 1239 5256 per
1276 5186 1470 5243 Leonh.
1511 5186 1722 5243 Pachel.

163 5274 309 5330 1189.
338 5275 592 5332 Fortasse
617 5285 796 5331 autem
825 5275 1105 5330 Germania
1153 5279 1508 5348 antiquiorem
1541 5279 1727 5335 habuit

163 5363 204 5419 in
232 5381 319 5435 ea,
350 5382 468 5437 qua:
497 5367 597 5423 loci
628 5366 844 5437 quidem
867 5374 922 5421 et
943 5367 1065 5421 anni
1097 5369 1249 5437 signo
1282 5379 1446 5437 caret,
1489 5372 1583 5426 sed
1613 5372 1725 5427 sin-

216 5523 309 5647 (tg.
346 5523 742 5591 Suhjunximus
792 5522 926 5605 intra
979 5524 1221 5607 qumdam
1278 5541 1341 5607 ett
1400 5527 1614 5583 Oudino
1672 5536 1727 5609 et

298 5594 391 5647 ιω.
433 5594 580 5647 Eccl.
618 5594 929 5647 ColonienSI
969 5593 1038 5647 de
1080 5598 1341 5647 etusmodt
1382 5597 1724 5647 Deﬂoralorr-

155 5590 396 5667 blfBibl:
433 5590 580 5649 Eccl.
618 5593 929 5667 Coloniensi
969 5593 1038 5648 de
1080 5595 1341 5667 ejusmodi
1382 5597 1724 5667 Deﬂoratori-

154 5662 242 5784 fill):
279 5672 330 5716 et
361 5662 851 5719 Commentatoribns
886 5664 996 5720 lam
1040 5662 1297 5737 antiquis,
1337 5662 1495 5737 quam
1534 5684 1724 5724 recen-

176 5749 186 5783 l
230 5746 316 5784 us.

176 5746 316 5785 IDUS.

510 5823 782 5882 Punon.
820 5821 1067 5884 XLVII.

1837 4833 1935 4887 per
1968 4818 2236 4873 Octavian.
2271 4817 2485 4873 Scotum
2510 4818 2649 4873 1183
2678 4818 2788 4869 sint
2810 4816 3065 4883 derivati,
3098 4820 3241 4888 quod
3270 4833 3420 4878 certo

1836 4912 2164 4967 conﬁrmare
2192 4928 2297 4966 non
2331 4925 2586 4981 possum;
2620 4916 2674 4962 et
2699 4906 3083 4976 Argenlinensis
3119 4912 3285 4968 editio
3324 4931 3419 4984 per

1841 5004 2055 5059 Martia.
2087 5003 2255 5057 Flaclt
2277 5018 2326 5055 a.
2358 5001 2517 5062 1-489,
2540 5009 2596 5051 et
2619 4998 2805 5049 iterum
2830 4998 3013 5053 ibidem
3032 5019 3228 5060 excusa
3256 5005 3414 5061 1191.

1839 5096 2115 5150 Posterior
2161 5093 2362 5147 Veneta
2407 5090 2645 5147 editione
2676 5109 2780 5147 non
2824 5108 3011 5160 parum
3055 5099 3265 5152 auctior
3310 5108 3415 5162 est,

1835 5188 1962 5242 licet
1982 5187 2122 5240 ultra
2154 5183 2427 5240 dimidiam
2458 5194 2665 5253 partem
2695 5202 2815 5242 cum
2840 5189 3025 5245 eadem
3050 5190 3263 5259 egregie
3287 5204 3416 5245 con-

1832 5281 2042 5345 cordet,
2072 5279 2206 5336 adeo
2230 5290 2289 5335 ut
2314 5281 2535 5337 difﬁcile
2564 5282 2710 5339 dictu
2740 5285 2829 5351 sit,
2859 5295 3038 5339 utrum
3072 5282 3314 5352 veStigiis
3348 5283 3415 5336 il-

1835 5372 1940 5426 lius
1968 5370 2244 5438 institerit,
2276 5388 2341 5428 an
2368 5373 2582 5442 incepto
2609 5375 2766 5443 plane
2795 5375 3015 5430 diverso
3031 5374 3101 5426 sit
3128 5373 3411 5429 adornata.

1910 5527 1982 5598 (bl
2018 5528 2093 5584 De
2123 5529 2451 5596 imperatore
2480 5528 2673 5583 Carolo
2708 5528 2769 5591 V,
2816 5527 2971 5598 hujus
3003 5525 3241 5598 nominis
3268 5526 3410 5584 idem

1832 5596 2079 5669 narrasse
2128 5602 2337 5655 Gallum
2386 5600 2671 5669 quemdam
2713 5600 2765 5669 in
2810 5596 3143 5669 Ephemerid.
3197 5596 3408 5669 Erudit.

1831 5667 2081 5737 (Journal
2107 5670 2195 5723 des
2228 5667 2562 5737 Sav.)160’0,
2594 5670 2678 5724 15.
2721 5668 2898 5732 MarL,
2937 5667 3133 5721 alicubi
3182 5669 3232 5721 in
3266 5667 3403 5723 Bibl.

1830 5736 2011 5795 Colon.
2047 5740 2192 5795 Eccl.
2229 5736 2470 5809 legimus.

2969 5828 3010 5888 2
