3882 6350
498 341 573 399 ιδ
1377 341 1932 401 SUPPLEMENTUM
1970 347 2063 401 AD
2101 346 2328 423 OPEBA
2371 350 2427 407 S.
2469 351 2862 412 AUGUSTINI.
3653 367 3709 423 11

496 456 733 525 Utraque
764 462 939 509 tamen
970 451 1097 508 talia
1137 453 1517 523 complectitur
1566 470 1756 525 opera,
1802 472 1922 526 quae
1960 472 2065 512 non
2096 463 2143 521 A
2171 460 2524 530 recognitum,
2545 464 2639 518 sed
2658 464 3050 527 commentario
3080 466 3298 539 insuper
3324 471 3620 543 illustravit,
3639 480 3709 534 cui

494 564 684 620 magna
714 548 1001 604 voluminis
1020 550 1161 604 mole
1181 557 1453 613 constant,
1479 558 1625 603 certe
1645 564 1749 603 non
1773 550 2063 618 prolixiora

494 642 642 697 libris
685 644 749 697 de
798 640 1045 696 Doctrina
1073 642 1397 709 Christiana,
1451 643 1608 713 idque
1660 643 1762 697 hoc
1802 644 2066 713 imprimis

488 744 764 801 rCSpectu,
796 734 941 802 quod
968 734 1058 788 illa
1094 735 1176 788 vel
1215 734 1441 789 seorsim
1467 735 1577 803 jam
1609 742 1939 802 prostarent,
1969 750 2061 790 ve-

490 808 585 877 luti
627 824 690 877 de
740 825 952 878 Civitate
992 825 1112 893 Dei,
1157 825 1219 879 de
1263 825 1535 891 Trinitate,
1570 824 1971 879 Enarrationum
2010 826 2061 880 in

486 913 733 970 Psalmos
763 914 906 977 libri,
943 917 1026 971 vel
1061 917 1392 987 peculiarem
1426 918 1526 972 sibi
1566 932 1796 987 qumque
1828 919 2065 987 postula-

484 1017 609 1062 rent
648 1023 891 1078 operam,
930 1010 1142 1079 qualem
1190 1010 1489 1079 contigisse
1524 1009 1688 1064 etiam
1734 1009 1983 1079 Epistolis
2011 1019 2063 1065 et

488 1099 817 1154 Sermonibus
849 1101 1102 1155 vidimus.
1148 1100 1348 1153 Eadem
1393 1099 1618 1153 fortasse
1661 1101 1863 1154 Veneta
1901 1100 2064 1155 editio

488 1192 759 1261 rescripta
791 1200 874 1246 cst
903 1193 1089 1245 ibidem
1120 1189 1261 1259 apud
1286 1189 1500 1259 Dionys.
1534 1188 1871 1244 Bertltoldum
1903 1192 2062 1255 1191,

486 1298 515 1335 a
567 1298 671 1352 qua
722 1282 922 1336 distant
969 1282 1261 1349 editiones,
1323 1279 1619 1334 Parmensis
1671 1296 1766 1350 per
1815 1282 2063 1351 Angelum

486 1367 763 1441 Ugoletum
818 1383 875 1426 et
913 1371 1101 1425 Veneta
1132 1386 1230 1440 per
1256 1369 1585 1439 Pclegrinum
1613 1362 1675 1425 de
1704 1370 2062 1441 Pasqualibus,

485 1473 716 1532 utraque
747 1478 797 1515 a.
832 1462 988 1528 1191,
1020 1476 1151 1530 quas
1192 1462 1385 1531 opinor
1414 1462 1722 1531 exemplum
1773 1464 2064 1532 praebuisse

484 1553 708 1608 editioni
734 1551 920 1607 Jodoci
947 1552 1101 1606 Badii
1130 1553 1379 1617 Ascensii,
1413 1568 1631 1609 excusa:
1664 1552 1882 1608 Parisiis
1926 1555 2063 1609 152‘0

484 1643 627 1710 apud
651 1644 739 1695 Jo.
774 1641 1005 1696 Parvum
1032 1651 1087 1697 et
1109 1643 1365 1698 adhibita:
1408 1642 1696 1713 diligenter
1734 1658 1765 1698 a
1812 1643 2062 1698 Patribus

481 1732 761 1788 Maurinis.
806 1733 915 1788 Nec
961 1734 1178 1789 silentio
1220 1734 1654 1803 praetereundum
1678 1745 1760 1789 est
1788 1735 2065 1805 singulare

2168 565 2351 618 parem
2382 552 2630 610 ubertate
2655 566 2710 611 et
2740 557 3006 627 elegantia
3044 559 3098 614 in
3134 562 3243 617 ullo
3269 564 3445 633 prisco
3472 568 3709 638 scriptore

2168 658 2234 698 ne
2257 644 2370 698 itali
2389 645 2605 713 quidem
2632 648 2910 716 viderant;
2945 660 3233 722 tantusque
3257 671 3286 709 ει
3309 657 3518 713 cunctis
3541 661 3631 715 tevi
3654 664 3711 717 is-

2167 734 2272 789 tius
2322 734 2626 791 litterarnm
2675 741 3011 797 amatoribus
3050 741 3226 798 honos
3272 745 3482 802 habitus
3522 748 3634 815 fuit,
3668 761 3713 806 ut

2166 822 2424 880 Erasmus
2449 842 2593 881 novo
2633 829 2687 883 in
2726 830 2829 887 hoc
2857 845 3022 901 opere
3063 832 3248 889 labore
3284 840 3631 906 supersedere
3666 858 3715 899 se

2166 929 2328 982 posse
2353 916 2621 985 judicaret
2660 930 2944 993 totumque
2984 924 3038 978 in
3070 924 3365 981 editionem
3406 941 3561 983 suam
3603 932 3717 986 reci-

2164 1013 2340 1073 peret.

2238 1096 2549 1156 ERASIIANA
2594 1112 2773 1159 autem
2802 1103 2893 1159 illa
2924 1109 3193 1179 recensio,
3234 1126 3353 1180 quae
3384 1112 3515 1168 licet
3556 1112 3718 1169 diver-

2166 1185 2400 1255 sissima,
2438 1205 2535 1257 pro
2584 1206 2761 1259 more,
2795 1196 3137 1264 experiretur
3177 1200 3399 1270 judicia,
3447 1203 3618 1258 studia
3656 1213 3723 1257 ta-

2167 1294 2289 1333 men
2334 1281 2386 1335 in
2435 1282 2537 1337 hoc
2567 1298 2765 1352 genere
2813 1287 3132 1346 incredibile
3173 1302 3431 1360 quantum
3472 1294 3719 1349 accendit.

2165 1371 2462 1428 Consilium
2490 1377 2593 1430 soli
2640 1377 2910 1434 Frobenio
2937 1380 3184 1450 debetur,
3216 1385 3305 1453 qui
3348 1384 3515 1441 nullis
3555 1385 3649 1441 hac
3678 1387 3724 1440 in

2166 1476 2226 1515 re
2256 1465 2559 1532 sumptibus
2591 1470 2831 1537 pepercit
2867 1480 2922 1525 et
2950 1470 3051 1526 hoc
3083 1473 3308 1531 nomine
3337 1484 3546 1531 tantum
3578 1477 3723 1532 vitam

2165 1550 2269 1605 sibi
2310 1551 2529 1620 produci
2575 1569 2606 1609 a
2648 1570 2861 1613 summo
2890 1559 3113 1616 numine
3146 1562 3388 1631 optabat,
3434 1573 3494 1619 ut
3530 1566 3644 1621 haec
3667 1565 3726 1621 ad

2166 1641 2368 1696 exitum
2395 1644 2651 1712 perducta
2674 1647 2899 1703 videret.
2925 1648 3034 1705 Sed
3062 1653 3173 1707 voti
3198 1653 3358 1723 hujus
3385 1669 3611 1725 compos
3631 1671 3728 1710 non

2166 1728 2339 1786 factus
2382 1740 2486 1799 est,
2538 1745 2713 1792 morte
2760 1748 3057 1808 praereptus
3098 1756 3221 1797 cum
3263 1745 3350 1798 vix
3389 1744 3499 1801 duo
3534 1747 3729 1815 priores

480 1824 723 1893 ejusdem
752 1823 939 1878 Jodoci
981 1824 1132 1879 Badii
1171 1837 1224 1881 et
1247 1826 1515 1897 Augustini
1546 1828 1609 1880 de
1627 1827 1913 1898 Ratispona
1931 1842 2061 1883 con-
2095 1819 2139 1878 Β
2169 1827 2297 1879 tomi
2341 1826 2575 1883 absoluti
2603 1839 2804 1885 essent.
2842 1831 3073 1889 Dederat
3108 1845 3287 1891 autem
3329 1836 3591 1895 Frobenii
3623 1852 3733 1908 pre-

480 1916 660 1969 silium
695 1915 748 1969 in
773 1916 1095 1985 colligendis
1123 1917 1461 1987 edendisque
1491 1933 1587 1972 sua
1609 1933 1773 1987 opera
1797 1920 2059 1974 correctis

482 2004 717 2060 diversis
773 2005 1131 2072 Qua‘stionum
1179 2008 1453 2077 Augustini
1501 2009 1664 2062 libris.
1714 2009 1924 2064 Prodiit
1955 2008 2059 2064 hoc

482 2110 617 2164 opus
647 2111 697 2151 a.
742 2096 899 2152 H97.
941 2097 1184 2167 Lugduni
1206 2114 1301 2169 per
1336 2098 1423 2153 Jo.
1448 2098 1707 2155 Trechsel.
1735 2101 1913 2171 iit-fol.
1945 2100 2058 2157 exi-

480 2191 586 2242 mia
620 2188 885 2243 industria
915 2197 970 2244 et
999 2190 1170 2244 multo
1201 2205 1323 2244 cum
1350 2191 1557 2259 judicio
1589 2193 1930 2246 instructum.

548 2279 640 2333 llis
672 2280 887 2334 tandem
921 2281 1171 2335 omnibus
1214 2283 1534 2351 praeparatis
1569 2281 1657 2336 Jo.
1695 2282 2059 2337 Amerbacln‘us

478 2371 547 2426 de
577 2373 724 2425 omni
753 2387 812 2426 re
834 2372 1097 2428 litteraria
1121 2384 1175 2429 et
1198 2374 1462 2443 imprimis
1483 2372 1870 2429 ecclesiasticis
1887 2373 2059 2442 scrip-

476 2462 689 2517 toribus
719 2463 923 2517 Latinis
966 2464 1377 2530 meritissimus,
1412 2481 1518 2519 non
1559 2476 1617 2519 ut
1645 2464 1877 2519 aliorum
1916 2464 2057 2519 frue-

476 2564 633 2608 retur
660 2554 964 2624 diligentia,
992 2571 1114 2609 nam
1140 2570 1233 2609 sua
1275 2557 1442 2626 ipsius
1472 2556 1573 2612 huc
1597 2556 1936 2626 potissimum
1962 2556 2058 2611 ad-

476 2646 635 2700 ducta
669 2662 756 2702 res
785 2657 923 2715 erat,
952 2648 1046 2702 sed
1077 2664 1143 2703 ne
1177 2647 1526 2703 incrementis
1563 2648 1890 2715 litterarum,
1935 2663 2056 2719 quae

476 2749 683 2793 matura
721 2740 1063 2807 videbantur,
1089 2740 1324 2809 deesset,
1377 2741 1664 2799 consilium
1706 2743 2057 2799 universorum

474 2831 745 2901 Augustini
772 2849 981 2900 operum
1032 2850 1120 2901 per
1149 2843 1319 2901 partes
1348 2834 1663 2886 edendorum
1704 2836 1871 2903 cepit.
1916 2835 2057 2888 Con-

476 2922 601 2976 fecit
653 2921 815 2988 igitur
862 2920 935 2973 XI
977 2922 1276 2983 volumina,
1336 2935 1562 2989 quorum
1606 2930 1731 2973 octo
1788 2921 2056 2988 prioribus

475 3012 655 3066 omnia
696 3010 863 3080 ipsius
894 3012 1093 3077 scripta
1138 3009 1329 3062 ordine
1358 3008 1749 3078 chronologico
1784 3010 1850 3065 ad
1892 3008 2053 3063 fidem

475 3102 932 3157 Retractationum
957 3102 1072 3170 ejus
1095 3099 1362 3169 dispowit
1379 3100 1693 3171 addiditque
1718 3101 1886 3156 tribus
1908 3101 2055 3154 insu-

2159 1917 2311 1972 cibus
2343 1918 2618 1987 Erasmus,
2665 1932 2722 1976 ut
2751 1937 2908 1992 opus,
2941 1926 3096 1996 cujus
3141 1929 3354 1983 nonnisi
3389 1938 3598 1998 partem
3629 1929 3735 1985 exi-

2157 2024 2315 2078 guam
2344 2010 2396 2065 in
2424 2024 2484 2066 se
2506 2014 2821 2083 recepisset,
2849 2031 2972 2071 cum
3002 2018 3335 2089 proﬂiganda
3372 2035 3533 2077 nemo
3557 2033 3739 2076 succe-

2158 2100 2289 2155 dere
2314 2100 2502 2167 vellet,
2534 2110 2704 2159 totum
2729 2106 2947 2162 tandem
2973 2109 3293 2178 sustineret,
3315 2125 3491 2181 eoque
3522 2120 3740 2166 mortuo

2159 2188 2286 2244 filiis
2313 2191 2434 2260 ejus
2465 2191 2608 2247 idem
2639 2194 2960 2266 obsequium
3003 2199 3369 2267 prtestandum
3410 2214 3535 2256 esse
3563 2200 3744 2254 duxit.

2158 2281 2282 2336 Tria
2307 2283 2468 2352 igitur
2496 2284 2551 2338 in
2582 2284 2684 2341 hac
2713 2287 2951 2343 editione
2981 2290 3255 2346 feneratus
3276 2302 3357 2361 est
3382 2292 3474 2348 hic
3503 2292 3747 2365 scriptor

2158 2386 2416 2442 perquam
2455 2388 2647 2445 magna
2678 2376 2746 2431 ad
2785 2380 3213 2447 promovendum
3258 2382 3433 2452 ipsius
3474 2384 3752 2439 studium.

2157 2461 2395 2517 Primum
2422 2464 2741 2520 munditiem
2775 2481 2807 2520 a
2833 2467 3239 2526 characteribus
3266 2482 3319 2526 et
3350 2475 3557 2528 chartis
3589 2484 3647 2529 et
3665 2474 3758 2543 ju-

2156 2560 2298 2608 stum
2330 2555 2552 2624 aliquod
2582 2555 2749 2612 decus
2791 2558 2846 2613 in
2888 2566 3001 2613 toto
3034 2560 3220 2616 habitu
3252 2577 3315 2618 ac
3342 2562 3758 2629 descriptione.

2156 2642 2214 2698 In
2248 2632 2697 2701 Amerba'chianis
2739 2648 2883 2723 cnim
2916 2648 3221 2718 impressis,
3268 2662 3325 2707 ut
3352 2652 3561 2707 nemini
3595 2654 3758 2722 igno-

2157 2742 2270 2790 tum
2308 2750 2431 2792 esse
2462 2745 2664 2807 potest,
2699 2738 2981 2793 liberalior
3018 2740 3199 2793 cultus
3240 2742 3434 2795 merito
3458 2741 3757 2801 desidera-

2158 2836 2267 2891 tur,
2300 2826 2428 2882 dum
2458 2828 2655 2896 partim
2699 2826 2897 2884 litterae
2926 2826 2994 2882 ad
3040 2837 3317 2897 aspectum
3349 2830 3580 2899 ingratae
3627 2844 3755 2888 sunt

2156 2915 2436 2978 adhibitae,
2460 2920 2654 2984 partim
2680 2918 2867 2972 charta
2887 2919 3040 2974 adest
3061 2921 3282 2977 crudior
3302 2931 3355 2977 et
3382 2924 3571 2978 omnia
3596 2925 3752 2981 deni-

2154 3016 2261 3071 que
2291 3004 2500 3071 paginae
2529 3007 2706 3073 spatia
2738 3006 2877 3061 adeo
2918 3016 3045 3062 sunt
3084 3010 3324 3079 oppleta,
3360 3021 3416 3067 ut
3463 2996 3751 3073 sordidum

2156 3105 2294 3160 pene
2348 3093 2401 3147 in
2451 3106 2519 3147 eo
2569 3107 2630 3149 se
2678 3094 2979 3163 praebuisse
3035 3098 3452 3157 Amerbaehium
3513 3104 3750 3162 dixeris.

476 3208 595 3262 per,
626 3208 708 3259 ea,
745 3206 863 3260 quae
895 3192 948 3244 in
984 3161 1489 3247 iletrac-tationibus
1520 3161 1618 3247 vel'
1643 3191 1843 3246 omissa
1873 3198 2051 3258 erant,
2081 3161 2126 3222 δ
2163 3181 2365 3238 Deinde
2388 3183 2592 3254 integra
2627 3185 2857 3253 primum
2887 3186 3109 3244 exhibet
3140 3191 3309 3260 ipsius
3340 3209 3531 3263 opera.
3567 3198 3750 3254 Tertia

475 3286 559 3343 vel
602 3285 779 3339 serius
823 3283 1125 3337 elaborata.
1174 3281 1343 3339 Simul
1383 3299 1516 3339 vero
1563 3298 1631 3338 ne
1662 3283 1834 3338 moles
1874 3283 1928 3336 in
1952 3282 2054 3335 im-

472 3390 721 3430 mcnsum
749 3384 1022 3431 cresceret
1062 3384 1116 3429 et
1144 3374 1286 3446 quod
1343 3374 1669 3445 exemplaria
1715 3372 1856 3427 haud
1893 3372 2055 3428 dubie

474 3476 850 3540 superessent,
912 3469 1179 3523 rationem
1223 3466 1413 3522 habuit
1460 3481 1671 3535 eorum,
1719 3480 1843 3535 qua:
1893 3471 2053 3520 antea

471 3564 702 3620 scorsim
729 3578 795 3619 ex
813 3577 905 3617 sua
927 3562 1145 3617 officina
1165 3562 1482 3632 protulerat,
1518 3559 1901 3631 Epistolasque,
1933 3557 2055 3614 Ser-

474 3674 646 3712 mones
674 3668 727 3713 et
775 3655 1152 3711 Eum-rationes
1190 3654 1242 3707 in
1274 3654 1511 3708 Psahnos
1550 3641 1762 3706 ab'hac
1809 3650 2053 3705 editione

471 3749 731 3818 sejunxit.
792 3747 1001 3800 Prodiit
1050 3746 1169 3800 haec
1222 3744 1657 3799 Amerbachiana
1724 3741 1944 3796 Basitete
1998 3756 2049 3799 a.

464 3838 633 3904 1506,
666 3845 721 3892 ct
761 3838 970 3905 magnis
1008 3837 1273 3901 omnium,
1306 3836 1397 3905 qui
1453 3834 1617 3889 hasce
1650 3834 1860 3890 litteras
1901 3847 2050 3889 ama-

470 3927 622 3995 bant,
664 3927 944 3997 plausibus
983 3927 1079 3981 fuit
1108 3934 1352 3995 accepta,
1402 3940 1590 3980 recusa
1618 3926 1781 3981 etiam
1830 3926 2050 3981 Parisiis

471 4036 523 4075 a.
556 4020 711 4077 1515.
740 4021 961 4095 Videtur
1001 4029 1184 4074 autem
1231 4021 1348 4074 tunc
1374 4019 1543 4074 editio
1591 4019 1749 4089 piene
1794 4018 2051 4074 omnibus

471 4111 758 4167 desideriis
786 4112 1136 4167 satisfecisse.
1168 4109 1304 4165 Nam
1334 4110 1401 4165 ad
1432 4125 1632 4165 annum
1674 4124 1843 4179 usque
1884 4110 2044 4176 1529,

471 4219 578 4259 non
606 4204 780 4259 solum
810 4203 945 4258 nihil
978 4202 1290 4258 innovatum
1319 4203 1478 4258 estin
1509 4200 1855 4256 Amerbaebii
1887 4200 2047 4255 insti-

430 4290 435 4293 ’
470 4306 609 4366 tuto,
647 4298 742 4352 sed
770 4296 1085 4366 singulatim
1124 4297 1286 4350 etiam
1312 4294 1469 4364 pauci
1510 4293 1782 4363 iidemque
1811 4293 2048 4349 minores

470 4389 751 4460 Augustini
794 4387 961 4442 libelli
992 4388 1108 4442 ‘hoc
1150 4385 1442 4441 intervallo
1485 4384 1769 4455 temporis,
1822 4383 2049 4439 Colonia:

471 4482 737 4553 imprimis
768 4479 924 4545 1527,
950 4479 1014 4533 de
1052 4478 1301 4531 Doctrina
1334 4476 1651 4543 Christiana,
1680 4477 1743 4531 de
1769 4477 1970 4548 Spiritu
2001 4485 2047 4531 et

468 4577 700 4640 Littera;
746 4572 907 4637 1528,
937 4572 999 4623 de
1042 4569 1174 4624 Fide
1222 4579 1268 4624 et
1310 4568 1584 4647 Oneribus,
1632 4570 1697 4622 de
1744 4567 1952 4622 Natura
2001 4577 2048 4622 et

467 4665 678 4731 Gratia,
712 4674 820 4720 etc.
857 4663 990 4719 Item
1044 4661 1288 4732 Augusta:
1340 4660 1726 4715 Vindelicorum
1776 4659 1935 4724 i523,
1986 4660 2049 4713 de

464 4752 604 4808 Fide
648 4764 694 4809 et
744 4755 993 4828 Operibus
1036 4761 1091 4808 et
1124 4750 1461 4805 Enchiridion
1492 4752 1560 4803 ad
1608 4750 1961 4815 Laurentium,
1994 4759 2048 4802 et

472 4843 824 4914 Norimberga:
861 4846 1114 4916 denique,
1153 4842 1320 4898 veluti
1353 4856 1403 4895 a.
1446 4842 1602 4906 1521,
1644 4841 1712 4895 de
1749 4840 1953 4895 Natura
1998 4851 2046 4894 et

470 4935 673 4999 Gratia,
699 4936 933 5005 evulgati
954 4945 1101 5001 sunt,
1130 4936 1324 5006 quibus
1351 4934 1603 4988 omnibus
1634 4943 1808 4989 textus
1836 4935 2044 5003 Augus-

464 5026 565 5079 tini
600 5023 732 5077 nihil
763 5024 1080 5079 incrementi
1108 5029 1269 5093 cepit.
1308 5025 1484 5079 Tanto
1519 5024 1802 5095 benignior
1831 5025 2041 5080 fortuna

470 5117 522 5170 in
549 5114 717 5169 libros
743 5112 806 5166 de
832 5112 1049 5166 Civitate
1080 5113 1178 5166 Dei
1213 5116 1391 5168 omnia
1439 5115 1751 5181 cumulavit,
1788 5130 1910 5184 qua:
1948 5130 2046 5183 per

426 5208 427 5211 “
467 5207 625 5261 istam
653 5212 864 5256 aetatem
895 5217 922 5255 a
954 5201 1239 5255 doctorum
1264 5202 1543 5257 hominum
1570 5204 1789 5274 ingenio
1815 5220 1880 5258 ac
1914 5204 2041 5258 dilio

464 5296 646 5367 gentia
676 5293 727 5347 in
749 5290 1061 5349 exornando
1093 5290 1230 5346 libro
1253 5292 1417 5345 veteri
1449 5296 1747 5362 exspectari
1774 5302 2042 5363 poterant,

464 5389 729 5459 siquidem
754 5387 843 5441 Jo.
879 5384 1175 5438 Ludovicus
1232 5382 1379 5436 Vives
1417 5384 1717 5439 litterarum
1749 5387 2044 5456 elegantio-

464 5495 583 5536 rum
614 5482 669 5533 in
698 5478 949 5547 Hispania
987 5482 1041 5529 et
1074 5474 1256 5543 Belgio
1286 5483 1457 5528 stator
1483 5483 1537 5529 et
1576 5474 1793 5543 vindex,
1836 5478 1887 5532 in
1924 5477 2042 5533 edi-

466 5571 611 5624 tione
638 5570 923 5624 Basileensi
952 5567 1096 5638 apud
1126 5563 1466 5633 Frobeniunt,
1502 5581 1609 5622 non
1650 5569 1809 5623 modo
1840 5578 2041 5624 textum

463 5678 535 5716 es
557 5660 833 5717 codicibus
852 5676 978 5715 mss.
999 5660 1063 5715 ad
1087 5674 1311 5729 quorum
1332 5673 1485 5714 usum
1510 5674 1752 5729 magnam
1776 5661 2042 5720 sermunis

422 5806 427 5809 _
464 5751 636 5809 Latini
668 5760 719 5805 et
748 5748 943 5818 prisca":
962 5749 1219 5806 doctrinm
1246 5749 1553 5806 facultatem
1585 5749 1863 5817 aliercbat,
1892 5748 2042 5805 dedit

2156 3271 2385 3343 denique
2411 3273 2511 3329 dos
2540 3275 2637 3330 fuit
2664 3284 2845 3331 textus
2871 3287 3154 3334 correctus
3191 3296 3222 3335 a
3251 3283 3397 3338 vitiis
3436 3286 3752 3353 innumeris

2155 3379 2221 3420 ex
2251 3368 2603 3436 grammatico
2652 3369 2993 3437 potissimum
3034 3387 3258 3443 genere,
3299 3386 3354 3433 et
3400 3378 3494 3447 iis,
3529 3397 3666 3452 quas
3689 3384 3753 3437 ab

2156 3458 2457 3527 ignorantia
2487 3460 2828 3529 antiquitatis
2860 3470 2919 3517 et
2955 3462 3222 3522 doctrina:
3264 3472 3470 3527 veteris
3507 3485 3639 3530 orta
3672 3477 3749 3531 vi-

2153 3550 2269 3605 deri
2311 3560 2587 3621 poterant,
2622 3561 2731 3608 tum
2784 3569 2925 3609 nova
2972 3559 3191 3626 partitio
3214 3568 3279 3617 eti
3292 3562 3503 3631 judicia
3559 3568 3634 3624 de
3665 3571 3750 3633 iis,

2153 3656 2270 3710 quae
2299 3651 2391 3697 aut
2415 3646 2636 3699 omnino
2664 3657 2770 3699 non
2800 3646 3031 3715 genuina
3065 3660 3272 3717 essent,
3309 3662 3402 3709 aut
3430 3655 3642 3714 saltem
3671 3659 3750 3713 vi-

2151 3732 2412 3788 derentur
2442 3734 2626 3791 dubia.
3037 3762 3048 3772 -
3500 3810 3503 3811 ν

2221 3824 2429 3895 Srepius
2452 3837 2630 3882 autem
2658 3828 2846 3884 iterata
2886 3839 2942 3887 et
2985 3832 3283 3891 identidem
3321 3845 3479 3893 aucta
3516 3848 3609 3895 est
3637 3840 3752 3895 haec

2152 3913 2337 3969 editio.
2367 3914 2459 3972 Sic
2490 3931 2595 3972 non
2627 3921 3039 3977 contemnendis
3070 3924 3382 3980 Sermonum
3410 3930 3751 3985 accessioni-

2150 4006 2249 4061 bus
2269 4006 2590 4078 locupletata
2613 4019 2698 4066 est
2730 4004 2956 4068 Parisiis
2982 4014 3130 4081 apud
3150 4014 3552 4073 Cherallonium
3582 4019 3750 4076 i551-

2150 4098 2238 4164 ‘52,
2269 4107 2324 4155 et
2349 4100 2539 4155 ibidem
2567 4102 2709 4171 apud
2734 4102 2977 4158 Carolum
3005 4104 3249 4160 Guillard
3277 4108 3438 4174 1541,
3474 4125 3587 4167 nec
3640 4126 3748 4167 non

2152 4189 2203 4243 in
2236 4190 2459 4261 singulis
2479 4192 2856 4248 Basileensium
2884 4196 3321 4265 repetitionibus,
3354 4214 3559 4269 nempe
3580 4203 3751 4257 15M-

2148 4280 2239 4348 45,
2267 4282 2354 4335 cui
2394 4284 2667 4352 suppetias
2697 4285 2815 4339 tulit
2852 4284 3120 4343 Martinus
3146 4288 3402 4359 Lypsius;
3430 4291 3601 4357 1556,
3655 4309 3754 4349 cu-

2152 4378 2303 4425 rante
2333 4370 2537 4427 Joanne
2570 4372 2834 4441 Costerio;
2875 4386 2930 4431 et
2962 4377 3121 4441 1569,
3154 4394 3278 4447 quae
3310 4379 3493 4455 ultima
3528 4380 3752 4436 Frobe-

2154 4463 2314 4518 niana
2340 4463 2438 4519 fuit
2472 4467 2879 4521 absolutissima
2922 4477 2975 4523 et
3004 4469 3321 4524 nitidissima
3361 4470 3646 4537 omnium,
3686 4473 3749 4528 in

2153 4572 2313 4626 quam
2350 4559 2511 4612 etiam
2558 4557 2833 4613 Sermones
2880 4560 2979 4626 illi,
3030 4576 3165 4631 quos
3209 4562 3435 4629 primum
3478 4574 3560 4616 ex
3607 4578 3754 4621 mss.

2149 4646 2426 4701 codicibus
2463 4646 2650 4703 eduxit
2675 4657 2729 4703 et
2756 4647 2971 4704 Lavanii
2999 4665 3052 4707 a.
3081 4650 3219 4706 1564
3247 4651 3547 4721 publicavit
3576 4652 3758 4709 Joan-

2151 4755 2237 4793 nes
2270 4738 2618 4805 Vlimmerius,
2658 4742 2973 4811 migrarunt.
3019 4743 3186 4798 Porro
3218 4758 3411 4799 recusa
3441 4754 3532 4800 est
3576 4748 3755 4802 etiam

2108 4838 2111 4839 '
2150 4829 2389 4899 Lugduni
2432 4830 2666 4886 1561-65
2707 4832 2852 4887 in~8°
2891 4843 2944 4887 et
2984 4833 3206 4888 Parisiis
3252 4833 3386 4889 1571
3420 4834 3649 4901 ἰπὶ-101..
3701 4848 3758 4894 et

2150 4922 2385 4992 impuras
2447 4922 2607 4977 etiam
2680 4922 2987 4977 Venetorum
3046 4924 3468 4993 bibliopolarum
3544 4942 3756 4983 manus

2151 5028 2303 5083 passa
2349 5028 2400 5068 a.
2434 5015 2590 5079 1515,
2634 5013 2792 5081 1552,
2826 5015 2965 5069 1570
3003 5029 3058 5071 et
3088 5017 3245 5072 1581.
3286 5016 3569 5075 Caeterum
3608 5020 3757 5076 Era-

2114 5105 2410 5161 .smianam
2443 5106 2812 5161 recensionem
2852 5118 3175 5175 sequuntur,
3203 5119 3467 5180 quotquot
3510 5113 3591 5168 ab
3628 5115 3753 5183 ejus

2149 5199 2390 5253 editione
2425 5197 2652 5251 diversis
2699 5197 2751 5250 in
2782 5196 2919 5252 locis
2940 5201 3178 5256 ‘seorsim
3225 5202 3412 5256 excusi
3445 5213 3591 5260 sunt
3636 5206 3755 5262 Au-

2149 5289 2437 5358 gustiniani
2466 5288 2653 5353 libelli,
2687 5304 2914 5359 quorum
2956 5291 3097 5347 haud
3130 5294 3357 5364 exiguus
3378 5295 3623 5365 quidem
3653 5314 3754 5353 nu-

2151 5393 2333 5434 merus
2364 5378 2481 5441 fuit,
2513 5378 2608 5434 sed
2642 5379 2867 5436 nihilex
2891 5383 2957 5437 iis
2983 5383 3266 5452 Augustini
3297 5385 3455 5440 lectio
3484 5385 3643 5442 lucri
3670 5387 3754 5443 fe-

2149 5470 2243 5525 cit.
2268 5470 2605 5540 Frequenter
2634 5471 2901 5540 imprimis
2928 5472 3183 5529 lectitatce
3211 5490 3335 5531 esse
3364 5474 3578 5533 debent
3606 5480 3753 5534 Con-

2149 5565 2412 5635 fessioncs,
2446 5580 2565 5635 qua:
2608 5566 2834 5620 Coloniw
2871 5566 3003 5621 1531
3048 5575 3105 5622 et
3142 5568 3301 5633 1569,
3334 5568 3566 5625 Lavanii
3606 5574 3756 5630 1565

2148 5662 2204 5709 et
2245 5652 2401 5720 1571,
2446 5656 2745 5726 Antuerpia:
2786 5657 2920 5711 1567
2953 5666 3005 5711 et
3052 5658 3189 5715 1568
3228 5659 3524 5728 descriptas
3582 5674 3754 5729 sunt;

2150 5746 2277 5805 item
2297 5748 2428 5805 liber
2450 5749 2511 5803 de
2532 5739 2729 5819 Spiritu
2756 5758 2800 5801 ct
2827 5748 3022 5803 Littera
3046 5764 3276 5807 cxcusus
3304 5750 3554 5820 paridis,
3579 5748 3755 5822 1-538.
