3882 6330
246 332 332 389 65
1173 327 1448 386 ΝΟΤΙΤΙΑ
1490 327 1643 387 ιιττ
1653 328 1830 387 ERAR

1949 329 2015 387 1N
2050 330 2106 389 S.
2149 331 2618 391 AUGUSTINUM.
3478 352 3546 407 ιδ

256 443 586 514 Witebergat
614 439 781 505 1541,
825 440 1122 511 Αηηιενρῐω
1148 443 1316 508 1568;
1349 445 1412 499 de
1439 442 1571 499 Fide
1596 456 1644 499 et
1676 444 1830 515 Operi

1962 446 2092 513 furti
2122 445 2287 510 162.4;
2330 447 2619 520 Hamburgi
2654 449 2819 517 1661;
2866 453 2928 507 de
2969 454 3215 511 Doctrina
3245 458 3539 520 Christiana

256 537 373 589 bus
408 533 613 588 Parisiis
640 532 803 600 1551,
833 531 1065 587 Colonia:
1084 530 1239 597 155:1,
1271 533 1562 605 Antuerpiaa
1594 534 1764 598 1568;
1795 534 1858 587 de
1958 535 2259 608 Antnerpiai
2285 538 2414 593 1601
2440 556 2457 606 ;
2489 541 2796 616 Witebergaa
2824 544 3000 610 1604;
3033 548 3366 607 llelmestadit
3394 556 3536 614 16'29

257 625 535 679 Consensu
578 630 818 690 quatuor
863 620 1306 692 Evangelistarum
1350 621 1566 677 Parisiis
1606 622 1763 688 1538,
1803 630 1859 677 et
1959 638 2013 683 et
2043 628 2200 695 1655,
2237 645 2333 698 per
2354 631 2450 687 Ge.
2476 631 2777 702 Caliatum;
2820 638 2883 692 de
2921 638 3127 694 Unitate
3149 641 3393 698 Ecclesia:
3418 646 3537 702 Mo—

257 713 504 767 Colonia:
540 712 711 775 1559;
754 711 818 764 de
861 709 1002 765 Cura
1050 728 1144 781 pro
1190 713 1407 779 mortuis
1434 714 1658 782 gerenda
1700 712 1855 766 Pari-

251 804 363 857 siis
394 802 569 867 1543;
611 802 675 855 de
714 801 904 855 Libero
932 800 1172 864 arbitrio,
1202 803 1279 873 ,αθ
1307 801 1773 866 Prtedestinatione
1805 815 1854 857 et

253 893 459 948 Gratia
503 893 733 948 Colonia:
778 891 953 955 1568;
985 892 1047 945 de
1078 892 1288 945 Natura
1331 903 1377 945 et
1406 891 1587 947 Gratia
1630 893 1855 946 Anttter-

256 985 378 1051 pia:
407 982 580 1048 1568;
609 983 673 1037 de
694 981 941 1035 Doctrina
966 980 1266 1036 Christiana
1304 982 1526 1037 Venetiis
1550 983 1718 1048 1534;
1746 982 1855 1037 En-

256 1076 531 1128 chiridion
574 1075 643 1126 ad
692 1072 1031 1127 Laurentium
1079 1072 1311 1127 Catenia:
1354 1074 1529 1139 1552;
1581 1076 1709 1128 item
1756 1089 1853 1143 per

254 1166 597 1220 Lambertunt
620 1163 873 1218 Daturum
924 1163 1141 1217 Genera:
1177 1165 1334 1226 1575,
1358 1178 1479 1218 cum
1508 1165 1851 1221 Commenta-

250 1258 347 1312 rio
377 1256 611 1324 repetito
643 1254 842 1308 ibidem
877 1254 1037 1321 1579,
1070 1253 1230 1319 1585,
1259 1254 1414 1308 1597.
1451 1254 1594 1309 Idem
1623 1254 1869 1311 Danaeus.

248 1359 408 1401 anno
442 1354 563 1416 post
598 1342 810 1398 addidit
839 1343 1031 1396 librum
1076 1344 1141 1397 de
1170 1342 1490 1408 Hteresibns,
1520 1343 1611 1412 qui
1650 1344 1867 1413 pariter.

250 1437 532 1506 repetitus
564 1443 649 1489 est
684 1448 735 1486 a.
770 1434 931 1498 1578,
968 1431 1106 1487 1593
1144 1442 1197 1487 et
1230 1432 1385 1488 1595.
1422 1433 1659 1502 Denique
1690 1433 1849 1488 itera-

250 1538 375 1583 tum
401 1541 618 1597 quoque
647 1523 952 1590 daliivitate
980 1525 1072 1577 Dei
1099 1540 1233 1595 opus
1260 1539 1382 1579 cum
1409 1522 1498 1578 Jo.
1529 1523 1666 1578 Lnd.
1709 1525 1847 1580 Vivis

249 1617 627 1672 commentario
669 1609 892 1670 Parisiis
935 1616 1074 1671 1544
1121 1626 1175 1671 et
1216 1616 1385 1684 1555,
1439 1612 1662 1670 Basileat
1707 1615 1861 1672 1555·

254 1720 317 1765 et
347 1709 506 1765 1570.

1956 721 2148 790 gumiae
2186 720 2354 787 1602,
2399 738 2521 778 cum
2567 724 2897 786 notisnlusti
2932 728 3159 794 Calvini,
3199 731 3535 791 Ile/mestadit

1956 806 2116 873 1657,
2149 824 2244 877 per
2284 808 2378 864 Ge.
2424 812 2719 879 Calixtum;
2750 816 2874 871 item
2908 818 3046 873 liber
3073 820 3137 871 de
3169 819 3404 877 Utititate
3430 841 3539 879 cre-

1954 899 2114 953 dendi
2142 917 2233 969 per
2262 905 2514 971 eumdem,
2548 907 2737 961 ibidem
2765 909 3035 979 eodemque
3059 928 3197 966 anno
3219 956 3233 980 ,
3267 923 3320 968 et
3346 926 3532 983 postea

1958 989 2170 1044 Lovanii
2188 991 2355 1058 1680;
2384 996 2446 1048 de
2470 995 2792 1064 Iitcrcsibns,
2820 999 3163 1055 Helmestadii
3194 1002 3357 1070 1621;
3391 1007 3532 1060 Oxo-

1953 1079 2054 1133 nite
2082 1080 2249 1147 1631;
2289 1081 2623 1139 Ilelmestadii
2658 1086 2820 1151 1678,
2850 1106 2963 1141 cum
2996 1091 3176 1145 Dentri
3205 1110 3427 1160 comm.;
3471 1098 3535 1150 de

1950 1168 2088 1225 Fide
2123 1180 2170 1225 et
2222 1174 2461 1243 aperibus
2511 1174 2848 1247 Francofnrti
2888 1178 3054 1246 1652;
3094 1180 3435 1239 Enchiridion
3464 1189 3532 1239 ad

1949 1257 2612 1335 LaurentiumWitebergte
2641 1265 2801 1332 1604;
2835 1268 3051 1323 Parisiis
3083 1270 3246 1340 1665;
3278 1274 3533 1344 Epistula:

1949 1349 2288 1419 Francofurti
2320 1352 2488 1420 1678,
2536 1355 2750 1411 seleclre
2792 1354 3002 1412 Flexite
3032 1360 3199 1429 1658,
3230 1374 3280 1417 et
3312 1364 3532 1418 Loranii

1947 1437 2105 1492 1662.
2164 1440 2372 1495 Novam
2426 1444 2644 1512 quidem
2702 1443 3091 1515 Con/cssionnnt
3150 1452 3527 1508 recensionem

1940 1525 2092 1595 juxta
2154 1531 2338 1599 plures
2397 1546 2531 1587 mss.
2578 1534 2848 1603 jactitavit
2896 1537 3155 1592 Henricus
3209 1540 3528 1599 Sommalius

1944 1619 2067 1674 Soe.
2100 1620 2151 1688 1,
2193 1638 2312 1691 qua:
2335 1623 2440 1678 dici
2469 1640 2574 1679 non
2608 1636 2813 1695 potest,
2849 1631 3061 1698 quoties
3093 1631 3357 1701 impressa
3383 1635 3455 1689 sit
3477 1648 3528 1690 ct

1939 1714 2171 1781 repetita
2204 1713 2471 1785 Lugduni,
2527 1716 2785 1784 Colonies,
2833 1719 3034 1787 Dunci,
3086 1721 3336 1795 Dilingw,
3385 1735 3523 1792 clm;

334 1799 443 1855 Sed
474 1813 603 1854 nova
630 1812 832 1867 repens
878 1798 1185 1868 Augustino
1231 1798 1320 1851 lux
1372 1798 1563 1853 oborta
1611 1807 1692 1853 est
1741 1813 1839 1868 per
1868 1793 1913 1853 Β
1942 1804 2032 1858 sed
2065 1805 2202 1859 cuia
2233 1808 2435 1863 criticis
2456 1811 2707 1881 exiguum
2739 1813 2968 1881 pretium
2993 1793 3249 1870 statutum
3277 1828 3379 1872 est.
3405 1818 3513 1873 Nec

250 1890 548 1959 caujuncta
581 1889 962 1959 Theologorum
984 1887 1388 1943 LOVA‘NtEN-IUM
1416 1888 1594 1942 studia
1632 1887 1687 1942 in
1718 1889 1835 1943 edi.

247 1982 409 2037 tione
435 1982 662 2053 Operam
688 1982 858 2050 ipsius
876 1980 1170 2049 Antuerpia:
1191 1978 1329 2049 apud
1355 1980 1648 2048 Christoph.
1676 1979 1837 2036 Plan-

248 2074 425 2126 tinum
463 2088 515 2127 a.
554 2072 714 2138 1577,
746 2073 815 2126 X1
850 2073 1009 2127 tomis
1038 2070 1243 2139 iit-10L,
1278 2071 1490 2141 publice
1518 2075 1834 2142 proposita;

249 2167 311 2220 in
362 2182 466 2237 qua
506 2181 612 2221 non
653 2167 825 2221 solum
872 2165 1061 2220 critica
1092 2166 1354 2233 apertior,
1387 2165 1483 2219 scd
1516 2165 1835 2235 praeclarum

249 2258 423 2310 etiam
456 2257 577 2324 hoc,
611 2256 752 2326 quod
784 2256 970 2326 spuria
1001 2255 1522 2325 dubiaque'prorsus
1552 2271 1581 2310 a
1611 2257 1837 2327 reliquis

254 2359 524 2418 separata,
555 2363 650 2403 sua
680 2347 879 2417 cuique
907 2357 1052 2401 tomo
1082 2348 1324 2416 subjecta
1348 2348 1474 2402 sint.
1513 2346 1577 2422 Lit
1604 2348 1738 2403 nihil
1767 2348 1836 2405 de

257 2441 821 2496 animadversionibus
850 2440 1026 2495 dicam
1058 2438 1659 2511 aliisquecommodis,
1712 2456 1834 2512 qua:

254 2536 402 2590 nulla
429 2550 532 2589 non
564 2544 698 2589 tetas
728 2532 780 2589 in
814 2549 877 2588 ea
907 2548 1248 2604 summopere
1277 2535 1543 2604 probavit.
1576 2534 1832 2592 Certatim

253 2640 315 2680 ea
347 2640 602 2693 expressa
626 2635 708 2679 est
729 2636 782 2680 et
808 2625 1122 2693 plerumque
1145 2641 1265 2679 cum
1284 2626 1597 2681 accessione
1619 2626 1829 2696 aliqua:

254 2715 488 2769 Parisiis
528 2714 708 2778 1586;
752 2715 963 2769 Genera:
1000 2712 1169 2779 1596;
1208 2714 1428 2768 Parisiis
1457 2713 1628 2779 1603,
1658 2715 1830 2781 1604,

252 2804 433 2860 1615-
456 2804 555 2869 11;
588 2804 816 2858 Colonia:
839 2803 998 2871 1616;
1044 2805 1263 2858 Parisiis
1296 2800 1453 2869 169.6,
1482 2801 1641 2869 1635,
1674 2801 1831 2858 1652.

243 2897 504 2953 Subinde
526 2896 685 2951 etiam
715 2898 1049 2953 extrinsecus
1077 2907 1363 2967 augmenta
1396 2894 1642 2964 quaedam
1671 2897 1832 2953 allata

248 2997 409 3057 sunt,
435 2989 603 3043 veluti
625 3003 677 3042 a.
706 2988 866 3056 1611,
899 3005 1021 3045 cum
1060 2974 1288 3057 primum
1319 2989 1517 3043 librum
1556 2990 1620 3043 de
1665 2988 1833 3044 Cestis

255 3054 462 3149 Pelagii
497 3095 561 3134 ex
594 3080 780 3134 codice
812 3096 916 3135 ms.
959 3095 1020 3134 ex
1065 3080 1216 3134 Italia
1243 3080 1347 3134 sibi
1377 3080 1697 3135 transmisso
1726 3080 1833 3134 Aue

1940 1908 2072 1948 vero
2116 1898 2371 1951 momenti
2413 1898 2579 1953 ullius
2611 1913 2739 1955 sunt
2772 1903 2934 1957 varia:
2975 1904 3087 1958 illae
3133 1908 3517 1974 opusculorum

1940 1990 2118 2036 contra
2164 1982 2480 2057 Pelagianos
2526 1990 2908 2056 collectiones,
2949 1993 3248 2062 rujusmodi
3305 1996 3525 2053 Parisiis

1940 2069 2076 2126 1644
2103 2081 2159 2127 et
2184 2072 2339 2140 165:2,
2376 2075 2591 2129 Loranii
2625 2077 2762 2131 1647
2791 2090 2841 2134 et
2869 2082 2959 2147 48,
2990 2081 3167 2137 Roma:
3198 2082 3356 2151 1652,
3389 2084 3524 2140 Bru-

1936 2164 2256 2220 trellis1654
2295 2177 2349 2223 et
2388 2169 2557 2237 1673,
2589 2172 2910 2244 ethgdnni
2958 2175 3129 2241 1675,
3180 2178 3522 2246 prodierunt.

1939 2252 2045 2310 Sed
2073 2258 2217 2326 quod
2260 2258 2577 2328 miraberis,
2609 2277 2674 2318 ex
2706 2263 2920 2321 Gallicis
2948 2268 3153 2337 aliquot
3178 2271 3521 2337 rersionibus,

1936 2359 2056 2413 qua:
2096 2348 2414 2417 frequenter
2472 2350 2613 2407 intra
2668 2354 2775 2409 ltoc
2828 2359 3062 2427 spatium
3113 2372 3519 2431 provenerunt,

1937 2439 2213 2509 prtecipue
2237 2440 2537 2497 Arnatdinis
2556 2485 2569 2511 ,
2598 2445 2804 2503 fructus
2826 2451 3041 2519 quidam
3074 2453 3141 2507 ad
3181 2462 3388 2511 textum
3420 2456 3523 2514 ltu-

1930 2527 2016 2597 jus
2037 2531 2316 2600 scriptoris
2344 2536 2773 2601 continuandum
2804 2543 3201 2600 redundarunt.

2005 2619 2152 2675 Nova
2174 2622 2417 2693 denique
2436 2689 2439 2691 _
2461 2638 2625 2698 atque
2651 2632 2835 2685 ultima
2867 2634 3039 2690 series
3072 2652 3101 2690 a
3131 2637 3521 2697 BENEDICTINO-

1935 2723 2042 2763 uel
2074 2710 2505 2769 luculentissima
2545 2732 2707 2785 Opera
2730 2720 2962 2775 orditur.
2992 2722 3338 2792 Conspectum
3358 2729 3519 2797 hujus

1936 2799 2187 2857 editionis
2223 2804 2332 2872 jam
2361 2820 2416 2861 a.
2445 2806 2577 2861 1671
2611 2812 2825 2878 publice
2867 2818 3153 2883 proiiosuit
3197 2823 3279 2874 vir
3322 2823 3519 2880 doctus

1935 2889 2385 2964 Congregationis
2414 2896 2675 2954 Maurina:
2700 2940 2715 2966 ,
2750 2903 2840 2972 qui
2873 2919 3060 2960 curam
3091 2907 3235 2965 illius
3264 2912 3317 2965 in
3342 2927 3402 2968 se
3431 2929 3519 2971 re.

1934 2992 2175 3053 ceperat,
2206 2985 2301 3041 sed
2329 2988 2489 3057 paulo
2512 3000 2682 3059 posta
2705 2992 3142 3065 Congregatioue
3166 3001 3369 3069 pulsus,
3395 3004 3496 3060 alii.

1934 3089 2051 3129 eam
2083 3080 2416 3147 provinciam
2459 3084 2656 3142 cedere
2686 3100 2909 3145 coactus
2940 3090 3037 3144 fuit
3074 3090 3270 3150 Franc.
3302 3097 3514 3168 Ilelfuu.

253 3181 423 3241 gusta:
453 3172 834 3226 Vindelicornm
882 3172 1117 3242 imprimi
1159 3183 1408 3227 curasset
1456 3171 1667 3227 Marcus
1712 3172 1828 3227 Vel-

1935 3164 2153 3222 Tradita
2183 3170 2381 3228 deinde
2410 3185 2491 3229 cst
2521 3176 2731 3233 T/tomte
2769 3181 3043 3253 Biampino
3074 3195 3126 3238 et
3173 3184 3329 3242 Petro
3380 3149 3517 3245 (ξοην

255 3281 424 3317 serus.
480 3264 741 3319 Similiter
794 3263 1043 3318 Claudius
1094 3258 1373 3318 Menardns
1426 3265 1831 3335 Andcgavensis

257 3354 478 3408 Parisiis
506 3370 558 3407 a.
586 3353 746 3419 1617,
780 3355 1011 3423 primum
1044 3344 1245 3423 publici
1281 3354 1416 3423 juris
1445 3355 1576 3410 fecit
1604 3356 1732 3409 duos
1765 3357 1831 3410 li-

256 3444 375 3497 t-ros
428 3445 618 3512 priores
659 3454 838 3498 contra
868 3446 1146 3499 secundam
1173 3444 1373 3498 Juliani
1416 3448 1826 3513 responsionem,

255 3551 396 3605 quos
435 3538 612 3592 denuo
660 3538 1019 3606 recognitioui
1050 3552 1162 3592 suae
1193 3538 1422 3605 subjecit
1464 3536 1627 3591 Mida.
1662 3536 1829 3590 Patu-

254 3629 425 3681 danus
475 3627 849 3683 Gandavensis
898 3628 1111 3682 Lovanii
1158 3626 1315 3681 1612.
1372 3628 1547 3683 Porro
1602 3627 1830 3682 Jacobus

259 3721 567 3774 Sirmondus
595 3720 686 3774 XL
712 3720 987 3775 Sermones
1012 3735 1181 3775 novos
1209 3719 1380 3775 edidit
1409 3720 1632 3774 Parisiis
1654 3718 1784 3775 1651
1810 3759 1826 3787 ,

254 3820 311 3866 et
338 3810 561 3866 Joannes
590 3810 769 3865 Marus
801 3812 1073 3867 Sermones
1097 3804 1193 3867 sex'
1222 3826 1345 3867 cum
1392 3811 1704 3882 fragmentis
1733 3812 1830 3866 ali-

255 3910 387 3969 quot
417 3900 594 3955 Romte
617 3900 773 3956 1611.
816 3901 924 3957 Sed
956 3904 1235 3972 sequiores
1274 3903 1381 3958 illa:
1433 3903 1788 3972 repetitiones
1810 3944 1825 3969 ,

255 4000 380 4045 utut
418 3994 690 4047 auctiores
716 3993 915 4048 sensim
938 4036 951 4060 ,
998 4005 1219 4064 prepter
1260 3996 1387 4049 vitia
1418 3995 1605 4051 crebra
1660 3997 1830 4051 multo

256 4083 450 4152 primis
476 4094 604 4139 sunt
633 4085 952 4141 deteriores.
986 4088 1164 4155 Quare
1204 4104 1325 4142 cum
1370 4104 1474 4147 non
1515 4088 1631 4143 sine
1658 4090 1829 4143 mani-

252 4174 395 4230 festo
440 4175 636 4231 damno
683 4188 930 4249 sumptus
985 4182 1035 4233 in
1062 4193 1155 4234 eas
1201 4179 1438 4249 impendi
1483 4179 1828 4250 cognovisset
1920 4222 1925 4225 .

255 4262 609 4332 Hieronymus
659 4265 959 4336 Vignerius,
1010 4270 1273 4339 Congreg.
1318 4269 1551 4324 Oratorii
1592 4271 1653 4324 D.
1700 4271 1825 4327 Jesu

256 4352 433 4407 Paris.
468 4356 761 4427 presbyter,
793 4358 1087 4413 subvenire
1120 4361 1325 4415 studuit
1346 4361 1492 4415 edito
1519 4377 1662 4417 anno
1688 4361 1827 4418 1651

252 4453 309 4498 et
341 4442 492 4509 1655,
522 4446 736 4502 duobus
768 4449 924 4504 tomis
954 4449 1325 4519 Supplementa
1350 4452 1576 4506 omnium
1604 4452 1825 4523 Operam

252 4536 527 4604 Augustini
556 4548 675 4591 ante
706 4556 756 4592 a.
792 4539 930 4594 1614
966 4541 1352 4609 impressorum,
1377 4557 1484 4611 quo
1514 4553 1825 4612 comparato

250 4628 494 4695 quamvis
524 4630 919 4698 antiquiorem,
960 4645 1053 4687 seu
1084 4632 1327 4699 Erasmi,
1373 4648 1468 4688 seu
1514 4633 1821 4691 Lovanien-

247 4718 387 4769 sium
412 4718 705 4775 editionem
728 4722 933 4792 absque
955 4722 1175 4791 damno,
1206 4724 1370 4778 immo
1392 4725 1573 4780 fructu
1602 4727 1818 4796 majori,

248 4806 484 4862 retinere
529 4810 757 4873 studiosi
810 4822 1051 4882 possent.
1091 4815 1265 4870 Simul
1294 4831 1383 4869 sea:
1426 4815 1601 4872 libros
1646 4828 1822 4872 contra

250 4900 520 4951 secundum
545 4902 927 4971 responsionem
951 4902 1155 4958 Iuliani
1175 4907 1357 4973 operis
1376 4906 1640 4976 ejusdem,
1669 4908 1821 4977 cujus

248 4986 387 5042 duos
432 4990 599 5045 libros
642 4993 874 5062 primum
922 4997 1166 5052 ediderat
1194 4997 1501 5064 Menardus,
1534 4999 1819 5068 variosque

247 5078 465 5147 insuper
497 5081 773 5138 Sermones
800 5093 856 5139 et
883 5086 1153 5141 Tractntns
1193 5101 1363 5158 usque
1409 5088 1537 5142 dum
1585 5089 1820 5146 ineditos

244 5171 472 5225 addidit.
504 5174 585 5228 Ad
617 5176 894 5244 exemplar
929 5177 1265 5235 Lovaniense
1290 5194 1350 5235 se
1378 5192 1817 5250 composuerunt,

243 5278 367 5332 qua:
404 5265 474 5317 ab
518 5275 765 5322 extremo
795 5269 991 5324 satenlo
1032 5286 1118 5325 xvt
1162 5286 1332 5341 usque
1376 5273 1441 5326 ad
1486 5272 1648 5329 tinem
1705 5290 1819 5330 xvtt

242 5357 473 5409 seorsim
502 5356 709 5425 singula
748 5369 840 5413 aut
888 5361 1037 5429 plura
1072 5363 1305 5419 invicem
1330 5364 1487 5433 juxta
1516 5370 1814 5436 argumenti

242 5447 565 5501 affinitatem
597 5463 800 5503 excusa
855 5460 981 5505 sunt
1031 5454 1312 5523 Augustini
1361 5458 1585 5525 scripta.
1629 5458 1818 5527 Cujus-

242 5538 387 5592 modi
416 5539 948 5610 suutConfessiones,
987 5542 1312 5615 Wireeburgi
1352 5546 1507 5613 1581,
1534 5559 1589 5603 et
1621 5549 1818 5603 Turoni

240 5626 410 5690 1588;
459 5627 533 5680 De
574 5628 793 5683 Civitate
833 5631 927 5684 Dei
967 5632 1268 5704 Antuerpfaz
1300 5633 1463 5701 1600;
1514 5636 1724 5692 Geneva:
1764 5648 1818 5693 ct

238 5717 484 5788 Lugduni
518 5719 682 5789 1610;
721 5720 936 5778 Parisiis
960 5723 1127 5794 1613,
1174 5724 1341 5794 16⁸66,
1394 5727 1552 5795 1651;
1591 5729 1817 5787 Franco-

1934 3259 2125 3326 tantio,
2177 3262 2376 3331 quibus
2417 3280 2513 3336 per
2542 3270 2882 3327 occasionem
2924 3274 3013 3328 alii
3048 3276 3264 3343 quidam
3303 3281 3517 3337 sodales

1931 3348 2265 3420 diligentiam
2289 3370 2442 3411 suam
2471 3364 2907 3419 commodarent.
2934 3367 3037 3421 Sed
3067 3369 3370 3427 Mabillouii
3395 3388 3516 3443 par-

1932 3450 2013 3496 tes
2039 3443 2093 3497 in
2121 3444 2221 3502 hoc
2247 3452 2463 3517 negotio
2492 3456 2653 3509 nulla:
2686 3455 2905 3512 fuerunt
2925 3499 2938 3523 ,
2984 3472 3344 3533 prmterquam
3368 3469 3512 3535 quod

1931 3534 2213 3600 epistolam
2233 3545 2686 3609 nuncupatoriam
2722 3547 2786 3600 ad
2815 3564 2993 3616 regem
3017 3552 3343 3608 Ludovicem
3370 3534 3510 3626 XIV,

1929 3634 2083 3703 cujus
2136 3638 2390 3708 auspiciis
2444 3650 2617 3698 totum
2671 3660 2807 3714 Opus
2854 3649 3150 3719 gestiebat,
3202 3654 3513 3716 elaborasse

1929 3734 2104 3791 dictus
2124 3748 2228 3795 est.
2254 3740 2298 3795 A
2326 3743 2494 3811 c0piis
2520 3746 2722 3802 criticis
2743 3758 2797 3803 et
2823 3749 3104 3820 diligentia
3133 3754 3404 3813 editorum
3426 3771 3511 3816 est

1929 3837 2476 3895 consummatissima.
2505 3842 2773 3913 imprimis
2796 3857 2980 3903 autem
3009 3866 3145 3906 nova
3170 3854 3504 3925 singulorum

1928 3933 2250 4001 scriptorum
2276 3938 2342 3993 ad
2368 3949 2667 4012 temporum
2700 3948 2961 4004 rationem
2997 3951 3347 4013 discussioet
3377 3976 3504 4030 spu-

1928 4032 2129 4087 riorum
2161 4050 2189 4089 a
2226 4040 2473 4107 genuinis
2505 4042 2898 4103 discriminatio
2929 4053 3313 4111 ecclesiastica:
3338 4059 3506 4116 histo—

1928 4134 2025 4188 ria:
2054 4135 2251 4191 studiis
2266 4154 2520 4209 perquam
2547 4145 2797 4201 salutaris
2827 4153 3264 4210 commendatur.
3298 4157 3502 4217 Recudi

1925 4252 2043 4292 eam
2090 4236 2216 4295 fecit
2262 4230 2323 4297 et
2373 4260 2478 4300 uno
2520 4240 2801 4305 volumine
2834 4252 3103 4310 variarum
3154 4258 3219 4312 ad
3269 4264 3507 4323 maxime

1924 4337 2163 4394 illustres
2184 4326 2467 4413 Augustini
2492 4351 2895 4406 controversias
2914 4353 3359 4414 dissertationum
3386 4377 3510 4416 sua-

1928 4455 2155 4510 rumque
2186 4441 2330 4499 itaud
2379 4447 2622 4518 vulgaris
2676 4463 2818 4507 notae
2867 4456 3307 4515 observatiouum
3358 4469 3505 4518 auxit

1929 4540 2018 4595 J0.
2050 4542 2280 4598 Clericus
2310 4546 2605 4621 Antuerpia’
2625 4566 2719 4608 seu
2741 4554 3111 4613 Amstelodami
3136 4559 3314 4615 verius
3348 4561 3509 4616 1700—

1930 4641 2097 4712 1703,
2136 4660 2244 4714 quo
2275 4647 2474 4702 factum
2506 4661 2619 4717 est,
2673 4662 2736 4707 ut
2780 4654 2846 4709 ad
2880 4657 3062 4723 plures
3116 4657 3307 4711 saltem
3365 4659 3506 4714 inter

1928 4739 2298 4800 Protestantes
2328 4760 2455 4800 usus
2487 4745 2647 4816 hujus
2678 4749 2931 4805 editionis
2958 4754 3267 4821 pertingere
3314 4767 3505 4826 potue-

1927 4839 2019 4893 rit.
2045 4839 2189 4897 ltalis
2218 4858 2322 4897 non
2353 4859 2503 4915 teque
2526 4847 2789 4914 placuisse
2812 4848 3044 4903 videtur.
3078 4850 3205 4906 Nam
3239 4853 3503 4913 Parisien-

1926 4957 2029 4994 sem
2049 4942 2520 4999 Beuedictinorum
2533 4987 2545 5011 ,
2568 4948 2890 5016 autographa
2907 4950 3242 5025 undequaque
3259 4957 3502 5025 similem,

1916 5036 2025 5105 jam
2083 5052 2227 5094 anno
2280 5041 2418 5095 1706
2468 5043 2662 5096 iterum
2715 5045 2867 5113 prelo
2899 5053 3238 5109 committere
3284 5059 3503 5124 parabat

1916 5132 2150 5215 Joannes
2183 5137 2332 5207 Bapt.
2374 5137 2665 5212 Clareltns,
2703 5149 3069 5217 typograpbus
3100 5154 3368 5226 Venetus,
3406 5175 3501 5226 pu-

1924 5238 2164 5307 bliceque
2194 5238 2247 5293 id
2284 5226 2568 5295 consilium
2600 5244 2927 5314 signiﬁcavit
2962 5253 3129 5307 misso
3160 5256 3226 5308 ad
3257 5257 3499 5311 eruditos

1923 5336 2284 5405 Protrepticn,
2316 5340 2370 5394 in
2410 5357 2517 5411 quo
2546 5348 2963 5417 Antuerpieusis
3006 5355 3172 5409 editio
3218 5360 3352 5412 male
3397 5360 3497 5426 ipsi

1919 5434 1989 5488 ob
2021 5434 2178 5489 iidem
2201 5447 2254 5492 et
2277 5439 2609 5497 voluntatem
2637 5444 2832 5501 Clerici
2856 5449 3135 5514 audiebat;
3168 5468 3257 5521 qm
3278 5454 3310 5508 d
3346 5463 3498 5527 turpe

1923 5546 2098 5590 tamen
2130 5543 2416 5606 quaeswosi
2442 5547 2727 5614 mangonis
2745 5550 3031 5603 artiﬁcium
3056 5568 3164 5606 non
3190 5570 3325 5624 opus
3354 5570 3497 5616 erat.

1922 5646 1979 5691 ut
2022 5637 2219 5692 Oudini
2271 5639 2435 5696 bilem
2468 5655 2709 5700 moveret
2738 5656 2792 5701 et
2823 5648 2887 5701 ad
2917 5649 3110 5705 Clerici
3143 5658 3495 5723 patrocinium

1926 5739 2326 5811 suscipiendum
2353 5756 2497 5809 cum,
2527 5745 2627 5814 ipsi
2659 5745 2880 5802 minime
2913 5748 3211 5823 faventem,
3262 5756 3491 5820 impelle-
