3882 6330
399 311 466 366 ΑἹ
1285 296 1836 363 SUPPLEMENTUM
1878 302 1967 356 AD
2006 299 2234 356 OPERA
2277 302 2332 355 S.
2378 300 2764 358 AUGUSTINI.
3585 304 3655 355 ιε

395 437 477 484 ret
509 426 623 498 (α).
660 425 927 478 Cmtcrum
973 420 1306 489 ignoramus,
1338 432 1403 471 an
1429 415 1647 471 Clarelli
1679 416 1821 469 istud
1845 430 1973 468 con-
2002 414 2052 472 A
2080 426 2301 480 pressa}.
2359 411 2528 466 Nullae
2579 420 2801 467 exstant
2852 415 3165 484 paginarum
3209 414 3539 470 foliorumve
3567 416 3653 470 vel

392 519 576 572 silium
611 527 918 569 successum
950 510 1235 573 habuerit,
1264 510 1358 563 sed
1392 508 1573 577 procul
1618 508 1782 561 dubio
1831 506 1969 560 hand

394 609 623 661 multum
650 606 716 658 ab
746 620 812 658 eo
842 601 1051 656 abludit
1080 615 1167 667 ea,
1192 614 1353 668 quam
1378 614 1428 651 a.
1454 597 1593 652 179.9
1618 607 1671 651 et
1698 598 1973 666 sequenti-

394 699 496 751 bus
528 696 723 751 ibidem
768 694 983 763 prodire
1007 692 1171 761 jussit
1206 690 1435 743 Joannes
1464 689 1695 759 Baptista
1724 687 1964 741 Albrizzi.

466 788 684 855 Reliqua
716 827 727 849 ,
769 799 888 854 qua:
930 783 1220 852 separatim
1250 796 1281 835 a
1312 779 1785 835 Benedictinorum
1839 777 1969 831 inde

395 888 551 932 actate
576 876 629 931 in
662 878 1013 945 Augustinum
1042 874 1237 929 collata
1270 880 1415 935 sunt,
1447 869 1585 923 haud
1610 869 1828 938 capiunt
1859 883 1970 921 ma-

392 969 643 1038 guiﬁcam
683 966 1231 1021 commendationem.
1282 960 1411 1014 Duce
1454 960 1668 1029 quidem
1720 956 1969 1029 Ερίδιοιαε

392 1061 460 1110 ad
486 1058 760 1126 Optatum,
797 1056 968 1109 altera
998 1056 1060 1108 de
1094 1053 1294 1106 Natura
1325 1061 1371 1104 et
1409 1050 1620 1118 Origine
1645 1049 1862 1114 Anima’,
1892 1064 1969 1103 at-

394 1160 504 1202 tera
532 1148 593 1200 de
610 1148 771 1218 poenis
796 1148 1146 1215 parvulorum,
1176 1144 1264 1211 qui
1287 1142 1397 1195 sine
1417 1140 1667 1208 baptismo
1692 1139 1964 1203 decedunt,

390 1255 583 1296 recens
625 1255 688 1293 ex
731 1238 919 1291 codice
957 1235 1186 1289 abbatice
1229 1230 1609 1288 Gottwiccusis
1648 1230 1699 1283 in
1748 1230 1967 1283 Austria

390 1330 635 1384 infcriori
657 1338 823 1382 erutae
850 1335 1007 1390 sunt,
1051 1324 1263 1378 Vienna:
1293 1321 1430 1374 1752
1458 1332 1510 1375 et
1542 1319 1757 1374 Parisiis
1784 1322 1966 1372 iterum

380 1421 527 1473 1754
560 1420 858 1486 impressae.
905 1416 1203 1469 Memorato
1246 1414 1413 1468 etiam
1450 1412 1607 1480 digna
1634 1410 1847 1465 videtur
1874 1408 1960 1463 Jo.

390 1510 632 1564 Schilteri
675 1509 758 1562 lC.
810 1506 976 1560 editio
1025 1506 1147 1560 libri
1204 1506 1265 1559 de
1313 1503 1581 1575 Coujugiis
1626 1500 1961 1563 adulterinis,

382 1602 528 1659 lente
562 1600 729 1665 1698;
764 1615 790 1653 a
833 1600 1026 1669 quibus
1056 1607 1284 1663 cmtcra,
1336 1597 1499 1651 ueluti
1540 1592 1829 1647 Trlcassint'
1869 1591 1957 1647 ed.

383 1694 644 1748 librorum
677 1693 738 1747 de
759 1690 939 1745 Gratia
957 1700 1133 1743 contra
1156 1688 1425 1761 Pelagium
1445 1697 1489 1741 et
1511 1686 1818 1753 Ctelestium,
1843 1683 1956 1738 Mo-

2076 502 2409 573 plagularum
2443 514 2605 559 notae.
2644 506 3108 571 Distinctionibus,
3145 522 3273 577 quas
3295 516 3565 561 commata
3603 517 3656 562 et

2077 604 2271 663 puncta
2306 596 2666 665 appellamus,
2703 597 2935 652 inseruit
2968 597 3165 652 lineola
3215 597 3513 666 duplicata,
3550 614 3649 668 qua

2073 687 2210 742 alias
2264 688 2607 757 grammatici
2662 690 2714 742 in
2745 688 2927 743 verbis
2952 688 3323 758 bicompositis
3350 690 3424 743 uti
3456 689 3650 751 soleat,

2073 795 2344 849 quamque
2371 781 2490 853 ὕφεν
2508 789 2721 837 vocant.
2742 780 3057 837 Tribuimus
3079 797 3209 836 vero
3232 782 3357 836 huic
3388 781 3648 835 volumini

2072 873 2247 928 locum
2279 875 2427 929 inter
2480 877 2743 944 opuscula
2795 883 3019 944 pr0pter
3048 875 3389 942 sequentium
3422 890 3545 929 cum
3585 889 3652 928 eo

2070 962 2508 1031 similitudinem,
2542 980 2666 1035 qua:
2694 965 2740 1019 si
2767 979 2872 1019 non
2904 965 3093 1019 eodem
3114 979 3280 1030 anno,
3314 974 3552 1019 attamen
3590 980 3653 1019 ex

2073 1055 2261 1110 eadem
2312 1055 2535 1109 ofﬁcina
2583 1072 2715 1112 vere
2768 1057 3109 1127 prodierunt,
3154 1067 3211 1112 ut
3242 1072 3383 1111 nunc
3433 1058 3653 1126 quidem

2069 1146 2477 1215 comparatione
2508 1147 2841 1216 singulorum
2874 1149 3013 1202 inter
3037 1162 3096 1203 se
3118 1147 3323 1201 inducti
3343 1150 3653 1217 opinamur,

2069 1246 2125 1291 et
2155 1239 2424 1307 egregiam
2475 1238 2611 1293 artis
2656 1238 3046 1308 perfectionem
3099 1240 3150 1292 in
3183 1237 3369 1306 paucis
3426 1238 3655 1306 plagulis

2067 1331 2380 1385 ostendunt.
2428 1330 2628 1399 Nempe
2665 1332 2761 1384 tria
2790 1371 2804 1395 ,
2847 1346 2963 1400 quae
3009 1337 3310 1400 sequuntur
3351 1329 3651 1392 volumina,

2070 1418 2263 1472 eodem
2295 1419 2633 1485 charactere,
2665 1419 2759 1473 sed
2791 1420 3113 1474 nitidissimo
3144 1427 3197 1473 et
3218 1433 3323 1488 quo
3353 1418 3653 1474 absolutius

2071 1508 2171 1561 huc
2201 1509 2251 1560 in
2278 1524 2479 1578 genere
2521 1510 2613 1563 vix
2646 1511 2939 1580 quidquam
2975 1511 3100 1581 tingi
3135 1512 3325 1579 possit,
3375 1510 3429 1563 in
3459 1510 3651 1564 charta

2067 1597 2221 1666 longe
2248 1600 2452 1668 optima
2488 1609 2547 1655 et
2578 1600 2830 1668 fulgenti,
2869 1603 3055 1670 pagina
3090 1600 3262 1655 lineas
3290 1600 3358 1654 27
3386 1600 3654 1668 complec-

2067 1696 2241 1752 tente,
2282 1689 2543 1757 impressa
2581 1701 2728 1744 sunt.
2762 1691 3030 1746 Ca'terum
3083 1691 3457 1744 characterum
3510 1698 3653 1746 nota

384 1794 527 1853 gttnt.
563 1782 726 1844 1687;
772 1781 921 1834 Liber
966 1782 1027 1835 de
1058 1779 1356 1833 Hirresibus
1401 1778 1708 1847 Cantabrig.
1742 1774 1880 1830 1687
1910 1783 1963 1830 et
1995 1768 2040 1826 B
2067 1782 2232 1836 nullm
2285 1796 2511 1851 prorsus
2542 1792 2862 1848 cernuntur,
2897 1798 2999 1838 nec
3029 1784 3158 1850 loci,
3190 1797 3290 1838 nec
3328 1782 3453 1837 anni
3486 1782 3651 1839 unum

382 1874 557 1926 Oxon.
594 1871 757 1935 1721;
791 1871 1071 1939 Speculum
1112 1870 1383 1940 Augustini
1407 1885 1436 1921 a
1472 1867 1727 1921 Tommasi
1757 1866 1960 1921 editum

384 1968 561 2023 [ionice
608 1968 774 2033 1679;
803 1966 1186 2023 Confessiones
1215 1983 1336 2023 cum
1365 1967 1734 2037 prolixissimo
1767 1963 1958 2018 Fratre.

382 2058 689 2129 Archaugeli
736 2060 797 2111 de
836 2056 1245 2111 Prcescntatione
1276 2057 1670 2111 commentario
1700 2042 1965 2124 evulgatus

385 2149 662 2204 Florentia:
691 2148 849 2213 1757,
883 2157 936 2203 et
968 2149 1169 2211 libelli,
1212 2163 1346 2218 quos
1377 2162 1548 2217 nuper
1577 2146 1788 2217 Teegius
1816 2145 1962 2199 Thu-

381 2243 565 2311 ringus
589 2242 653 2296 ad
673 2241 1143 2296 Benedictinorum
1168 2240 1477 2309 exemplum
1498 2239 1958 2309 typographorum

381 2334 623 2387 formulis
669 2333 900 2387 exscribi
949 2333 1073 2387 fecit
1115 2332 1306 2402 Lipsiae
1334 2331 1496 2398 1767,
1528 2331 1597 2384 69
1622 2342 1671 2385 et
1702 2331 1769 2384 70
1802 2331 1961 2400 longo

381 2423 663 2477 intervallo
689 2422 909 2476 distant.
956 2422 1011 2476 ln
1045 2425 1144 2477 hoc
1176 2432 1325 2476 tanto
1350 2430 1529 2476 autem
1558 2420 1842 2490 Augustini
1878 2436 1961 2474 re-

380 2514 605 2568 centiori
647 2524 805 2568 rotate
848 2515 1093 2584 neglectu
1136 2512 1432 2582 Optandum
1485 2513 1659 2579 foret,
1691 2519 1784 2577 ut,
1815 2512 1959 2583 quod

380 2606 655 2660 Parisinus
683 2605 901 2675 quidam
940 2605 1040 2660 Ph.
1084 2606 1151 2660 D.
1179 2606 1385 2660 Pierres
1416 2618 1641 2661 exorsus
1669 2616 1784 2659 erat
1806 2606 1961 2660 insti-

381 2708 574 2763 tutum,
610 2700 873 2768 praeclaro
902 2701 1195 2769 specitnine
1225 2700 1279 2754 in
1307 2698 1632 2754 nitidissima
1666 2696 1962 2770 Confessio-

379 2807 499 2844 num
515 2790 884 2860 descriptione
905 2808 955 2845 a.
985 2792 1120 2847 1776
1146 2794 1446 2861 proposito,
1474 2807 1577 2846 non
1602 2792 1956 2858 deseruisset,

379 2891 472 2935 aut
517 2881 608 2934 alii
658 2881 711 2932 in
768 2882 931 2933 simili
980 2882 1346 2934 subsidiorum
1397 2881 1711 2933 criticowm
1745 2882 1958 2933 fortuna

379 2971 743 3027 imitarentur.

448 3061 555 3115 Sed
583 3071 919 3113 transeamus
941 3058 1153 3111 tandem
1184 3059 1248 3111 ad
1280 3058 1504 3111 Annales
1530 3057 1814 3110 editionum
1840 3056 1952 3111 Au-

2066 1872 2348 1927 indicium.
2372 1872 2827 1943 Complectuntur
2851 1883 3031 1929 autem
3057 1891 3073 1929 :

2136 1965 2197 2019 1°
2232 1963 2454 2018 Librum
2482 1965 2546 2019 de
2574 1965 2753 2036 Agone
2777 1964 3075 2021 Christiano
3100 1982 3203 2021 una
3228 1981 3351 2021 cum
3393 1966 3562 2036 ipsius
3583 1963 3650 2020 de

2064 2054 2256 2109 eodem
2298 2055 2531 2124 judicio,
2567 2072 2631 2110 ea:
2661 2056 2803 2111 libris
2832 2056 3313 2123 Retractationum;
3365 2056 3557 2111 librum
3590 2056 3653 2109 de

2064 2145 2317 2201 Sermone
2364 2146 2580 2201 Domini
2622 2148 2675 2200 in
2722 2158 2893 2202 monte
2924 2148 3115 2214 habito,
3160 2148 3313 2219 cujus
3361 2149 3414 2203 in
3447 2148 3552 2202 ﬁne
3582 2148 3649 2201 ad

2061 2238 2266 2293 calcem
2298 2238 2587 2294 voluminis
2621 2255 2634 2291 :
2678 2238 2909 2307 Explieit
2947 2240 3074 2292 liber
3103 2241 3299 2308 primus
3348 2239 3481 2293 beati
3511 2239 3645 2310 Aug.

2063 2331 2127 2385 de
2161 2330 2211 2384 Μ
2220 2341 2431 2385 ontana.

2131 2422 2195 2474 2°
2242 2422 2552 2476 Tractatum
2574 2422 2638 2475 de
2683 2419 2837 2493 Fuga
2882 2420 3199 2485 mulierum;
3248 2427 3321 2473 tr.
3360 2421 3423 2474 de
3472 2420 3651 2474 Conti-

2063 2513 2278 2577 nentia;
2309 2512 2508 2566 librum
2532 2512 2597 2565 de
2633 2511 2940 2578 Contemptu
2961 2511 3173 2576 mundi;
3202 2509 3488 2578 Epistolam
3512 2510 3651 2562 beati

2063 2602 2317 2657 Ieronimi
2356 2603 2424 2655 ad
2455 2600 2742 2656 Paulinum
2790 2600 3163 2670 presbiterum;
3212 2600 3486 2654 Sermones
3514 2597 3647 2651 duos

2062 2694 2340 2763 Augustini
2363 2694 2429 2747 de
2457 2694 2716 2746 communi
2742 2693 2847 2745 vita
2875 2691 3126 2744 clericoru
3139 2708 3201 2755 τι,
3232 2691 3325 2759 qui
3356 2689 3653 2758 incipiunt,

2064 2783 2289 2853 Propter
2310 2784 2449 2854 quod
2478 2782 2640 2848 volui,
2664 2790 2798 2847 elc.,
2830 2789 2877 2834 et
2907 2780 3151 2833 charitati
3172 2788 3372 2846 vestrm,
3398 2788 3506 2834 etc.

2134 2877 2193 2929 5°
2226 2876 2454 2927 Omelias
2502 2876 2562 2927 Β.
2606 2873 2916 2941 Augustini,
2978 2880 3033 2925 et
3062 2871 3239 2938 primo
3275 2870 3339 2924 de
3385 2885 3468 2937 eo,
3515 2870 3651 2940 quod

2062 2961 2347 3014 Psalmista
2369 2963 2441 3013 ait
2470 2976 2489 3012 :
2521 2961 2647 3027 Quis
2685 2971 2760 3015 est
2790 2963 2959 3025 homo,
2988 2962 3078 3029 qui
3125 2962 3231 3013 uult
3254 2962 3407 3014 vitam
3436 2970 3480 3015 et
3509 2962 3659 3029 cupit

2058 3051 2231 3104 videre
2251 3051 2358 3104 dies
2391 3050 2590 3115 bonos;
2617 3080 2688 3090 —-
2715 3050 2961 3105 secundo
3010 3050 3072 3102 de
3100 3066 3160 3105 eo
3178 3092 3192 3117 ,
3224 3052 3361 3121 quod
3401 3052 3647 3124 scriptum

378 3150 602 3220 gustini,
628 3162 760 3218 quos
792 3148 1013 3217 quidem
1044 3148 1115 3200 ita
1145 3147 1628 3216 descripsimus,ut
1648 3145 1685 3199 l.
1717 3145 1957 3215 Scripto-
1988 3123 2032 3185 C
2065 3149 2139 3195 est
2170 3156 2189 3193 :
2224 3139 2357 3194 Esto
2374 3142 2699 3194 consentiens
2729 3140 3029 3194 adversario
3057 3149 3165 3207 tuo,
3198 3150 3302 3195 t—te.
3333 3141 3402 3195 Et
3429 3123 3514 3212 qui
3543 3142 3655 3196 odit

378 3256 494 3294 rum
520 3239 847 3293 collectorum
868 3253 896 3291 a
920 3238 1105 3307 primis
1132 3236 1316 3291 initiis.
1335 3238 1400 3290 ll.
1435 3234 1779 3305 Singulorum
1807 3236 1959 3303 juxta

381 3333 582 3387 seriem
639 3340 952 3385 consuetam
986 3347 1011 3383 a
1045 3331 1204 3384 nobis
1252 3338 1708 3400 proponerentur.
1752 3328 1961 3395 Quibus

382 3426 638 3481 omnibus
663 3425 925 3481 absolutis
946 3423 1280 3495 paragrapho
1306 3422 1561 3493 peculiari
1587 3421 1829 3491 quaedam
1854 3435 1959 3475 non

381 3519 592 3574 inutilia
642 3519 705 3572 de
742 3517 1185 3587 Epitomatoribus
1209 3559 1225 3581 ,
1269 3515 1681 3587 Deﬂoratoribus
1724 3522 1780 3569 et
1809 3514 1961 3567 Com-

379 3610 745 3688 mentatoribus
777 3610 1074 3681 Augustini,
1108 3618 1216 3664 tam
1242 3608 1500 3678 antiquis,
1531 3622 1691 3676 quam
1725 3607 1961 3662 recenti-

388 3707 509 3773 bus,
543 3705 921 3775 subjirientur.
942 3702 1222 3771 Ejusmodi
1253 3712 1432 3756 autem
1461 3701 1681 3768 scripta,
1710 3715 1829 3769 quas
1851 3715 1957 3753 non

382 3807 492 3851 tam
524 3794 861 3863 explicandis
889 3802 980 3845 ant
1005 3792 1442 3847 commentandis
1479 3790 1645 3846 certis
1677 3792 1960 3859 Augustini

377 3888 529 3942 .ibris
556 3886 874 3946 inserviunt,
898 3898 1058 3952 quam
1078 3882 1147 3936 de
1169 3883 1414 3936 doctrina
1434 3881 1819 3951 Augustinivel
1843 3884 1963 3937 uni-

378 3986 563 4039 versa,
590 3975 674 4028 vel
706 3974 773 4028 de
801 3972 1031 4040 singulis
1067 3973 1211 4027 illius
1238 3972 1505 4039 capitibus
1536 3972 1651 4027 sive
1679 3971 1957 4028 inStruen-

376 4066 454 4128 di,
486 4080 580 4119 seu
612 4061 1001 4125 convincendi,
1050 4072 1142 4116 aut
1188 4062 1395 4116 alienas
1441 4060 1732 4128 opiniones
1767 4062 1958 4117 redar-

375 4154 570 4225 guendi
618 4167 779 4208 causa
836 4161 1089 4214 tractant,
1141 4153 1282 4207 intra
1330 4151 1527 4206 limites
1568 4152 1747 4221 operis
1801 4152 1958 4220 hujus

374 4244 518 4299 haud
551 4252 674 4314 apte
701 4246 815 4314 cogi
850 4256 1010 4312 posse
1033 4242 1279 4297 arbitrati
1322 4256 1527 4295 sumus.

842 4414 1189 4457 ABTICULUS
1235 4414 1470 4457 PRlMUS

494 4546 822 4597 Collectioncs
844 4541 1062 4603 Operam
1086 4549 1137 4591 et
1164 4542 1519 4603 Opusculorum
1546 4545 1824 4603 Augustini.

987 4684 1203 4725 θεουιο
1233 4686 1324 4724 XV.

442 4785 599 4840 M73.
634 4786 885 4850 Colonia,
917 4782 1062 4838 iit-8°
1090 4782 1219 4853 maj.
1246 4782 1570 4851 Augustinus
1592 4781 1658 4836 de
1692 4780 1842 4836 Fide.
1869 4783 1948 4836 Ab

370 4874 528 4931 initio
564 4891 578 4927 :
613 4872 804 4945 Incipit
831 4874 962 4928 liber
989 4873 1153 4928 sancti
1176 4872 1453 4944 Augustini
1477 4871 1544 4923 ad
1578 4870 1785 4924 Petrum
1828 4870 1950 4925 Dia-

368 4982 556 5020 conum
579 4966 643 5019 de
671 4967 794 5033 ﬁde.
826 4965 881 5018 lu
909 4965 1046 5019 line:
1076 4966 1230 5021 Liber
1249 4967 1345 5020 iste
1373 4963 1434 5020 S.
1456 4963 1733 5034 Augustini
1759 4964 1821 5017 de
1849 4964 1952 5032 [ide

369 5056 624 5111 catholica
646 5056 717 5108 ad
750 5054 965 5107 Petrum
982 5054 1269 5109 Diaconum
1298 5055 1526 5111 Colonia:
1553 5055 1829 5123 impressus
1851 5063 1949 5108 est.

369 5146 439 5200 In
494 5146 669 5216 vigilia
722 5143 889 5197 sancti
930 5141 1189 5196 Johannis
1242 5144 1494 5213 Baptiste.
1550 5146 1697 5200 Anno
1747 5145 1950 5199 domini

367 5235 637 5292 DLCCCC.
666 5234 1037 5311 septuagesimo
1066 5235 1241 5287 tercio.

436 5329 734 5386 Character
764 5326 928 5397 huius
953 5326 1249 5381 voluminis
1298 5337 1379 5383 est
1407 5327 1668 5382 Gothicus
1696 5331 1951 5399 antiquus

366 5422 697 5487 luculentus,
730 5420 915 5475 charta
939 5419 1129 5484 densa,
1158 5419 1366 5486 paginae
1396 5418 1554 5471 lineis
1592 5417 1713 5471 latis
1742 5421 1810 5474 26
1844 5422 1947 5475 im-

433 5667 448 5727 l
472 5667 534 5737 ο)
558 5668 845 5737 Ruperitnr
868 5667 1077 5722 Clarclli
1105 5670 1327 5729 epistola
1357 5668 1407 5721 in
1441 5670 1581 5723 Actis
1606 5668 1938 5723 Erttditorum

365 5736 511 5804 Lips.
548 5736 700 5789 Febr.
741 5736 895 5804 1707,
925 5754 1081 5807 pagg.
1108 5739 1301 5793 94-96.
1348 5740 1501 5792 Conf.
1535 5740 1771 5792 Uudinus
1800 5739 1925 5794 Com

2071 3230 2283 3299 fratrem
2309 3246 2481 3294 suum,
2522 3229 2786 3283 homicida
2832 3239 2951 3293 est;
2989 3260 3060 3268 —
3088 3231 3251 3284 tertio
3293 3232 3357 3285 de
3385 3247 3467 3296 eo,
3513 3232 3655 3301 quod

2064 3321 2318 3375 Dominus
2364 3323 2436 3375 ait
2456 3338 2472 3374 :
2496 3320 2713 3392 Diligite
2742 3322 2975 3376 inimicos
3006 3332 3235 3387 vestros;
3258 3352 3329 3362 —
3352 3333 3545 3392 quarto
3588 3324 3659 3377 de

2062 3427 2144 3477 eo,
2173 3412 2311 3481 quod
2339 3413 2586 3479 scriptum
2612 3414 2763 3465 estin
2792 3410 2947 3466 Ysaia
2985 3428 3003 3466 :
3030 3412 3237 3478 Clama,
3260 3429 3322 3467 ne
3355 3429 3515 3469 cesses
3538 3430 3558 3477 ;
3579 3443 3653 3455 —-

2063 3503 2250 3574 quinto
2290 3504 2355 3557 de
2383 3518 2443 3557 eo
2471 3503 2609 3573 quod
2642 3504 2921 3572 Apostolus
2944 3504 3017 3557 ait
3045 3519 3064 3558 :
3095 3503 3265 3558 Radix
3288 3504 3515 3558 omnium
3540 3522 3653 3560 ma-

2062 3596 2229 3649 lorum
2268 3594 2555 3662 cupiditas;
2577 3604 2813 3651 ——Scxto
2852 3597 2916 3649 de
2950 3612 3041 3663 eo,
3068 3597 3207 3665 quod
3234 3597 3486 3666 scriptum
3534 3608 3652 3653 est:

2063 3683 2274 3751 Beatus,
2299 3686 2384 3754 qui
2416 3694 2527 3753 post
2546 3702 2732 3740 aurum
2763 3702 2867 3741 non
2892 3687 3015 3740 abiit
3038 3703 3057 3753 ;
3078 3688 3401 3757 —-septimo
3448 3690 3510 3743 de
3563 3705 3647 3755 eo,

2061 3779 2201 3848 quod
2226 3778 2502 3850 Apostolus
2524 3780 2634 3833 ait:
2674 3778 3003 3835 Redimentes
3030 3788 3229 3852 tentpus
3245 3796 3360 3835 cum
3383 3782 3493 3838 dies
3522 3782 3649 3836 mali

2062 3879 2202 3924 sunt.

2134 3960 2405 4032 Opuscula
2432 3978 2487 4017 η.
2516 3961 2581 4016 2ο
2612 3971 2670 4018 et
2697 3962 2758 4015 5°
2788 3962 3032 4017 exhibita
3062 3973 3457 4018 commemorat
3483 3965 3649 4020 etiam

2063 4054 2231 4108 Calai.
2264 4052 2542 4109 Crevenna:
2588 4053 2892 4109 novissimus
2923 4054 2983 4109 Τ.
3019 4054 3041 4107 1
3080 4071 3132 4121 p.
3167 4054 3268 4110 106
3300 4054 3501 4119 et107,
3548 4058 3649 4111 edo

2062 4145 2247 4214 dilque
2275 4164 2287 4198 :

2129 4235 2188 4288 4⁸
2210 4234 2428 4289 Librum
2457 4235 2521 4290 de
2549 4234 2842 4306 Disciplina
2870 4232 3170 4291 Christiana
3197 4252 3365 4308 supra
3414 4254 3645 4295 enumeo

2060 4325 2192 4380 ratis
2236 4325 2398 4394 plane
2426 4325 2759 4380 eonformem
2788 4344 2842 4381 η.
2873 4328 3000 4393 470,
3027 4338 3079 4382 et

2129 4416 2191 4470 5°
2218 4415 2519 4472 Sermonem
2570 4433 2740 4486 super
2791 4417 3086 4473 Orationem
3136 4418 3476 4484 Dominicam,
3536 4435 3645 4477 nec

1984 4479 2032 4540 θ
2061 4519 2165 4560 non
2199 4505 2542 4560 Enchiridion
2573 4479 3046 4575 ad-Laurentium;
3086 4525 3139 4563 η.
3173 4508 3276 4564 469
3308 4479 3646 4577 posteriores

2060 4605 2347 4663 tractatus,
2396 4610 2538 4665 quos
2568 4611 2759 4652 omnes
2816 4614 2910 4667 per
2961 4598 3200 4653 Ulricum
3229 4598 3319 4653 Zel
3348 4599 3411 4655 de
3443 4597 3647 4656 [lanna

2061 4691 2201 4741 circa
2234 4687 2374 4741 14το
2414 4702 2650 4742 excusos
2680 4703 2802 4744 esse
2844 4690 3035 4744 statuit
3066 4691 3266 4754 editor,
3319 4699 3535 4746 secutus
3587 4692 3645 4750 in

2056 4793 2121 4833 eo
2148 4778 2408 4846 judicium
2437 4778 2649 4834 Deburii
2680 4780 2733 4834 in
2783 4781 2900 4835 Cal.
2933 4758 3071 4836 diu.
3130 4782 3294 4837 Ducis
3335 4784 3398 4837 de
3427 4783 3480 4838 la
3514 4781 3645 4838 Val.

2060 4871 2121 4925 Τ.
2150 4872 2188 4937 l,
2219 4888 2271 4940 p.
2300 4872 2403 4926 172
2428 4887 2540 4942 sq.,
2570 4874 2663 4943 qui
2692 4890 2746 4928 η.
2779 4875 2886 4929 478
2918 4876 3253 4943 posteriores
3303 4874 3469 4931 hosce
3503 4886 3648 4932 trac~

2052 4972 2196 5019 tatus
2211 4965 2440 5033 amavit,
2468 4966 2675 5022 addens
2692 4967 2920 5035 primum
2939 4984 3151 5034 novem,
3175 4968 3408 5023 alterum
3432 4983 3528 5025 sex
3548 4967 3641 5021 loc
3724 5034 3729 5035 ί

2057 5055 2144 5110 liis
2172 5067 2444 5112 constare.
2481 5057 2683 5114 ibidem
2725 5074 2779 5110 η.
2816 5059 2943 5118 475,
2975 5074 3097 5113 eum
3150 5058 3302 5113 libris
3333 5074 3361 5114 a
3394 5058 3549 5113 nobis
3576 5075 3617 5112 η

2056 5147 2120 5201 2°
2183 5148 2619 5205 commemoratis
2686 5147 2849 5203 simul
2915 5151 3153 5205 existunt
3218 5159 3275 5206 et
3313 5150 3531 5220 quidem
3566 5148 3643 5207 al.

2056 5240 2232 5293 initio.

2130 5334 2190 5385 ϐο
2210 5330 2273 5387 S.
2304 5332 2581 5403 Augustini
2609 5332 2737 5387 liber
2765 5335 2829 5388 de
2856 5334 2976 5388 Vita
3000 5334 3162 5388 beata.
3189 5334 3340 5388 Liber
3370 5335 3432 5389 de
3452 5333 3641 5390 Hone-

2055 5432 2188 5478 state
2216 5426 2509 5480 mulierum.
2541 5424 2767 5480 Libellus
2792 5428 2855 5480 de
2888 5426 3176 5482 Honestate
3208 5427 3347 5482 vitae.

2051 5683 2366 5749 melitioni.
2396 5677 2445 5743 l,
2480 5691 2633 5760 pagg.
2668 5676 2773 5733 985
2793 5692 2879 5746 sq.
