3882 6328
272 330 349 389 ω

1042 449 1195 505 1483.

377 536 613 591 Venetiis
645 552 777 589 cura
800 546 854 591 et
883 538 1121 608 impensis
1152 538 1428 593 Octaviani
1458 540 1601 595 Scoti
1629 542 1750 595 civis
1782 540 1897 595 Mo-

303 628 810 693 doetiensis,in-4°,
841 628 902 681 Β.
932 629 1213 709 Augustini
1239 632 1494 700 opuscula
1524 632 1767 687 Ascetica
1795 632 1897 687 mi-

308 733 469 773 nora.
516 715 801 771 Recenset
831 716 895 771 6.
928 717 1071 789 Pray
1114 718 1167 773 in
1198 721 1501 777 rarioribus
1550 722 1702 777 libris
1748 722 1889 777 Bibl.

311 807 554 863 Budens.
583 806 652 861 Τ.
677 805 719 860 Ι.

1035 896 1193 952 1484.

400 983 632 1043 Venettis
660 1004 746 1055 per
771 986 1031 1041 Andream
1075 990 1138 1041 de
1164 987 1377 1043 Bonelis
1405 992 1468 1045 de
1496 991 1689 1060 Papia,
1718 992 1886 1047 in-4°.

316 1082 383 1139 S.
419 1080 696 1150 Augustini
721 1081 1002 1148 opuscula.
1026 1080 1082 1134 In
1102 1081 1207 1135 line
1237 1097 1251 1134 :
1280 1081 1507 1155 Emplicit
1521 1087 1647 1140 liber
1678 1084 1740 1142 S.
1777 1089 1889 1141 Au-

308 1174 518 1245 gustini
532 1173 598 1225 de
627 1188 740 1226 cera
762 1171 1035 1242 religione,
1060 1180 1108 1224 et
1137 1174 1201 1225 de
1229 1174 1532 1235 clericorum
1571 1178 1678 1230 vita
1723 1180 1890 1232 sancti

308 1262 617 1332 Augustini,
648 1277 738 1314 nec
764 1277 865 1314 non
892 1261 1165 1329 cujusdam
1192 1262 1480 1330 dignissimi
1533 1273 1780 1321 tractatus
1826 1269 1889 1321 de

302 1354 503 1420 spiritu
531 1362 579 1405 et
596 1353 791 1404 anima.
828 1351 940 1416 ραι
961 1352 1133 1403 omnia
1153 1352 1206 1404 in
1231 1352 1329 1405 isto
1354 1353 1483 1407 libro
1522 1357 1884 1411 continentur:

303 1460 425 1497 cum
454 1459 655 1497 summa
683 1443 955 1512 diligentia
985 1458 1074 1511 per
1101 1442 1177 1495 Μ.
1224 1446 1485 1499 Andream
1514 1448 1579 1501 de
1606 1449 1797 1503 bonetis
1824 1452 1888 1505 de

303 1535 472 1601 papia
502 1534 707 1586 renetiis
733 1535 979 1604 impressa
1009 1534 1232 1602 fuerunt.
1256 1537 1435 1593 inclito
1466 1539 1693 1609 principe
1718 1541 1885 1594 Joan-

303 1641 373 1681 ne
396 1626 659 1695 mocenigo
688 1626 1000 1679 venetiarum
1026 1626 1269 1680 duceJI.
1299 1624 1481 1681 CCCC.
1518 1627 1877 1684 LXXXIIII.

305 1716 399 1767 die
425 1713 615 1767 XXII.
648 1714 841 1769 Mensis
872 1714 1025 1772 Julii.

384 1802 572 1858 Insunt
599 1804 809 1868 eadem,
846 1819 965 1872 quae
992 1805 1043 1858 in
1073 1804 1315 1860 editione
1341 1808 1586 1875 sequenti
1616 1810 1877 1878 Argento-
1906 1795 1948 1856 Β

305 1896 517 1950 ratensi
547 1897 785 1949 numeris
803 1894 952 1948 1-22.
981 1897 1327 1950 exhibentur.
1356 1898 1493 1953 llinc
1514 1914 1643 1954 vero
1668 1900 1873 1969 adjecta

298 1994 471 2040 sunt:
502 1986 595 2039 23°
624 1984 833 2040 Eusebii
860 1984 1083 2040 Corradi
1138 1988 1381 2042 canonici
1422 1990 1687 2058 regularis
1717 1990 1877 2046 Late—

296 2076 556 2131 ranensis
582 2074 819 2145 Epistula
851 2075 917 2127 ad
947 2075 1152 2130 Sixtum
1180 2075 1285 2143 IV,
1324 2076 1392 2130 Ii.
1421 2076 1512 2147 P.,
1545 2081 1606 2133 de
1636 2081 1876 2150 auferen-

296 2166 373 2219 do
426 2165 491 2217 ab
536 2165 760 2219 Ecclesia
790 2182 963 2219 errore
1015 2166 1366 2235 scribentium,
1401 2169 1460 2223 S.
1515 2172 1871 2237 AuguSIiuum

297 2259 470 2313 fuisse
494 2260 769 2313 eremitam
795 2275 810 2323 ;
843 2258 942 2311 24°
967 2259 1170 2329 Regula
1192 2262 1251 2315 S.
1281 2262 1553 2330 Augustini
1572 2280 1592 2327 ;
1617 2264 1718 2319 25°
1753 2265 1872 2321 Vita

303 2347 368 2407 S.
406 2348 674 2418 Augustini
721 2352 924 2415 scripta
952 2366 980 2403 a
1007 2350 1070 2403 S.
1132 2349 1396 2415 Possidio,
1442 2355 1681 2424 episcopo
1718 2356 1877 2410 Cala-

307 2443 500 2507 mensi;
528 2441 626 2497 26°
664 2441 876 2496 Eusebii
908 2442 1122 2497 Corradi
1143 2445 1209 2496 ad
1232 2440 1436 2499 Sixtum
1461 2447 1592 2502 lVet
1611 2448 1869 2502 Cardine-

300 2531 384 2584 les
413 2533 723 2596 Aunotatio,
754 2547 852 2587 seu
889 2532 1064 2601 potius
1094 2541 1358 2589 tractatus
1398 2535 1582 2591 brevis
1610 2537 1673 2591 de
1698 2554 1870 2593 errare

295 2623 644 2689 scribentium,
674 2623 737 2677 S.
787 2625 1125 2695 Augustinum
1154 2623 1313 2693 fuisse
1341 2627 1626 2679 eremitam.
1655 2628 1750 2680 27°
1779 2627 1870 2681 Li-

299 2717 397 2768 ber
417 2715 474 2770 S.
497 2716 772 2786 Augustini
798 2722 860 2769 de
879 2716 1078 2769 Anima.
1103 2715 1396 2785 D.ligcnter
1419 2717 1556 2771 hanc
1568 2718 1864 2773 editionem

291 2804 414 2873 jam
456 2805 527 2857 ab
576 2806 698 2859 aliis
747 2804 1131 2875 bibliographis
1180 2807 1359 2861 obiter
1388 2816 1864 2862 commemoratam

294 2893 577 2949 recensuit
611 2892 689 2948 σι.
721 2895 985 2949 Seemiller
1009 2896 1141 2952 lasc.
1166 2911 1248 2963 ttt,
1271 2910 1325 2966 p.
1359 2898 1412 2963 7,
1439 2912 1550 2966 quo
1570 2898 1708 2952 duce
1731 2897 1863 2951 nihil

294 2986 507 3039 certius
537 2984 590 3037 in
623 2984 828 3038 lubrica
857 2986 954 3040 hac
976 2987 1166 3042 semita
1187 2987 1666 3056 deprehendimus.
1686 2988 1768 3043 Ab
1796 3004 1864 3043 eo

1214 338 1488 395 nomn
1529 338 1943 398 LITTERARIA
1984 325 2050 399 1N
2091 343 2147 400 s.
2188 343 2656 408 AUGUSTINUM.

1920 457 1973 513 Α
2070 454 2397 548 "0‘sl
2438 469 2668 548 erpge'rles
2698 464 2812 517 tulit
2844 468 3166 548 Argentina;
3200 481 3460 548 premique

3502 378 3573 430 ευ

2141 525 2400 582 Martinus
2429 525 2584 581 docili
2614 534 2782 588 simus
2808 536 2870 588 ab
2899 525 3006 593 ἅντε
3028 525 3186 599 dedit.

2071 658 2291 713 Litterae
2318 670 2444 716 sunt
2461 661 2724 719 Gothicae.
2758 666 2970 738 Pagina:
2992 675 3263 733 columnis
3293 667 3433 736 binis
3460 684 3566 738 im-

1994 761 2220 817 pressae,
2250 751 2402 820 folia,
2430 768 2528 809 sex
2558 757 2830 825 prioribus
2845 766 3111 833 exceptis,
3137 775 3566 835 numerata.sin-

1993 837 2118 905 gula
2138 839 2313 907 capita
2339 845 2580 899 numeris
2610 847 2725 901 suis
2738 854 3136 920 etargumentis
3156 867 3283 912 sunt
3306 874 3562 929 perquam

1991 930 2276 984 commode
2302 931 2574 989 distincta.
2603 936 2792 993 Insunt
2819 946 3101 1011 sequentia
3133 964 3145 1000 :
3176 948 3234 1001 1°
3263 949 3563 1006 Meditatio-

1990 1035 2101 1088 nes,
2139 1020 2203 1073 2°
2233 1021 2545 1093 Soliloquia,
2571 1028 2633 1083 5°
2662 1027 2911 1086 Manuale
2948 1034 3011 1089 de
3032 1038 3188 1091 verba
3217 1039 3331 1109 Dei,
3362 1042 3423 1094 4°
3452 1042 3562 1098 En-

1989 1110 2244 1165 cltiridion
2269 1113 2336 1165 ad
2361 1112 2714 1182 Laurentium,
2739 1118 2802 1172 5°
2828 1120 2978 1177 Liber
2997 1125 3062 1179 de
3084 1129 3277 1192 triplici
3295 1129 3557 1185 habitacu-

1989 1196 2064 1289 lo,
2084 1199 2147 1253 6°
2177 1200 2350 1257 Scalce
2380 1206 2631 1273 paradisi,
2655 1208 2716 1261 7°
2735 1209 2798 1262 de
2820 1210 3089 1266 duodecim
3116 1217 3426 1272 Abusionum
3443 1238 3559 1289 gra‘

1989 1286 2161 1354 dibus,
2186 1289 2248 1344 8°
2274 1290 2338 1345 de
2359 1290 2521 1347 Beata
2554 1294 2691 1361 Vita,
2721 1300 2783 1352 9°
2807 1298 2872 1352 de
2895 1301 3250 1373 Assumptione
3273 1309 3428 1364 beata:
3442 1286 3557 1363 lla-

1984 1378 2079 1431 rite
2104 1380 2336 1450 virginis,
2364 1383 2457 1438 10°
2488 1386 2551 1439 de
2572 1384 2894 1445 Divinatione
2918 1390 3222 1449 Dwmonum
3242 1411 3416 1453 contra
3441 1401 3553 1454 Pa-

1985 1484 2167 1536 ganos,
2192 1470 2279 1524 11"
2303 1473 2366 1526 de
2398 1472 2682 1530 Honestate
2710 1480 3003 1546 mulierum,
3031 1482 3127 1537 12°
3154 1485 3217 1537 de
3243 1485 3380 1540 Cura
3400 1505 3553 1561 agen-

1985 1558 2053 1610 da
2091 1575 2185 1627 pro
2217 1564 2435 1617 mortuis
2461 1566 2531 1617 ad
2573 1566 2856 1623 Paulinum
2884 1571 3013 1626 Nol.
3043 1573 3167 1645 Ep,
3204 1578 3300 1633 13°
3326 1580 3391 1632 de
3422 1558 3552 1637 i’era

1982 1662 2043 1698 ac
2064 1646 2227 1701 Falsa
2252 1649 2585 1720 Poenitentia,
2617 1657 2711 1713 14°
2734 1658 2797 1712 de
2822 1659 3138 1718 Contritione
3158 1668 3347 1735 cordis,
3378 1669 3470 1724 15°
3489 1674 3552 1725 de

1982 1735 2285 1810 Cmttemptu
2314 1746 2494 1797 mundi
2535 1748 2604 1799 ad
2645 1748 2878 1818 clericos,
2909 1752 3002 1808 16°
3031 1755 3094 1809 de
3117 1755 3475 1814 Convenientia
3496 1760 3548 1815 X

1978 1839 2349 1900 praeceptorum
2371 1844 2416 1887 et
2442 1834 2494 1888 X
2521 1836 2793 1909 plagarum
2820 1841 3178 1913 Egypti,17°
3207 1846 3547 1918 deCognitio-

1976 1931 2037 1967 ne
2058 1930 2187 1971 verte
2213 1921 2347 1986 vilic,
2389 1924 2479 1978 |8°
2512 1923 2891 1998 Confessiones,
2918 1933 3013 1986 19°
3036 1934 3099 1987 de
3125 1934 3370 1989 Doctrina
3396 1936 3546 1991 Citri-

1974 2006 2163 2071 stiana,
2193 2009 2291 2063 20°
2323 2012 2386 2064 de
2410 2012 2541 2067 Fide
2567 2016 2636 2068 ad
2649 2015 2863 2071 Petrum
2878 2018 3185 2091 Diaconum,
3209 2024 3307 2076 21°
3334 2025 3545 2080 Sermo-

1974 2110 2073 2147 nes,
2089 2096 2191 2150 duo
2219 2098 2283 2152 de
2322 2102 2425 2154 vita
2474 2112 2521 2155 et
2554 2106 2778 2159 moribus
2822 2108 3143 2177 clericorum,
3185 2112 3285 2165 22°
3311 2114 3373 2168 de
3410 2114 3543 2169 Vera

1980 2184 2244 2255 Religione
2263 2190 2329 2241 ad
2365 2189 2765 2263 Romanianum,
2797 2194 2895 2250 25°
2923 2197 2989 2251 de
3018 2198 3215 2267 Spiritu
3246 2212 3292 2255 et
3336 2203 3539 2267 Anima,

1972 2274 2071 2329 24°
2100 2278 2164 2330 de
2195 2278 2315 2332 Vita
2341 2279 2635 2336 Christiana
2661 2286 2729 2337 ad
2750 2302 2976 2340 sororem
3001 2305 3144 2341 suam
3186 2293 3408 2358 viduam,
3440 2292 3537 2350 25°

1972 2367 2034 2419 de
2064 2366 2459 2436 Deﬁnitionibus
2484 2376 2786 2430 orthodom
2814 2377 2939 2446 ﬁdei
2970 2389 3016 2433 et
3041 2383 3388 2437 ecclesiasticis
3412 2386 3539 2456 dog-

1969 2459 2212 2527 matibus,
2265 2461 2363 2517 26°
2393 2465 2457 2517 de
2484 2465 2759 2536 disciplina
2799 2468 3115 2537 Christiana,
3138 2471 3236 2525 27°
3266 2474 3446 2530 Sermo
3474 2479 3538 2530 de

1969 2548 2242 2616 charitale,
2270 2550 2369 2605 28°
2398 2554 2460 2607 de
2488 2554 2658 2609 decem
2683 2557 2910 2624 chordis,
2940 2559 3038 2615 29°
3062 2561 3241 2615 Sermo
3272 2565 3332 2618 de
3361 2564 3536 2619 Ebrie-

1969 2648 2089 2703 tate,
2121 2640 2220 2694 30°
2254 2641 2525 2697 Tractatus
2553 2647 2617 2699 de
2642 2650 2868 2702 vanitate
2913 2650 3069 2722 Itujus
3108 2654 3303 2715 sazculi,
3349 2656 3441 2709 51°
3472 2657 3535 2709 de

1971 2728 2266 2782 Obedientia
2302 2742 2351 2783 et
2380 2733 2692 2800 humilitate,
2743 2739 2839 2791 52°
2889 2740 2953 2791 de
2997 2741 3170 2808 Agone
3218 2741 3531 2806 Christiano,

1968 2818 2064 2870 55°
2095 2818 2158 2870 de
2187 2816 2333 2871 Bono
2360 2820 2666 2890 disciplinae,
2693 2822 2789 2876 54°
2825 2824 3031 2892 Regula
3059 2827 3122 2879 de
3150 2830 3405 2879 communi
3435 2831 3535 2882 vita

1967 2907 2294 2976 clericorum,
2326 2911 2424 2964 35°
2459 2910 2768 2966 Posidonius
2799 2914 2863 2968 de
2886 2916 2988 2968 vita
3011 2918 3305 2988 Augustini.
3337 2918 3534 2976 Praece-

1966 2997 2104 3051 dunt
2133 3006 2333 3068 pratter
2359 3000 2499 3055 hunc
2522 3001 2695 3070 ipsum
2720 3006 2954 3058 omnium
2986 3010 3368 3073 Opusculorum
3399 3011 3534 3064 indi-

295 3073 463 3143 igitur
490 3072 766 3139 docemur,
795 3075 976 3128 omnia
1004 3075 1124 3130 haec
1146 3078 1398 3145 opuscula
1420 3076 1609 3131 eodem
1640 3078 1865 3133 charac-

1971 3102 2103 3156 cem,
2136 3090 2438 3158 peculiares
2467 3093 2676 3162 aliquot
2703 3072 3057 3165 quorumdam
3088 3098 3348 3153 librorum
3378 3100 3532 3155 tabu-

293 3174 434 3228 tere,
456 3162 681 3218 Gothico
709 3165 966 3219 nimirum
986 3167 1212 3233 minuto,
1235 3167 1441 3221 duabus
1464 3167 1754 3235 columnis,
1778 3169 1863 3222 ni-

296 3256 426 3309 tida
449 3270 510 3309 ac
541 3256 709 3310 ﬁrma:
737 3257 894 3310 simul
918 3258 1119 3314 charta:
1140 3259 1400 3328 impressa
1428 3275 1568 3315 esse.
1599 3261 1862 3317 Observat

293 3360 459 3415 porro
484 3361 576 3415 per
610 3347 793 3415 priora
825 3346 1010 3416 viginti
1051 3348 1156 3404 duo
1195 3352 1450 3419 Opuscula
1489 3351 1632 3406 loliis
1670 3367 1859 3420 super-

293 3441 527 3508 scriptos
571 3455 692 3494 esse
725 3441 931 3506 titulos,
964 3456 1070 3495 non
1104 3443 1228 3496 item
1258 3443 1312 3497 in
1352 3444 1592 3513 reliquis.
1624 3445 1859 3500 Litteras

294 3530 551 3596 initiales,
581 3532 836 3586 custodes
860 3543 914 3587 et
951 3547 1205 3588 numeros
1245 3535 1555 3604 paginarum
1603 3535 1855 3599 delicere,

291 3620 511 3673 easdem
544 3629 719 3675 tamen
745 3636 864 3677 esse
887 3622 1144 3692 signatas.
1180 3623 1237 3677 lu
1258 3624 1371 3678 Cat.
1409 3623 1542 3678 Bibl.
1576 3625 1705 3696 Reg.
1740 3626 1853 3692 T.l,

291 3725 349 3779 p.
394 3711 516 3777 376,
566 3712 813 3767 laudatur
860 3730 891 3768 a
924 3716 1095 3782 primo
1140 3715 1535 3771 Meditationum
1572 3719 1852 3785 opusculo.

289 3802 407 3857 Nec
438 3818 558 3858 raro
588 3805 749 3858 etiam
781 3804 862 3871 lit,
887 3815 946 3859 ut
972 3806 1170 3875 singuli
1202 3823 1268 3862 ex
1298 3808 1397 3862 hac
1435 3808 1753 3863 collectione
1784 3808 1853 3861 li-

288 3895 374 3950 bri
408 3904 673 3965 tamquam
704 3898 928 3951 seorsim
962 3898 1014 3951 lt.
1046 3901 1083 3953 ι.
1115 3909 1167 3954 et
1193 3914 1241 3953 a.
1275 3903 1493 3964 excusi,
1535 3903 1617 3955 vel
1650 3902 1854 3956 incuria

286 3988 642 4054 scriptorum,
669 3988 753 4041 vel
783 3989 921 4057 quod
942 3990 1109 4043 avulsi
1140 4004 1166 4042 a
1197 3990 1403 4058 reliquo
1431 4006 1655 4058 corpore
1688 3990 1853 4044 inter-

287 4077 421 4133 dum
451 4077 761 4143 obveniant,
790 4092 1307 4135 commemorentur.

998 4186 1150 4243 1489.

371 4278 686 4342 Argentorati
716 4296 805 4349 per
832 4278 1046 4333 Merlin.
1080 4278 1261 4334 Flaclt.
1293 4279 1472 4335 in-lol.
1509 4283 1705 4337 Aurelii
1747 4288 1854 4338 Au-

284 4365 491 4439 gustini
510 4370 749 4436 apuscula
765 4370 1009 4439 plurima.
1025 4370 1150 4424 llaac
1172 4371 1283 4424 sola
1309 4373 1445 4425 tituli
1472 4372 1640 4428 instar
1658 4375 1849 4444 pagina

1966 3179 2053 3232 he.
2083 3180 2251 3235 Miror
2279 3181 2358 3236 Cl.
2406 3182 2788 3253 Seemillerum,
2828 3188 2917 3257 qui
2948 3190 3189 3245 eamdem
3235 3191 3551 3249 editionem.
3628 3226 3631 3227 ν

1964 3271 2018 3324 in
2046 3275 2470 3329 commentarios
2501 3276 2631 3331 fasc.
2659 3293 2734 3343 ut,
2770 3294 2821 3347 p.
2857 3279 2976 3343 171,
3011 3282 3214 3346 retulit,
3265 3297 3369 3337 non
3400 3298 3530 3338 con-

1965 3360 2201 3417 tendisse
2251 3376 2373 3417 cum
2424 3366 2512 3419 ed.
2560 3367 2760 3421 Veneta
2806 3368 2961 3423 1484.
3014 3370 3185 3424 Habet
3232 3373 3395 3427 etiam
3449 3372 3531 3429 Cl.

1961 3455 2155 3510 Braun.
2183 3459 2219 3512 l.
2243 3459 2280 3511 I.
2307 3458 2369 3511 Τ.
2392 3459 2455 3523 ll,
2488 3475 2539 3526 p.
2574 3460 2692 3513 174.

2669 3567 2825 3620 1491.

2039 3651 2238 3707 Ibidem
2266 3669 2354 3719 ap.
2382 3657 2551 3706 eumd.
2587 3651 2817 3706 in-folio.
2852 3651 3051 3705 Eadem
3084 3670 3146 3705 ex
3171 3657 3397 3707 secunda
3422 3658 3527 3708 edi.

1959 3743 2184 3799 tione.ln
2210 3744 2317 3799 line
2341 3744 2449 3799 :M.
2479 3742 2661 3799 CCCC.
2690 3741 2835 3797 XCI.
2862 3744 2942 3796 die
2960 3741 3061 3796 XI.
3089 3746 3269 3796 mensis
3284 3744 3528 3814 Augusti.

1958 3837 2088 3904 Ejus
2128 3851 2434 3905 exemp.um
2471 3849 2720 3890 mancum
2778 3843 2958 3889 tamen
3012 3837 3217 3888 notavit
3255 3835 3526 3889 Gemeiner

1957 3926 1995 3979 l.
2014 3928 2050 3979 ι.
2069 3942 2122 3997 p.
2141 3926 2268 3993 203,
2292 3927 2556 3996 integrum
2581 3935 2637 3980 ut
2666 3933 2906 3981 nostrum
2931 3925 3009 3979 Cl.
3037 3926 3241 3980 Brauu.
3278 3927 3312 3981 Ι.
3338 3926 3440 3982 Ι.Τ.
3461 3927 3521 3993 ll,

1956 4030 2008 4084 ι).
2032 4015 2157 4069 215.

2026 4178 2233 4233 Parma:
2271 4196 2358 4248 per
2387 4179 2641 4249 Angelum
2673 4178 2960 4247 Ugoletum,
3013 4177 3191 4232 in-lol.
3242 4178 3525 4247 Augustini

1952 4273 2213 4339 opuscula
2260 4270 2413 4325 varia
2471 4271 2621 4325 linita
2670 4268 2849 4323 Pridie
2893 4270 3095 4323 kalend.
3146 4270 3358 4336 Aprilis.
3409 4270 3523 4323 Cat.

1953 4359 2087 4413 Bibl.
2117 4360 2380 4429 Smitlt.p.
2408 4359 2500 4425 28,
2532 4369 2586 4413 et
2616 4357 2889 4413 Crevenna:
2918 4360 3101 4411 noviss.
3136 4357 3197 4411 T.
3232 4358 3269 4422 l,
3300 4372 3352 4425 ρ.
3400 4356 3519 4411 110.

281 4458 460 4528 prima
489 4458 772 4526 habentur,
802 4463 1117 4517 charactere
1147 4461 1377 4517 Gothico
1402 4462 1595 4530 majori
1618 4465 1846 4532 iutpres-
1877 4489 1928 4546 ο
1951 4450 2262 4546 Ofilium“:
2278 4451 2484 4546 δεῖ
2507 4450 2627 4546 “Pii
2655 4458 2833 4546 (ξίξηξνα
2862 4450 3213 4546 Αταάξηήυοδν
3246 4446 3384 4546 nam,“
3410 4445 3520 4497 ΜΨ

282 4563 367 4602 sa.
404 4547 459 4602 In
488 4550 597 4604 line
616 4568 634 4603 .·
664 4550 727 4603 Β.
761 4552 960 4605 Aurelii
998 4551 1270 4622 Augustini
1299 4550 1648 4622 Hipponensis
1686 4553 1841 4623 episc.

279 4655 344 4693 ac
374 4640 598 4694 doctoris
625 4640 873 4696 Ecclesia:
896 4643 1205 4697 sanctissimi
1229 4644 1419 4712 pariter
1445 4652 1491 4695 et
1515 4644 1846 4714 perspicacis-

277 4731 442 4784 simi:
471 4730 819 4797 plurimorum
848 4733 1235 4801 opusculorum,
1283 4750 1373 4787 nec
1405 4750 1505 4788 non
1536 4735 1653 4788 title
1677 4738 1787 4804 ejus
1813 4753 1845 4790 a

278 4821 589 4877 Possidonio
641 4826 943 4890 conscripta:
974 4840 993 4877 :
1032 4824 1275 4891 impensis
1322 4834 1371 4878 et
1427 4840 1581 4896 Opera
1630 4825 1844 4880 Martini

274 4909 452 4965 Flaclt
504 4915 800 4984 Argentinw
835 4916 1216 4969 accuratissime
1259 4915 1643 4982 impressorum.
1687 4913 1843 4969 Finis

272 5006 774 5060 Annoanaziuitate
824 5007 1115 5062 Saluatoris
1167 5007 1245 5063 Μ.
1296 5006 1481 5061 CCCC.
1529 5007 1839 5062 LXXXIX.

268 5093 316 5149 Σ
363 5093 446 5149 II.
476 5098 717 5151 kalendas
744 5098 969 5165 Apriles.

340 5228 465 5301 llos
478 5230 625 5301 juvat
649 5242 836 5299 arguta
860 5234 1079 5285 scrutari
1098 5234 1336 5301 indagine
1356 5248 1549 5289 verum.

415 5297 551 5370 Illos
578 5297 821 5353 Dulichio
848 5301 994 5353 verba
1022 5302 1192 5370 lepore
1221 5297 1413 5357 tenent.

331 5368 432 5423 Ast
459 5366 579 5421 altis
607 5382 807 5438 gratum
837 5380 908 5422 est
936 5366 1101 5423 varios
1123 5386 1324 5425 versare
1352 5374 1565 5426 libellos.

410 5439 547 5494 Sunt
573 5455 639 5506 qu
661 5458 698 5492 rs
724 5441 925 5506 scripta
944 5440 1127 5508 quibus
1149 5456 1251 5493 non
1281 5443 1379 5495 nisi
1407 5452 1586 5495 sancta
1618 5445 1831 5510 placent.

328 5510 586 5575 Quisquis
614 5526 665 5561 es
689 5526 751 5562 ea:
776 5511 890 5563 istis
919 5526 937 5562 :
966 5511 1144 5576 paucis
1176 5513 1395 5564 nummis
1422 5529 1526 5564 cme
1554 5514 1737 5567 multos

407 5577 610 5631 Aurelii
636 5579 789 5631 libros
824 5594 842 5629 :
871 5583 1100 5648 hancque
1127 5578 1292 5631 levato
1322 5582 1474 5634 sitim.

322 5648 601 5705 Neruasos
629 5663 801 5701 cernes
830 5651 1086 5701 rationum
1114 5650 1301 5701 viribus
1327 5665 1342 5701 .'
1373 5661 1517 5719 atque

408 5720 637 5771 Ornatas
668 5720 865 5773 :rarios
897 5734 911 5769 :
944 5720 1005 5773 dc
1029 5719 1211 5773 deitate
1237 5720 1408 5773 simul.

1952 4542 2113 4595 rellus
2137 4542 2190 4596 in
2222 4539 2333 4595 Cat.
2366 4540 2505 4594 Bibl.
2531 4540 2723 4596 Pinell.
2747 4540 2849 4596 hoc
2870 4540 3088 4595 nomine
3112 4553 3174 4615 ea
3208 4539 3392 4591 refert.

2029 4723 2253 4779 Venetiis
2272 4740 2361 4794 per
2382 4723 2688 4795 Dionysium
2702 4722 3024 4784 Bertoldum,
3045 4716 3225 4772 in-fol.
3250 4720 3381 4770 Aur.
3408 4718 3517 4769 Au-

1948 4818 2145 4888 gustini
2167 4816 2416 4886 opuscula
2442 4818 2668 4886 plurima
2688 4832 2704 4867 :
2723 4815 2958 4880 quaedam
2980 4826 3081 4862 non
3103 4810 3218 4878 plus
3246 4809 3513 4877 impressa.

1950 4909 2076 4962 ΙΙωο
2106 4908 2159 4962 in
2186 4908 2420 4977 speciem
2443 4905 2581 4960 tituli
2612 4907 2663 4959 in
2692 4903 2862 4972 prima
2890 4898 3043 4966 ptimi
3067 4896 3181 4953 folii
3204 4898 3516 4967 pagiuaJn-

1945 4999 2146 5065 cipiunt
2171 5013 2200 5052 a
2232 4996 2674 5058 Meditationibus,
2708 5005 2931 5059 quarum
2966 4989 3149 5044 titulus
3202 4991 3364 5045 minio
3411 4990 3514 5043 int-

1946 5100 2198 5157 pressus;
2223 5087 2469 5140 ultimum
2500 5093 2581 5137 est
2600 5082 2721 5135 Vita
2742 5081 2858 5149 ejus
2884 5096 2978 5151 per
2994 5080 3357 5138 Possidonium
3384 5096 3513 5135 con-

1942 5178 2167 5245 scripta,
2193 5175 2256 5229 ad
2287 5174 2440 5243 cujus
2464 5173 2663 5227 calcem
2690 5190 2704 5228 :
2735 5171 2985 5244 Ejusdem
3011 5174 3237 5227 videlicet
3254 5175 3381 5225 Aur.
3408 5174 3513 5224 Au-

1943 5267 2136 5337 gustini
2166 5265 2517 5336 Hipponensis
2543 5265 2764 5336 episcOpi
2795 5282 2856 5318 ac
2886 5266 3109 5319 doctoris
3132 5264 3374 5318 Ecclesia:
3392 5280 3512 5315 san-

1940 5357 2153 5410 ctissimi
2184 5357 2401 5425 pariter,
2453 5372 2543 5409 nec
2570 5372 2671 5408 non
2700 5357 2799 5407 vite
2824 5358 2938 5425 ejus
2978 5371 3008 5407 a
3039 5355 3347 5407 Possidonio
3387 5367 3510 5403 con-

1936 5449 2156 5516 scripte:
2206 5445 2449 5514 impensis
2475 5456 2519 5498 et
2553 5460 2708 5515 Opera
2736 5442 2970 5513 Dionysii
2996 5442 3224 5495 Bertoldi
3260 5440 3321 5491 de
3353 5437 3510 5491 Bolo-

1939 5542 2024 5589 nia
2046 5536 2254 5591 Venetie
2290 5536 2669 5589 accuratissime
2694 5536 3056 5601 impressorum
3070 5531 3189 5598 ﬁnis
3214 5546 3345 5586 anno
3361 5547 3391 5582 a
3415 5547 3506 5582 na-

1940 5630 2130 5685 lit‘ilate
2182 5630 2453 5683 saltatoris
2482 5628 2669 5681 nostris
2699 5624 2821 5696 (sic)
2872 5624 2946 5676 M.
2992 5613 3174 5677 CCCC.
3225 5621 3369 5675 XCI.
3426 5625 3508 5675 die

1939 5717 2148 5777 XXVI.
2183 5721 2379 5775 Martii.
2427 5719 2519 5774 llis
2551 5716 2777 5795 denique
2804 5715 3132 5783 epigramma
3179 5725 3255 5767 est
3288 5712 3502 5778 subjec-
