3882 6312
454 335 515 393 δι
1328 333 1880 391 SUPPLEMENTUM
1919 335 2011 391 AD
2047 335 2276 392 OPERA
2323 335 2379 394 S.
2421 336 2810 394 AUCUSTINI.
3614 340 3671 400 bl

454 459 584 507 tum.
615 438 814 506 Textus
843 461 1068 522 occupat
1093 451 1214 504 folia
1241 465 1521 505 cccxurx.
1541 449 1816 505 Accedunt
1839 458 2017 506 autem
2049 457 2100 514 Α

451 545 519 598 ab
557 543 711 598 initio
753 543 1039 596 voluminis
1070 550 1266 612 pra-ter
1303 542 1512 596 titulum
1547 553 1671 596 octo
1710 541 1834 596 folia
1867 543 2021 596 tabu-

451 632 554 687 lam
584 633 928 688 materiarum
960 631 1287 686 exhibentia.
1329 632 1585 701 Superest
1618 633 1668 686 in
1701 631 1805 686 line
1835 630 2019 686 folium

451 736 574 776 cum
604 726 908 776 chartarum
949 723 1181 791 registro
1220 723 1527 792 symbolum
1569 720 1886 791 typographi
1919 721 2022 774 sis—

451 822 590 866 tens.
628 813 845 867 Littera:
874 821 1001 867 sunt
1028 812 1287 868 Gothicae.
1322 811 1622 880 Descriptio
1658 809 1800 865 facta
1823 817 2021 879 estper

452 902 604 955 binas
634 903 932 970 columnas,
963 902 1237 972 expressis
1267 901 1518 956 foliorum
1569 899 1812 956 numeris
1840 913 1903 953 ac
1946 900 2020 953 si-

449 993 714 1062 gnaturis,
742 1003 800 1048 ut
830 1003 1007 1048 tamen
1039 992 1290 1047 custodes
1311 991 1710 1046 desiderentur.
1750 989 2018 1044 Debemus

449 1081 612 1152 hujus
643 1093 696 1138 et
741 1084 1015 1152 sequentis
1062 1081 1316 1138 editionis
1364 1080 1606 1135 notitiam
1635 1078 1718 1134 Cl.
1765 1079 2012 1145 Braunio,

450 1172 622 1227 Notit.
649 1173 751 1227 Lit.
783 1174 844 1228 T.
870 1174 932 1237 ll,
965 1188 1016 1242 p.
1039 1172 1166 1228 229.
1199 1171 1410 1226 Utinam
1431 1184 1558 1225 vero
1577 1170 1691 1224 viro
1718 1168 2018 1237 diligentis-

447 1263 590 1326 simo
615 1272 866 1317 contenta
890 1262 1153 1330 ejusdem.
1179 1259 1264 1314 vel
1290 1273 1628 1327 enumerare,
1649 1258 1738 1315 vel
1765 1273 1884 1315 cum
1899 1259 2017 1315 aliis

445 1353 636 1406 saltem
665 1367 977 1422 comparare
1007 1341 1318 1421 placuisset.

524 1532 748 1588 l'enetiis
799 1549 893 1603 per
945 1533 1274 1604 Pelegrinnm
1323 1534 1387 1586 de
1435 1531 1778 1600 Pasqualibus
1832 1529 2012 1584 ln-lol.

445 1625 578 1679 min.
613 1624 854 1678 Plurima
875 1610 1124 1692 opuscula
1153 1624 1213 1678 S.
1238 1624 1536 1696 Augustini.
1560 1623 1685 1677 "me
1713 1635 1808 1690 pro
1841 1619 2011 1674 titulo.

445 1714 526 1767 Ad
557 1714 762 1768 calcem
796 1732 808 1765 :
844 1712 1132 1766 Finiuntur
1158 1713 1409 1780 Opuscula
1439 1714 1499 1767 S.
1532 1711 1801 1782 Augustini
1831 1709 2014 1779 hippo-

2302 449 2700 520 Inquisitionum
2722 449 2964 503 Januarii
2985 457 3032 503 et
3054 449 3115 504 de
3137 450 3578 506 consuetudinibus
3603 469 3670 507 cca

2313 539 2316 541 Α
2477 540 2630 594 clesie
2662 539 2744 601 ΙΙ.
3600 548 3604 554 ·

2303 628 2640 694 Questionum
2658 628 2919 683 Honorati
2938 629 3000 683 de
3017 628 3197 683 Gratia
3220 629 3272 683 N
3281 671 3292 684 .
3309 628 3375 682 Τ.
3399 629 3524 683 liber
3538 645 3674 686 unus.

2304 719 2642 784 Questionum
2662 719 2887 791 quinque
2913 718 3126 789 Hylarii
3155 719 3358 772 libellus
3384 734 3532 772 unus.

2303 809 2637 876 Questionum
2667 825 2756 865 sca:
2781 818 2963 862 contra
2985 808 3229 880 Paganos
3267 809 3336 862 ad
3365 807 3672 880 Deoqratias,

2473 899 2678 954 libellus
2706 915 2863 954 unus.

2298 987 2433 1042 Item
2459 990 2684 1044 omnium
2711 990 2927 1044 istorum
2944 990 3136 1043 indices
3161 996 3208 1044 et
3228 987 3604 1043 retractationes
3627 989 3672 1042 in

2465 1079 2692 1147 {aciebus
2718 1080 2901 1149 posite.

2120 1168 2246 1224 llaec
2278 1169 2332 1224 in
2369 1168 2549 1224 fronte
2596 1169 2771 1236 tituli,
2819 1168 3018 1238 quibus
3056 1167 3282 1239 subjecti
3310 1174 3436 1222 sunt
3461 1166 3518 1220 in
3543 1179 3674 1222 eom-

2119 1261 2520 1316 mendationem
2566 1261 2685 1331 ejus
2723 1261 2974 1316 versiculi
3011 1262 3214 1332 aliquot
3242 1259 3309 1315 ad
3349 1259 3412 1314 D.
3439 1257 3676 1328 Augusti-

2119 1364 2268 1404 num.
2321 1351 2376 1405 ln
2419 1351 2526 1406 line
2563 1351 2856 1422 (extremae
2904 1351 3110 1420 pagina:
3150 1351 3398 1406 columna
3429 1349 3673 1420 prima):

2117 1438 2268 1494 Finis
2288 1457 2377 1496 sea:
2396 1442 2718 1512 questionum
2745 1442 2851 1494 divi
2879 1442 3064 1495 aurelii
3106 1443 3370 1512 augustini
3395 1445 3482 1512 epi
3511 1450 3677 1495 contra

2120 1549 2347 1605 paganos
2367 1534 2436 1585 ad
2459 1534 2555 1586 deo
2577 1533 2774 1604 gratias
2797 1548 2816 1586 :
2837 1541 2883 1587 et
2910 1550 2999 1601 per
3019 1549 3336 1602 consequens
3357 1534 3514 1587 totius
3540 1532 3677 1594 huius

2118 1623 2305 1691 operis.
2325 1620 2437 1678 Deo
2457 1624 2674 1692 gratias.
2703 1620 2964 1678 Columna
2986 1623 3151 1677 altera
3173 1623 3367 1678 deinde
3399 1634 3520 1692 post
3541 1621 3678 1677 Badii

2119 1714 2519 1783 perorationem
2551 1723 2606 1768 et
2637 1695 2936 1782 subjectum
2969 1713 3144 1768 eidem
3193 1714 3513 1770 chartarum
3546 1711 3678 1782 regi-

444 1805 614 1856 nensis
644 1821 779 1858 anno
802 1821 832 1856 a
864 1805 1128 1858 nativitate
1157 1803 1351 1856 domini
1380 1802 1457 1856 M.
1481 1799 1666 1856 CCCC.
1699 1799 1898 1854 LXXX
1904 1800 1952 1854 Χ
1961 1799 1986 1852 1
1996 1839 2010 1852 .
2048 1814 2089 1872 Β
2116 1813 2288 1860 sti-um
2315 1821 2330 1861 :
2355 1805 2672 1877 [inpressum
2696 1815 2770 1860 est
2790 1805 3074 1860 antemnae
3097 1805 3477 1876 opusLugduni
3502 1819 3680 1874 :opcrc

443 1898 526 1950 die
564 1912 677 1949 tero
711 1897 774 1951 10
799 1897 1080 1949 novembris
1123 1898 1372 1966 impressa
1412 1898 1620 1961 [uerunt
1659 1892 1882 1948 Venetiis
1922 1907 2012 1963 per

446 1985 779 2056 l’elegrinum
809 1985 871 2038 de
900 1984 1248 2054 Pasqualibus
1275 1984 1335 2036 de
1362 1982 1619 2037 Bononia.

516 2077 774 2131 Volumeu
808 2086 888 2129 est
920 2075 1167 2129 foliorum
1197 2088 1356 2128 cxxxt
1385 2074 1709 2141 exscriptum
1742 2071 1881 2141 typis
1900 2070 2010 2126 Go-

443 2167 644 2231 thicis,‘
665 2167 926 2222 columnis
956 2165 1115 2220 binis.
1152 2164 1336 2218 Insunt
1367 2163 1576 2218 numeri
1606 2177 1670 2217 ac
1697 2163 2008 2232 signatum,

443 2274 541 2312 nec
589 2268 766 2312 tamen
817 2256 1086 2310 custodes.
1140 2255 1350 2309 Initium
1401 2255 1606 2309 faciunt
1649 2253 1770 2307 libri
1823 2260 2025 2309 contra.

442 2349 828 2409 Academicos,
863 2361 984 2399 cum
1038 2345 1135 2398 hac
1181 2345 1474 2413 epigraphe
1517 2344 1680 2398 minio
1712 2344 2008 2412 impressa:

447 2437 558 2488 Divi
583 2435 710 2488 Aur.
745 2435 1019 2504 Augustini
1048 2435 1398 2505 Hipponensis
1428 2434 1656 2502 episwpi
1681 2442 1862 2486 contra
1880 2432 2012 2486 Aca-

440 2529 661 2581 demicos
684 2545 703 2592 ;
745 2527 828 2582 vel
871 2527 934 2580 de
963 2526 1312 2592 Academicis,
1355 2541 1503 2596 quem
1554 2525 1728 2578 adhuc
1757 2524 2010 2579 Cateeltu—

439 2635 619 2673 menus
663 2619 841 2673 edidit.
896 2619 1247 2673 Prtetnittitur
1277 2617 1500 2688 epistola
1533 2617 1768 2673 Severini
1795 2617 2006 2684 Chalci,

438 2713 833 2767 Canonieorum
866 2712 1194 2782 regularium
1221 2713 1278 2768 S.
1308 2710 1496 2767 Crucis
1522 2711 1885 2768 Montanensis
1908 2708 2013 2766 Ca-

443 2805 617 2858 uonia:
657 2803 930 2874 Praepositi
962 2804 1026 2857 ad
1063 2804 1315 2860 lectorem
1335 2844 1350 2868 ,
1381 2803 1469 2858 cui
1498 2818 1723 2873 operum
1765 2802 1926 2859 index
1955 2812 2011 2858 et

438 2896 765 2964 epigramma
796 2895 1012 2960 aliquod
1043 2897 1288 2946 subnexa
1322 2901 1466 2945 sunt.

1143 2983 1296 3035 1495.

1143 2983 1296 3035 1495.

511 3076 728 3129 Basilete
750 3091 839 3143 per
858 2984 1120 3127 Joannem[
1145 3074 1209 3126 de
1238 2981 1537 3124 Anierbaeh.
1571 3068 1765 3140 In-fal.
1808 3066 1880 3122 VI
1905 3067 2005 3120 vol.

2113 1906 2160 1951 et
2184 1897 2431 1968 impensis
2460 1897 2513 1950 Μ
2528 1939 2538 1950 .
2568 1897 2789 1951 Joannis
2820 1895 3060 1952 Trechsel
3090 1897 3360 1951 Alemanni
3389 1911 3409 1951 :
3437 1912 3573 1950 anno
3599 1910 3680 1948 sa-

2113 1987 2238 2042 lutis
2283 1997 2457 2042 nostre
2503 1987 2781 2042 Millesimo
2817 1989 3325 2060 quadringentesimo
3360 1987 3683 2059 nonagesimo

2112 2080 2351 2148 septimo.
2397 2078 2530 2132 VII.
2586 2079 2816 2133 Kalend.
2877 2079 3065 2132 Maias.
3112 2078 3318 2144 Quibus
3357 2078 3409 2132 in
3447 2087 3683 2132 extrema

2113 2168 2305 2238 pagina
2353 2169 2640 2238 subjicitur
2671 2169 2973 2240 symbolum
3035 2167 3378 2237 typographi.
3430 2163 3685 2220 Prwfatus

2113 2269 2197 2316 est
2223 2259 2454 2313 Jodocus
2484 2259 2681 2312 Badius
2699 2259 2767 2313 ‘ad
2791 2260 3100 2327 Magistrum
3127 2258 3342 2312 Petrum
3360 2255 3688 2317 Gerardum,

2113 2365 2284 2407 sacra:
2317 2351 2485 2404 theol.
2541 2349 2771 2417 profess.
2821 2359 2874 2403 et
2920 2348 3142 2402 fratrem
3177 2349 3540 2403 Eremitarum
3577 2349 3691 2399 Au-

2113 2439 2716 2511 gustiuiParchiensem
2760 2437 2912 2509 (sic)
2971 2439 3227 2507 priorem.
3287 2437 3363 2506 (d.
3416 2435 3690 2504 Lugduni.

2115 2533 2203 2589 γη
2230 2534 2338 2588 kal.
2371 2533 2491 2586 Mai.
2525 2531 2708 2601 H97.)
2742 2532 2817 2585 Ex
2857 2545 2921 2586 eo
2969 2530 3185 2600 quidem
3238 2528 3520 2591 discimus,
3553 2539 3694 2593 opus

2113 2625 2214 2681 hoc
2243 2625 2526 2680 collectum
2571 2638 2693 2679 esse
2724 2631 2886 2691 atque
2923 2622 3242 2692 castigatum
3291 2621 3358 2676 ab
3394 2619 3694 2688 Augustino

2112 2717 2175 2770 de
2205 2716 2510 2788 Ratispona,
2545 2714 2606 2769 S.
2658 2713 2845 2767 Tlteol.
2877 2712 3259 2776 Bacealaureo,
3299 2710 3369 2764 de
3403 2708 3696 2763 scholasti—

2112 2825 2298 2864 corum
2324 2810 2532 2878 aliquot
2563 2806 2848 2860 doctorum
2875 2802 3113 2872 Iscriptis
3134 2841 3148 2866 ,
3194 2802 3302 2870 jam
3335 2809 3460 2854 ante
3499 2799 3688 2865 editis,

2115 2901 2250 2952 bene
2277 2901 2489 2952 merito.
2522 2897 2708 2960 Neque
2731 2909 2862 2954 vero
2887 2893 3055 2961 ipsius
3081 2893 3242 2946 etiam
3272 2889 3425 2943 Badii
3450 2890 3686 2945 studium

2112 2987 2260 3053 operi
2291 2985 2492 3049 defuit,
2523 2984 2784 3052 siquidem
2816 2994 2868 3036 et
2901 2982 3281 3048 conquirendis
3309 2995 3468 3050 quam
3519 2982 3690 3050 pluri-

2114 3079 2235 3141 bus,
2265 3091 2402 3146 quos
2441 3075 2531 3128 ille
2561 3074 2797 3127 nancisci
2846 3088 2950 3126 non
2984 3081 3253 3141 potuerat,
3287 3071 3608 3126 tractatibus
3634 3079 3686 3126 et

443 3168 500 3220 S.
541 3165 821 3233 AuguStiui
852 3165 1046 3230 Opera.
1081 3161 1262 3214 Maett.
1293 3161 1358 3215 T.
1390 3159 1440 3227 Ι,
1489 3169 1631 3229 part.
1663 3174 1733 3224 ιι,
1769 3173 1823 3228 p.
1871 3156 2008 3220 588,
2037 3166 2080 3227 ρ
2115 3166 2452 3237 corrigendis
2478 3165 2669 3219 iisdem
2702 3179 2806 3217 non
2837 3163 3102 3218 modicam
3135 3162 3238 3218 sibi
3271 3162 3582 3232 hujusmodi
3606 3161 3687 3219 di-

440 3267 505 3311 ert
539 3257 640 3310 lide
691 3256 752 3308 de
804 3257 854 3308 la
881 3253 1076 3318 Caille,
1128 3269 1180 3323 ι).
1227 3253 1314 3307 8‘3.
1345 3253 1450 3308 Sed
1483 3253 1676 3306 frustra
1715 3265 1834 3304 eam
1871 3248 2010 3317 apud

441 3349 576 3403 alios
599 3349 868 3402 litteratos
896 3348 1064 3411 viros,
1081 3357 1132 3401 et
1155 3348 1208 3399 in
1229 3344 1546 3414 optimarum
1567 3342 2024 3396 bibliothecarum

441 3441 700 3510 catalogis
741 3439 1190 3510 cunquisivimus.
1228 3438 1425 3493 Vereor
1456 3449 1612 3506 ergo,
1644 3451 1711 3490 ne
1738 3449 1834 3504 per
1863 3448 2012 3488 erro-

447 3547 592 3597 rem,
627 3532 811 3587 nescio
842 3545 995 3602 quem
1019 3570 1035 3596 ,
1069 3531 1193 3584 talis
1225 3531 1413 3583 notitia
1447 3526 1728 3592 inciderit,
1759 3525 1898 3596 quod
1931 3526 2013 3581 vel

442 3640 506 3678 ex
536 3637 601 3678 eo
631 3623 690 3676 lit
715 3621 1029 3687 verisimile,
1061 3621 1202 3691 quod
1233 3619 1458 3674 formam
1500 3618 1806 3674 chartarum
1836 3616 2013 3685 dupli-

443 3733 584 3782 cem,
617 3717 732 3786 folii
780 3717 986 3771 scilicet
1016 3724 1068 3768 et
1098 3715 1288 3780 quarti,
1323 3712 1574 3780 prodidit.
1610 3711 1852 3764 Meminit
1896 3711 2013 3778 ejus

443 3808 661 3875 quidem
692 3806 848 3858 etiam
891 3805 1161 3873 l'ignerius
1193 3805 1242 3855 in
1276 3801 1438 3868 Praef.
1471 3802 1534 3854 ad
1570 3800 1838 3871 Supplem.
1867 3803 2010 3871 Ope-

444 3912 560 3951 ium
612 3894 913 3962 Augustini.
955 3892 1057 3947 Sed
1113 3907 1219 3946 non
1275 3892 1464 3959 majori
1514 3891 1636 3945 lide.
1685 3893 1850 3946 humo
1880 3907 2014 3962 pene

443 3992 625 4037 certus
655 3995 806 4046 sum,
842 3983 1017 4034 varias
1067 3980 1400 4049 singulorum
1444 3981 1728 4049 Augustini
1783 3977 2014 4050 scripto-

445 4087 595 4135 rum,
628 4072 790 4124 veluti
825 4070 1228 4124 Enarrationum
1260 4071 1310 4121 in
1344 4069 1580 4123 Psalmos
1605 4113 1619 4136 ,
1657 4070 2010 4138 Epistolarum

441 4173 499 4216 et
528 4161 831 4215 Sermonum
861 4161 1127 4215 editiones
1159 4177 1255 4229 per
1280 4175 1446 4215 annos
1475 4160 1642 4224 M93,
1675 4159 1740 4214 9i
1759 4201 1772 4226 ,
1805 4161 1896 4226 95,
1920 4161 2010 4227 97,

444 4251 738 4308 identidem
787 4253 854 4308 ab
895 4251 1254 4307 Amerbachio
1299 4265 1558 4318 excusas,
1605 4251 1743 4306 lmuc
1771 4266 2010 4307 errorem

447 4341 739 4413 peperisse.

1178 4434 1332 4487 1497.

2114 3259 2347 3328 ligentim
2387 3258 2706 3328 particulam
2753 3257 3024 3311 vindicare
3071 3269 3229 3324 posse
3279 3255 3497 3308 fatetur.
3553 3252 3687 3307 Nam

2115 3351 2356 3418 primum,
2389 3349 2595 3418 inquit,
2625 3364 2756 3410 eum,
2789 3363 2937 3415 quem
2983 3348 3037 3400 in
3085 3357 3222 3415 tergo
3252 3345 3512 3414 conspicis
3553 3344 3688 3397 ordi~

2114 3456 2264 3506 nem,
2319 3438 2638 3492 observatum
2681 3437 2937 3490 noluimus
2983 3451 3000 3490 :
3039 3446 3093 3489 ut
3137 3437 3302 3506 primo
3353 3434 3467 3487 loco
3516 3434 3689 3487 ueteris

2114 3531 2381 3584 dumtaxat
2409 3528 2717 3583 Testamenti
2749 3528 3068 3596 questiones;
3097 3528 3320 3580 secundo
3353 3525 3474 3578 novi
3515 3534 3567 3579 et
3604 3539 3684 3577 ve-

2116 3626 2268 3688 teris;
2293 3621 2442 3675 tertio
2463 3620 2858 3688 evangeliorum,
2886 3633 2998 3688 qua:
3026 3618 3142 3670 nori
3164 3618 3429 3670 dumtaxat
3457 3627 3581 3669 sunt
3603 3630 3621 3666 :
3642 3621 3686 3665 et

2117 3715 2297 3768 ultimo
2326 3713 2519 3782 relique
2565 3720 2893 3779 ponerentur.
2923 3709 3156 3762 Ceterum
3187 3708 3228 3762 si
3274 3711 3404 3776 forte
3431 3706 3687 3778 quispiam

2114 3805 2520 3878 reprehenderit,
2571 3802 2708 3872 quod
2758 3803 2818 3855 de
2866 3817 3116 3855 consensu
3167 3800 3606 3868 euangelistarunt
3643 3807 3687 3851 et

2114 3897 2434 3952 encliiridion
2458 3896 2588 3948 inter
2609 3893 2892 3962 questiones
2915 3893 3224 3945 inseruimus
3251 3907 3269 3944 :
3293 3908 3392 3944 non
3417 3901 3556 3956 recte
3581 3891 3686 3943 ani-

2117 3989 2461 4051 madverterit,
2492 3997 2739 4057 quantum
2769 4002 2827 4038 ea
2853 4001 3009 4052 Opera
3039 4002 3155 4037 cum
3181 3983 3542 4054 questionibus
3571 3996 3684 4035 con-

2115 4085 2337 4138 veniant.
2373 4081 2568 4135 Deinde
2598 4077 2986 4132 retractationes
3029 4077 3191 4146 ipsius
3221 4073 3499 4143 Augustini
3524 4114 3537 4137 ,
3562 4072 3688 4126 ubi-

2119 4189 2330 4243 cumque
2361 4172 2557 4242 fecerit,
2589 4171 2730 4237 operi
2762 4167 3132 4237 prteposuimus
3167 4181 3184 4220 :
3216 4173 3262 4218 et
3292 4165 3344 4217 in
3372 4163 3683 4234 marginibus

2117 4265 2366 4327 locorum,
2411 4277 2540 4330 quos
2596 4259 2858 4325 tractavit,
2899 4259 3041 4327 ipsas
3082 4256 3514 4326 consignauimus.
3563 4252 3684 4306 Tum

2117 4367 2322 4422 grecum
2347 4351 2452 4403 suis
2476 4349 2855 4402 cltaracteribus
2877 4347 3272 4417 conscripsimus
3303 4355 3348 4398 et
3379 4346 3430 4398 in
3459 4343 3685 4412 margine
3725 4349 3728 4354 '

2117 4445 2178 4497 iis
2205 4487 2219 4512 ,
2247 4443 2336 4513 qui
2361 4441 2550 4496 Grecos
2579 4441 2820 4510 ignorant
2849 4481 2864 4506 ,
2919 4439 3091 4492 latinis
3133 4439 3401 4507 repetimus
3429 4451 3447 4490 :
3475 4434 3682 4500 adiecta

515 4529 757 4602 Lugduni
789 4545 875 4598 pt‘t‘
904 4529 991 4582 JO-
1027 4527 1282 4580 Tt’efhsel-
1311 4527 1364 4580 l"
1403 4526 1490 4580 ΓΟΙι
1526 4527 1664 4597 UP!“
1693 4527 2011 4596 questiouum
2043 4531 2092 4589 D
2120 4549 2501 4602 nonnumquam
2531 4532 2926 4604 significatione.
2960 4529 3097 4582 Tum
3143 4526 3431 4596 quotiesin
3471 4522 3683 4576 diversis

442 4624 545 4678 divi
571 4623 872 4696 Augustini,
905 4624 955 4676 in
986 4638 1085 4692 quo
1115 4621 1205 4673 hec
1235 4622 1404 4674 omnia
1431 4622 1771 4674 continentur.

621 4714 978 4784 Ileptatuucon
1033 4703 1160 4782 opus
1214 4716 1469 4766 uariarum
1511 4713 1835 4780 questionum
1862 4728 2015 4782 super

793 4819 978 4877 septem
1019 4807 1177 4860 libros
1209 4806 1361 4858 biblie
1387 4820 1406 4859 :
1436 4803 1866 4874 comprehenderis
1899 4804 2016 4858 toti-

799 4900 942 4964 dem,
977 4911 1164 4966 septem
1195 4898 1366 4951 libros.

627 4989 962 5051 Questionum
989 4994 1101 5044 novi
1124 5003 1171 5046 et
1198 4992 1375 5046 veteris
1406 4990 1710 5044 Testamcn'i
1739 4987 1828 5043 lib.
1858 4986 1974 5042 Ill.

622 5079 697 5132 De
725 5094 968 5130 consensu
1003 5080 1446 5149 Evangelistarum
1478 5083 1592 5137 libri
1625 5079 1651 5133 Ῑ
1668 5081 1728 5135 γ.

626 5169 958 5237 Questionum
993 5168 1382 5239 Evangeliorum
1415 5173 1531 5224 libri
1564 5170 1699 5238 III.

623 5259 952 5326 Questionum
982 5261 1236 5326 octoginta
1264 5262 1418 5312 trium
1445 5259 1570 5312 liber
1596 5259 1643 5311 Ι.

625 5351 966 5419 Questionnm
1014 5349 1156 5402 LXV
1213 5349 1381 5403 Orosii
1417 5351 1687 5420 :ejusdem
1725 5351 2012 5422 dyalogus,

795 5441 882 5512 qui
915 5450 986 5495 est
1019 5442 1150 5494 liber
1179 5458 1332 5496 unus.

622 5537 961 5600 Questionum
986 5543 1097 5587 octo
1123 5531 1358 5586 Dubidii
1391 5533 1592 5588 libellus
1621 5549 1772 5588 unus.

629 5626 966 5692 Questionum
991 5624 1251 5681 Laurentii
1279 5625 1342 5681 de
1370 5625 1504 5696 ﬁde,
1538 5641 1625 5695 spe
1654 5635 1698 5680 ct
1725 5626 1973 5681 clraritate
1996 5641 2014 5678 .-

801 5716 1137 5774 encltiridion.

2118 4627 2377 4682 codicibus
2405 4626 2682 4694 duplicent,
2715 4638 2936 4692 quorum
2966 4631 3147 4676 neutra
3165 4619 3486 4692 aspernanda
3517 4624 3642 4670 esset
3670 4656 3684 4680 ,

2116 4719 2384 4773 lectionem
2432 4716 2738 4783 offendimus
2761 4756 2774 4778 .
2807 4724 3075 4785 utramque
3123 4714 3387 4783 posuimus
3416 4727 3433 4764 :
3465 4709 3554 4763 sed
3603 4709 3684 4760 αι.

2119 4820 2275 4862 teram
2308 4807 2398 4860 sub
2430 4807 2680 4876 margine.
2719 4803 2847 4858 Tum
2896 4805 3057 4859 libros
3100 4806 3152 4858 in
3199 4808 3369 4874 fronte
3397 4801 3684 4854 chartarum

2117 4900 2463 4954 distinximus.
2497 4897 2630 4952 Tum
2679 4897 2870 4951 indices
2920 4898 3150 4951 omnium
3177 4939 3191 4961 ,
3224 4910 3338 4964 qua:
3385 4894 3437 4947 in
3477 4889 3685 4960 singulis

2118 4989 2356 5060 operibus
2370 4990 2770 5060 continerentur,
2803 4988 2928 5056 ipsis
2955 4987 3338 5056 preposuimus,
3365 4995 3411 5038 et
3436 4982 3684 5036 interdum

2120 5081 2274 5136 etiam
2317 5088 2437 5134 ante
2471 5079 2583 5147 ipsa
2627 5077 2798 5146 capita
2825 5078 3167 5146 reposuimus.
3200 5075 3266 5128 In
3307 5073 3488 5144 primis
3527 5081 3684 5122 tamen

2120 5171 2483 5241 questionibus,
2518 5183 2643 5234 quas
2673 5167 2726 5218 in
2757 5167 2976 5234 formam
3020 5167 3344 5236 questionum
3374 5164 3684 5232 redegimus.

2123 5279 2224 5316 non
2256 5277 2386 5330 Opus
2409 5259 2621 5328 repetito
2652 5257 2813 5311 visum
2833 5264 2905 5311 est
2937 5272 2952 5310 :
2987 5272 3050 5310 ne
3079 5257 3208 5325 forte
3247 5253 3554 5326 pramotatio
3586 5251 3684 5320 ipsa

2123 5355 2421 5409 narratione
2451 5354 2620 5422 major
2644 5361 2981 5404 nasceretur:
3011 5351 3122 5403 loca
3154 5359 3324 5403 tamen
3353 5346 3528 5411 biblie,
3562 5341 3682 5396 unde

2123 5449 2332 5514 excepta
2358 5451 2499 5507 sunt,
2529 5440 2831 5512 diligentius
2861 5455 2975 5494 cum
3001 5440 3126 5509 ipsis
3152 5436 3502 5506 questionibus
3532 5448 3682 5485 annr-

2120 5534 2357 5589 lauimus.
2389 5532 2500 5587 Nec
2529 5531 2824 5587 omittenda
2857 5531 3014 5600 plane
3045 5529 3200 5584 nobis
3229 5529 3460 5589 videtur,
3492 5539 3611 5594 quae
3639 5521 3681 5573 iu

2122 5635 2363 5682 extrema
2402 5624 2648 5680 columna
2692 5623 2888 5692 legitur
2922 5621 3160 5691 ejusdem
3209 5620 3356 5676 Badii
3398 5619 3464 5672 de
3513 5610 3681 5682 Operi:

2124 5716 2542 5787 complemento,
2571 5723 2622 5772 ct
2650 5723 2705 5779 ut
2735 5714 2921 5770 dicunt
2949 5714 3201 5784 registro,
3227 5712 3290 5768 ad
3318 5708 3680 5779 magistratum

3834 1993 3835 2020 l

3833 2043 3835 2086 l

3833 2093 3835 2152 l

3834 2209 3835 2234 l

3834 2283 3835 2314 ι

3834 2319 3835 2350 l

3834 2371 3835 2402 ι

3833 2415 3835 2454 l
