3882 6310
256 284 333 343 53

1187 249 1459 334 uenus
1498 252 1911 337 LITTERARIA
1954 250 2117 335 ms.
2158 248 2637 338 Aueusrtuuu.
3484 288 3563 345 ss

271 403 532 455 nostrum
575 366 803 449 Petrum
837 389 1083 457 Gerardt,
1109 391 1343 461 priorem
1363 432 1377 457 ,
1402 400 1530 458 etc.,
1561 391 1838 455 Peroratio
1859 431 1873 458 ,
1906 393 1954 452 A
1984 392 2166 447 tomis.
2198 390 2265 445 ι).
2294 392 2573 463 Augustini
2592 392 2762 462 prima
2784 409 2905 464 pars
2933 395 3202 468 librorum,
3232 415 3360 469 quos
3388 400 3553 455 edidit

282 503 413 561 quae
456 486 537 542 sic
565 495 727 540 sonat
756 500 771 542 :
806 482 935 538 Ilccc
981 493 1100 536 sunt
1142 483 1556 551 magistratorum
1586 494 1877 537 nostrorum

294 582 489 650 optime
518 594 538 633 :
563 577 819 647 magister
850 585 992 643 petre
1019 573 1238 630 Gerardi
1268 589 1407 643 :quo
1444 575 1508 628 de
1534 575 1879 643 questionibus

291 673 403 726 divi
417 671 585 742 patris
607 668 873 738 augustini
892 682 912 721 :
926 667 1087 720 multo
1108 667 1310 735 quidem
1324 666 1497 721 labore
1512 676 1659 738 parta
1679 668 1883 720 tandem

293 772 390 815 tuo
408 760 609 815 nomini
629 759 804 811 dicata
822 758 1095 811 emittimus
1119 773 1137 811 :
1155 766 1418 827 precantes
1441 774 1614 812 omnes
1633 775 1692 812 ea
1721 759 1884 829 perle-

295 862 467 904 ctores
480 850 530 902 in
548 856 743 917 partem
762 847 1016 918 accipiant
1032 848 1217 901 bonam
1233 864 1247 901 :
1264 850 1559 919 veniamque
1576 850 1694 902 dent
1719 865 1737 903 :
1753 850 1796 903 si
1808 848 1884 903 vel

300 942 586 1013 pauciores
611 940 908 1008 questiones,
933 954 1086 1006 quam
1107 940 1214 1009 ipse
1226 941 1578 995 sanctissimus
1598 940 1772 995 doctor
1787 957 1883 994 au.

306 1030 556 1102 gustinus
586 1029 794 1098 confecit
818 1044 836 1083 :
859 1028 938 1082 vel
966 1028 1061 1082 has
1092 1029 1261 1083 minus
1286 1031 1516 1101 cognitas
1541 1031 1882 1085 omiserimus.

307 1119 579 1174 Pauculas
602 1119 734 1172 enim
759 1119 933 1173 deesse
952 1133 1127 1172 remur
1152 1128 1301 1189 atque
1330 1136 1414 1173 eus
1447 1129 1667 1183 tantum,
1698 1138 1796 1191 que
1819 1125 1892 1175 ad

302 1212 698 1281 simplicianum
746 1209 1042 1279 ntediplam.
1100 1211 1328 1280 episcop.
1374 1212 1666 1280 conscripte
1712 1222 1829 1268 sunt
1870 1229 1888 1266 :

299 1320 437 1376 quas
484 1304 725 1358 hactenus
764 1303 986 1372 reperire
1026 1318 1129 1356 non
1170 1304 1431 1375 potuimus
1456 1320 1475 1357 :
1501 1334 1571 1344 —
1598 1305 1766 1359 locum
1811 1314 1889 1358 ta-

301 1411 445 1462 men,
479 1410 579 1465 quo
617 1395 774 1448 inseri
813 1404 1040 1464 possent,
1075 1395 1373 1465 reliquimus
1408 1395 1564 1449 trium
1598 1398 1889 1467 quaternio-

304 1500 435 1538 num
465 1500 484 1538 :
506 1483 638 1540 Mm.
666 1482 776 1536 Nn.
809 1484 906 1538 00.
935 1500 1087 1554 quem
1115 1486 1161 1538 si
1186 1495 1449 1539 uocantem
1478 1487 1841 1557 dereliquimus
1871 1502 1889 1541 :

306 1575 436 1628 vitio
473 1573 703 1628 dandum
744 1574 921 1628 nullus
960 1575 1061 1628 nisi
1104 1576 1417 1630 inhumanus
1462 1587 1509 1632 et
1548 1577 1892 1632 calumniator

311 1666 538 1721 censebit
568 1681 583 1719 :
609 1682 729 1720 cum
768 1665 846 1720 vel
871 1666 1081 1736 singula
1110 1682 1268 1737 opera
1301 1668 1454 1736 plena
1492 1669 1597 1722 sint
1628 1686 1640 1721 :
1669 1677 1714 1721 et
1746 1684 1890 1722 seor-

1984 480 2409 537 Catechumenus.
2438 512 2508 523 —-
2537 483 2669 538 Pars
2712 482 2797 538 ΙΙ.
2845 485 3010 553 Libri,
3040 502 3166 557 quos
3209 492 3412 559 scripsit
3458 489 3551 545 Ba~

1983 574 2231 643 ptizatus.
2263 603 2333 614 -—
2362 572 2499 629 Pars
2530 573 2652 629 ΙΙΙ.
2683 576 2849 643 Libri,
2892 595 3017 648 quos
3061 580 3223 634 edidit
3262 580 3559 653 Presbyter.

1984 692 2053 702 —
2078 662 2211 717 Pars
2248 662 2537 718 IV-VIII.
2584 664 2746 731 Libri,
2780 682 2907 737 quos
2956 669 3113 722 edidit
3158 670 3467 739 EpiscOpus.
3492 700 3564 713 -—

1988 750 2121 807 Pars
2150 751 2373 806 ΙΧ-ΧΙ.
2422 754 2585 820 Libri,
2626 772 2753 826 quos
2800 773 2902 811 non
2941 769 3162 813 recenset
3200 761 3251 814 in
3281 760 3426 816 libris
3461 762 3565 818 Re-

1987 843 2375 897 tractationum.

2058 931 2255 987 Primze
2282 931 2445 1002 hujus
2471 948 2697 1005 operum
2721 934 3008 1008 Augustini
3032 938 3288 994 editionis
3314 941 3562 1011 exempla

1989 1022 2125 1079 adeo
2150 1040 2268 1079 rara
2294 1032 2441 1093 sunt,
2466 1024 2534 1080 ut
2562 1027 2684 1082 licet
2709 1015 2817 1082 non
2838 1044 3039 1099 paucos
3066 1031 3357 1086 cvolvcrim
3389 1033 3569 1087 diver-
3606 1064 3621 1075 ο

1990 1131 2171 1172 sarum
2205 1117 2648 1174 bibliothecarum
2697 1119 2991 1191 catalogus,
3026 1124 3077 1177 in
3118 1123 3330 1179 duobus
3359 1134 3565 1179 tantum

1993 1209 2257 1267 hactenus
2289 1211 2529 1279 reperire
2560 1211 2851 1281 contigerit
2877 1212 2975 1283 (b),
3008 1216 3100 1282 qui
3132 1216 3289 1269 ambo
3318 1217 3567 1270 eumdem

1992 1300 2230 1372 quidem,
2261 1315 2420 1371 quem
2454 1301 2506 1355 in
2542 1302 2835 1371 conspicuo
2867 1304 3147 1372 posuimus
3175 1318 3398 1370 annum,
3440 1320 3568 1374 pro-

1991 1393 2147 1459 dunt,
2175 1408 2441 1464 quemque
2469 1395 2780 1449 Maettarius
2814 1396 2956 1450 eruit
2988 1394 3080 1466 (ε).
3111 1395 3280 1449 Datur
3313 1397 3567 1450 nimirum

1993 1484 2044 1539 in
2069 1484 2153 1540 his
2174 1485 2532 1554 discrepantia
2563 1485 2830 1555 quaedam,
2854 1485 2979 1540 dum
3013 1487 3124 1553 alii,
3150 1486 3295 1540 velut
3320 1494 3568 1541 auctores

1993 1575 2368 1639 Colonienses,
2401 1590 2598 1630 annum
2625 1575 2786 1641 1504,
2819 1576 2907 1630 alii
2940 1592 3141 1631 annum
3172 1576 3301 1632 1501
3345 1587 3400 1633 et
3430 1578 3569 1633 1503

1994 1667 2295 1738 praeferunt
2328 1668 2427 1738 (ἀ),
2472 1668 2618 1724 unde
2658 1670 2887 1724 fortasse
2927 1670 3049 1737 jure
3090 1670 3274 1739 aliquo
3321 1671 3569 1740 colligas,

312 1773 437 1812 sum
463 1757 618 1810 emitti
646 1757 868 1825 possint.
890 1786 961 1796 —
993 1756 1237 1824 Quevero
1262 1769 1433 1811 errata
1459 1774 1688 1813 ueremur
1716 1761 1889 1830 :ejus-
1922 1760 1966 1819 B
1998 1773 2101 1814 non
2144 1772 2251 1814 uno
2298 1773 2442 1813 anno
2474 1768 2639 1814 tatam
2686 1759 2825 1816 hanc
2855 1759 3150 1815 editionem
3203 1775 3321 1815 esse
3351 1761 3569 1815 absolu-

314 1848 465 1900 modi
487 1847 759 1914 credimus,
818 1861 918 1918 que
967 1849 1077 1902 sine
1128 1847 1475 1919 recognitione
1520 1859 1610 1904 aut
1660 1850 1892 1904 admoni-

310 1939 456 1993 tione
475 1948 649 1993 nostra
672 1939 833 2008 facile
859 1940 1021 2010 quivis
1045 1941 1432 2012 deprehenderit
1453 1952 1499 1997 et
1529 1945 1890 1998 emendauerit.

310 2029 408 2085 Ne
426 2031 541 2099 quis
578 2041 745 2085 autem
770 2031 1067 2085 chartarum
1099 2034 1553 2087 convertendarum
1576 2036 1772 2106 ignoret
1800 2052 1818 2090 :
1844 2044 1891 2091 et

313 2124 385 2179 ob
414 2125 473 2178 id
494 2124 661 2180 deesse
686 2126 961 2195 quidquam
986 2128 1263 2198 pulet:ltec
1290 2131 1446 2184 series
1472 2138 1545 2183 est
1568 2144 1588 2184 :
1610 2146 1718 2195 a-s,
1752 2128 1890 2198 A-G,

314 2214 517 2284 Αα-Ιλ,
554 2215 656 2286 Ρρ.
703 2216 933 2284 Quorum
961 2219 1009 2282 b,
1040 2218 1089 2281 Is,
1124 2235 1178 2289 q,
1224 2235 1270 2286 r,
1312 2217 1355 2274 ϐ
1388 2229 1433 2274 et
1476 2219 1560 2286 ιι,
1596 2230 1734 2275 terne
1778 2229 1894 2275 sunt

318 2330 412 2383 pp.
441 2313 591 2382 quine
612 2329 630 2366 :
657 2312 852 2383 relique
888 2322 1062 2368 autem
1099 2323 1363 2382 quaterna,
1412 2323 1517 2370 etc.
1552 2316 1891 2387 Exscriptum

326 2413 415 2459 est
440 2419 574 2473 opus
605 2403 775 2460 hocce
802 2403 1116 2461 charactere
1147 2406 1376 2461 Gothico
1405 2407 1612 2462 minuto
1634 2408 1777 2464 binis
1805 2423 1896 2464 co-

320 2492 543 2559 lumnis,
576 2494 733 2548 lineis
772 2492 912 2551 adeo
937 2495 1154 2565 scriptis
1194 2504 1251 2550 ut
1277 2495 1345 2549 55
1376 2497 1622 2567 paginam
1657 2499 1891 2567 capiant.

320 2582 618 2639 Enimvero
645 2599 902 2654 perquam
946 2585 1231 2641 commode
1255 2585 1575 2642 adornatum
1607 2596 1710 2644 est.
1735 2588 1894 2643 Tam-

318 2675 430 2729 etsi
472 2676 618 2728 enim
666 2673 921 2729 foliorum
976 2675 1360 2746 paginarumve
1406 2678 1659 2746 numeri,
1713 2686 1895 2733 custo-

319 2764 536 2835 desque
576 2767 778 2833 desint,
813 2767 970 2823 habet
1012 2779 1189 2825 tamen
1220 2769 1530 2825 chartarum
1572 2770 1895 2840 signaturas,

314 2855 644 2909 continuam
686 2855 738 2909 in
785 2871 989 2927 summa
1037 2860 1227 2928 pagina
1260 2859 1666 2930 inscriptionem
1702 2859 1897 2915 chara-

314 2953 483 3001 ctere
521 2944 812 3013 majusculo
857 2962 1200 3017 expressam;
1253 2950 1449 3005 littera:
1491 2952 1621 3006 item
1662 2953 1899 3011 initiates

318 3036 513 3106 parvis
541 3036 753 3106 quidem
789 3039 1035 3095 indicata:
1062 3050 1206 3110 sunt,
1238 3042 1333 3098 sed
1361 3043 1598 3113 cujusvis
1620 3046 1812 3114 capitis
1836 3045 1901 3100 li-

1995 1859 2124 1916 tam,
2166 1849 2259 1905 sed
2314 1849 2585 1920 inceptam
2626 1866 2770 1905 anno
2816 1852 2975 1916 1503,
3033 1851 3099 1904 ad
3148 1854 3306 1904 tinem
3355 1852 3571 1907 tandem

1994 1955 2042 1994 a.
2080 1940 2219 1995 1506
2241 1940 2579 2009 perductam,
2610 1956 2784 2010 eoque
2822 1956 2982 2007 anno,
3024 1941 3113 2011 qui
3149 1940 3407 1994 terminus
3440 1941 3571 1995 intc'

1994 2033 2074 2103 gri
2102 2032 2284 2103 operis
2315 2032 2535 2099 fuisset,
2573 2032 2816 2102 singulos
2849 2041 3023 2086 tomos
3059 2046 3181 2087 esse
3211 2034 3446 2101 signatos
3476 2032 3572 2103 (e).

1996 2125 2105 2181 Nec
2147 2134 2415 2179 tomorum
2460 2140 2743 2179 numerum
2793 2124 3041 2179 eumdem
3089 2140 3276 2180 omnes
3325 2124 3568 2191 tradunt,

1995 2215 2089 2271 sed
2136 2214 2225 2269 alii
2267 2230 2469 2282 nouem,
2518 2214 2606 2269 alii
2645 2215 2881 2268 undecim
2929 2223 3178 2268 constare
3221 2229 3354 2283 opus
3400 2222 3574 2268 totum

1995 2308 2209 2374 volunt,
2251 2321 2362 2361 non
2412 2320 2542 2362 sane
2590 2306 2871 2376 scriptura:
2913 2305 3093 2375 aliquo
3121 2320 3328 2369 errore,
3370 2303 3464 2358 sed
3497 2304 3575 2383 di.

1996 2398 2159 2454 sertis
2181 2396 2357 2453 verbis
2382 2412 2662 2451 numerum
2693 2397 3060 2452 enuntiantes.
3084 2396 3260 2464 Quid?
3289 2395 3431 2464 quod
3458 2394 3575 2449 Tri.

1996 2487 2230 2545 themius
2254 2487 2543 2558 quindecim
2570 2487 2934 2543 voluminibus
2976 2486 3301 2556 impressum
3341 2500 3463 2541 esse
3494 2484 3576 2538 di-

1995 2592 2081 2641 cal
2107 2584 2207 2655 (ll-

2068 2675 2218 2730 Nunc
2240 2685 2440 2743 tamen,
2468 2690 2535 2730 ne
2564 2676 2765 2729 diutius
2794 2674 2943 2727 hisce
2974 2672 3325 2740 experiundis
3350 2687 3579 2739 cperam

2000 2763 2463 2832 impenderemus,
2494 2763 2675 2817 etl‘ecit
2696 2763 2940 2815 Oudinus
2961 2763 3082 2829 qui,
3111 2762 3383 2814 declarata
3416 2763 3577 2815 totius

2003 2852 2315 2925 partitione,
2345 2853 2478 2907 satis
2492 2850 2754 2922 significat
2784 2850 2955 2919 ipsam
2983 2850 3274 2903 editionem
3309 2866 3334 2901 a
3360 2865 3420 2905 se
3450 2850 3577 2906 luis-

2001 2961 2062 3004 se
2090 2946 2413 3015 inspectam.
2438 2946 2604 3001 Docet
2629 2953 2809 2998 autem
2840 2943 3076 2997 undecim
3107 2944 3373 3011 partibus,
3403 2959 3578 2995 norem

2001 3054 2133 3095 vero
2156 3038 2317 3094 tomis
2347 3052 2470 3093 esse
2510 3036 2984 3107 comprehensam,
3018 3044 3180 3105 atque
3220 3038 3299 3091 sic
3347 3036 3579 3090 distinc-

318 3140 430 3182 nea
459 3126 633 3196 prima
674 3129 1042 3185 characterem
1088 3133 1347 3202 majorem
1392 3112 1578 3189 sortita
1628 3112 1731 3204 est,
1770 3150 1900 3206 gau-
1927 3112 1972 3175 (ἶ
2004 3140 2138 3199 tam,
2166 3139 2223 3187 ut
2248 3140 2359 3185 octo
2387 3131 2601 3199 priores
2624 3144 2719 3184 eos
2743 3129 3028 3199 Augustini
3058 3128 3251 3195 libros,
3281 3142 3417 3197 quos
3463 3126 3582 3196 ipse
3640 3168 3646 3181 .

320 3216 525 3286 detque
548 3229 863 3288 argumento
886 3234 1218 3293 numeroque
1254 3223 1558 3293 praemisso,
1590 3226 1679 3295 qui
1707 3241 1900 3282 nume-

320 3319 427 3359 rus
455 3307 647 3361 litteris
669 3306 929 3365 Romanis
959 3313 1122 3367 simu’.
1148 3313 1201 3367 in
1233 3316 1474 3384 margine
1502 3316 1766 3383 repetitus
1794 3326 1898 3372 est.

322 3394 598 3451 Przecedit
618 3412 783 3467 porro
801 3412 1011 3470 septem
1030 3402 1171 3457 foliis
1193 3406 1547 3473 quaestionum
1573 3405 1750 3460 tabula
1777 3420 1898 3461 cum

320 3487 598 3541 sententia
625 3488 796 3558 ipsius
825 3491 1108 3562 Augustini
1135 3508 1297 3563 super
1325 3496 1722 3563 Quaestionibus
1750 3512 1815 3553 ex
1840 3496 1902 3552 li-

322 3575 447 3631 bris
472 3576 954 3649 Retractationum,
976 3584 1027 3638 in
1049 3600 1151 3653 qua
1177 3602 1341 3641 unum
1364 3589 1467 3643 hoc
1491 3588 1801 3644 observanti
1822 3587 1905 3643 di-

324 3682 492 3738 gnum
531 3680 723 3739 restat,
752 3673 896 3742 quod
922 3675 1183 3746 singulari
1220 3678 1569 3734 annotatione
1616 3678 1794 3734 editor
1821 3681 1901 3735 le-

322 3762 569 3835 ctionem
603 3765 975 3831 scripturarum
999 3780 1201 3824 sanctas
1222 3779 1410 3825 contra
1431 3772 1652 3827 alteram
1677 3774 1904 3843 scriptu-

322 3868 419 3907 ras
437 3864 644 3911 sanctas
673 3858 1030 3924 complurium
1062 3862 1310 3916 codicum
1335 3865 1658 3920 auctoritate
1682 3874 1904 3919 excusat

322 3959 391 4000 ac
442 3945 703 4002 defendit.
751 3950 994 4005 Meminit
1036 3951 1192 4022 hujus
1239 3953 1327 4007 ed.
1375 3951 1455 4007 Cl.
1500 3954 1699 4009 Braun.
1738 3954 1803 4009 Τ.
1834 3953 1900 4021 ll,

327 4051 389 4106 p.
422 4035 547 4091 295.
578 4037 689 4094 Nec
716 4040 818 4096 alia
850 4041 1079 4097 fortasse
1107 4054 1189 4098 est
1225 4044 1292 4097 ab
1321 4058 1406 4108 ea,
1438 4047 1591 4113 cujus
1617 4045 1716 4098 sub
1744 4044 1904 4102 titulo

321 4128 491 4197 primi
529 4144 750 4199 operum
796 4133 1076 4203 Augustini
1130 4133 1260 4188 tomi
1309 4134 1557 4189 meminit
1597 4135 1903 4205 Maeuarius

322 4217 399 4272 Τ.
431 4217 471 4282 1,
505 4234 561 4287 p.
594 4219 716 4288 482,
756 4222 860 4276 ﬁde
888 4224 952 4276 de
987 4225 1037 4277 la
1069 4223 1234 4278 Caille
1263 4225 1547 4293 subnixus,
1580 4227 1722 4296 apud
1746 4243 1901 4297 quem

331 4321 445 4377 per
482 4323 713 4365 errorem
756 4327 805 4366 a.
856 4312 992 4369 1487
1019 4328 1117 4384 pro
1150 4313 1285 4370 1497
1316 4318 1545 4385 scriptus
1594 4332 1713 4373 esse
1753 4318 1901 4374 vidc-

322 4409 421 4454 tur
444 4399 541 4470 (α).
1080 4404 1081 4407 ‘

916 4500 1155 4557 secum
1196 4517 1307 4556 xvt.

750 4665 756 4671 ι
1014 4586 1207 4646 150:3.

398 4670 621 4731 Busilece
665 4670 805 4748 apud
848 4677 1106 4733 Joannem
1149 4681 1559 4737 Amerbacltium.
1606 4686 1664 4740 In
1696 4687 1786 4741 fol.
1835 4687 1903 4741 ΙΧ

403 4854 667 4935 (a)_lfi_unc
698 4857 975 4935 idcmjam
1007 4860 1409 4935 Hambergerum
1442 4865 1714 4920 monuisse
1748 4864 1905 4921 video

323 4923 480 5001 torno
501 4923 586 5001 l_l_l,
614 4923 896 5001 pag._104.
968 5000 973 5001 ί
1237 4923 1259 4935 ’
1769 4996 1774 5001 .

402 4994 478 5063 (b)
510 4994 713 5074 Nempe
742 4999 795 5051 in
828 5000 1249 5074 catalogo‘Biltl.
1286 5001 1614 5074 Bodleianar,
1653 5006 1743 5074 qui
1769 4996 1904 5062 citat

322 5067 824 5140 Angttstinimpera
867 5069 937 5124 IX
981 5067 1142 5126 tomis
1184 5088 1279 5140 per
1323 5067 1733 5128 Amerbachiu'm
1773 5078 1897 5130 Bas.

320 5134 489 5209 1506,
508 5145 587 5209 _et
612 5134 735 5209 gai.
770 5139 901 5209 bibl.
949 5134 1452 5209 principfecclesia:
1496 5151 1549 5196 et
1589 5148 1897 5201 monasterii

319 5206 459 5260 0rd.
502 5205 562 5258 S.
612 5206 893 5263 Benedicti
942 5205 1004 5264 ad
1054 5205 1542 5266 SCEmmeranum
1590 5212 1897 5270 Ratisbouas

318 5284 471 5344 part.
515 5290 533 5327 ι
564 5276 749 5352 (1748,
799 5278 998 5349 iu-8°),
1044 5283 1097 5352 in
1140 5296 1245 5352 quo
1278 5282 1484 5348 plenior
1524 5285 1712 5339 titulus
1739 5298 1793 5352 p.
1836 5286 1908 5339 40

319 5359 484 5413 seqq.
522 5348 934 5421 ascriptusﬂest,
962 5348 1081 5406 sed
1122 5348 1334 5407 oinissis
1362 5354 1604 5420 partibus
1644 5370 1695 5421 ν,
1726 5348 1801 5421 vi,
1832 5370 1908 5410 vu

316 5423 381 5471 et
406 5430 469 5493 με
498 5429 751 5493 mancum
776 5419 908 5474 illud
944 5422 1247 5493 exemplum
1275 5436 1396 5478 esse
1427 5419 1691 5493 proditur.

396 5484 474 5605 (ἓ)
504 5483 662 5567 Tum:
696 5487 759 5551 ll,
798 5500 938 5557 part.
967 5506 1004 5553 ι,
1034 5506 1087 5560 p.
1107 5483 1248 5545 916.

396 5552 419 5605 (
470 5553 753 5605 lPerlInet
784 5558 889 5605 huc.
929 5560 1097 5605 locus-
1144 5577 1248 5605 mm

396 5552 485 5629 (tl)
512 5552 889 5629 Perlinethuc
929 5552 1099 5625 locus,
1144 5577 1303 5629 quem
1348 5562 1510 5616 etiam
1549 5563 1911 5621 Colonienses

317 5624 633 5702 adducunt,
659 5628 991 5702 e_x_Ssoe_ertii
1029 5624 1243 5685 Athenis
1273 5631 1416 5701 Belg.
1468 5648 1520 5702 p.
1565 5634 1687 5699 148,
1720 5637 1807 5690 ubi
1839 5638 1908 5692 de

319 5693 553 5751 Dodonc
580 5697 773 5753 scribit
804 5716 815 5752 :
848 5697 1055 5757 Primus
1079 5703 1325 5771 congessit
1356 5693 1401 5759 Et
1428 5693 1691 5772 castigavit
1712 5707 1771 5761 S.
1804 5709 1909 5761 An-

1931 4464 1983 4522 D

2001 3224 2055 3279 in
2087 3224 2202 3279 suis
2252 3222 2717 3278 Iietractationibus
2756 3228 3031 3286 recenset,
3060 3220 3403 3285 contineant,
3454 3219 3581 3273 reli-

2001 3331 2122 3387 quas
2150 3325 2398 3385 caeteros,
2449 3330 2680 3383 quorum
2710 3314 2855 3368 nulla
2898 3314 2951 3367 in
2993 3314 3095 3368 hoc
3151 3328 3317 3383 opere
3374 3314 3580 3367 mentio

2001 3407 2265 3477 injicitur,
2289 3408 2741 3490 complectantur,
2777 3403 2924 3474 quod
2955 3403 3026 3457 ita
3059 3418 3118 3459 se
3148 3403 3349 3459 habere
3387 3420 3453 3458 ex
3483 3400 3581 3457 Ca?

2004 3502 2185 3570 talogo
2217 3500 2344 3554 bibl.
2377 3499 2718 3553 Emmeranus
2740 3496 3107 3550 intelleximus
3131 3537 3144 3561 ,
3168 3496 3257 3563 qui
3298 3505 3406 3547 tres
3434 3494 3581 3561 prio-

1942 3636 1957 3647 .
2004 3606 2096 3647 res
2118 3598 2301 3662 partes
2327 3603 2434 3644 uno
2481 3597 2633 3643 tomo
2688 3601 2785 3641 seu
2838 3584 3112 3638 volumine
3155 3579 3582 3651 comprehensas

2003 3681 2265 3738 ostendit.
2296 3680 2466 3736 Simul
2501 3686 2701 3743 mouet,
2744 3676 3011 3748 plurimos
3064 3674 3372 3736 Sermones,
3412 3673 3581 3741 pluri-

2004 3788 2224 3844 masque
2258 3772 2541 3844 Epistolas,
2573 3784 2671 3825 nec
2694 3786 2799 3825 non
2830 3769 3198 3823 Enarrationes
3236 3767 3288 3818 in
3319 3765 3580 3828 Psalmos,

2006 3873 2190 3934 utpote
2230 3878 2351 3934 qua:
2376 3863 2485 3933 jam
2510 3871 2667 3917 antea
2709 3876 2803 3931 per
2833 3872 3007 3913 annos
3034 3858 3191 3923 1489,
3230 3854 3387 3921 HM,
3416 3853 3574 3917 1495,

2008 3955 2143 4010 1497
2171 3954 2359 4011 excudi
2383 3962 2687 4019 curaverat,
2724 3950 2979 4008 undecim
3026 3949 3112 4003 his
3165 3948 3406 4017 partibus
3447 3944 3584 4015 adji4

2005 4062 2130 4105 cere
2156 4048 2420 4104 noluisse.
2474 4046 2615 4103 Usus
2646 4058 2828 4100 autem
2871 4044 3042 4098 fuerat
3070 4042 3159 4096 Jo.
3218 4040 3585 4094 Amerbacltius

2007 4143 2061 4197 in
2087 4139 2327 4211 paranda
2378 4139 2483 4193 ltac
2535 4138 2772 4192 editione
2801 4148 2965 4204 opera
2999 4132 3280 4202 cujusdam
3312 4131 3584 4201 Augustint

2006 4231 2256 4297 Dodonis,
2290 4227 2473 4294 Frisii,
2498 4226 2715 4281 Basilea:
2758 4225 2826 4279 ad
2873 4224 2934 4279 S.
2962 4222 3286 4277 Leonardutn
3318 4220 3583 4281 canonici,

2007 4321 2097 4391 qui
2125 4363 2140 4386 ,
2171 4321 2264 4375 illo
2285 4328 2534 4389 sumptus
2562 4319 2856 4388 praebente,
2906 4314 3093 4381 Italize,
3154 4312 3339 4367 Gallitta
3368 4318 3423 4364 et
3452 4308 3585 4363 Ger-

2009 4413 2205 4466 mania:
2231 4410 2590 4465 bibliothecas
2615 4415 2990 4478 perscrutatus
3012 4415 3149 4471 erat,
3172 4412 3227 4459 et
3252 4404 3390 4471 ipse,
3415 4399 3459 4454 si
3490 4414 3585 4467 per

2012 4504 2117 4558 fata
2168 4502 2433 4569 licuisset,
2492 4502 2749 4572 operibus
2798 4500 3034 4570 undique
3065 4494 3441 4565 comportatis,
3475 4506 3585 4546 ura-

2012 4612 2139 4652 num
2161 4594 2474 4650 admoturus
2514 4595 2723 4649 luisset.
3574 4580 3577 4587 “

2013 4870 2205 4941 gustini
2232 4886 2386 4941 opera
2420 4872 2613 4934 omnia,
2663 4869 2855 4941 adjecit
2904 4874 2950 4919 et
2984 4870 3280 4941 argumenta
3330 4866 3383 4918 in
3432 4883 3587 4936 opera

2010 4940 2216 5011 singula
2235 4937 2295 4991 a'c
2320 4956 2586 5011 censuras,
2615 4939 2702 4990 sed
2733 4940 3055 4989 immaturam
3088 4937 3200 5011 ejus
3229 4952 3437 5011 operam
3470 4955 3585 5011 pes-

2010 5009 2073 5060 tis
2094 5005 2405 5077 }:bsumpsit,
2430 5026 2486 5060 eo
2520 5009 2643 5077 ipso,
2680 5020 2834 5065 anno,
2878 5022 2977 5075 quo
3021 5005 3163 5073 prelo
3209 5006 3584 5073 subjiciendum

2008 5093 2136 5148 opus
2159 5076 2806 5148 erat,q_15t)ﬂi,_prodiitque
2850 5085 2962 5146 post
3006 5086 3215 5130 mortem
3267 5092 3331 5130 ea:
3372 5079 3609 5148 ofﬁcina‘

2003 5146 2326 5200 Amerbachii
2373 5146 2531 5200 1505.

2077 5215 2148 5285 (e)
2174 5217 2459 5270 Consentit
2515 5214 2749 5270 Oudinns
2783 5216 2835 5270 in
2868 5215 3146 5271 Comment.
3178 5217 3241 5270 Τ.
3274 5215 3314 5279 1,
3349 5232 3401 5282 p.
3438 5215 3581 5279 951.

2016 5285 2159 5341 circa
2185 5300 2384 5340 annum
2412 5286 2549 5342 1500
2574 5286 2842 5355 inceptum
2862 5327 2878 5351 ,
2923 5304 3064 5341 anno
3095 5302 3224 5341 vero
3269 5287 3405 5339 1506
3435 5301 3584 5339 com-

2015 5357 2221 5425 pletum
2252 5370 2371 5411 esse
2396 5371 2530 5425 opus
2548 5357 2751 5411 dicens.
2778 5357 2881 5410 Pro
2903 5357 3190 5425 posteriori
3208 5369 3435 5425 numero
3455 5371 3584 5423 ope-

2014 5424 2194 5481 rarum
2233 5426 2363 5481 vitio
2398 5424 2468 5481 ibi
2519 5429 2852 5495 exscriptum
2884 5424 3146 5482 est1586.
3198 5424 3464 5495 Ottdinum
3508 5426 3583 5480 fc-

2014 5511 2073 5551 re
2101 5504 2266 5550 totum
2310 5494 2716 5566 exscripserunt
2746 5497 3120 5566 Colonienses,
3168 5494 3270 5547 nisi
3317 5498 3460 5564 quod
3517 5500 3582 5553 de

2014 5580 2112 5622 suo
2134 5564 2683 5630 addiderunt-omnia
2710 5580 2763 5619 a.
2790 5564 2946 5628 1504,
2972 5566 3133 5617 lucem
3162 5569 3437 5625 aspexisse.

2083 5636 2157 5708 (ι’)
2184 5637 2238 5692 1η
2270 5636 2505 5705 Epistola
2528 5638 2593 5690 ad
2637 5637 2817 5708 Jacob.
2838 5635 3199 5708 [fytnolannrn
3224 5636 3581 5708 purulentam

2015 5703 2136 5763 data
2165 5703 2442 5775 llerbipoli
2475 5707 2540 5762 16
2568 5705 2795 5774 Augusti
2832 5703 2987 5773 1507,
3019 5706 3157 5773 apud
3191 5706 3372 5761 Maett.
3413 5706 3476 5759 lt.
