3882 6340
341 259 415 313 57

1264 259 1537 315 NOTlTlA
1580 261 1998 319 LITTERARIA
2039 265 2104 322 lN
2143 268 2200 324 S.
2246 271 2714 334 AlfCUSTlNUM.

3543 302 3612 355 είς

343 373 539 427 datum
570 369 900 438 oll'endcrim
956 385 1019 429 ac
1065 371 1394 436 sustulerim,
1425 374 1584 426 etiam
1631 374 1801 443 illine,
1842 367 1931 428 ubi
1961 374 2012 433 Α
2039 393 2175 447 nuga
2190 391 2449 451 mentum,
2475 400 2542 438 ne
2566 386 2666 439 sim
2696 388 2887 456 tmdio;
2916 393 3204 465 deccrpam
3237 404 3396 458 modo
3421 421 3612 474 pauca,

346 461 491 514 nihil
543 473 660 514 esse
701 458 1060 526 depravatum
1092 461 1394 528 putabatur.
1431 460 1598 515 llabet
1647 465 1787 516 enim
1823 466 1930 516 Att-

349 551 602 621 gnstinus
641 565 801 602 suum
844 549 1114 617 quoddam
1165 550 1380 604 dicendi
1433 566 1624 619 genus,
1653 563 1926 622 argutum,

348 651 410 696 et
442 639 676 710 periodis
719 640 771 692 in
806 639 1020 708 longum
1057 640 1332 707 productis
1379 641 1545 694 multa
1578 643 1924 708 coovolvens,

349 732 496 802 quod
547 731 808 784 lectorem
842 740 896 783 et
936 731 1280 795 latniliarem,
1314 741 1367 786 et
1402 742 1642 798 acutum,
1675 744 1728 789 et
1755 745 1929 788 atten-

345 834 489 886 tum,
538 829 595 874 et
647 820 788 874 bene
839 835 1136 874 memorem
1197 824 1447 890 requirit,
1497 826 1732 895 denique
1784 827 1926 879 ttedii

344 914 665 982 laborisqu
711 935 734 959 ιι
802 914 1024 976 ientem,
1055 913 1246 981 quales
1285 930 1390 968 non
1431 916 1501 969 ita
1545 917 1741 970 multos
1772 931 1930 986 repe-

348 1007 490 1059 rias.
526 1006 644 1060 lam
673 1005 876 1059 tametsi
905 1003 1162 1073 profanas
1191 1006 1400 1060 litteras
1429 1007 1642 1074 parcius
1668 1016 1925 1071 ostentat,

351 1113 520 1166 quam
566 1097 943 1166 Hieronymus,
981 1103 1161 1149 tamen
1190 1096 1368 1150 obiter
1398 1097 1461 1150 ad
1496 1112 1590 1152 eas
1619 1100 1929 1167 lrequenter

346 1189 564 1248 alludit.
615 1188 704 1241 llis
737 1189 898 1242 rebus
942 1187 1142 1241 factum
1174 1197 1280 1252 est,
1314 1196 1370 1240 ut
1402 1188 1590 1251 lector,
1632 1189 1927 1244 audaculus

343 1257 520 1349 magis
552 1295 712 1345 quam
745 1290 997 1348 argutus,
1033 1279 1253 1332 mutarit
1306 1279 1562 1346 quidquid
1597 1279 1921 1334 attendebat.

343 1371 550 1425 Verum
579 1385 702 1439 quae
749 1371 833 1423 vel
887 1370 1232 1423 librariorum
1272 1369 1504 1436 incuria,
1539 1371 1622 1425 vel
1665 1373 1924 1424 lectorum

341 1463 564 1517 inscitia
606 1462 895 1516 commissa
937 1469 1083 1529 sunt,
1111 1461 1314 1516 habent
1346 1472 1634 1531 utcumque
1663 1463 1919 1528 colorem,

340 1568 456 1620 quo
503 1553 717 1621 culpam
768 1552 952 1618 liceat,
1003 1554 1046 1605 si
1094 1567 1198 1607 non
1246 1567 1532 1620 excosarc,
1581 1565 1728 1608 certe
1764 1567 1920 1610 exte-

345 1657 520 1698 nuare
569 1660 581 1696 :
627 1658 952 1712 quamquam
1012 1643 1151 1696 hanc
1189 1646 1434 1712 Oportuit
1481 1661 1600 1699 esse
1652 1647 1916 1715 publicam

2037 470 2181 523 unde
2219 470 2388 527 laci-lis
2429 477 2496 528 sit
2539 478 2886 548 conjectura,
2925 501 3084 554 quam
3115 501 3309 544 cmtera
3356 470 3490 550 nihil
3521 470 3615 551 ha;-

2033 559 2194 659 bcant
2216 565 2432 619 mentis.
2468 566 2621 622 l-lunc
2654 573 2705 624 in
2736 574 2950 628 modum
2984 580 3193 634 orditur
3223 601 3234 634 :
3268 585 3326 638 Si
3357 589 3485 640 enim
3518 600 3611 659 ego

2031 651 2139 718 ipse
2159 663 2212 704 ut
2243 656 2306 706 de
2331 655 2410 708 his
2432 698 2446 722 ,
2478 659 2604 724 quid
2632 665 2875 726 sentiam,
2907 667 3122 736 habeas,
3152 671 3493 738 differentiam
3527 651 3612 746 fa-

2031 747 2230 792 cturum
2260 759 2338 795 me
2359 751 2686 811 speraverim.
2715 753 2977 822 Agnoscis
3000 764 3262 815 sermonis
3295 764 3500 819 liorem.
3531 768 3608 821 Ae

2033 844 2153 921 mox
2189 849 2199 882 :
2239 830 2307 886 Ut
2331 839 2466 888 enim
2497 840 2563 890 ad
2598 843 2696 894 vim
2727 847 2930 899 termini
2975 851 3301 918 proﬁciscar,
3339 858 3607 921 Apostolos

2029 915 2283 984 ercum,
2318 924 2506 979 dicitur
2535 930 2598 981 ab
2627 948 2772 1000 apos,
2802 937 2939 1003 quod
2965 915 3105 993 notat
3129 915 3500 1011 argumentum,
3531 949 3606 1002 vel

2030 1013 2466 1082 pra’minentiam,
2497 1029 2543 1071 et
2568 1022 2765 1089 scolon,
2803 1029 2938 1096 quod
2971 1041 3042 1084 est
3078 1035 3269 1097 missio,
3300 1039 3447 1106 quasi
3473 1055 3606 1108 pra:—

2029 1102 2277 1155 minenter
2302 1106 2485 1160 missus
2505 1149 2520 1171 ,
2550 1109 2618 1160 ad
2643 1120 3110 1184 augmentationetn
3140 1123 3329 1177 scilicet
3365 1126 3487 1193 fidei
3514 1145 3604 1180 ca-

2029 1193 2253 1283 tholica},
2280 1198 2356 1249 vel
2377 1202 2640 1266 apostolus
2663 1207 2808 1271 quasi
2834 1212 3159 1274 posfmissus.
3191 1226 3299 1269 etc.
3330 1217 3466 1283 Quid
3504 1219 3603 1274 hac

2026 1282 2351 1341 delirationc
2396 1290 2797 1360 prodigiosius‘l
2844 1297 2980 1366 Apos
3018 1303 3161 1355 enim
3205 1282 3602 1372 apudGrzecos

2027 1384 2231 1429 tantum
2265 1381 2533 1448 signiﬁcat
2562 1422 2576 1445 ,
2610 1395 2870 1451 quantum
2902 1387 2947 1439 Κ
2955 1389 3289 1446 ἱεΙςὶΙάνξυῑηηι
3326 1399 3465 1464 apud
3499 1399 3602 1452 La-

2027 1465 2188 1531 tinos,
2233 1477 2289 1523 et
2319 1471 2497 1525 scolon
2540 1473 2744 1529 Grascis
2771 1480 3360 1536 sonatoll‘endiculum.
3394 1487 3602 1542 Deinde

2023 1556 2340 1613 stultissime
2364 1560 2688 1630 imaginatur
2706 1565 2756 1618 in
2779 1568 2994 1621 nomine
3021 1574 3301 1635 apostolus,
3331 1585 3482 1644 apost
3502 1577 3600 1631 ad-

2022 1645 2192 1699 dittnn
2216 1663 2312 1715 pro
2339 1653 2665 1712 postmodum
2695 1671 2792 1722 pro
2818 1672 2924 1725 quo
2964 1658 3180 1714 Barbari
3212 1662 3394 1718 dicere
3419 1665 3598 1720 solent

351 1735 670 1803 principum,
725 1735 1014 1802 praesnlum
1055 1745 1109 1789 et
1159 1736 1412 1788 abbatum
1457 1751 1673 1799 curam,
1709 1747 1767 1791 ut
1815 1741 1918 1792 11ιὶ-
1951 1721 1998 1782 B
2024 1737 2220 1806 depost.
2269 1740 2426 1809 Atqui
2463 1743 2510 1796 si
2541 1721 2729 1800 Grteca
2763 1721 2863 1800 vox
2892 1757 2975 1802 est
3005 1754 3314 1819 apostolus,
3366 1765 3421 1808 ut
3484 1757 3600 1824 ipse

350 1825 512 1888 lium,
547 1824 637 1878 sed
667 1826 940 1893 pra-cipue
970 1840 1248 1878 sacrorum
1279 1825 1609 1880 voluminum
1641 1829 1920 1897 exempla-

341 1917 424 1970 ria
453 1929 549 1984 per
574 1915 814 1970 eruditos
842 1916 988 1969 viros
1029 1932 1186 1986 quam
1218 1916 1625 1989 diligentissime
1656 1919 1922 1986 castigata

341 2018 700 2061 servarentur
729 2007 781 2060 in
813 2007 1036 2075 publicis
1068 2009 1432 2063 bibliothecis.
1460 2009 1586 2064 Illos
1609 2025 1761 2072 vero,
1786 2026 1921 2079 quos

339 2101 600 2153 absolvat
633 2115 661 2153 a
711 2101 978 2169 sacrilegii
1024 2101 1267 2164 crimine,
1296 2101 1382 2168 qui
1431 2117 1528 2155 nec
1573 2117 1780 2167 errore,
1816 2117 1919 2156 nec

342 2191 461 2245 ulla
494 2191 832 2256 necessitate,
855 2195 950 2245 sed
974 2194 1150 2260 inepta
1177 2193 1618 2255 libidine,stndio
1643 2203 1919 2248 mutarunt

337 2282 506 2350 hujus
540 2283 636 2333 viri
668 2284 892 2350 scripta,
926 2291 1196 2336 vertentes
1226 2300 1323 2353 que
1355 2284 1404 2336 in
1435 2293 1502 2346 et,
1531 2293 1577 2336 et
1608 2285 1660 2337 in
1683 2302 1797 2354 que,
1828 2287 1917 2340 sed

346 2379 407 2432 in
436 2387 505 2441 nt,
538 2386 589 2427 at
634 2376 684 2429 in
717 2376 830 2434 sed,
861 2375 992 2428 dixit
1032 2375 1084 2427 in
1119 2375 1300 2438 ait,ait
1329 2375 1379 2427 in
1420 2375 1572 2438 dixit,
1603 2376 1825 2430 verbum
1861 2377 1911 2432 iu

345 2467 709 2535 participium,
742 2465 1083 2535 participium
1131 2467 1182 2518 in
1235 2467 1477 2530 verbum,
1504 2467 1716 2534 aliaque
1756 2469 1913 2523 innu-

339 2573 489 2611 mera
521 2557 602 2611 his
629 2557 956 2621 consimilia,
989 2557 1137 2624 quasi
1171 2557 1399 2610 luserint
1435 2557 1487 2610 in
1511 2572 1675 2626 opere
1709 2549 1906 2614 alieno.

334 2650 452 2705 Hoc
497 2649 755 2719 ﬂagitium
789 2666 911 2700 eum
946 2649 1096 2713 alias,
1133 2659 1241 2701 tum
1282 2649 1550 2718 prmeipue
1602 2651 1905 2718 deprehen-

333 2741 520 2793 dimus
547 2739 601 2792 in
634 2739 784 2791 libris
813 2740 880 2792 de
908 2739 1190 2792 'l‘rinitate.
1227 2739 1690 2806 Deprehcndimus
1730 2749 1906 2792 autem

327 2845 400 2885 ex
462 2829 756 2882 collatione
809 2830 1014 2894 codicis,
1049 2844 1206 2898 quem
1265 2829 1421 2881 nobis
1468 2828 1693 2896 pra-ltuit
1741 2826 1908 2881 Flan-

324 2923 471 2974 dria:
526 2921 882 2972 monasterium
924 2922 1208 2989 quoddam,
1239 2919 1392 2987 cujus
1433 2934 1627 2973 nomen
1680 2921 1728 2971 in
1763 2936 1902 2987 pra:-

327 2994 512 3065 Sentia
571 3026 674 3064 non
728 3012 992 3080 occurrit,
1046 3026 1178 3064 sane
1227 3010 1426 3065 bellum
1481 3025 1544 3062 ac
1609 3017 1898 3073 vetustum,

327 3105 564 3157 dixisses
620 3103 771 3155 bona:
816 3102 966 3167 ﬁdei,
998 3117 1313 3171 magnaque
1361 3102 1669 3155 autoritatis
1717 3115 1905 3155 exem-

326 3199 466 3263 plar.
502 3195 600 3248 Vix
626 3211 878 3264 umquam
911 3195 1265 3248 occurrebant
1289 3195 1396 3249 duo
1425 3211 1634 3260 versus,
1659 3195 1786 3264 qttin
1820 3211 1906 3250 cs-

325 3295 440 3359 set,
469 3283 604 3353 quod
641 3285 916 3353 jugularet
964 3293 1306 3339 transversus
1353 3286 1614 3339 calamus.
1650 3285 1750 3340 llic
1797 3301 1901 3340 non

326 3385 452 3430 erat
490 3390 642 3430 error
671 3384 765 3429 aut
803 3376 1109 3444 oscitantia,
1140 3378 1233 3431 sed
1268 3377 1639 3446 impiusludus
1666 3378 1901 3434 hominis

325 3467 473 3519 male
503 3466 697 3520 feriati.
722 3467 864 3520 Alibi
897 3471 1211 3539 nescioquis
1235 3471 1534 3524 sententias
1565 3473 1897 3539 expleverat,

320 3559 553 3624 adjectis
581 3560 766 3614 verbis
801 3562 1006 3630 aliquot
1034 3578 1139 3616 non
1179 3563 1504 3617 necessariis
1540 3583 1552 3616 :
1591 3565 1739 3618 velut
1767 3579 1900 3634 quo-

323 3651 440 3724 ties
463 3653 650 3706 beatus
665 3656 990 3722 Augustinus
1016 3656 1216 3708 citabat
1233 3671 1262 3711 ε
1279 3655 1578 3724 Seripturis
1598 3657 1895 3721 canonicis,

323 3751 586 3811 quantum
620 3743 682 3796 ad
719 3745 795 3807 id,
827 3745 965 3811 quod
995 3745 1273 3814 agebatur,
1304 3745 1436 3799 satis
1457 3757 1602 3810 erat,
1637 3747 1726 3800 ille
1751 3747 1898 3801 Scri-

322 3843 500 3904 ptura:
535 3837 904 3889 testimonium
939 3835 1094 3890 altius
1128 3836 1416 3906 repetitum
1450 3853 1515 3890 ex
1545 3837 1734 3891 eodem
1774 3839 1896 3891 loco

317 3929 533 3996 longius
562 3927 993 3996 prosequebatur
1013 3971 1027 3994 ,
1061 3943 1180 3982 cum
1214 3929 1343 3982 nihil
1374 3940 1518 3982 esset
1549 3929 1626 3981 ad'
1646 3946 1759 3984 rem
1801 3945 1895 3985 ne-

316 4035 496 4074 cesse.
532 4002 887 4088 ld'pra‘cipue
919 4021 1112 4074 factum
1136 4021 1504 4088 comperimus
1532 4021 1583 4073 in
1610 4019 1895 4075 Commen-

319 4111 478 4163 tariis
520 4125 654 4179 quos
682 4111 901 4177 scripsit
937 4112 988 4163 in
1021 4111 1315 4180 Epistulam
1346 4111 1412 4164 ad
1445 4111 1717 4165 Romanos
1747 4122 1799 4168 et
1825 4113 1891 4167 ad

312 4200 560 4272 Galatas.
592 4199 828 4256 Risimus
861 4215 966 4255 non
1007 4203 1194 4271 paucis
1231 4203 1364 4256 locis
1395 4203 1657 4271 insignem
1690 4204 1892 4256 scriba-

312 4308 446 4346 rum
476 4294 862 4359 delirationem,
897 4296 1011 4363 qui,
1046 4295 1184 4363 quod
1217 4295 1388 4349 lector
1421 4295 1692 4364 incptiens
1720 4310 1890 4349 anno-

315 4392 458 4436 tarat
491 4382 539 4435 in
558 4387 790 4454 margine
803 4387 882 4439 sui
907 4386 1132 4450 codicis,
1155 4386 1456 4438 retulerunt
1480 4386 1531 4438 in
1546 4396 1879 4440 contextum.

308 4475 396 4529 Ex
430 4475 609 4529 multis
634 4478 738 4530 duo
764 4467 1060 4545 proponam
1087 4477 1333 4544 exempla
1353 4518 1366 4541 ,
1395 4492 1621 4544 quorum
1652 4477 1878 4532 alterum

304 4574 394 4617 est
426 4565 476 4617 in
506 4566 734 4633 epistola
754 4568 843 4628 58.
863 4569 950 4621 ubi
976 4570 1223 4636 leguntur
1242 4569 1355 4621 haec
1374 4568 1653 4635 Augustini
1673 4570 1832 4622 verba
1864 4587 1876 4621 :

309 4653 360 4706 11
370 4670 428 4705 os
456 4665 623 4707 autent
649 4657 942 4726 prophetas,
975 4674 1099 4726 quos
1137 4664 1249 4724 post
1273 4658 1536 4725 apostolos
1559 4658 1748 4725 posuit,
1779 4675 1880 4710 non

305 4757 437 4816 puto
474 4748 588 4800 illos
634 4765 773 4814 esse,
806 4750 893 4816 qui
920 4750 1098 4801 ordine
1139 4760 1420 4819 temporum
1461 4759 1582 4801 ante
1619 4749 1878 4816 apostolos

304 4838 532 4903 fuerunt,
559 4840 648 4891 sed
678 4841 820 4902 istos,
852 4841 1154 4912 quibusjam
1167 4840 1258 4893 sub
1282 4841 1528 4907 apostolis
1547 4857 1632 4909 per
1659 4841 1879 4909 gratiam

307 4928 624 4995 donabatur,
653 4943 742 4982 aut
772 4932 1119 5001 interpretatio
1157 4931 1539 4998 Scripturarum
1565 4941 1610 4983 et
1631 4932 1876 4998 inspectio

301 5021 572 5087 mentium,
617 5032 706 5074 aut
749 5024 1012 5093 prmdictio
1060 5024 1300 5094 temporis
1331 5023 1576 5075 secuturi.
1623 5022 1676 5075 In
1712 5024 1875 5091 priori

297 5110 541 5179 editione
568 5117 908 5184 participium
938 5117 1187 5181 secuturi,
1220 5130 1247 5168 a
1280 5129 1379 5168 suo
1409 5114 1646 5176 nomine,
1682 5125 1873 5185 tempo-

295 5209 398 5273 ris,
434 5209 640 5275 prolixo
662 5210 950 5262 verborum
975 5218 1283 5263 assumento
1311 5206 1578 5260 divulsum
1607 5207 1872 5275 comperi-

298 5314 429 5354 mus
450 5342 464 5363 ,
499 5300 657 5369 idque
689 5315 795 5354 non
825 5301 997 5354 solum
1037 5301 1317 5368 insigniter
1346 5297 1622 5352 indocntm
1658 5306 1775 5352 erat
1812 5312 1874 5350 ac

291 5390 546 5456 stultum,
570 5406 758 5445 verum
786 5406 852 5444 ne
875 5391 939 5444 ad
968 5405 1079 5444 rem
1104 5382 1318 5458 quidem
1347 5389 1613 5443 tantillum
1647 5390 1869 5442 iaciens.

293 5481 414 5536 Non
448 5485 591 5536 enim
618 5483 727 5536 illic
751 5482 1127 5550 ambigebatur
1147 5523 1160 5545 ,
1190 5483 1281 5550 qui
1309 5491 1489 5534 essent
1523 5481 1786 5549 apostoli,
1820 5492 1873 5534 et

287 5573 438 5628 unde
456 5574 612 5629 ducta
641 5590 769 5636 vox,
811 5573 905 5627 sed
938 5573 1004 5627 de
1033 5588 1137 5642 quo
1163 5573 1544 5641 pr0phetarum
1568 5589 1764 5642 genere
1796 5573 1874 5625 lo-

302 5676 552 5724 meretur
593 5665 699 5719 illic
733 5664 1042 5731 Apostolus.
1087 5663 1202 5716 Non
1248 5674 1481 5731 repetam
1531 5664 1613 5719 hic
1654 5666 1868 5732 longum

1931 3070 1973 3129 C

2023 1827 2202 1895 docet,
2235 1831 2377 1885 unde
2419 1832 2529 1887 illic
2569 1833 2756 1888 Latina
2791 1840 3102 1907 praepositio
3133 1845 3282 1910 post?
3318 1844 3596 1914 Sequitur,

2021 1921 2273 1989 praplteta
2304 1934 2483 1978 autem
2502 1939 2529 1976 a
2552 1943 2667 1993 pro,
2695 1927 2745 1981 id
2769 1941 2853 1982 est
2877 1932 3084 1997 procul,
3105 1941 3159 1986 et
3183 1937 3282 2002 for,
3305 1937 3452 2004 faris,
3475 1952 3598 1992 cum

2021 2015 2285 2078 propheta
2334 2014 2540 2070 Grtecis
2585 2020 2718 2071 nihil
2767 2021 2913 2075 aliud
2963 2034 3137 2084 sonet,
3181 2041 3338 2094 quam
3391 2029 3596 2084 Latinis

2023 2103 2326 2170 prtedictor.
2355 2106 2478 2161 llaec
2517 2112 2868 2178 proposuisse
2890 2115 3022 2168 satis
3047 2117 3303 2184 arbitror,
3335 2121 3398 2173 ad
3431 2123 3596 2178 totius

2020 2197 2328 2262 nugamenti
2355 2204 2568 2264 gustum
2605 2201 2914 2268 quemdam,
2941 2205 3083 2273 quod
3114 2206 3186 2259 ita
3208 2217 3469 2264 attextum
3489 2221 3592 2276 est,

2017 2285 2168 2351 quasi
2208 2285 2330 2354 quis
2358 2301 2455 2356 pro
2480 2293 2789 2359 Augustino
2820 2292 3096 2352 Paulinum
3127 2298 3352 2367 doceat,
3382 2303 3450 2357 de
3487 2320 3594 2372 quo

2016 2373 2346 2443 signiﬁcarat
2373 2394 2432 2433 se
2461 2380 2734 2435 dubitare.
2769 2385 2923 2438 Alter
2952 2387 3104 2442 locus
3129 2399 3213 2443 est
3238 2391 3291 2444 in
3325 2393 3470 2447 libro
3508 2409 3593 2449 se-

2013 2468 2194 2521 cundo
2222 2469 2285 2522 de
2316 2470 2562 2525 Sermone
2593 2473 2800 2528 Domini
2829 2477 2881 2530 in
2905 2490 3074 2535 monte
3098 2481 3296 2536 habito.
3329 2484 3589 2551 Quoniam

2011 2561 2154 2615 inter
2185 2561 2393 2615 fructus
2414 2566 2638 2632 Spiritus
2671 2568 2869 2623 Paulus
2889 2584 3286 2628 commemorat
3310 2580 3584 2645 gaudium,

2010 2665 2079 2704 ne
2107 2650 2226 2718 quis
2254 2652 2618 2720 existimaret,
2654 2658 2809 2710 illum
2843 2660 2910 2713 de
2938 2663 3128 2729 qumis
3171 2665 3366 2730 gaudio
3404 2669 3581 2736 loqui,

2009 2740 2089 2790 sic
2123 2739 2298 2792 locum
2331 2745 2586 2808 explanat
2627 2747 2959 2811 Augustinus
2985 2768 2996 2799 :
3024 2751 3164 2802 Sane
3189 2754 3328 2803 scien
3357 2757 3453 2806 'um
3479 2767 3585 2820 est,

2010 2823 2092 2877 hic
2122 2827 2366 2892 gaudium
2407 2830 2610 2896 proprie
2631 2833 2867 2900 positum.
2895 2833 3024 2886 Mali
3057 2837 3187 2887 enim
3217 2837 3444 2892 homines
3482 2859 3585 2896 non

2007 2916 2250 2982 gaudere,
2295 2918 2384 2970 scd
2419 2920 2606 2988 gestire
2645 2920 2889 2975 dicuntur
2917 2925 3140 2994 praprie,
3184 2928 3314 2979 sicut
3351 2933 3584 2998 superius

2007 3008 2233 3060 diximus
2259 3008 2570 3064 voluntatem
2599 3014 2804 3082 praprie
2823 3017 3064 3085 positam,
3097 3035 3245 3086 quam
3272 3037 3370 3074 non
3395 3023 3584 3077 habent

2009 3097 2152 3163 mali,
2176 3107 2281 3151 etc.
2327 3099 2450 3153 llaec
2492 3102 2770 3170 Augustini
2801 3107 2962 3161 verba
3007 3123 3126 3161 cum
3178 3110 3306 3163 nihil
3351 3110 3583 3169 habeant

2006 3190 2373 3257 obscuritatis,
2409 3199 2798 3267 tamenaliquis
2829 3213 3052 3257 conatus
3094 3213 3232 3270 erat,
3265 3206 3574 3272 dilucidius,

2002 3281 2228 3346 scilicet,
2260 3285 2526 3352 explicare
2576 3292 2896 3343 sententiam
2951 3293 3098 3348 hisce
3141 3296 3358 3350 verbis:
3395 3297 3578 3367 Neque

2001 3373 2249 3439 gaudium
2290 3377 2486 3428 virtutis
2506 3377 2603 3443 sit,
2638 3378 2764 3431 sicut
2795 3381 3031 3436 voluntas
3051 3421 3067 3445 ,
3095 3393 3144 3437 et
3170 3384 3280 3437 Ittec
3309 3387 3476 3455 potius
3505 3390 3575 3442 ad

1999 3472 2200 3515 sanctos
2232 3467 2482 3523 pertinent
2508 3481 2526 3516 :
2551 3468 2622 3517 ad
2652 3479 2938 3534 peccatores
2977 3487 3094 3525 vero
3129 3485 3300 3543 gestus
3325 3480 3488 3547 magis
3529 3489 3577 3533 et

1997 3551 2252 3620 cupiditas
2283 3555 2579 3620 deputanda
2619 3569 2761 3610 sunt.
2797 3560 2862 3611 Et
2903 3560 3003 3614 hoc
3034 3571 3139 3614 tant
3185 3563 3444 3618 insulsum
3477 3584 3576 3622 nu-

1997 3653 2306 3712 gamentum
2335 3659 2365 3698 e
2398 3646 2574 3713 spatio
2604 3649 2864 3716 marginis
2896 3651 2946 3702 in
2989 3663 3302 3706 contextum
3346 3659 3572 3714 relatum

1997 3735 2324 3805 aliquamdiu
2349 3753 2448 3792 nos
2475 3742 2648 3792 torsit.
2672 3739 2803 3793 Cum
2837 3741 3149 3810 hujusmodi
3177 3748 3442 3812 portentis
3472 3748 3574 3803 fuit

1997 3827 2150 3881 nobis
2177 3826 2404 3882 subinde
2432 3829 2764 3884 luctandum.
2795 3832 2945 3886 Alius
2972 3849 3042 3888 ex
3085 3835 3444 3905 undeqnaqne
3476 3840 3571 3894 de-

1996 3919 2198 3987 cerptis
2225 3919 2492 3987 lrustulis,
2537 3922 2708 3975 veluti
2756 3938 2954 3977 novum
2992 3939 3160 3993 Opus,
3192 3927 3476 3996 Augustini
3507 3934 3570 3984 ti-

1997 4011 2110 4064 tulo
2139 4020 2549 4076 construxerat;
2591 4013 2725 4069 alius
2757 4015 2930 4069 aliena
2971 4032 3092 4070 cum
3121 4021 3402 4088 Augustini
3435 4025 3570 4078 scri-

1992 4106 2099 4173 ptis
2129 4106 2446 4171 miscuerat;
2477 4107 2612 4160 alius
2636 4110 3018 4176 exquaestione
3041 4110 3563 4184 lecemtepistolam,

1991 4198 2193 4250 assulis
2233 4197 2388 4250 initio
2421 4200 2605 4264 paucis
2633 4199 2834 4252 verbis.
2872 4200 2949 4254 Ne
2993 4202 3202 4271 singula
3237 4221 3564 4274 persequar,

1991 4294 2075 4344 vix
2109 4292 2160 4344 in
2193 4292 2419 4346 alterius
2447 4303 2552 4345 tam
2585 4293 2770 4363 impie,
2813 4310 2970 4363 quam
3008 4296 3060 4348 in
3103 4297 3258 4364 hujus
3297 4302 3434 4352 sacri
3469 4301 3566 4352 do-

1990 4383 2157 4437 ctoris
2203 4383 2566 4437 voluminibus
2620 4385 2750 4438 lusit
2797 4386 3098 4439 etiosorum
3152 4390 3444 4441 temeritas.
3499 4389 3566 4443 Ut

1990 4475 2232 4527 omittam
2276 4476 2488 4528 interim
2537 4477 3006 4547 pseudepigrapha
3029 4523 3042 4546 ,
3074 4481 3316 4547 qua-dam
3347 4495 3448 4532 non
3483 4480 3564 4532 111-

1989 4566 2222 4630 erudita,
2264 4566 2508 4634 quaedam
2547 4568 2635 4620 vix
2679 4569 3002 4634 tolerabilia,
3052 4571 3296 4638 qua-dam
3342 4584 3562 4634 prorsus

1988 4655 2224 4714 indocta.
2265 4658 2456 4713 Verum
2482 4659 2532 4712 in
2561 4660 2812 4714 omnibus
2833 4703 2849 4727 ,
2893 4677 3013 4729 quae
3045 4662 3121 4714 illi
3151 4661 3282 4713 falso
3316 4669 3441 4712 sunt
3477 4661 3559 4715 in-

1986 4751 2208 4818 scripta,
2242 4749 2370 4804 nihil
2401 4751 2659 4806 insulsius
2685 4763 2776 4806 aut
2806 4753 3166 4820 impudentius
3202 4752 3556 4806 Sermonibus

1986 4842 2053 4895 ad
2096 4843 2389 4910 Eremitas,
2423 4845 2474 4898 in
2505 4846 2704 4914 quibus
2749 4861 2849 4898 nec
2889 4844 3048 4895 verba
3071 4885 3085 4908 ,
3121 4859 3220 4897 nec
3249 4847 3552 4912 sententiae,

1984 4945 2084 4986 nec
2117 4943 2323 5000 pectus,
2355 4948 2455 4986 nec
2477 4935 2700 4987 omnino
2721 4933 3008 5000 quidquam
3040 4943 3121 4987 est
3150 4937 3449 5004 Augustino
3470 4938 3552 4991 di-

1980 5037 2143 5090 gnum
2176 5041 2186 5074 :
2223 5033 2278 5077 et
2305 5033 2477 5076 tamen
2520 5022 2763 5090 quisquis
2787 5022 2888 5076 hoc
2914 5038 3049 5092 opus
3076 5027 3356 5089 conﬁnxit,
3388 5029 3552 5084 homo

1978 5113 2159 5167 suavis
2184 5113 2284 5166 sibi
2308 5111 2558 5180 promisit
2584 5111 2851 5178 futurum,
2894 5125 2950 5168 ut
2993 5117 3320 5185 Augustinus
3359 5121 3552 5172 crede-

1979 5213 2155 5268 retur,
2199 5211 2253 5256 et
2281 5215 2411 5256 sane
2456 5214 2787 5272 repererunt
2833 5207 3039 5261 similes
3095 5210 3239 5262 labra
3291 5212 3544 5264 lactucas.

1976 5295 2118 5350 Nihil
2146 5302 2324 5346 tamen
2355 5294 2547 5347 horum
2580 5295 2970 5365 submovimus,
3001 5299 3101 5351 nisi
3130 5300 3271 5368 quod
3313 5317 3397 5361 ea,
3425 5316 3546 5366 qua

1975 5387 2057 5440 bis
2080 5395 2165 5440 aut
2195 5386 2392 5453 smpius
2421 5386 2756 5441 habebantur
2787 5389 2931 5443 inter
2977 5389 3132 5457 hujus
3165 5392 3262 5444 viri
3296 5388 3543 5442 lucubra-

1977 5480 2180 5542 tiones,
2215 5486 2300 5530 sat
2341 5476 2628 5531 habuimus
2656 5480 2821 5532 semel
2853 5494 3079 5547 ponere,
3109 5494 3174 5532 ne
3205 5478 3543 5535 voluminum

1977 5571 2398 5639 magnitudinem
2414 5585 2740 5640 supervacua
2765 5570 2974 5623 sarcina
2995 5585 3158 5623 onera
3169 5584 3346 5624 remus
3371 5589 3384 5623 :
3413 5587 3540 5626 ccu-

1975 5667 2116 5720 suris
2147 5673 2349 5719 tantum
2372 5647 2568 5720 additis
2584 5663 2954 5727 indicavimus,
2979 5661 3101 5730 quid
3124 5664 3350 5718 nothum
3371 5674 3532 5731 esset,
