3882 6328
476 290 545 354 59
1370 288 1924 349 SUPPLEMENTUM
1965 286 2054 346 AD
2093 289 2319 351 OFERA
2361 299 2418 354 S.
2459 300 2848 357 AUGUSTINI.
3643 314 3700 373 60

475 414 598 482 quid
646 414 993 482 ambiguum,
1049 414 1175 481 quid
1221 414 1591 467 commixtum.
1629 412 1753 465 llaec
1794 412 1953 481 igitur
1993 410 2044 463 in
2079 411 2117 468 Δ
2149 425 2332 470 essent
2368 416 2566 471 orbati.
2598 418 2729 472 Nam
2777 419 3033 489 quidquid
3080 432 3193 477 erat
3240 437 3365 494 erga
3396 423 3697 485 Frobenium

477 517 583 560 tam
610 508 812 561 eximio
844 506 1109 574 scriptore
1142 504 1408 558 committi
1435 519 1563 558 sane
1598 504 1890 557 dolendum
1922 510 2005 557 est
2033 521 2045 555 :

474 597 566 651 sed
592 612 743 665 reque
776 596 994 661 mirum,
1022 610 1188 662 super
1220 594 1301 648 liis
1330 595 1530 648 nullam
1581 594 1844 648 hactenus
1884 592 2051 647 fuisse

477 690 845 744 studiosorum
888 690 1291 757 querimoniam
1328 706 1341 739 :
1391 686 1531 740 unde
1572 687 1881 752 conjectura
1930 685 2047 752 capi

476 790 673 848 potest.
704 782 884 833 ditum
912 780 1268 849 Augustinum
1296 778 1523 833 antehac
1544 793 1569 829 a
1602 777 1874 845 plerisque
1896 774 2050 829 theo-

474 873 611 940 logis
642 882 733 925 aut
766 888 868 925 non
917 874 1019 941 legi
1049 874 1266 926 solitum
1291 912 1305 936 ,
1355 879 1448 924 aut
1492 869 1837 938 indiligenter
1881 868 2047 923 fuisse

470 964 693 1017 lectum.
741 963 816 1018 Ne
864 965 1241 1032 mihiquidem
1288 977 1537 1031 umquam
1587 960 1903 1029 persuaderi
1948 975 2044 1029 po-

474 1055 683 1118 luisset,
734 1064 937 1107 tantum
997 1055 1049 1107 in
1108 1066 1213 1108 tam
1263 1053 1466 1107 celebri
1500 1052 1769 1119 scriptore
1827 1051 2046 1108 latuisse

471 1145 805 1197 tuendarum.
839 1146 1101 1213 Equidem
1132 1144 1261 1197 nihil
1280 1143 1458 1196 minus
1476 1143 1739 1196 habebam
1764 1143 1815 1195 in
1843 1143 2042 1207 animo,

471 1250 629 1302 quam
680 1238 815 1289 hanc
845 1248 1128 1303 capessere
1169 1232 1528 1302 provinciam.
1578 1231 1899 1284 Deterrebat
1945 1231 2043 1283 im-

469 1342 654 1381 mensa
685 1327 1016 1379 voluminum
1046 1326 1241 1389 moles,
1273 1334 1328 1378 et
1357 1324 1542 1392 operis
1562 1321 1859 1375 difﬁcultas
1884 1321 2042 1391 juve-

467 1420 577 1472 nile
612 1419 797 1481 robur,
830 1433 890 1471 ac
923 1432 1144 1485 prorsus
1170 1416 1577 1470 adamantiuum
1619 1415 1903 1484 quemdam
1948 1413 2042 1466 ho-

466 1510 667 1564 minem
700 1509 951 1579 exigebat
986 1528 997 1561 :
1030 1524 1114 1563 me
1146 1524 1274 1563 vero
1298 1508 1409 1577 jam
1445 1518 1499 1562 et
1528 1516 1657 1559 mtas
1694 1514 1749 1559 et
1790 1505 2041 1558 valetudo

462 1602 530 1654 ab
563 1601 662 1655 hoc
688 1618 889 1671 genere
920 1602 1169 1656 laborum
1199 1601 1249 1653 in
1282 1608 1449 1653 totmn
1492 1598 1895 1653 dehortabatur.
1932 1597 2035 1653 Sed

464 1694 635 1748 felicis
687 1695 961 1751 memoria:
1017 1693 1252 1747 Joassss
1302 1691 1637 1757 Faossmus,
1687 1690 1768 1743 vir
1808 1690 1878 1744 ob
1927 1692 2039 1744 sin-

2151 508 2394 572 all‘ectus,
2430 509 2479 562 in
2509 508 2607 563 hos
2640 513 2909 567 transtuli.
2962 512 3147 584 Itaque
3185 516 3473 570 obﬁrmato
3517 520 3695 587 animo,

2150 598 2228 651 sic
2270 607 2328 650 ut
2354 599 2501 667 operi
2535 610 2642 654 tam
2675 594 2829 655 sacro
2852 603 3017 657 satius
3050 604 3299 661 ducerem
3342 607 3574 662 animam
3620 612 3699 665 im-

2152 690 2427 757 pendere,
2473 708 2633 763 quam
2684 697 2852 751 semel
2906 709 3213 767 susceptum
3260 714 3364 753 non
3414 702 3699 766 absolvere.

2151 784 2366 839 taedium
2398 801 2556 841 omne
2583 788 2756 843 devici
2790 808 2802 842 :
2828 806 3042 860 quoque
3070 808 3186 845 sum
3218 792 3379 847 altius
3402 794 3663 863 ingressus
3685 838 3698 861 ,

2149 872 2255 928 hoc
2285 875 2438 931 labor
2459 879 2807 955 assuetudine
2830 881 3001 935 factus
3027 890 3112 937 est
3140 882 3326 945 levior,
3355 883 3492 951 ipso,-
3521 894 3576 936 ut
3598 887 3701 952 opi-

2150 979 2270 1029 nor,
2300 969 2599 1036 Augustino
2625 972 2819 1038 eoeptis
2844 974 3046 1026 nostris
3077 988 3334 1043 prospera
3368 972 3567 1029 favoris
3589 990 3699 1029 aura

2148 1058 2360 1113 coalitus
2413 1061 2706 1129 aspirante,
2758 1062 2929 1117 donec
2977 1065 3188 1119 tandem
3247 1066 3433 1135 procul
3482 1068 3701 1135 aperiret

2145 1163 2267 1203 Sese
2292 1160 2497 1216 portus,
2529 1154 2580 1206 in
2611 1169 2769 1222 quam
2795 1157 3012 1224 propitii
3045 1157 3281 1210 numinis
3309 1157 3510 1211 auxilio
3532 1158 3699 1221 delati,

2147 1240 2327 1294 lzetum
2374 1244 2641 1297 celeusma
2673 1261 2812 1299 nunc
2842 1247 3107 1300 canimus.
3143 1247 3197 1301 ln
3228 1247 3524 1317 dirigendis
3564 1264 3703 1317 porro

2145 1332 2504 1388 voluminibus
2536 1334 2679 1389 hunc
2700 1337 2943 1391 ordinem
2966 1339 3135 1393 secuti
3164 1354 3367 1393 sumus.
3397 1338 3454 1392 In
3481 1339 3703 1394 Primum

2144 1420 2390 1474 volumen
2436 1425 2762 1479 contulimus
2806 1440 2890 1491 ea,
2934 1442 3001 1481 ex
3036 1428 3229 1496 quibus
3276 1436 3387 1483 tota
3431 1429 3704 1498 Augustini

2145 1510 2283 1575 vita,
2315 1526 2493 1566 mores
2516 1554 2530 1578 ,
2574 1515 2875 1584 ingenium,
2910 1525 2965 1571 et
3008 1517 3233 1573 allectus
3272 1518 3698 1588 perspiciuntur,

2141 1601 2280 1669 quod
2311 1602 2408 1655 hoc
2438 1614 2591 1672 pacto
2621 1605 2857 1660 futurum
2889 1608 3206 1677 arbitrarer,
3243 1618 3298 1664 ut
3325 1619 3380 1665 et
3406 1612 3610 1665 rectius
3636 1612 3705 1666 in-

2142 1692 2496 1761 telligeretur,
2546 1704 2600 1750 et
2628 1696 2838 1752 avidius
2884 1699 3171 1768 legeretur.
3227 1702 3395 1756 Amor
3428 1704 3576 1757 enim
3620 1701 3705 1756 do-

461 1787 702 1853 gularem
734 1802 857 1856 erga
897 1786 1072 1839 studia
1113 1787 1349 1839 favorem
1382 1786 1622 1838 omnium
1664 1783 2033 1838 studiosorum
2068 1764 2114 1821 Β
2140 1787 2308 1840 ctoris
2336 1796 2389 1841 et
2419 1796 2684 1843 attentum
2731 1764 3016 1857 reddit,vet
3038 1792 3327 1853 lubentem
3362 1792 3703 1863 discipulum.

374 1930 381 1939 κ
459 1892 645 1931 amore
677 1879 896 1946 perenni
932 1878 1149 1947 dignus,
1183 1876 1398 1931 tandem
1433 1875 1566 1929 illud
1603 1890 1631 1927 a
1669 1890 1753 1929 me
1785 1874 2035 1943 precibus

442 1976 783 2032 extorserat,
818 1976 873 2019 ut
906 1967 959 2020 in
991 1966 1247 2036 Epistolis
1275 1965 1495 2019 unicum
1516 1964 1816 2018 ternionem
1843 1978 2031 2017 cmen-

456 2058 691 2123 darem,
733 2073 837 2127 quo
891 2066 1072 2125 posset
1114 2058 1294 2124 operis
1342 2055 1617 2124 specimen
1670 2054 1722 2108 in
1772 2053 2031 2123 proximis

457 2148 712 2203 nundinis
744 2148 1053 2203 ostendere.
1084 2147 1361 2201 Pollicitus
1388 2162 1533 2210 sum,
1564 2145 1655 2200 sed
1680 2144 1781 2198 liae
1802 2145 1939 2212 lege,
1967 2160 2032 2199 ne

455 2238 583 2305 quid
614 2247 857 2305 speraret
903 2238 1152 2305 amplius.
1185 2238 1409 2290 Annuit.
1446 2237 1715 2291 Gtc-terum
1752 2250 1872 2289 cum
1911 2250 2031 2303 per-

453 2332 739 2399 spicerem,
774 2332 847 2384 illi
882 2343 1088 2385 certum
1115 2346 1236 2386 esse
1264 2333 1579 2397 consilium,
1614 2334 1863 2385 volumen
1898 2332 2025 2400 Epi-

453 2422 713 2475 stolarum
743 2421 1048 2484 absolvere,
1072 2436 1245 2490 neque
1272 2436 1594 2491 quemquam
1618 2436 1741 2475 esse
1759 2431 2026 2490 paratum,

454 2514 544 2581 qui
570 2522 770 2582 posset.
794 2524 885 2566 aut
907 2522 1056 2568 certe
1081 2514 1264 2578 vellet,
1284 2512 1608 2569 emendandi
1634 2524 1811 2582 partes
1842 2513 2024 2568 obire:

454 2604 581 2657 vicit
624 2604 792 2657 animi
843 2604 1300 2672 destinationem,
1348 2621 1469 2659 cum
1528 2606 1816 2675 singularis
1868 2608 2025 2662 amici

450 2698 699 2766 pertinax
731 2699 999 2762 voluntas,
1033 2708 1143 2753 tum
1186 2699 1303 2766 ipsa
1336 2699 1533 2767 negotii
1564 2699 1755 2769 pietas.
1790 2699 1903 2754 lloc
1934 2714 2027 2753 vo.

448 2789 627 2843 lumen
662 2802 826 2846 totum
858 2791 923 2844 ad
952 2806 1037 2846 me
1065 2792 1267 2859 recepi,
1292 2790 1384 2844 sed
1416 2793 1653 2857 unicum,
1683 2793 1842 2847 etiam
1865 2802 2025 2859 atque

447 2886 609 2937 etiam
643 2884 969 2948 testificans,
1002 2884 1117 2934 utsi
1166 2896 1389 2949 pergere
1432 2883 1639 2945 vellet,
1682 2882 1849 2932 alium
1878 2882 2027 2934 inve-

447 2975 587 3030 niret
631 2975 1008 3042 castigatorem
1028 3012 1043 3036 ,
1077 2987 1176 3025 nec
1207 2986 1291 3023 me
1332 2985 1429 3023 suo
1456 2954 1684 3037 quoque
1713 2970 2019 3036 dispendio,

446 3081 551 3119 non
586 3065 747 3117 modo
776 3062 1099 3125 studiorum,
1132 3076 1160 3113 a
1198 3058 1518 3113 melioribus
1556 3058 1704 3113 curis
1748 3066 2016 3112 avocaret.

444 3155 582 3221 Quid
614 3154 832 3207 multis?
859 3166 977 3205 cum
1017 3150 1200 3204 nullus
1230 3150 1519 3215 existeret,
1561 3148 1651 3218 qni
1694 3148 1858 3203 vellet
1899 3162 2017 3201 eam

443 3244 712 3297 sarcinam
743 3243 793 3297 in
830 3243 1082 3296 humeros
1115 3242 1326 3307 tollere,
1366 3251 1420 3296 et
1452 3240 1691 3296 Joannes
1722 3239 2021 3295 Frobenius

442 3343 806 3400 asseveraret,
855 3342 1000 3387 stare
1049 3332 1397 3397 sententiam,
1450 3340 1506 3386 ut
1557 3331 1601 3385 si
1651 3345 1757 3385 non
1802 3328 2021 3385 daretur

441 3424 608 3488 aliud,
642 3434 808 3479 totum
832 3425 1216 3495 Augustinum,
1248 3422 1422 3492 qualis
1450 3422 1623 3493 qualis
1644 3430 1791 3487 erat,
1834 3436 2021 3478 rursus

441 3519 734 3575 excuderet
759 3537 771 3573 :
800 3534 900 3590 ego
931 3520 1121 3587 partim
1149 3517 1305 3571 amici
1329 3524 1603 3585 respectu,
1634 3516 1719 3570 cui
1742 3514 1874 3571 nihil
1902 3531 2020 3583 per.

444 3627 639 3682 negare
669 3612 945 3675 valebam;
979 3610 1070 3663 sed
1093 3608 1261 3662 multo
1284 3607 1453 3677 magis
1486 3606 1807 3674 inexpiabile
1838 3604 2022 3676 piacu-

442 3705 555 3758 lum
587 3720 707 3759 esse
740 3715 1021 3771 reputans,
1052 3702 1097 3754 si
1123 3710 1227 3753 tam
1255 3702 1489 3753 eximius
1519 3699 1781 3754 Ecclesia!
1804 3699 2018 3763 doctor,

443 3805 523 3851 tot
553 3794 763 3847 mendis
791 3794 1017 3853 obsitus,
1052 3792 1217 3844 tantis
1248 3791 1532 3859 impendiis
1562 3790 1741 3844 denuo
1780 3792 2021 3860 prodfret

444 3886 497 3937 in
525 3883 672 3935 orbis
699 3881 991 3945 theatrum,
1039 3880 1139 3933 hoc
1168 3880 1462 3947 insigniore
1496 3879 1838 3936 deformitate
1868 3892 2021 3937 nota-

445 3972 592 4039 bilis,
620 3988 727 4041 quo
749 3973 918 4041 magis
944 3971 1209 4040 elegantia
1241 3970 1617 4038 formularum,
1643 3987 1706 4027 ac
1736 3975 2020 4042 majestate

443 4064 798 4130 voluminum,
828 4062 1013 4117 oculos
1052 4063 1293 4117 omniutn
1328 4064 1395 4116 ad
1435 4078 1495 4118 se
1543 4072 1794 4133 rapturus
1831 4075 2012 4121 esset:

446 4153 670 4223 perinde
710 4156 861 4222 quasi
914 4169 1205 4223 purpuram
1256 4154 1505 4208 eximiam
1560 4154 1816 4209 ostendas
1861 4155 2019 4211 foedis

444 4245 670 4299 maculis
698 4245 1072 4309 deformatam,
1100 4259 1286 4312 passus
1312 4259 1432 4299 sum
1461 4245 1661 4314 imponi
1688 4244 1818 4299 mihi
1839 4244 2011 4299 clitel-

442 4339 544 4393 las.
591 4338 833 4393 Tandem
880 4338 967 4392 ubi
1008 4348 1210 4392 tantum
1249 4340 1471 4408 pelagus
1522 4326 2017 4409 ingressus'ventis

2135 1878 2446 1947 Adjecimus
2486 1880 2722 1949 ejusdem
2765 1892 3235 1953 progymnasmata
3258 1925 3273 1950 ,
3305 1883 3503 1953 quibus
3524 1884 3607 1939 vel
3632 1884 3706 1938 in-

2136 1968 2252 2023 fans
2299 1968 2475 2024 adhuc
2521 1971 2572 2025 in
2618 1969 2867 2037 Christo,
2911 1974 2997 2027 vel
3039 1987 3209 2028 novus
3242 1984 3361 2044 tyro
3402 1974 3707 2029 felicissime

2133 2058 2377 2127 praelusit
2406 2059 2472 2113 ad
2522 2061 2737 2129 egregia
2781 2060 3053 2129 facinora._
3094 2062 3405 2118 Secundum
3454 2063 3705 2118 volumen

2132 2147 2378 2203 dedimus
2415 2149 2695 2219 Epistolis,
2730 2153 2923 2220 partim
2953 2154 3093 2223 quod
3126 2155 3177 2209 in
3219 2153 3303 2209 his
3334 2168 3551 2224 quoque
3592 2167 3709 2221 per-

2132 2240 2296 2293 multa
2345 2251 2471 2293 sunt
2518 2256 2639 2310 qua:
2687 2244 3173 2312 scripsitjuvenis;
3230 2245 3425 2313 partim
3468 2243 3615 2313 quod
3646 2258 3709 2296 ex

2132 2328 2213 2384 his
2246 2330 2474 2384 maxime
2501 2331 2943 2399 deprehenditur,
2974 2339 3018 2388 si
3046 2334 3171 2402 quid
3225 2334 3279 2387 in
3324 2334 3472 2388 illius
3515 2343 3714 2387 natura

2128 2421 2227 2476 fuit
2256 2422 2553 2490 peculiare.
2586 2423 2823 2477 Tertium
2854 2434 2909 2478 et
2938 2424 3195 2490 Quartum
3231 2423 3479 2479 dedimus
3511 2423 3602 2477 his
3632 2424 3719 2476 lu-

2128 2514 2555 2581 cubrationibus,
2587 2529 2718 2583 quas
2746 2515 2811 2568 ad
2854 2515 3161 2569 docendum
3210 2516 3440 2584 paravit.
3471 2515 3721 2581 Quintus

2130 2604 2293 2659 habet
2323 2603 2603 2659 Civitatem
2636 2602 2751 2667 Dei,
2782 2604 2924 2674 quod
2954 2604 3057 2660 hoc
3084 2620 3218 2673 opus
3239 2604 3395 2657 simul
3420 2613 3475 2658 et
3502 2603 3721 2658 docens

2127 2707 2183 2753 et
2226 2697 2511 2753 confutans
2558 2711 2773 2753 errores
2800 2699 3036 2751 maxime
3062 2712 3417 2764 paganorum,
3449 2694 3718 2765 utrinque

2129 2789 2363 2843 mixtum
2392 2798 2558 2844 esset.
2601 2787 2658 2841 lu
2691 2787 2791 2841 hac
2812 2788 3061 2856 portione
3093 2784 3227 2839 nihil
3261 2794 3343 2839 est
3372 2794 3579 2838 nostra:
3628 2787 3714 2839 in-

2126 2880 2374 2942 dustriae,
2422 2879 2563 2946 quod
2609 2878 2747 2933 hanc
2796 2877 3123 2944 provinciam
3166 2875 3381 2929 hortatu
3432 2890 3556 2929 meo
3606 2875 3710 2929 sibi

2126 2966 2345 3034 proprie
2376 2968 2698 3034 sumpsisset
2723 2966 2810 3018 vir
2842 2969 3089 3035 apprime
3110 2965 3302 3019 doctus
3327 2964 3568 3021 Joannes
3608 2966 3710 3020 Lu-

2126 3056 2351 3111 dovicus
2372 3056 2554 3112 Vives.
2585 3057 2643 3112 In
2667 3057 2890 3113 Sextum
2919 3067 2975 3112 et
3004 3056 3302 3125 Septimum
3325 3056 3706 3113 distribuimus

2127 3161 2335 3216 pugnas
2372 3146 2634 3202 adversus
2676 3147 2910 3202 haereses
2947 3146 3209 3201 diversas.
3261 3146 3316 3200 In
3359 3147 3627 3202 Octavum
3656 3156 3708 3202 et

2124 3237 2336 3293 Nonum
2382 3238 2601 3293 collecti
2638 3246 2766 3292 sunt
2810 3246 3117 3302 tractatus,
3168 3240 3246 3293 sic
3286 3239 3430 3292 enim
3468 3240 3709 3308 appellat

2123 3330 2459 3399 Augustinus
2473 3329 2877 3397 Scripturarum
2893 3328 3269 3382 enarrationes
3284 3327 3422 3397 apud
3440 3329 3703 3397 populum

2124 3422 2361 3485 habitas,
2394 3421 2493 3474 nisi
2531 3419 2675 3490 quod
2716 3420 2767 3473 in
2805 3420 3016 3474 Nonum
3048 3420 3369 3489 farraginem
3410 3419 3707 3489 quamdam

2124 3512 2424 3581 adiecimus
2456 3510 2789 3576 libellorum,
2821 3526 2957 3580 quos
2988 3513 3083 3566 viri
3111 3510 3394 3579 nescioqui
3424 3510 3708 3578 spiritales

2124 3607 2175 3660 in
2203 3606 2305 3659 hoc
2328 3619 2551 3674 parasse
2578 3606 2851 3670 videntur,
2882 3617 2939 3659 ut
2966 3604 3220 3660 allectum
3249 3619 3403 3657 suum
3427 3603 3497 3657 ad
3527 3618 3706 3658 rerum

2122 3697 2422 3753 caelestium
2451 3696 2962 3765 contemplationem
2980 3694 3395 3748 inﬁammareut.
3412 3694 3706 3749 Decimum

2122 3786 2369 3842 Voluch
2398 3788 2579 3856 compl
2614 3788 2781 3841 ctitur
2812 3787 3062 3841 homilias
3090 3786 3226 3840 varii
3258 3788 3572 3855 argumenti
3597 3828 3612 3850 ,
3654 3786 3706 3839 in

2121 3880 2315 3949 quibus
2354 3879 2617 3948 permulta
2655 3887 2782 3933 sunt
2810 3879 3016 3945 aliena,
3064 3878 3524 3947 quemadmodum
3562 3887 3619 3932 et
3655 3878 3705 3930 in

2121 3970 2295 4027 Nono.
2324 3973 2381 4027 In
2401 3972 2650 4041 singulis,
2680 3987 2749 4026 ne
2769 3970 2947 4024 nullus
2963 3978 3108 4025 esset
3128 3969 3284 4035 ordo,
3300 3969 3703 4024 vel-sacrorum

2121 4063 2474 4131 voluminum,
2509 4078 2627 4132 quze
2655 4063 3072 4132 interpretatur,
3106 4060 3373 4127 ordinem,
3407 4059 3495 4113 vel
3527 4059 3702 4113 haere-

2118 4169 2251 4210 seon
2282 4157 2520 4224 origines
2546 4154 2721 4208 secuti
2745 4169 2949 4208 sumus.
2969 4154 3086 4221 Ipse
3102 4150 3438 4221 Augustinus
3469 4150 3526 4202 in
3547 4148 3701 4202 libris

2119 4245 2586 4301 Retractationum
2620 4244 2809 4299 maluit
2838 4245 3016 4300 aetatis
3052 4259 3190 4311 suae,
3238 4253 3293 4299 et
3336 4244 3387 4297 in
3430 4240 3701 4296 Christia-

2119 4339 2294 4393 nismo
2326 4352 2710 4408 progreSSuum
2740 4338 2985 4394 ordinem
3009 4336 3186 4406 sequi,
3215 4346 3507 4390 recensens
3526 4377 3541 4399 ,
3576 4344 3701 4399 qua:

443 4431 565 4485 vela
615 4429 883 4483 dedissem
912 4471 925 4494 ,
977 4430 1134 4499 longe
1184 4430 1326 4498 plus,
1388 4446 1548 4500 quam
1598 4440 1972 4513 exspectaram
2000 4473 2015 4497 ,
2043 4458 2096 4517 υ
2122 4431 2408 4501 scripserit
2437 4430 2862 4486 catechumeuus
2883 4473 2898 4497 ,
2926 4445 3047 4500 quae
3078 4442 3236 4482 sacro
3283 4427 3494 4480 lavacro
3538 4436 3702 4475 rena-

442 4522 681 4590 comperi
706 4519 1074 4586 difﬁcultatis,
1112 4529 1166 4573 ut
1196 4536 1301 4575 non
1330 4521 1497 4575 semel
1524 4522 1763 4576 animum
1786 4522 2018 4592 despon-

440 4612 645 4677 derim,
695 4611 870 4680 deque
916 4611 1235 4665 deserendis
1287 4611 1550 4665 institutis
1586 4612 1872 4682 eogitarim
1906 4630 1917 4664 :
1949 4613 2016 4667 ad

440 4702 584 4774 quod
612 4702 784 4771 ipsum
811 4700 1034 4756 evidens
1062 4700 1228 4756 etiam
1254 4702 1583 4756 valetudinis
1613 4701 1907 4770 periculum
1937 4704 2020 4756 in-

442 4790 670 4857 vitabat,
702 4801 816 4857 aut,
850 4801 907 4847 ut
928 4793 1130 4849 rectius
1151 4792 1351 4857 dicam.
1380 4792 1761 4861 compellebat.
1792 4792 1907 4846 Jam
1932 4809 2019 4850 me

440 4880 684 4935 terrebat
704 4890 757 4934 et
783 4887 1088 4954 exemplum
1116 4884 1341 4940 Joannis
1373 4883 1644 4950 Frobenii,
1676 4899 1833 4949 quem
1864 4885 2017 4941 vide-

441 4971 562 5025 bam
596 4970 718 5021 huic
761 4971 1108 5029 immortuum
1150 4976 1399 5046 negotio,
1429 4975 1605 5030 virum
1649 4975 1849 5043 alioqui
1891 4990 2010 5031 cum

440 5060 598 5113 ﬁrmo
616 5072 873 5127 corpore,
906 5069 1017 5116 tum
1047 5064 1154 5115 vita
1191 5066 1499 5135 longissima
1536 5066 1777 5136 dignum.
1813 5064 2010 5120 Verum

438 5155 579 5225 quod
612 5154 781 5223 prima
820 5153 997 5208 fronte
1021 5155 1330 5210 deterrebat
1368 5174 1398 5211 a
1438 5160 1671 5227 negotio,
1710 5158 1812 5213 hoc
1839 5159 2011 5226 ipsum

441 5246 663 5316 prepius
702 5243 1067 5299 consideranti
1123 5247 1371 5301 stimulos
1410 5248 1663 5302 addebat.
1704 5250 1819 5305 Non
1864 5251 2009 5306 enim

439 5347 659 5407 oportet
705 5338 968 5392 bonorum
1026 5337 1263 5392 virorum
1320 5339 1615 5394 amicitiam
1670 5343 1790 5398 vita:
1838 5346 2015 5413 spatio

447 5432 750 5500 terminari,
794 5430 1093 5502 przcsertim
1124 5444 1243 5485 cum
1294 5431 1456 5500 hujus
1493 5433 1799 5492 difﬁcillimi
1848 5453 2015 5507 nego-

446 5520 507 5573 tii
538 5523 710 5576 moles
761 5523 812 5576 in
856 5522 996 5576 ﬁlios
1024 5521 1172 5576 illius
1214 5522 1603 5594 Hieronymum
1648 5535 1703 5579 et
1752 5527 2014 5583 Joannem

445 5612 744 5667 Erasmium
767 5654 783 5679 ,
817 5616 1161 5686 reliquosque
1187 5616 1393 5672 liberos
1422 5626 1566 5673 esset
1593 5618 1867 5687 devoluta,
1895 5621 2014 5689 qui-

440 5705 541 5763 bus
592 5704 693 5764 boc
735 5707 911 5764 minus
965 5710 1247 5777 oportebat
1291 5710 1502 5783 deesse,
1536 5711 1678 5783 quod
1721 5712 1810 5768 tali
1860 5721 2013 5783 patre

2123 4532 2230 4587 tus,
2261 4538 2381 4594 quae
2411 4522 2695 4593 presbyter
2715 4564 2729 4589 ,
2775 4537 2893 4591 qua:
2917 4522 3235 4589 episcopus,
3269 4516 3369 4572 nisi
3408 4528 3531 4568 cum
3575 4510 3703 4581 epi-

2118 4617 2277 4671 stolis
2303 4623 2361 4669 et
2387 4614 2706 4668 tractatibus
2734 4628 2888 4667 suum
2920 4612 3099 4666 locum
3130 4611 3433 4666 destinasse
3454 4605 3703 4670 videtur,

2118 4722 2282 4777 quam
2307 4705 2468 4775 hujus
2495 4720 2645 4760 cura:
2675 4715 2880 4774 partem
2908 4718 3014 4757 non
3041 4702 3305 4769 absolvit,
3340 4710 3400 4755 ut
3428 4715 3493 4753 ex
3529 4698 3704 4766 ipsius

2120 4796 2325 4867 aliquot
2363 4796 2583 4866 scriptis
2622 4803 2867 4866 apparet.
2909 4794 3186 4863 Siquidem
3228 4793 3332 4847 hoc
3372 4790 3705 4845 moliebatur

2117 4886 2228 4956 jam
2260 4895 2504 4942 extrema
2538 4897 2787 4951 senecta,
2830 4885 2999 4940 veluti
3028 4885 3356 4954 prmsagiens
3387 4894 3702 4936 extremum

2119 4979 2404 5034 imminere
2433 4979 2599 5044 diem,
2633 4989 2894 5048 tantoque
2916 4978 3214 5033 studiosius
3245 4989 3442 5046 agens,
3476 4984 3539 5028 ut
3567 4987 3701 5042 quo.

2119 5072 2262 5127 niam
2301 5074 2449 5127 vocis
2500 5072 2682 5126 ofﬁcio
2727 5072 2930 5124 diutius
2975 5069 3236 5125 Ecclesia:
3276 5068 3542 5138 prodesse
3595 5081 3699 5121 non

2119 5174 2350 5232 poterat,
2384 5164 2435 5217 in
2457 5162 2610 5216 libris
2634 5161 2710 5215 illi
2739 5171 3075 5230 superesset,
3100 5171 3366 5231 quatenus
3399 5158 3629 5223 hcebat,
3649 5168 3701 5212 et

2115 5254 2437 5309 emendatus
2463 5262 2517 5307 et
2545 5253 2775 5322 integer,
2806 5253 2947 5322 quod
2988 5252 3377 5325 propemodum
3406 5260 3701 5305 assecutus

2117 5356 2221 5402 est.
2256 5345 2356 5401 Vix
2383 5346 2527 5401 enim
2553 5360 2619 5400 ex
2639 5344 2861 5400 alterius
2896 5346 3267 5401 monumentis
3300 5344 3481 5398 minus
3526 5344 3699 5398 inter-

2114 5438 2267 5502 cidit,
2291 5453 2320 5492 a
2348 5437 2796 5507 depravatoribus
2827 5437 2956 5491 nihil
2981 5438 3220 5491 omnium
3238 5437 3412 5505 patuit
3433 5448 3699 5503 umquam

2115 5545 2237 5586 esse
2260 5538 2456 5585 tutum.
2503 5529 2756 5585 Nostram
2797 5544 3017 5597 operam
3059 5528 3148 5583 hic
3196 5542 3302 5582 non
3334 5525 3699 5595 exaggerabi-

2117 5636 2274 5685 mus;
2305 5621 2551 5679 conferat
2587 5623 2673 5677 cui
2704 5632 2881 5687 vacat,
2908 5630 2976 5679 et
3017 5628 3295 5691 agnoscet.
3352 5617 3460 5672 Nec
3510 5627 3698 5669 tamen

2116 5712 2287 5770 ausim
2320 5712 2583 5786 polliceri,
2612 5714 2743 5770 nihil
2781 5714 3085 5783 resedisse,
3121 5711 3262 5783 quod
3306 5718 3459 5781 egeat
3498 5721 3697 5764 emen-
