3882 6316
248 315 314 380 6i

262 437 492 491 dature.
522 429 750 485 Alicubi
783 442 882 482 nos
911 426 1267 482 destituerant
1291 426 1485 479 vetusti
1514 426 1752 490 codices,
1778 425 1878 477 ali-
1907 431 1950 484 Α

270 525 499 597 quando
523 525 576 576 in
607 535 780 591 opere
804 527 912 572 tam
934 519 1148 588 prolixo
1170 533 1390 572 somnus
1419 517 1682 585 obrepsit,
1712 529 1871 584 quem

277 619 508 673 Flaccus
542 623 702 682 putat
745 626 868 665 esse
898 609 1313 664 condonandum
1352 610 1600 662 humana:
1644 616 1870 660 naturae.

279 711 401 765 Jam
444 707 488 761 si
519 717 812 773 operarum
851 701 1054 754 incuria
1102 701 1455 754 commissum
1488 709 1609 763 est,
1648 714 1674 750 a
1714 697 1873 750 nobis

281 797 533 872 praestari
565 811 675 850 non
706 794 900 862 potuit,
936 795 1029 859 qui
1061 807 1180 845 cum
1207 791 1422 844 officina
1450 790 1582 844 nihil
1614 790 1874 843 habemus

279 888 625 947 commercii.
650 886 886 940 Tantum
927 884 1051 938 illos
1090 883 1388 937 admonere
1429 896 1750 948 possumus,
1782 881 1873 948 qui

283 990 538 1054 praesunt
573 978 798 1033 officinae
831 993 844 1028 :
879 975 1021 1042 quod
1053 973 1276 1042 quidem
1311 986 1337 1024 a
1369 972 1525 1027 nobis
1551 972 1751 1025 factum
1791 981 1876 1024 est

285 1075 503 1132 sedulo.
537 1067 805 1138 Quidquid
853 1077 1040 1121 nostra
1082 1065 1432 1121 mediocritas
1472 1066 1685 1134 potuit,
1734 1065 1871 1119 bona

282 1165 401 1220 fide
423 1160 698 1232 pra’Stitit.
747 1178 766 1212 ι

361 1255 539 1309 llabes
568 1253 658 1305 hic
683 1249 863 1304 omnia
885 1295 898 1318 ,
932 1249 1125 1318 quibus
1157 1265 1289 1302 nova
1319 1249 1484 1303 editio
1514 1264 1572 1304 se
1601 1263 1872 1304 common.

233 1382 244 1398 .
280 1347 397 1401 det.
442 1343 550 1398 Nec
591 1355 1088 1410 supervacaneum,
1136 1339 1302 1393 immo
1333 1341 1692 1393 necessarium
1720 1339 1872 1405 plane

283 1435 624 1495 existimem,
658 1433 889 1485 indicem
922 1431 1289 1497 singulorum,
1321 1444 1441 1500 qua:
1472 1431 1524 1483 in
1556 1445 1873 1499 unoquoque

283 1540 438 1582 tomo
460 1525 826 1584 continentur,
844 1537 1065 1592 operum
1090 1523 1436 1591 subjungere.
1457 1521 1706 1586 Quamvis
1728 1522 1870 1576 enim

288 1618 366 1671 ab
396 1616 547 1669 initio
578 1615 930 1667 constitutum
966 1621 1104 1675 erat,
1135 1613 1185 1664 in
1211 1612 1506 1665 editionum
1531 1626 1753 1666 recensu
1778 1627 1869 1664 or-

292 1708 488 1762 dinem
519 1705 834 1758 continuum
869 1702 1129 1757 librorum
1162 1715 1267 1754 non
1295 1702 1588 1771 attingere,
1621 1710 1677 1757 et
1717 1701 1870 1755 facile

1200 310 1476 371 NOTlTlA
1516 311 1937 370 LITTERMKIA
1978 312 2042 368 ΙΝ
2081 314 2138 369 S.
2180 315 2648 373 ACGUSTINUM.
3488 326 3554 380 (Β

2058 421 2215 479 Temo
2246 424 2365 481 Ill.
2389 456 2461 466 —
2486 429 2558 482 De
2587 429 2827 482 doctrina
2859 428 3159 484 Christiana
3195 432 3281 486 lib.
3318 435 3412 496 IV;
3446 436 3547 488 Lo-

1977 518 2249 570 cutiotium
2277 518 2367 574 lib.
2387 519 2503 582 Vll;
2530 520 2605 574 De
2630 521 2734 575 fide
2760 532 2808 576 et
2835 523 3077 592 symbolo
3106 522 3196 576 lib.
3225 524 3277 587 l;
3308 526 3548 581 Encltiri-

1979 607 2104 661 dion
2135 612 2200 663 de
2233 610 2356 676 fide,
2394 626 2488 678 spe
2516 621 2570 666 et
2600 613 2861 667 cliaritate
2890 613 2952 666 ad
2984 613 3329 668 Laurentium
3359 616 3451 668 lib.
3488 617 3552 678 l;-

1977 701 2053 754 De
2076 702 2451 755 ecclesiasticis
2479 703 2813 771 dogmatibus
2846 702 2942 770 lib.
2971 704 2988 757 1
3016 745 3028 768 ,
3059 721 3171 756 cum
3200 721 3442 768 censum;
3476 704 3551 757 De

1977 792 2082 847 llde
2119 793 2184 845 ad
2217 793 2430 846 Petrum
2471 794 2752 848 diaconum
2797 795 2890 848 lib.
2933 794 2982 860 l,
3031 810 3145 848 cum
3175 811 3427 857 censura;
3478 795 3549 848 Do.

1978 882 2239 935 Triuitate
2267 882 2359 934 lib.
2387 882 2514 945 XV;
2546 884 2619 936 De
2647 885 2840 937 Genesi
2866 885 2929 936 ad
2957 884 3186 937 litteram
3208 885 3549 952 imperfectus

1978 973 2072 1026 lib.
2107 972 2162 1034 l;
2194 973 2267 1027 De
2297 973 2490 1026 Genesi
2523 974 2588 1027 ad
2623 974 2852 1027 litteram
2885 976 2978 1028 lib.
3013 974 3139 1039 Xll;
3187 977 3259 1029 De
3290 974 3546 1027 mirabili-

1977 1064 2074 1116 bus
2100 1078 2268 1117 sacrae
2295 1063 2589 1130 Scriptura:
2614 1064 2708 1116 lib.
2739 1063 2823 1124 Ill,
2859 1081 2972 1116 cum
2995 1080 3246 1129 censura;
3279 1065 3352 1118 De
3379 1079 3548 1131 agone

1975 1145 2285 1209 Christiano
2319 1155 2410 1207 lib.
2447 1156 2498 1218 l;
2534 1155 2606 1208 De
2639 1169 2805 1222 opere
2838 1155 3224 1208 monachorum
3255 1155 3353 1207 lib.
3387 1154 3438 1218 l;
3475 1155 3546 1206 De

1977 1248 2167 1316 spiritu
2193 1256 2244 1300 et
2269 1247 2444 1300 littera
2476 1247 2540 1298 ad
2570 1245 2933 1299 Marcellinum
2967 1246 3058 1298 lib.
3083 1246 3134 1309 l;
3167 1246 3240 1299 De
3261 1246 3549 1300 divinatio-

1976 1359 2044 1397 ne
2067 1343 2371 1397 daemouum
2403 1342 2498 1395 lib.
2533 1342 2548 1393 l
2574 1359 2586 1405 ;
2619 1342 2693 1395 De
2724 1341 2911 1409 Spiritu
2943 1353 2995 1395 et
3025 1342 3201 1395 anima
3228 1343 3319 1395 lib.
3352 1342 3404 1405 l,
3430 1359 3546 1394 cum

1974 1452 2219 1494 censura;
2261 1435 2546 1504 Speculum
2582 1434 2677 1489 lib.
2707 1434 2756 1497 Ι,
2797 1449 2912 1485 cum
2952 1448 3200 1497 censura;
3239 1431 3544 1498 Quasstiun-

1976 1526 2109 1579 culte
2129 1525 2194 1579 de
2217 1525 2514 1588 Trinitate;
2545 1525 2620 1579 De
2642 1523 3103 1578 benedictionibus
3125 1521 3290 1576 Jacob
3317 1523 3549 1590 patriar-

1974 1621 2124 1686 chae,
2158 1635 2270 1671 cum
2295 1636 2541 1680 censura;
2574 1616 2873 1673 Sententia:
2904 1631 2968 1670 ex
3002 1615 3286 1685 Augustini
3325 1622 3380 1670 et
3408 1613 3546 1668 alio-

1975 1724 2092 1765 runt
2127 1710 2280 1762 libris
2310 1710 2598 1776 decerptze.

292 1809 402 1849 nos
445 1792 700 1862 ejusmodi
743 1790 917 1844 indice
950 1789 1218 1843 carituros
1260 1803 1380 1843 esse
1420 1790 1553 1843 milii
1586 1804 1864 1858 persuase-
1900 1786 1944 1844 Β
2043 1799 2331 1854 Τοηιοιγ,
2368 1829 2438 1839 __
2475 1801 2548 1853 υε
2588 1797 2870 1852 mendacio
2910 1796 2977 1850 ad
3017 1795 3369 1850 Consentium
3413 1795 3548 1848 "per

291 1902 432 1949 ram,
467 1886 702 1938 maxime
733 1898 852 1936 cum
877 1897 1034 1950 supra
1062 1881 1113 1934 in
1138 1895 1361 1936 recensu
1385 1882 1622 1936 omnium
1649 1883 1870 1950 diligen-

287 1991 377 2035 ter
402 1988 645 2033 notatum
669 1975 861 2039 sit,ubi
887 1972 1114 2042 quodvis
1138 1982 1242 2026 tam
1269 1972 1320 2026 iu
1340 1972 1690 2036 Erasmianis,
1711 1985 1867 2040 quam

284 2067 721 2124 Lovaniensibus
747 2075 798 2118 et
821 2064 1168 2118 Benedictiua
1202 2063 1530 2131 reperiatur;
1557 2063 1669 2131 ipsa
1693 2073 1867 2116 tamen

288 2177 357 2216 re
389 2159 568 2214 edocti
596 2173 807 2222 sumus,
841 2167 1046 2210 certam
1077 2155 1145 2209 de
1173 2169 1424 2209 successu
1448 2155 1658 2209 collata:
1689 2156 1740 2209 in
1772 2171 1869 2209 an—

287 2264 504 2307 ctorem
537 2265 716 2317 Operm
749 2249 996 2301 notitiam
1033 2247 1307 2300 informari
1338 2260 1444 2300 non
1476 2261 1654 2314 posse,
1688 2247 1787 2299 nisi
1816 2246 1867 2299 in

293 2341 596 2409 potioribus
629 2339 957 2394 editionibus
989 2337 1248 2391 librorum
1281 2352 1564 2390 numerum
1597 2345 1651 2389 et
1672 2337 1866 2389 seriem

297 2433 492 2486 intueri
523 2432 704 2485 liceat.
739 2430 910 2497 llujus
939 2429 1103 2498 igitur
1131 2427 1462 2481 Erasmiana:
1485 2427 1618 2480 ordo
1642 2427 1731 2481 hic
1750 2438 1868 2483 est:

291 2526 348 2578 in
383 2535 515 2576 torno
551 2523 564 2574 l
599 2521 778 2574 insunt
819 2539 836 2573 :
872 2519 1344 2572 Retractationum
1379 2519 1473 2571 lib.
1506 2517 1568 2582 ll,
1608 2535 1722 2586 cum
1752 2535 1869 2570 cen-

287 2633 450 2680 sura;
499 2614 912 2669 Gonfessiouum
959 2612 1082 2665 libri
1129 2610 1280 2676 Xlll,
1329 2627 1446 2662 cuin
1488 2626 1743 2676 censura;
1792 2611 1868 2667 De

285 2705 657 2761 Grninmatica
684 2704 824 2756 liber
854 2718 1017 2766 unus;
1048 2700 1316 2769 Principia
1344 2700 1644 2754 dialectica:
1668 2719 1681 2764 ;
1708 2704 1866 2755 Cate-

286 2796 465 2865 goriae
493 2794 716 2857 decem;
761 2792 1020 2860 Principia
1054 2792 1385 2847 rhetorices:
1432 2789 1506 2844 De
1538 2791 1741 2844 musica
1773 2790 1866 2843 lib.

285 2888 358 2940 Vl
388 2904 407 2950 ;
439 2887 639 2940 Contra
667 2883 1012 2939 Academicos
1052 2884 1147 2939 lib.
1181 2882 1284 2948 Ill;
1332 2883 1407 2936 De
1435 2882 1626 2936 ordine
1668 2881 1762 2935 lib.
1795 2881 1865 2947 ll;

288 2981 374 3034 De
412 2979 519 3031 vita
551 2978 738 3041 beata;
780 2977 1196 3046 Soliloquiorum
1229 2976 1326 3031 lib.
1355 2975 1428 3040 ll;
1472 2975 1546 3030 De
1575 2978 1866 3043 magistro;

292 3070 374 3124 De
408 3069 805 3122 immortalitate
836 3069 1065 3132 animae;
1098 3066 1368 3122 Delibero
1394 3067 1614 3121 arbitrio
1647 3067 1738 3121 lib.
1766 3067 1867 3132 lll;

293 3159 371 3212 De
405 3173 526 3211 vera
560 3157 855 3225 religione;
899 3157 970 3210 De
1001 3157 1241 3210 moribus
1274 3156 1530 3210 Ecclesia:
1562 3156 1862 3223 catliolicw,
1896 3134 1939 3193 Ο

291 3259 347 3303 et
385 3247 455 3301 de
493 3249 727 3302 moribus
771 3248 1191 3301 Manicbteorum
1236 3247 1330 3302 lib.
1362 3247 1436 3312 ll,
1465 3263 1582 3299 cum
1612 3263 1863 3312 censura;

293 3341 372 3393 De
407 3338 596 3393 Genesi
642 3349 826 3392 contra
864 3338 1189 3392 Manicliaios
1229 3337 1320 3391 lib.
1363 3337 1442 3404 ll,
1474 3354 1584 3390 cuin
1615 3354 1866 3404 censura;

291 3430 514 3499 Regula:
543 3429 860 3498 Augustini,
891 3445 1003 3481 cum
1032 3445 1282 3495 censura;
1313 3428 1628 3484 Posidonius
1666 3429 1732 3485 de
1764 3431 1868 3484 vita

289 3523 600 3591 Augustini.

367 3613 434 3668 In
462 3629 596 3668 tanta
623 3615 706 3671 ΙΙ.
735 3645 806 3655 -
835 3614 1191 3683 Epistolarum
1235 3613 1467 3684 farrago.
1507 3643 1579 3654 -
1618 3612 1866 3682 Epistolze

293 3719 428 3762 sunt
452 3707 707 3772 CCXL",
740 3708 983 3762 ducenta:
1019 3707 1368 3777 quadraginta
1398 3708 1538 3773 diue,
1574 3708 1710 3761 inter
1734 3720 1866 3774 quas

292 3809 350 3854 et
379 3800 572 3868 Spurize
603 3800 846 3869 quaedam
880 3799 945 3853 ab
979 3799 1202 3853 Erasnio
1231 3799 1389 3854 obolo
1422 3799 1688 3852 transfixa:
1718 3843 1729 3866 ,
1765 3813 1867 3851 nec

292 3903 475 3947 tamen
517 3906 740 3960 prorsus
779 3892 898 3944 loco
937 3901 1117 3944 motae.
1166 3891 1444 3944 Pertincnt
1483 3889 1587 3943 huc
1624 3891 1866 3958 epistola:

293 3985 461 4052 vulgo
496 3982 783 4051 Augustini
829 3982 987 4036 dicta:
1031 3981 1097 4035 ad
1137 3982 1472 4035 Bonifacium
1511 3990 1566 4036 et
1601 3981 1760 4048 hujus
1803 3981 1867 4036 ad

289 4073 688 4141 Augustinum,
737 4089 766 4126 e
809 4074 1002 4142 quibus
1053 4073 1262 4127 nonnisi
1314 4086 1474 4125 unam
1526 4072 1870 4126 vehementer

288 4163 560 4232 prolixam
590 4175 644 4218 et
669 4163 952 4232 insigniter
978 4165 1324 4229 illitteratatu,
1353 4174 1408 4217 ut
1431 4165 1546 4232 ipse
1570 4163 1758 4232 inquit,
1786 4179 1869 4218 re-

292 4267 527 4306 movere
552 4254 836 4318 sustinuit,
864 4263 1233 4324 prattereaque
1262 4256 1555 4308 coronidem
1591 4261 1680 4308 suo
1711 4258 1868 4309 titulis

294 4342 520 4411 Cyrilli,
570 4343 727 4396 subito
766 4343 950 4397 Latine
989 4343 1241 4413 loquentis
1291 4356 1336 4397 et
1375 4345 1651 4415 Augustini
1687 4344 1869 4399 Gra'co

286 4432 435 4486 male
461 4433 640 4487 Latine
673 4435 941 4488 scribentis
973 4433 1407 4504 impudentissime
1434 4434 1703 4503 confictam
1731 4453 1868 4488 rese-

286 4524 424 4576 cuit.
454 4527 623 4592 Atque
653 4523 734 4578 his
756 4525 1016 4593 epistolis,
1051 4537 1155 4579 tam
1181 4526 1426 4594 singulis,
1453 4525 1541 4579 ubi
1564 4526 1777 4596 quidem
1803 4543 1865 4580 ex

285 4629 349 4668 re
384 4613 685 4679 videbatur,
719 4630 960 4669 censuia:
987 4614 1189 4686 aliquid
1224 4616 1449 4683 addidit,
1470 4631 1627 4685 quam
1652 4618 1870 4671 univer-

286 4705 368 4757 sis
401 4706 562 4758 etiam
597 4705 851 4771 ιπειιῖςιιυε
881 4716 962 4759 est
987 4706 1036 4759 in
1068 4707 1280 4776 epistola
1313 4708 1378 4759 ad
1400 4708 1632 4773 lectores,
1665 4709 1866 4775 scripta

289 4795 514 4849 Basilea:
545 4795 755 4849 MDXX
776 4795 906 4864 VII,
937 4798 1138 4851 docens
1171 4799 1360 4866 partim
1381 4837 1395 4863 ,
1424 4799 1569 4866 quod.
1597 4801 1662 4851 ad
1693 4809 1870 4852 ester-

293 4901 428 4940 num
457 4902 636 4941 earum
669 4889 908 4942 habitum
939 4898 1168 4958 spectet,
1195 4905 1309 4956 eas,
1345 4892 1506 4956 sicut,
1549 4902 1600 4945 et
1647 4893 1868 4961 popula-

290 4994 386 5033 res
417 4981 685 5033 orationes
717 4981 1024 5052 (liomilias)
1052 5023 1066 5046 ,
1109 4997 1398 5050 numquam
1441 4997 1538 5036 nec
1586 4983 1638 5036 in
1669 4985 1863 5039 Retra-

291 5069 593 5122 ctationum
623 5069 799 5137 libris,
841 5085 940 5124 nec
975 5082 1183 5139 postea,
1211 5062 1386 5140 aliqua
1417 5072 1501 5126 vel
1537 5083 1860 5141 temporum,

289 5161 377 5215 vel
417 5175 793 5228 personarum,
823 5161 906 5215 vel
953 5163 1294 5216 materiarum
1343 5163 1551 5217 ratione
1594 5164 1760 5218 fuisse
1785 5167 1867 5219 di—

293 5265 507 5322 geStas,
543 5253 774 5325 indeque
803 5253 1015 5312 facilius
1047 5263 1230 5322 postea
1260 5255 1525 5309 admixtas
1557 5271 1709 5324 esse,
1746 5273 1867 5326 quae

287 5344 426 5398 nihil
446 5346 743 5414 Augustino
765 5347 981 5416 dignum
1003 5345 1282 5412 haberent,
1297 5347 1381 5400 vel
1403 5347 1660 5401 confictas
1679 5349 1863 5413 etiam,

284 5452 390 5491 nec
423 5452 554 5491 vero
587 5438 758 5492 libros
789 5448 844 5492 et
873 5439 1132 5505 epistolas
1164 5452 1376 5506 semper
1407 5441 1632 5493 invicem
1662 5440 1869 5494 discre-

282 5540 374 5584 tos
399 5545 543 5593 esse,
570 5531 698 5584 dum
722 5531 848 5584 alibi
872 5532 1065 5585 librum
1088 5531 1319 5598 appellat
1342 5533 1688 5599 Augustinus,
1707 5548 1865 5601 quem

282 5622 395 5677 alio
431 5621 551 5676 loco
580 5636 678 5690 pro
704 5621 926 5690 epistola
959 5621 1226 5686 venditat;
1261 5624 1450 5690 partim
1478 5633 1655 5677 autem
1695 5623 1864 5695 ipsam

284 5729 480 5770 eorum
514 5713 750 5770 indolem
785 5722 837 5771 ct
868 5713 974 5769 vita
1004 5714 1226 5772 mirifice
1254 5713 1558 5772 declarans.

1972 1909 2144 1958 unus;
2178 1894 2377 1946 Contra
2411 1891 2749 1946 mendacium
2781 1891 2844 1944 ad
2869 1890 3114 1944 eumdem
3138 1889 3231 1941 lib.
3258 1888 3309 1951 I;
3345 1888 3416 1940 De
3442 1886 3547 1940 fide

1970 1997 2018 2040 et
2050 1985 2306 2052 operibus
2339 1984 2432 2036 lib.
2463 1984 2511 2046 l;
2542 1983 2910 2047 Quaestionum
2943 1981 2994 2032 in
3020 1979 3185 2033 Vetus
3215 1979 3547 2031 Instrumen-

1973 2084 2082 2128 tum
2114 2076 2200 2128 lib.
2243 2074 2368 2137 Vll;
2413 2073 2780 2139 Quaestionum
2829 2070 3278 2139 Evangelicarutn
3327 2069 3418 2122 lib.
3466 2067 3544 2130 ll;

1970 2165 2339 2231 Qumstionum
2388 2164 2827 2231 Evangelicarum
2879 2159 3176 2214 secundum
3228 2157 3541 2212 Manlia-nm

1971 2255 2063 2307 lib.
2099 2253 2150 2316 l,
2193 2269 2307 2306 cum
2347 2268 2599 2315 censura;
2649 2251 2724 2306 De
2770 2264 3036 2304 consensu
3085 2249 3543 2317 Evangelistarum

1971 2344 2061 2396 lib.
2086 2343 2177 2406 lV;
2209 2343 2500 2412 Octoginta
2526 2344 2687 2396 trium
2719 2343 3080 2410 quaestionum
3105 2341 3258 2406 lib.l,
3287 2357 3402 2392 cum
3430 2355 3548 2392 cen—

1967 2452 2124 2500 sura;
2151 2435 2345 2504 Viginti
2371 2435 2528 2488 unius
2547 2435 2940 2488 sententiarum
2966 2434 3059 2487 lib.
3082 2433 3103 2487 l
3125 2474 3139 2500 ,
3164 2449 3277 2485 cum
3301 2447 3546 2494 censura;

1970 2525 2046 2580 De
2085 2527 2312 2581 diversis
2350 2527 2737 2596 quazstionibus
2777 2527 2842 2580 ad
2882 2526 3296 2592 Simplicianum
3338 2524 3429 2578 lib.
3471 2523 3544 2586 ll;

1971 2618 2046 2672 De
2085 2627 2208 2672 octo
2249 2618 2459 2673 Dulcitii
2501 2619 2894 2686 qutestionibus
2943 2618 3035 2670 lib.
3078 2616 3134 2682 l;
3177 2617 3545 2681 Quaestionum

1971 2706 2108 2760 LXV
2135 2709 2406 2774 dialogus,
2440 2724 2554 2759 cum
2582 2724 2834 2770 censura;
2861 2706 3230 2770 Quaestionum
3261 2709 3459 2759 veteris
3491 2715 3547 2760 et

1973 2799 2094 2850 novi
2130 2797 2464 2849 Testamenti
2507 2796 2598 2848 lib.
2635 2795 2684 2859 l,
2716 2810 2835 2846 cum
2876 2810 3124 2858 censura;
3166 2795 3241 2847 De
3279 2808 3408 2846 cura
3452 2809 3548 2862 pro
3585 2845 3587 2848 .

1973 2887 2195 2941 mortuis
2224 2886 2459 2956 gerenda
2486 2886 2550 2937 ad
2579 2885 2859 2939 Paulinum
2889 2884 2983 2939 lib.
3014 2883 3062 2945 l;
3108 2884 3180 2938 De
3206 2883 3548 2938 catecbizan-

1971 2982 2054 3035 dis
2082 2980 2303 3034 rudibus
2329 2979 2419 3032 lib.
2449 2979 2498 3044 l;
2528 2979 2602 3033 De
2634 2977 3003 3031 incarnatione
3026 2976 3188 3031 Verbi
3217 2977 3308 3030 lib.
3337 2975 3398 3040 ll,
3432 2993 3546 3028 cum

1972 3089 2218 3136 censura;
2249 3071 2325 3125 De
2354 3071 2593 3124 trinitate
2621 3081 2674 3124 et
2705 3073 2915 3124 unitate
2948 3070 3040 3124 Dei
3071 3070 3162 3123 lib.
3196 3071 3245 3131 l,
3277 3085 3390 3122 cum
3422 3084 3548 3122 ceu-

1972 3180 2132 3228 sura;
2166 3164 2238 3216 De
2271 3163 2502 3216 essentia
2535 3161 2829 3214 divinitatis
2857 3161 2946 3214 lib.
2980 3161 3018 3219 l.
3049 3177 3164 3212 cum
3194 3174 3444 3222 censura;
3474 3160 3546 3213 De

1973 3257 2080 3312 fide
2112 3273 2286 3310 rerum
2320 3256 2669 3309 invisibilium
2701 3255 2794 3307 lib.
2826 3253 2867 3318 Ι,
2900 3270 3010 3306 cum
3041 3269 3289 3316 censura;
3323 3252 3394 3306 De
3423 3252 3547 3305 sub-

1971 3352 2173 3404 Stantia
2203 3350 2506 3403 dilectionis
2532 3348 2623 3400 lib.
2646 3348 2685 3408 Ι,
2709 3362 2820 3399 cum
2849 3361 3095 3408 censura;
3121 3346 3193 3398 De
3219 3343 3547 3398 ciiiitiueutia

1973 3444 2068 3497 lib.
2103 3443 2143 3507 l,
2175 3458 2290 3494 cum
2319 3455 2568 3501 censura;
2595 3438 2667 3490 De
2698 3437 2949 3504 patientia
2974 3436 3066 3490 lib.
3098 3436 3137 3498 Ι,
3161 3450 3277 3486 cum
3298 3451 3546 3498 censura;

1975 3533 2045 3587 De
2071 3533 2214 3585 b0u0
2240 3530 2516 3582 viduitatis
2541 3528 2634 3584 lib.
2663 3527 2711 3589 ι’,
2738 3543 2851 3578 cum
2889 3542 3104 3578 censura
3135 3525 3302 3592 (lluic
3337 3539 3546 3591 quoque

1973 3635 2117 3680 tonio
2149 3625 2352 3678 inserta
2392 3631 2472 3675 est
2502 3618 2730 3672 Censura
2757 3617 2873 3671 libri
2915 3618 2977 3669 de
3007 3616 3370 3683 singularitale
3399 3615 3546 3666 cleri-

1971 3733 2168 3780 corum,
2201 3715 2289 3784 qui
2316 3715 2430 3782 ipse
2464 3723 2642 3765 tamen
2677 3720 2947 3777 tamquam
2979 3706 3184 3758 alienus
3212 3705 3354 3756 fetus
3384 3711 3438 3757 et
3465 3704 3546 3755 in-

1973 3818 2051 3862 ter
2076 3807 2301 3860 aliorum
2326 3807 2484 3858 etiam
2511 3803 2725 3856 Patrum
2756 3813 2918 3868 opera
2951 3799 3137 3850 iterata
3163 3797 3280 3850 vice
3307 3794 3540 3861 vulgata,

1971 3898 2204 3952 omissus
2255 3894 2400 3964 cSI);
2438 3894 2511 3947 De
2558 3907 2684 3945 vera
2723 3899 2775 3943 et
2818 3889 2949 3942 falsa
2996 3887 3306 3957 poenitentia
3355 3885 3453 3939 lib.
3490 3885 3541 3950 Ι,

1972 4007 2088 4042 cum
2121 4003 2373 4050 censura;
2403 3986 2478 4038 De
2509 3982 2834 4038 salutaribus
2863 3980 3196 4033 documentis
3229 3978 3320 4032 lib.
3350 3977 3400 4045 l,
3431 3993 3544 4029 cunt

1971 4094 2224 4142 censura;
2259 4077 2331 4129 De
2356 4075 2586 4129 amicitia
2622 4075 2714 4127 lib.
2747 4073 2786 4134 l,
2820 4087 2935 4124 cum
2964 4085 3206 4133 censura;
3241 4069 3314 4121 De
3337 4083 3545 4122 seruio-

1973 4187 2040 4226 ne
2075 4168 2280 4224 Domini
2307 4169 2358 4221 in
2403 4176 2583 4220 monte
2617 4166 2712 4220 lib.
2754 4164 2826 4227 ll;
2878 4162 3242 4230 Expositionis
3289 4161 3544 4230 Epistola:

1971 4261 2119 4315 Pauli
2161 4260 2226 4312 ad
2261 4259 2530 4311 llonianos
2564 4256 2660 4308 lib.
2688 4255 2734 4318 l;
2786 4252 3152 4321 Expositionis
3193 4254 3544 4320 quarumdam

1971 4351 2401 4421 propositionum
2422 4365 2486 4403 ex
2518 4347 2757 4416 Epistula
2785 4347 2849 4398 ad
2878 4346 3148 4399 Romanos
3178 4344 3272 4397 lib.
3299 4344 3317 4396 l
3340 4359 3354 4407 ;
3374 4343 3545 4410 Expo-

1973 4442 2188 4494 sitionis
2220 4440 2469 4510 Epistolte
2502 4438 2648 4492 Pauli
2681 4436 2749 4491 ad
2781 4435 2999 4491 Galatas
3027 4436 3121 4490 lib.
3152 4435 3200 4500 l;
3228 4434 3544 4488 Annotatio-

1972 4549 2099 4587 num
2130 4533 2180 4586 in
2206 4531 2326 4587 Job.
2361 4531 2453 4588 l.b.
2485 4530 2534 4594 l;
3267 4518 3269 4520 ’

2040 4625 2202 4678 Tanto
2243 4623 2305 4676 V.
2339 4653 2408 4664 -
2441 4625 2512 4678 De
2540 4624 2756 4678 civitate
2781 4621 2878 4677 Dei
2907 4621 3030 4676 libri
3055 4615 3222 4680 XXII,
3255 4629 3374 4667 cum
3397 4627 3543 4668 com~

1971 4716 2249 4776 mentariis
2278 4713 2536 4767 Ludovici
2573 4713 2740 4767 Vivis.

2041 4806 2202 4860 Tonio
2234 4805 2323 4858 VI.
2341 4836 2409 4845 —
2432 4805 2506 4859 De
2531 4804 2823 4859 bzrrcsibus
2843 4802 2905 4854 ad
2930 4795 3356 4864 Quodvultdeum
3381 4795 3471 4850 lib.
3496 4796 3541 4860 l;

1973 4897 2046 4951 De
2083 4897 2320 4965 quinque
2361 4895 2657 4948 liasresibus
2698 4891 2892 4952 oratio,
2924 4903 3039 4940 cum
3065 4903 3311 4950 censura;
3341 4886 3542 4940 Conciti

1968 4989 2033 5041 ad
2056 4987 2473 5041 catechumenos
2496 4989 2681 5036 contra
2705 4979 2938 5044 Judaios,
2961 4978 3200 5047 Paganos
3221 4987 3273 5032 et
3290 4977 3540 5042 Arianos,

1969 5095 2079 5131 cum
2100 5092 2312 5128 censura
2328 5090 2346 5136 ;
2368 5073 2550 5126 Oratio
2563 5073 2626 5124 ad
2638 5086 2825 5125 versus
2843 5070 3079 5135 Judatos;
3100 5071 3171 5124 De
3186 5070 3542 5124 altercatiOne

1973 5165 2223 5222 Ecclesia:
2242 5174 2293 5218 et
2312 5164 2612 5234 Synagogae
2634 5163 2896 5231 dialogus,
2914 5179 3026 5216 cum
3045 5179 3282 5227 censura;
3302 5164 3374 5217 De
3395 5163 3540 5215 ulili-

1970 5270 2076 5314 tate
2106 5258 2360 5314 credendi
2389 5258 2454 5312 ad
2482 5258 2810 5311 Honoratum
2837 5257 2928 5310 lib.
2958 5256 3005 5319 l;
3034 5256 3232 5308 Contra
3260 5255 3538 5321 epistolam

1971 5348 2274 5413 Manichmi,
2304 5364 2462 5416 quam
2498 5359 2688 5401 vocant
2721 5346 3072 5400 Fundamenti
3103 5345 3193 5397 lib.
3227 5342 3280 5404 l;
3312 5343 3384 5393 De
3411 5342 3540 5394 dua-

1971 5443 2069 5496 bus
2096 5441 2373 5495 animabus
2420 5450 2605 5496 contra
2637 5440 2956 5493 Manichmos
2989 5440 3078 5490 lib.
3109 5437 3154 5498 l;
3187 5434 3381 5486 Contra
3412 5433 3540 5487 For-

1972 5543 2209 5588 tunatum
2242 5533 2525 5600 quemdam
2558 5531 2971 5584 MlllllCll'JBOl'llm
3001 5525 3399 5595 presbvlerum,
3426 5542 3539 5578 cum

1970 5639 2213 5687 censura;
2244 5623 2439 5676 Contra
2469 5622 2831 5685 Adiiuautum,
2861 5607 3142 5672 Manichaei
3168 5616 3489 5686 discipulum
3523 5632 3538 5681 ;

1971 5719 2168 5774 Contra
2201 5716 2448 5773 Faustum
2500 5713 2844 5770 Manichxum
2885 5710 2976 5767 lib.
3010 5707 3260 5776 XXXI”;
3304 5711 3374 5766 De
3406 5709 3536 5764 actis
