3882 6328
400 335 472 393 εδ
1299 303 1848 366 SCPPLEMENTUM
1890 300 1979 354 AD
2018 297 2244 354 OPERA
2282 296 2340 352 S.
2380 294 2766 354 AUGUSTlNl.
3579 303 3643 357 σι

402 460 524 501 cum
575 440 747 496 Felice
787 430 1076 488 Manichrco
1106 427 1200 479 lib.
1253 424 1317 481 ll,
1360 436 1473 473 cum
1503 431 1746 477 censura;
1773 411 1970 467 Contra
2004 414 2047 468 Α
2078 408 2220 462 bono
2243 407 2543 476 disciplina:
2590 422 2805 471 sermo;
2857 407 2932 461 De
2956 407 3261 464 visitatione
3302 407 3641 466 infirmorum

406 532 766 592 Secundinutu
792 522 1139 579 Manichazum
1163 516 1254 568 lib.
1288 513 1305 565 Ι
1332 529 1346 574 ;
1382 511 1455 563 De
1488 516 1677 561 natura
1702 505 1826 556 horti
1849 516 1977 554 enn-

406 641 498 688 tra,
530 620 849 677 Manichmos
900 614 992 667 lib.
1041 611 1093 674 l;
1139 608 1216 660 De
1266 605 1369 657 lide
1418 609 1605 654 contra
1658 595 1977 649 Manichreos

407 682 499 771 lib:
523 715 562 777 l;
596 713 794 767 Contra
820 700 1182 758 adversarium
1210 694 1365 761 Legis
1387 700 1441 747 et
1469 689 1853 758 Prophetarum
1882 682 1973 737 lib.

408 807 479 870 ll;
505 774 700 857 Contra
725 792 1153 855 Priscilliauistas
1174 798 1227 841 et
1247 786 1306 839 Οι
1322 785 1576 853 igenistas
1598 778 1688 832 lib.
1713 774 1975 839 l;Contra

406 907 710 952 sermonem
752 888 1073 943 Arianorum
1121 879 1212 933 lib.
1246 878 1298 939 l;
1348 875 1541 927 Contra
1585 866 1972 930 Maximinum,

405 988 726 1042 Arianorum
750 980 1083 1047 episcopum,
1112 971 1208 1025 lib.
1238 966 1328 1029 ιιι,
1355 979 1469 1017 cum
1501 972 1751 1019 censura;
1780 956 1975 1007 Contra

409 1076 737 1131 Feliciauum
769 1069 1023 1123 Arianum
1055 1061 1122 1115 dc
1154 1059 1358 1113 unitate
1396 1048 1697 1111 Trinitatis,
1725 1061 1839 1098 cum
1860 1060 1978 1096 cen-

405 1184 558 1233 sura;
590 1165 663 1220 De
689 1164 828 1217 bono
850 1154 1122 1226 conjugali
1145 1160 1330 1206 contra
1360 1144 1728 1204 lovinianum;
1762 1140 1833 1192 De
1857 1151 1977 1189 san-

404 1270 490 1313 eta
520 1256 863 1326 virginitate;
897 1250 973 1303 De
1013 1242 1326 1300 adulterinis
1365 1236 1630 1305 conjugiis
1659 1233 1724 1286 ad
1764 1232 1975 1285 Pollen-

408 1352 537 1406 tium
567 1324 658 1402 lib.
686 1347 725 1399 ll
752 1362 766 1407 ;
808 1343 1092 1395 Tractatus
1118 1336 1184 1388 de
1217 1330 1493 1401 Epicureis
1520 1340 1573 1382 et
1613 1324 1829 1386 Stoicis,
1865 1337 1978 1374 cum

410 1456 623 1496 censura
650 1454 667 1502 ;
696 1436 976 1489 Tractatus
1005 1427 1075 1482 de
1099 1441 1185 1489 eo,
1209 1422 1353 1493 quod
1378 1421 1576 1475 dictum
1608 1426 1690 1470 est
1713 1430 1740 1468 a
1773 1414 1882 1467 Dco
1914 1410 1976 1464 ad

408 1533 654 1600 Moysen,
683 1527 793 1592 Ego
822 1538 959 1589 Sum,
989 1519 1080 1589 qui
1102 1533 1240 1579 sum,
1268 1514 1453 1568 incerti
1478 1509 1731 1565 auctoris.

478 1595 639 1671 'fomo
694 1614 818 1667 VII.
855 1642 924 1653 ——
952 1612 1155 1663 Contra
1188 1616 1393 1675 partem
1436 1599 1623 1654 Donati
1653 1638 1666 1658 ,
1701 1595 1977 1665 psalmus;

406 1714 605 1769 Contra
631 1709 789 1776 epist.
823 1699 1159 1758 Parmeniani
1191 1697 1281 1751 lib.
1304 1694 1364 1749 lll
1388 1711 1402 1759 ;
1431 1693 1628 1747 Contra
1653 1689 1861 1741 litteras
1884 1684 1980 1737 Pe-

2081 499 2175 552 lib.
2196 498 2239 552 ll
2262 498 2380 563 ;'De
2402 500 2772 553 consolatione
2805 508 3132 553 mortuorum
3163 514 3440 555 sermones
3464 501 3535 566 ll;
3573 503 3648 559 De

2078 599 2264 657 quarta
2296 587 2446 651 feria,
2478 587 2591 643 sive
2638 590 2845 642 cultura
2868 588 2979 657 agri
3007 588 3282 658 dominici,
3311 605 3528 655 sermo;
3572 592 3650 648 De

2078 679 2400 747 cataclysmo
2417 693 2628 743 sermo;
2654 677 2729 731 De
2760 686 2999 746 tempore
3022 678 3308 734 Barbarico
3334 694 3546 744 sermo;
3580 682 3652 736 De

2079 768 2372 822 sobrietate
2404 776 2460 822 et
2488 768 2799 834 virginitate
2830 783 3042 831 sermo;
3076 768 3361 837 Speculum
3392 779 3653 837 peccato-

2080 859 2155 913 ris
2188 867 2479 921 tractatus;
2533 859 2604 912 De
2636 859 2861 914 utilitate
2889 858 3213 926 pmnitentiaz
3243 868 3533 925 tractatus;
3579 860 3655 915 De

2079 948 2329 1004 conﬂictu
2359 948 2611 1003 vitiorum
2640 958 2693 1003 et
2716 949 2967 1003 virtutum
2988 950 3075 1003 lib.
3102 949 3122 1001 ι
3146 965 3162 1014 ;
3195 950 3268 1003 De
3289 960 3518 1019 quatuor
3544 954 3650 1005 vir-

2082 1043 2237 1096 tutib.
2270 1042 2546 1096 charitatis
2597 1050 2886 1106 tractatus;
2941 1041 3016 1095 De
3069 1041 3317 1096 laudibus
3369 1040 3660 1098 eharitatis

2081 1142 2367 1197 tractatus;
2397 1135 2469 1187 De
2501 1134 2778 1187 honestate
2800 1134 3080 1189 mulierum
3109 1133 3201 1189 lii).
3226 1133 3281 1196 l;
3311 1133 3388 1187 De
3418 1135 3661 1202 pastori-

2082 1226 2182 1281 bus
2214 1226 2305 1280 lib.
2340 1224 2389 1289 l;
2416 1225 2488 1279 De
2510 1225 2700 1280 ovibus
2726 1225 2861 1280 liber
2883 1226 2996 1281 sive
3021 1227 3235 1280 homilia
3261 1243 3276 1290 ;
3304 1226 3376 1280 De
3402 1218 3667 1296 symbolo

2084 1314 2208 1369 Iidei
2249 1314 2312 1368 ad
2344 1314 2759 1369 catechumenos
2790 1314 2884 1368 lib.
2917 1316 3019 1384 IV;
3055 1316 3127 1370 De
3156 1316 3531 1369 convenientia
3560 1315 3659 1370 de-

2081 1419 2200 1458 cem
2226 1416 2612 1472 praeceptorum
2636 1415 2688 1457 et
2720 1404 2907 1458 decem
2938 1404 3210 1472 plagarum
3243 1403 3482 1473 z’Egypli,
3516 1405 3662 1460 liber

2084 1510 2250 1551 unus:
2289 1495 2360 1549 De
2391 1493 2711 1549 rectitudine
2759 1494 3035 1548 catholica:
3078 1494 3505 1548 conversationis
3539 1503 3661 1549 tra-

2083 1594 2295 1649 ctatus;
2329 1585 2402 1637 De
2434 1584 2663 1638 utilitate
2687 1583 2874 1653 jejunii
2899 1592 3189 1648 tractatus;
3222 1576 3296 1637 De
3328 1584 3482 1638 Urbis
3505 1586 3661 1639 exci-

2084 1676 2495 1740 diotractatus;
2528 1674 2600 1727 De
2627 1674 2901 1729 creatione
2923 1673 3079 1742 primi
3104 1672 3335 1726 hominis
3356 1680 3666 1737 tractatus;

409 1803 602 1864 ιίιίςιηί,
629 1798 898 1855 Cirtensis
929 1792 1165 1861 episcopi
1197 1788 1487 1843 Donatistae
1520 1784 1610 1837 lib.
1642 1782 1742 1844 lll;
1785 1779 1981 1833 Contra
2014 1769 2059 1827 B
2089 1766 2164 1864 De
2192 1765 2384 1819 arbore
2400 1765 2639 1819 scientia:
2664 1764 2789 1819 boni
2822 1756 2872 1817 et
2903 1764 3023 1817 mali
3049 1773 3335 1827 tractatus;
3366 1764 3440 1816 De
3474 1779 3663 1831 pugna

407 1895 755 1952 Cresconium
788 1888 1116 1942 Donatistam
1158 1880 1568 1951 grammaticum
1592 1873 1683 1927 lib.
1711 1870 1806 1934 lV;
1845 1867 1981 1920 Con-

410 1999 487 2042 tra
507 1983 814 2045 Gaudentii,
848 1978 1245 2033 Donatistarum
1273 1968 1536 2041 episcopi,
1574 1965 1731 2033 epist.
1756 1960 1849 2015 lib.
1879 1960 1940 2013 ιιι
1962 2002 1976 2023 ,

409 2092 637 2148 quorum
694 2082 1002 2143 postremus
1041 2079 1181 2121 nunc
1220 2063 1451 2132 primum
1499 2065 1583 2112 est
1607 2066 1838 2108 cxcusus
1864 2066 1879 2115 ;
1906 2049 1984 2103 De

409 2170 677 2237 baptismo
695 2139 882 2220 contra
915 2159 1222 2214 Douatislas
1247 2153 1341 2207 lib.
1372 2149 1484 2213 Vll,
1505 2163 1618 2199 cum
1640 2157 1886 2205 censura;
1909 2139 1984 2192 De

411 2263 572 2316 unico
602 2257 866 2326 baptismo
893 2259 1076 2309 contra
1116 2246 1431 2303 Petiliauum
1465 2240 1559 2293 lib.
1594 2236 1646 2300 l;
1681 2235 1753 2287 De
1785 2232 1984 2286 unitate

416 2320 688 2405 Ecclesiin'
704 2353 889 2401 contra
919 2339 1163 2395 Petiliani
1198 2333 1485 2389 Donatista:
1504 2326 1780 2396 epistolam
1809 2323 1904 2375 un.
1933 2320 1983 2386 l;

413 2445 559 2512 Opus
589 2435 853 2495 Breviculi
912 2429 1260 2489 collationum
1315 2437 1436 2477 cum
1496 2414 1828 2478 Donatistis;
1859 2413 1987 2466 Post

412 2507 751 2590 collationem
771 2534 954 2581 contra
972 2522 1279 2577 Donatistas
1301 2516 1392 2570 lib.
1416 2514 1465 2577 l;
1490 2512 1662 2579 Super
1680 2507 1845 2578 gestis
1863 2519 1987 2558 cum

416 2624 679 2687 Emerilo,
707 2618 1101 2674 Donatistarum
1128 2612 1402 2680 episcopo,
1427 2604 1521 2658 lib.
1559 2601 1826 2657 I:Contra
1851 2596 1982 2652 Ful-

416 2716 651 2785 gentium
684 2711 1014 2767 Donatistam
1047 2704 1139 2759 lib.
1164 2704 1204 2769 l,
1231 2718 1343 2756 cum
1372 2712 1617 2761 censura;
1640 2694 1714 2748 De
1747 2698 1992 2762 peccato-

417 2823 535 2863 rum
564 2804 769 2860 meritis
800 2810 854 2857 et
878 2798 1226 2861 remissione,
1252 2808 1313 2847 ac
1352 2791 1419 2845 de
1450 2786 1716 2857 baptismo
1739 2781 1985 2852 parvulo-

418 2915 560 2961 rum,
594 2896 657 2950 ad
688 2893 1055 2948 Marcellinum
1102 2889 1195 2939 lib.
1231 2885 1327 2946 lll;
1381 2883 1456 2933 De
1488 2888 1675 2930 natura
1715 2886 1769 2928 et
1815 2873 1989 2940 gratia

418 3000 602 3046 contra
636 2984 949 3051 Pelagianos
977 2978 1070 3030 lib.
1100 2974 1151 3037 l;
1178 2975 1254 3026 De
1274 2970 1439 3039 gratia
1461 2964 1659 3019 Christi
1687 2971 1741 3015 et
1773 2968 1991 3028 peccato

420 3078 690 3150 originali,
730 3048 914 3125 contra
945 3065 1212 3133 Pelagium
1245 3071 1299 3115 et
1337 3055 1648 3112 leestium
1678 3052 1773 3105 lib.
1812 3048 1884 3113 ll;
1916 3049 1991 3101 De

422 3172 625 3241 nuptiis
652 3178 705 3222 et
734 3157 1165 3229 concupiscentia
1191 3153 1258 3207 ad
1290 3149 1563 3205 Valerium
1595 3142 1847 3199 comitem
1892 3138 1989 3192 lib.

424 3231 727 3327 ll;'Contra
769 3255 902 3309 duas
927 3248 1183 3318 epistolas
1230 3241 1633 3311 Pelagianorum
1678 3234 1743 3287 ad
1774 3231 1992 3286 Bonifa-

424 3322 566 3409 cium
590 3350 682 3404 lib.
715 3336 813 3412 IV;
851 3343 1047 3398 Contra
1073 3338 1347 3393 lulianum
1386 3328 1727 3397 Pelagianum
1761 3325 1851 3378 lib.
1885 3322 1948 3376 Vl
1976 3338 1992 3386 ;

427 3445 504 3503 De
528 3440 701 3497 anima
726 3447 779 3493 et
808 3436 924 3504 ejus
945 3431 1159 3499 origine
1184 3427 1277 3480 lih.
1303 3424 1398 3487 IV;
1428 3421 1504 3475 De
1529 3414 1998 3486 prmdestinatione

427 3543 484 3590 et
507 3531 674 3603 gratia
700 3530 794 3585 lib.
828 3527 875 3591 l;
906 3520 1156 3590 ProSperi
1198 3515 1428 3585 epistola
1459 3512 1523 3565 ad
1550 3506 1902 3578 Augustinum
1931 3504 1999 3558 de

430 3623 669 3696 reliquiis
695 3618 990 3688 Pelagiana:
1019 3613 1322 3671 haeresi-os;
1351 3602 1534 3660 llilarii
1562 3602 1722 3668 epist.
1751 3596 1817 3650 ad
1849 3610 1999 3651 eum-

430 3691 647 3774 dem—de
671 3711 861 3770 eadem
890 3705 1147 3764 materia;
1179 3700 1257 3751 De
1288 3691 1762 3765 praidestinatioue
1787 3696 2000 3739 sancto-

432 3825 548 3864 rum
572 3806 664 3858 lib.
684 3803 724 3864 l,
747 3815 857 3851 cum
876 3808 1122 3853 censura;
1146 3790 1220 3841 De
1245 3788 1385 3840 bono
1407 3776 1922 3847 perseverantitelih.
1947 3774 1998 3837 l;

437 3898 514 3953 De
540 3883 1009 3961 praedestinationc
1037 3879 1132 3932 Dei
1163 3877 1257 3929 lib.
1291 3875 1334 3936 l,
1360 3889 1472 3924 cum
1502 3884 1746 3931 censura;
1780 3866 1854 3919 De
1881 3880 2005 3934 gra-

436 3989 510 4042 tia
534 3957 588 4038 et
618 3981 788 4034 libero
827 3974 1052 4028 arbitrio
1078 3968 1143 4022 ad
1178 3962 1516 4018 Valentinum
1544 3960 1636 4013 lib.
1667 3959 1717 4023 l;
1749 3957 1825 4011 Ad
1856 3971 2003 4011 eum-

435 4077 558 4132 dem
585 4072 650 4126 de
671 4065 1009 4132 correptione
1040 4069 1091 4115 et
1112 4058 1281 4128 gratia
1311 4055 1404 4108 lib.
1436 4054 1483 4117 l;
1514 4052 1591 4105 Ad
1620 4047 1878 4104 articulos
1902 4046 2003 4099 sibi

437 4168 572 4224 falso
592 4162 893 4232 impositos,
918 4153 1194 4225 Augustini
1221 4146 1531 4217 responsio;
1550 4144 1745 4200 Contra
1767 4138 2008 4205 Pelagia-

438 4274 560 4319 nos.
591 4249 1042 4325 llypognostieon.
1077 4246 1167 4298 lib.
1208 4242 1293 4304 Vl,
1326 4255 1442 4292 cum
1464 4251 1681 4290 censura
1712 4230 2007 4303 prwceden-

437 4361 521 4414 te;
548 4348 621 4402 De
640 4320 968 4413 perfectione
1004 4335 1227 4407 justitiae
1253 4339 1440 4385 contra
1465 4326 1776 4382 Coele~tium
1800 4321 1891 4374 lib.
1923 4320 2009 4386 Vl,

435 4455 555 4495 cum
580 4448 818 4490 censura.
1018 4434 1019 4437 ‘

510 4528 671 4583 Temo
710 4520 871 4577 VIII.
899 4548 971 4559 —
996 4513 1380 4571 Enarrationes
1411 4509 1464 4564 in
1495 4506 1756 4564 Psalmos.

514 4621 677 4676 Tomo
699 4613 804 4671 IX.
833 4611 1001 4680 Cujus
1028 4608 1148 4664 libri
1187 4608 1298 4660 lere
1328 4617 1517 4659 omnes
1543 4594 2016 4677 eensurasbabent

444 4726 701 4766 annesas.
742 4737 811 4749 ——
851 4704 905 4759 ln
938 4697 1290 4766 Evangelium
1345 4690 1571 4749 Joannis
1609 4685 1910 4755 expositio;
1956 4682 2014 4736 ln

450 4801 745 4869 Epistolam
772 4795 993 4852 Joannis
1021 4789 1324 4861 expOsitio;
1358 4786 1412 4838 In
1452 4776 1826 4850 Apocalypsim
1854 4774 2019 4828 Joan-

451 4864 534 4945 nis
559 4887 823 4955 expositio
847 4903 861 4948 ;
889 4883 1293 4939 Meditatiouum
1318 4875 1411 4930 lib.
1431 4872 1482 4938 l;
1507 4871 1582 4924 De
1611 4864 1881 4938 diligendo
1906 4864 2014 4917 Deo

450 4980 587 5035 liber
620 4976 777 5041 alius,
804 4974 892 5040 qui
920 4983 973 5027 et
995 4972 1400 5027 Meditationum
1443 4961 1786 5022 inscribitur;
1820 4955 2015 5013 Solilo-

451 5069 697 5137 quiorum
735 5062 931 5116 animae
957 5061 1023 5112 ad
1051 5062 1219 5114 Deum
1247 5060 1339 5114 lib.
1373 5057 1422 5121 l;
1444 5050 1686 5108 Manuale
1714 5048 1808 5102 lib.
1837 5060 2011 5109 unus;

453 5136 530 5216 De
558 5154 756 5225 triplici
785 5149 1090 5206 habitaculo
1119 5148 1210 5201 lih.
1248 5148 1305 5210 l;
1358 5146 1529 5201 Scalae
1568 5138 1798 5212 paradisi
1845 5136 2013 5201 liber;

455 5253 533 5308 De
562 5246 844 5305 duodecim
882 5240 1197 5295 abusionum
1247 5236 1539 5305 gradibus;
1592 5234 1670 5287 De
1697 5229 2018 5286 contritione

452 5345 633 5402 cordis
665 5342 802 5397 liber
826 5351 992 5399 unus;
1024 5333 1099 5387 De
1117 5331 1425 5399 cognitione
1445 5341 1585 5381 vera:
1607 5325 1727 5379 vita:
1748 5324 1840 5378 lib.
1865 5323 1913 5381 l:
1946 5321 2021 5376 De

456 5432 829 5503 assumptione
880 5427 1053 5482 beata:
1105 5422 1287 5478 Maria:
1317 5416 1567 5488 virginis;
1618 5414 1696 5468 De
1748 5411 2023 5480 disciplina

462 5525 805 5588 Christiana;
838 5520 913 5573 De
952 5516 1137 5572 decem
1190 5509 1451 5573 chordis;
1502 5506 1579 5562 De
1620 5503 1832 5559 cantico
1887 5518 2026 5556 novo

464 5617 559 5670 lib.
591 5613 651 5677 l;
683 5613 756 5665 De
786 5617 1094 5676 contemptu
1121 5600 1305 5659 mundi
1337 5599 1432 5653 lib.
1460 5597 1510 5661 l;
1547 5596 1621 5650 De
1651 5593 1883 5647 vanitate
1923 5607 2026 5651 sm-

469 5705 575 5760 culi
604 5702 694 5758 lib.
732 5681 894 5765 l;De
935 5696 1234 5754 obedientia
1277 5702 1327 5751 ct
1377 5689 1669 5746 humilitate
1710 5700 1919 5750 sermo;
1956 5684 2029 5738 De

2038 4462 2088 4522 D

2082 1856 2272 1910 animae
2318 1865 2611 1921 tractatus;
2662 1855 2735 1910 De
2763 1854 3081 1909 antichristo
3126 1863 3415 1918 tractatus;
3450 1853 3668 1909 Psalte—

2086 1950 2244 2015 rium,
2279 1948 2417 2018 quod
2447 1949 2601 2002 matri
2625 1963 2736 2001 sua:
2786 1945 3119 2016 composuit;
3149 1943 3323 2014 Super
3355 1943 3671 2014 lllaguilicat

2084 2043 2373 2112 expositio.

2156 2151 2317 2212 Temo
2338 2157 2409 2211 Χ.
2434 2189 2504 2198 —
2532 2157 2609 2212 De
2634 2157 2810 2213 verbis
2841 2154 3082 2219 Domini;
3115 2154 3189 2209 De
3220 2151 3395 2208 verbis
3425 2155 3668 2221 Aposto-

2087 2251 2151 2315 li;
2198 2250 2238 2304 ll
2266 2250 2439 2303 :milia:
2465 2249 2545 2311 L;
2578 2248 2819 2302 llomiliae
2845 2248 2913 2301 de
2945 2256 3212 2313 tempore,
3245 2261 3360 2297 cum
3399 2260 3667 2308 censura;

2090 2338 2338 2395 llomilicc
2360 2341 2426 2393 de
2454 2339 2681 2398 sanctis;
2726 2337 2807 2391 Ad
2847 2338 3037 2390 fratres
3067 2336 3121 2389 in
3148 2348 3328 2389 eremo
3350 2373 3363 2395 ,
3394 2348 3509 2384 cum
3541 2348 3671 2384 cen-

2086 2447 2229 2485 sura.

2157 2544 2327 2612 Quam
2360 2543 2465 2597 late
2506 2548 2686 2595 autem
2717 2539 2901 2592 harum
2930 2547 3273 2591 censurarum
3306 2546 3432 2585 usus
3470 2538 3673 2599 pateat

2090 2652 2196 2691 non
2224 2634 2394 2689 solum
2420 2647 2489 2688 ex
2517 2646 2601 2695 eo,
2634 2629 2777 2696 quod
2811 2623 3117 2695 speciminis
3148 2623 3267 2675 loco
3291 2621 3358 2675 de
3384 2618 3677 2687 praefatio-

2093 2745 2162 2786 ne
2193 2732 2244 2783 in
2279 2725 2544 2795 Epistolas
2571 2721 2940 2790 produximus,
2985 2716 3077 2768 sed
3106 2713 3272 2765 multo
3298 2710 3459 2763 etiam
3487 2707 3680 2775 magis

2093 2838 2157 2875 ex
2183 2822 2271 2882 iis,
2304 2832 2436 2886 quas
2468 2817 2627 2882 longe
2657 2806 3028 2865 instructiores
3051 2799 3296 2855 monachi
3329 2796 3681 2852 Benedictini

2094 2911 2379 2968 dederunt,
2420 2918 2666 2959 conStare
2706 2909 2903 2968 potest.
2943 2895 3331 2948 Contentorum
3366 2888 3522 2942 index
3572 2888 3681 2942 du—

2094 2999 2215 3068 plex
2247 3035 2262 3059 ,
2303 3008 2440 3047 unus
2465 2994 2613 3059 juxta
2646 3000 2909 3042 tomornm
2940 2987 3156 3046 seriem,
3191 2983 3327 3035 alter
3354 2981 3543 3033 ordine
3589 2980 3681 3034 al-

2020 3109 2064 3170 ρ
2097 3086 2378 3158 phabetico
2397 3082 2765 3142 concinnatus,
2800 3091 3024 3131 necnon
3048 3074 3182 3126 ordo
3209 3055 3687 3127 editionisAmer-

2098 3175 2369 3233 bachianm
2396 3171 2588 3239 insigni
2621 3184 2739 3224 eum
2768 3168 2988 3222 lectoris
3012 3162 3298 3219 commodo
3330 3170 3449 3229 post
3476 3160 3686 3222 praela-

2096 3270 2295 3323 tionem
2320 3262 2485 3317 additi
2507 3271 2646 3315 sunt.
2674 3258 2791 3312 Non
2822 3267 2903 3311 est
2930 3271 3058 3310 vero
3080 3254 3236 3323 Itujus
3260 3249 3508 3304 editionis
3542 3264 3687 3305 cono

2099 3369 2365 3415 teutorum
2392 3354 2573 3421 index,
2605 3368 2761 3421 quem
2790 3349 3031 3405 Oudinus
3052 3346 3319 3403 venditat,
3345 3341 3438 3394 sed
3481 3342 3685 3394 novis-

2097 3453 2246 3507 simae
2286 3448 2612 3503 Erasmianae
2639 3484 2653 3508 ,
2705 3450 2889 3509 utpote
2926 3437 3016 3507 qui
3057 3432 3329 3489 Posidonii
3372 3429 3687 3485 indieulom

2099 3545 2422 3611 scriptorum
2450 3536 2734 3607 Augustini
2765 3548 2867 3587 una
2891 3547 3012 3584 cum
3030 3529 3148 3582 Vita
3178 3526 3262 3580 hic
3290 3524 3491 3578 editum
3518 3537 3691 3577 men-

2102 3639 2249 3699 titur,
2280 3632 2366 3701 qui
2396 3631 2627 3701 primum
2654 3641 2705 3680 a.
2739 3625 2875 3679 1564
2903 3623 2953 3675 in
2988 3621 3167 3673 lucem
3189 3615 3367 3670 editus
3387 3621 3504 3675 est.

2726 3760 2749 3813 1
2762 3755 3027 3812 598—50.

2172 3888 2400 3945 Colonia:
2429 3883 2571 3953 apud
2590 3880 2678 3935 Jo.
2702 3876 3005 3948 Gymnicum
3030 3890 3047 3926 :
3071 3871 3123 3924 in
3153 3870 3214 3924 8°
3246 3867 3321 3921 Ex
3346 3866 3448 3920 hac
3493 3864 3692 3919 ofﬁci-.

2108 3997 2172 4034 na
2203 3977 2518 4049 prodierunt
2546 3986 2653 4027 non
2680 3983 2784 4022 uno
2807 3964 3046 4029 nomine,
3076 3960 3169 4015 sed
3191 3956 3436 4027 perbrevi
3468 3964 3689 4025 tempo-

2106 4073 2181 4128 ris
2208 4070 2404 4139 spatio,
2446 4064 2591 4119 varia
2641 4057 2923 4129 Augustini
2954 4051 3209 4122 opuscula
3240 4052 3369 4113 (uno
3400 4063 3506 4100 non
3552 4062 3689 4099 raro

2110 4136 2384 4215 volumine
2400 4152 2838 4222 comprehensa),
2855 4160 2977 4215 qum
2999 4143 3109 4197 suis
3132 4153 3355 4210 qumque
3377 4136 3550 4189 titulis
3565 4137 3687 4188 dis-

2111 4260 2261 4307 creta
2291 4249 2370 4302 sic
2395 4260 2454 4300 se
2485 4242 2684 4297 habent
2718 4256 2729 4290 :
2785 4238 2844 4290 ιο
2871 4234 2989 4287 Divi
3016 4232 3143 4285 Aur.
3169 4227 3466 4299 Augustini,
3510 4224 3685 4295 Hipp,

2108 4339 2355 4412 cpiscOpi,
2394 4334 2467 4389 De
2493 4346 2645 4403 apere
2700 4326 3071 4382 monachorum
3103 4320 3232 4374 liber
3258 4334 3389 4371 unus
3418 4317 3488 4369 ad
3521 4318 3689 4368 Aure—

2112 4405 2260 4495 lium,
2285 4405 2588 4496 episcopum
2615 4420 3086 4489 Carthaginensem.
3118 4413 3263 4477 Anno
3301 4405 3594 4462 Μ.1).ΧΧΙ
3605 4406 3685 4459 Χ.

2117 4540 2285 4579 mense
2308 4522 2561 4591 Augusto.
2593 4515 2651 4568 ‘2'
2694 4512 2811 4567 Divi
2838 4514 2965 4564 Aur.
3022 4505 3294 4577 Augustini
3326 4501 3465 4566 IIipp
3517 4499 3687 4567 cpisc.

2122 4586 2459 4669 Enchiridion
2488 4607 2553 4661 ad
2578 4603 2916 4659 Laurentium
2944 4598 3028 4651 ΙΙ.
3063 4596 3211 4651 Anno
3237 4588 3497 4646 M.D.XX
3515 4586 3582 4638 Η
3600 4588 3620 4639 I
3640 4586 3691 4641 I.

2118 4708 2179 4760 3°
2206 4704 2274 4756 D.
2307 4701 2433 4755 Aur.
2459 4695 2758 4768 Augustini,
2795 4692 2955 4763 Hipp.
2986 4706 3068 4757 cp.
3118 4687 3189 4738 De
3225 4683 3392 4755 gratia
3425 4689 3472 4733 et
3528 4678 3692 4731 libero

2119 4797 2330 4853 arbitrio
2377 4792 2445 4846 ad
2481 4788 2815 4845 Valentinum
2858 4791 2905 4836 et
2946 4796 3061 4834 cum
3093 4776 3188 4831 illo
3237 4769 3526 4833 monachis,
3561 4768 3694 4820 liber

2120 4902 2272 4940 unus.
2302 4882 2554 4955 Ejusdem
2579 4878 2657 4931 De
2680 4872 2999 4944 correptione
3030 4880 3077 4923 et
3104 4870 3269 4936 gratia
3293 4863 3361 4914 ad
3382 4860 3695 4914 eumdenrd

2121 4994 2238 5032 cum
2263 4949 2357 5030 illo
2384 4970 2668 5032 monachis,
2697 4966 2828 5020 liber
2854 4977 3011 5015 unus.
3057 4957 3252 5024 Quibus
3299 4949 3695 5023 prwmitlunlur

2121 5067 2349 5139 epistola:
2369 5065 2487 5117 dum
2510 5059 2625 5112 Divi
2636 5052 2911 5126 Augustini
2938 5049 3007 5102 ad
3034 5045 3361 5100 Valentinum
3388 5047 3568 5093 contra
3583 5053 3694 5101 eos,

2120 5127 2210 5230 q'ui
2236 5163 2421 5228 negant
2452 5152 2669 5205 liberum
2714 5143 2999 5199 arbitrium.
3032 5139 3183 5191 Anno
3215 5130 3370 5186 M.D.
3406 5127 3585 5184 XXX.
3632 5132 3694 5180 4³

2126 5218 2241 5304 Divi
2287 5218 2415 5300 Ᾰιιν.
2448 5239 2718 5310 Augustini
2757 5233 2835 5289 De
2877 5228 3261 5284 immortalitate
3303 5238 3507 5277 auunw.
3541 5218 3688 5275 Libet

2127 5354 2278 5394 unus.
2312 5333 2557 5405 Ejusdem
2588 5328 2662 5383 De
2696 5342 2857 5396 agone
2887 5321 3207 5384 Christiano,
3236 5317 3364 5376 liber
3390 5328 3544 5375 unus,
3568 5309 3689 5362 αδδς

2128 5445 2224 5500 quc
2250 5427 2369 5480 anni
2394 5432 2438 5479 et
2469 5422 2567 5477 loci
2592 5430 2730 5474 nota.

2765 5531 3057 5590 ηδε-52.

2216 5669 2443 5735 Parisiis,
2474 5681 2533 5720 es“
2570 5666 2760 5735 ofﬁcina
2798 5660 3000 5716 Claudii
3048 5654 3399 5715 Chet'ullouii;
3434 5646 3604 5717 iit-fol.
3638 5644 3685 5707 .X
