3882 6324
201 310 270 369 85

1099 310 1373 366 NOTlTlA
1420 309 1838 365 LITTERARIA
1884 310 1950 364 IN
1992 311 2048 367 S.
2093 311 2554 370 AUGUSTINUH.
3191 308 3215 336 ⁸

3385 316 3454 378 ϐϐ

208 423 399 479 Tomis.
440 422 504 475 D.
543 422 676 474 Aur.
717 422 1023 491 Augustini,
1050 436 1170 490 qua:
1198 430 1407 477 exstant
1438 436 1503 475 ex
1533 420 1779 475 emenda-
1814 422 1861 479 Α
1892 435 2006 473 rum
2050 422 2381 492 singulorum
2410 438 2604 490 annus,
2654 441 2758 495 quo
2783 431 3147 501 unusquisque
3172 433 3451 490 absolutus

208 515 348 568 tione
386 512 511 565 Des.
540 510 772 563 Erasmi.

279 602 480 656 Laudat
509 601 651 654 hanc
687 600 1018 655 Erasmianar
1051 602 1422 670 repetitionem
1462 601 1697 655 Oudinus
1728 604 1780 655 in

209 694 399 747 Comm.
428 708 483 761 p.
514 693 623 746 959
653 705 834 760 seqq.,
858 693 1013 758 eique
1039 694 1337 748 accessisse
1357 692 1431 747 ait
1455 692 1641 747 Jacobi
1670 694 1780 748 He-

206 782 325 835 meri
345 782 782 853 Studgardiensis
809 781 1091 849 epistolam
1107 785 1548 852 nuncupatoriam
1576 785 1641 838 ad
1655 785 1784 840 Gal-

209 876 312 928 lum
338 873 627 935 Millerum,
660 873 1287 942 Ecclesiac'l'ubingensis
1315 876 1639 946 theologum,
1662 892 1780 946 qua:

211 974 379 1020 totam
409 965 659 1019 editionis
684 960 848 1033 hujus
872 965 1137 1020 rationem
1166 966 1336 1021 fusius
1358 980 1611 1037 exponat.
1636 969 1779 1023 idem

215 1066 398 1111 monet
422 1057 479 1109 in
503 1058 597 1109 hac
620 1055 863 1109 editione
891 1055 1119 1122 primum
1148 1056 1325 1111 editos
1364 1072 1484 1112 esse
1509 1058 1783 1114 Sermones

212 1145 263 1200 Χ
280 1144 383 1200 VII
406 1162 426 1198 .'
447 1160 537 1200 ses
567 1146 628 1198 de
655 1154 903 1211 tempore,
943 1147 1205 1213 septimus
1235 1148 1297 1200 de
1333 1149 1495 1202 verbis
1522 1149 1778 1216 Apostofi,

207 1248 260 1292 et
278 1237 468 1290 decem
526 1237 587 1288 de
633 1234 862 1289 Sanctis.
911 1232 1189 1305 Catalogus
1229 1235 1365 1289 Bibl.
1412 1235 1583 1291 Musei
1625 1237 1780 1292 Britt.

209 1326 403 1398 (Lond.
434 1327 594 1389 l789,
647 1322 851 1393 in-fol.)
893 1325 948 1379 lo
1000 1324 1160 1393 hujus
1210 1324 1464 1379 editionis
1510 1326 1782 1381 mentione

208 1431 405 1469 annum
460 1416 602 1469 1552
639 1414 865 1484 profert,
896 1414 1149 1484 quocirca
1190 1428 1479 1485 utrumque
1509 1416 1785 1486 praﬁgere

208 1508 425 1578 placuit.

924 1597 1081 1652 1.537.

282 1690 530 1762 Auguste
580 1688 963 1743 Viudelicorum
1008 1689 1285 1743 excedebat
1330 1690 1607 1743 Heinricus
1632 1689 1783 1761 Steg-

215 1798 347 1846 ner;
380 1781 558 1849 iu-{oL
596 1781 711 1835 Divi
738 1781 940 1835 Aurelii
972 1781 1253 1850 Augustini
1283 1784 1519 1851 episc0pi
1552 1783 1785 1853 Opuscu-
1814 1776 1862 1835 Β

214 1874 281 1936 la,
322 1886 547 1940 nempe:
578 1900 644 1910 —-
677 1871 737 1924 In
774 1871 941 1925 libros
966 1870 1154 1941 Moysi,
1176 1871 1355 1927 Josua:
1379 1882 1434 1927 et
1455 1872 1702 1928 Judicum
1722 1874 1787 1927 li-

210 1960 287 2015 bri
310 1960 433 2026 \ll;
462 1960 804 2029 Quzestiones
816 1960 1012 2015 veteris
1025 1968 1080 2014 et
1105 1961 1599 2028 novi'l‘estamenti;
1628 1964 1784 2030 Qua:-

207 2051 448 2105 stionum
480 2050 913 2119 evangeliearum
942 2050 1236 2105 secundum
1260 2051 1563 2107 Matthaeum
1587 2070 1601 2117 ;
1631 2053 1787 2120 Qnre-

208 2142 425 2196 stiones
452 2141 531 2195 ad
558 2142 801 2196 Orosium
826 2141 964 2195 liber
987 2156 1154 2204 unus;
1183 2141 1554 2209 Qum~tionum
1596 2143 1786 2197 llilarii

209 2234 346 2288 liber
372 2250 544 2298 unus;
570 2234 644 2287 De
664 2242 787 2287 octo
810 2233 1024 2286 Dulcitii
1046 2233 1435 2301 quaastionibus
1456 2234 1591 2287 liber
1614 2248 1783 2297 unus;

210 2322 283 2380 De
304 2324 543 2378 diversis
573 2323 980 2393 qurrstionibus,
999 2323 1064 2376 ad
1096 2332 1339 2378 sanctum
1377 2322 1784 2391 Simpliciauum

212 2405 330 2469 libri
356 2414 433 2479 ll;
480 2414 847 2481 Quaestionum
905 2414 1336 2483 evangelicarum
1370 2413 1583 2479 lihrill;
1627 2414 1787 2469 Octo-

208 2508 350 2579 ginta
375 2509 538 2561 trium
562 2508 917 2576 quaestionum
945 2506 1079 2561 liber
1103 2520 1237 2560 unus
1262 2522 1276 2571 ;
1308 2507 1382 2562 De
1404 2521 1504 2562 sex
1532 2507 1787 2576 qumstio—

206 2599 365 2654 nibus
399 2607 588 2654 contra
616 2598 858 2667 Paganos
906 2597 1043 2652 liber
1065 2612 1236 2661 unus;
1274 2597 1354 2651 Ad
1405 2596 1785 2666 inquisitiones

204 2689 461 2746 Januarii
493 2690 619 2744 libri
648 2690 792 2751 duo;
828 2689 900 2743 lle
944 2688 1290 2758 inquisitione
1339 2689 1620 2743 Trinitatis
1649 2689 1788 2742 liber

203 2795 347 2836 unus
367 2794 385 2845 ;
414 2780 494 2835 De
515 2779 796 2848 Epicureis
810 2790 862 2833 et
889 2780 1080 2834 Stoicis
1103 2780 1240 2833 liber
1263 2793 1431 2841 unus;
1458 2778 1533 2833 De
1557 2778 1787 2832 [heresi-

201 2872 304 2927 bus
335 2870 413 2924 ad
445 2869 876 2936 Quodvultdeum
904 2869 1037 2924 liber
1066 2884 1238 2933 unus;
1276 2867 1350 2922 De
1387 2867 1624 2937 quinque
1666 2867 1786 2924 llae-

201 2962 430 3017 resibus
474 2960 611 3014 liber
634 2960 683 3018 l;
713 2960 909 3014 Contra
948 2960 1185 3022 Judaeos,
1214 2959 1457 3027 Paganos
1480 2968 1535 3013 et
1560 2958 1785 3013 Arianos

204 3054 342 3109 liber
374 3067 546 3116 unus;
579 3050 779 3106 Contra
817 3050 1030 3106 Judteos
1073 3050 1211 3105 liber
1233 3064 1399 3115 unus;
1430 3048 1785 3104 Retractatio-

205 3159 331 3197 num
361 3142 494 3197 libri
518 3141 655 3206 duo;

274 3237 413 3289 llaac
425 3234 599 3289 series
623 3234 881 3288 lihrorum
903 3234 1232 3305 integrorum
1260 3234 1427 3290 efficit
1444 3232 1661 3287 Tomum
1682 3241 1784 3285 ter-

207 3330 329 3382 tium
397 3326 666 3396 Epilomes
719 3326 943 3399 Operam
967 3328 1291 3398 Augustinia
1337 3327 1424 3381 Jo.
1469 3327 1787 3381 Ptscnonto

211 3412 573 3476 concinnam.
629 3420 883 3486 Εκιιινρεεί
916 3429 1042 3475 sunt
1085 3437 1148 3475 ex
1188 3422 1275 3475 ed.
1339 3418 1682 3489 Lugdunensi
1734 3432 1787 3469 a.

214 3512 350 3567 “97
374 3520 433 3566 et
485 3511 934 3577 Amerbachiana,
958 3519 1016 3565 ut
1038 3512 1150 3581 ipse
1190 3511 1368 3568 editor
1394 3512 1446 3564 in
1476 3509 1789 3581 praefatione

214 3604 495 3671 professus
521 3611 625 3658 est.

929 3695 1086 3752 1541.
1176 3762 1177 3765 γ

284 3787 515 3842 Parisiis
544 3789 684 3859 apud
728 3787 971 3842 Carolum
999 3786 1272 3851 Gm’llard;
1314 3786 1489 3854 in-fol.
1528 3784 1579 3838 X
1619 3784 1787 3839 tomis.

214 3877 275 3932 D.
303 3878 514 3933 Aurelii
562 3878 848 3948 Augustini
893 3892 1055 3946 opera
1098 3878 1274 3931 omnia
1318 3892 1381 3930 ex
1430 3874 1552 3929 Des.
1592 3874 1794 3927 Erasini

214 3970 636 4035 emendatione;
662 3969 827 4025 editio
852 3970 1057 4025 auctior
1080 3979 1135 4024 et
1165 3968 1485 4037 locupletior
1509 3976 1630 4022 cum
1657 3966 1795 4021 imii-

214 4074 277 4116 ce
316 4063 775 4131 locupletissimo,
804 4077 929 4117 cura
962 4071 1016 4117 et
1044 4061 1221 4116 studio
1251 4058 1505 4112 Florentii
1536 4057 1793 4125 Bourgoi-

216 4153 290 4207 ni.
327 4148 446 4208 Cat.
484 4153 621 4208 Bibl.
658 4155 832 4225 Regia’
860 4153 1035 4209 Paris.

921 4247 1078 4301 1545.

298 4335 525 4391 Basilea:
568 4339 619 4392 in
660 4340 863 4409 oﬁicina
910 4337 1242 4393 Frobeniana
1292 4355 1379 4406 per
1423 4312 1827 4406 Hieronymum-

222 4424 537 4480 Frobeniana
566 4438 613 4481 et
644 4428 921 4483 Nicolaum
949 4428 1276 4494 episwpum;
1303 4428 1479 4495 insfot.
1510 4426 1561 4481 Χ
1569 4426 1591 4478 Ι
1626 4427 1794 4479 tomis.

1884 511 2074 578 fuerit,
2110 520 2329 585 exstat.)

1955 605 2228 660 Secundus
2256 618 2421 662 tomus
2444 609 2541 678 Op.
2564 609 2624 662 D.
2659 612 2704 666 A
2743 612 2882 681 Aug.
2908 614 3054 669 ll.E.
3086 618 3453 684 complectens

1883 695 2032 749 illius
2063 697 2354 764 Epistolas,
2403 715 2509 754 non
2560 702 2818 757 medici-ri
2849 718 2976 758 cura
3003 707 3318 762 emendatas
3361 726 3455 778 per

1883 785 2007 838 Des.
2042 787 2323 841 Erasmttm
2358 790 2703 845 lloterodam.
2734 793 2890 848 Anno
2925 795 3213 852 M.D.XL|.

1952 874 2159 931 Tertius
2199 886 2386 942 tomus,
2409 908 2481 918 —
2505 882 2870 949 complectens
2918 888 2984 939 τὰ
3031 885 3320 949 διδακτικὰ,
3352 886 3454 941 hoc

1883 974 1995 1030 est,
2053 982 2171 1035 quae
2222 968 2436 1036 proprie
2477 969 2541 1023 ad
2596 971 2895 1028 docendum
2955 977 3241 1043 pertinent.
3295 978 3452 1031 Anno

1882 1053 2161 1110 bl.-D.XLl.

1959 1144 2188 1208 Quartus
2220 1156 2408 1211 tomus,
2434 1177 2504 1187 —
2526 1150 2891 1218 complectens
2914 1154 3117 1224 reliqua
3153 1164 3250 1209 τῶν
3280 1155 3451 1211 318m:-

1881 1242 2051 1289 νικῶν.
2076 1235 2232 1289 Anno
2254 1237 2536 1292 5i.D.XLI.

1958 1326 2182 1391 Quintus
2223 1335 2412 1390 tomus,
2441 1358 2508 1367 —
2534 1329 2679 1383 XXII
2706 1330 2874 1385 libros
2901 1332 2968 1387 de
2996 1336 3209 1390 civitate
3238 1337 3351 1401 Dei,
3377 1338 3457 1391 tli-

1885 1414 2114 1485 ligenter
2141 1420 2447 1486 rceognitos
2475 1433 2569 1486 per
2596 1420 2869 1475 eruditiss.
2900 1424 3069 1476 virum
3100 1423 3253 1479 Joan.
3274 1425 3453 1479 Ludo-

1886 1505 2061 1558 vicum
2092 1506 2317 1570 \‘ivem,
2371 1522 2435 1561 ac
2484 1509 2729 1575 ejusdem
2784 1511 3218 1578 Commentariis,
3274 1515 3455 1569 denuo

1884 1594 1953 1646 ab
1993 1603 2215 1649 auctore
2273 1597 2481 1661 revisis,
2540 1598 2863 1668 illustratos,
2918 1605 3225 1658 continens.
3296 1607 3454 1660 Anno

1883 1685 2192 1741 M.D.XL||.

1961 1777 2149 1832 Sextus
2183 1790 2371 1845 tomus,
2397 1810 2465 1819 —
2487 1781 2771 1837 Continens
2798 1786 2863 1839 τὰ
2907 1787 3183 1857 πολεμικὰ,
3220 1787 3322 1841 hoc
3352 1797 3457 1851 est,

1892 1868 2291 1925 decertztioues
2320 1872 2582 1927 adversus
2637 1875 2892 1940 haereses,
2946 1879 3214 1947 praecipue
3241 1879 3459 1934 Iudaeos

1889 1974 2033 2026 rum,
2060 1960 2505 2026 Manichaeorum,
2555 1964 3108 2035 Priscillianistarum,
3141 1971 3461 2038 Origenista-

1890 2067 2028 2117 rum,
2062 2053 2385 2107 Arianorum
2417 2063 2466 2109 et
2490 2054 2955 2111 Joviniani.Anno
2986 2060 3292 2115 M.D.XLll.

1962 2142 2223 2213 Septimus
2247 2152 2511 2209 tomus,—-—
2537 2147 2820 2201 continens
2849 2148 3108 2217 reliquam
3138 2160 3341 2219 partem
3364 2161 3465 2208 τῶν

1889 2233 2190 2302 πολεμικῶν,
2222 2233 2271 2287 id
2300 2242 2403 2298 est,
2434 2248 2645 2304 pugnas
2679 2235 2939 2291 adversus
2968 2238 3199 2294 haereses
3242 2242 3463 2296 Donati-

1890 2330 2091 2375 starum
2120 2332 2175 2377 et.
2204 2323 2635 2391 Pelagianorum.
2660 2327 2817 2379 Anno
2838 2326 3143 2383 M.l).XLll.

1964 2413 2185 2467 Octavus
2215 2424 2406 2481 tomus,
2436 2445 2507 2455 —
2528 2419 2816 2471 continens
2839 2420 3209 2478 enarrationes
3230 2422 3283 2478 in
3316 2423 3463 2479 Psal-

1890 2520 2007 2560 mos
2038 2507 2316 2576 mystieos.
2348 2510 2507 2561 Anno
2530 2508 2839 2565 bl.D.XLll.

1964 2596 2151 2651 Nouus
2193 2608 2387 2662 tomus,
2416 2628 2486 2638 —
2522 2601 2809 2655 continens
2841 2603 2985 2656 illius
3027 2612 3309 2670 tractatus,
3360 2607 3462 2664 hoc

1888 2695 1999 2741 est:
2026 2690 2399 2755 expositiones
2422 2690 2486 2741 ad
2514 2691 2765 2755 pepulum
2784 2690 2956 2745 factas
2980 2692 3033 2744 in
3063 2709 3259 2747 novum
3276 2695 3462 2752 Testa-

1889 2783 2131 2829 mentum
2150 2819 2164 2843 ,
2199 2791 2321 2831 cum
2350 2777 2473 2828 aliis
2499 2779 2631 2829 varii
2662 2778 2880 2843 generis
2907 2782 3203 2846 opusculis,
3234 2798 3461 2852 quorum

1891 2864 2121 2920 indicem
2171 2866 2328 2921 habet
2386 2866 2613 2921 alterum
2665 2866 2826 2937 hujus
2873 2870 3077 2939 pagina:
3114 2871 3280 2928 latus.
3304 2876 3462 2931 Anno

1890 2956 2194 3011 M.D.XLll.

1961 3045 2203 3100 Decimus
2235 3049 2799 3114 tomus,—-contincns
2827 3050 3035 3119 reliqua
3065 3060 3287 3107 tractata
3319 3057 3461 3122 apud

1813 3135 1856 3194 C
1892 3138 2169 3208 populum,
2219 3154 2447 3207 quorum
2490 3154 2753 3194 summam
2800 3140 3059 3197 indcabit
3104 3143 3218 3199 bare
3271 3146 3461 3216 pagina

1892 3249 2065 3289 versa.
2101 3239 2259 3291 Anno
2280 3234 2582 3291 BLDXLII.

1964 3326 2019 3379 lo
2048 3328 2230 3380 omnia
2260 3326 2319 3379 υ.
2353 3330 2415 3379 Α.
2450 3326 2733 3395 Augustini
2764 3328 2972 3395 Scripta
3003 3328 3203 3384 indices
3242 3330 3368 3395 duo,
3400 3346 3468 3384 eo

1892 3418 2184 3484 conscripti
2235 3416 2415 3479 modo,
2454 3427 2508 3469 ut
2540 3417 2672 3469 nihil
2731 3429 2986 3471 annotatu
3042 3419 3261 3488 dignum
3292 3423 3468 3489 possis

1892 3506 2226 3568 desiderare,
2284 3520 2456 3574 neque
2483 3507 2771 3573 quidquam
2824 3509 2968 3560 velut
3006 3524 3465 3575 supervacaneum

1862 3650 1867 3653 _
1894 3597 2146 3665 rejicere:
2178 3609 2405 3662 quorum
2432 3594 2581 3661 prior
2604 3594 2855 3647 materias
2881 3596 2932 3647 in
2965 3596 3094 3662 ipsis
3119 3598 3314 3663 passim
3339 3614 3467 3665 ope-

1892 3688 2043 3742 ribus
2081 3692 2358 3748 tractatas,
2395 3684 2591 3738 indicat
2622 3702 2633 3735 :
2669 3685 2942 3752 posterior
2978 3700 3145 3738 sacrae
3174 3687 3466 3755 Scriptura:

1893 3781 2134 3835 locorum
2183 3777 2659 3846 interpretationes
2688 3777 2839 3845 juxta
2882 3778 3174 3832 B-bliormn
3222 3780 3465 3835 ordinem

1893 3872 2296 3925 observaturum
2331 3868 2585 3924 ostendit.
2634 3870 2790 3923 Anno
2838 3869 3169 3924 M.D.XLlll.
3213 3869 3277 3924 In
3308 3872 3460 3939 line

1893 3965 2073 4020 Mense
2102 3961 2435 4030 Septembri.

1966 4056 2103 4123 Quid
2131 4056 2253 4109 novi
2279 4055 2328 4107 in
2357 4053 2454 4107 hac
2484 4052 2653 4107 altera
2684 4052 3021 4106 Frobeniana
3071 4053 3308 4109 editione
3334 4069 3464 4124 ope-

1897 4149 2047 4203 ribus
2099 4144 2387 4214 Augustini
2434 4143 2697 4207 evenerit,
2734 4157 2827 4211 per
2870 4158 3005 4213 quos
3036 4143 3126 4197 illa
3171 4153 3224 4197 ct
3274 4144 3471 4213 quibus

1896 4240 2149 4295 subsidiis
2178 4245 2474 4292 sustentata
2508 4235 2691 4298 fuerit,
2723 4235 3059 4302 prmfatione,
3112 4249 3265 4289 versa
3323 4236 3467 4290 tiiuli

1900 4328 2054 4398 primi
2106 4327 2297 4397 pagina
2348 4327 2633 4394 impressa,
2668 4324 2972 4392 bibliopola:
3002 4332 3299 4393 exponunt.
3342 4323 3466 4378 Orsi

1898 4420 2040 4475 enim
2072 4416 2495 4472 abAmerbachii
2514 4416 2743 4481 meritis,
2772 4415 3193 4485 gratiam,quam
3219 4414 3473 4469 Erasmus

217 4515 471 4569 Omnium
510 4532 732 4585 operum
766 4518 828 4572 Ι).
858 4515 1063 4571 Aurelii
1090 4514 1402 4585 Augustini,
1437 4515 1797 4585 Hipponensis
1825 4496 1878 4556 Ι)
1900 4524 2067 4580 opera
2089 4523 2184 4563 sua
2208 4508 2349 4578 apud
2388 4521 2576 4562 omnes
2626 4507 2868 4573 iniverit,
2899 4507 3306 4560 cumulatiorem
3349 4518 3475 4558 eum

216 4606 482 4675 episcopi,
508 4609 705 4674 primus
744 4617 931 4675 tomus,
976 4607 1041 4662 ad
1068 4607 1224 4662 fidem
1252 4616 1587 4662 vetustorum
1616 4621 1798 4661 exem-

221 4698 475 4765 plarium,
511 4708 637 4767 post
661 4701 897 4754 omnium
928 4701 981 4754 in
1010 4698 1151 4753 hunc
1176 4713 1347 4769 usque
1365 4698 1505 4753 diem
1532 4698 1799 4753 editiones

221 4789 403 4844 denuo
430 4806 642 4844 summa
684 4790 960 4860 vigilantia
991 4798 1399 4860 repurgatorum
1426 4805 1455 4843 a
1479 4788 1689 4843 mendis
1718 4791 1770 4843 in
1788 4817 1801 4828 ο

220 4883 483 4948 numeris,
510 4891 568 4935 ut
590 4883 793 4952 Optimo
811 4882 935 4951 jure
950 4890 1128 4937 tantus
1146 4879 1402 4937 Ecclesiae
1425 4881 1615 4935 doctor
1636 4894 1797 4935 rena-

220 4980 309 5025 tus
334 4972 498 5028 videri
531 4975 729 5042 possit.
775 4975 1004 5038 Inspice,
1038 4975 1231 5038 lector,
1278 4981 1332 5028 et
1379 4973 1637 5028 fateberis
1664 4972 1803 5028 hanc

219 5078 333 5116 non
358 5079 549 5118 vanam
569 5078 690 5118 esse
712 5066 1186 5134 pollicitationem:
1204 5063 1345 5134 quod
1371 5064 1414 5117 si
1439 5072 1622 5133 gratus
1640 5065 1800 5118 etiam

213 5167 346 5208 esse
367 5154 540 5219 voles,
586 5168 696 5208 non
724 5154 944 5223 patieris
967 5162 1172 5208 tantum
1225 5154 1447 5217 laboris,
1492 5161 1804 5222 tantumque

214 5244 596 5314 impensarum
621 5246 818 5302 [rustra
840 5257 1107 5315 sumptum
1124 5262 1266 5305 esse.
1294 5246 1404 5302 Sub
1425 5246 1582 5301 finem
1607 5244 1805 5301 annexi

217 5347 357 5391 sunt
382 5337 595 5392 indices
622 5338 752 5403 duo,
806 5338 945 5392 alter
977 5338 1340 5403 materiarum,
1371 5338 1509 5393 alter
1539 5339 1803 5407 interpre-

218 5438 470 5482 tatorum
502 5428 795 5497 Scriptura:
825 5428 1103 5484 locorum:
1137 5428 1331 5497 quibus
1368 5429 1624 5483 lectorem
1659 5427 1801 5483 haud

216 5517 420 5572 leviter
442 5518 681 5587 adjutum
717 5519 779 5572 iri
805 5517 1144 5572 conﬁdimus.

295 5610 425 5677 (llic
448 5610 607 5678 primi
635 5608 920 5663 voluminis
949 5618 1107 5677 atque
1143 5608 1323 5676 operis
1354 5608 1587 5664 universi
1618 5609 1802 5664 titu‘us

230 5714 443 5753 annum
472 5700 603 5752 1545
634 5701 951 5768 impressum
982 5699 1162 5763 habet,
1192 5697 1284 5753 sed
1310 5697 1375 5752 ad
1398 5700 1597 5755 calcem
1633 5710 1802 5755 tomo-

1906 4605 2158 4660 initurum
2186 4602 2352 4657 fuisse
2382 4611 2622 4665 monent,
2664 4601 2708 4654 si
2756 4600 2859 4653 soli
2913 4607 3018 4651 tam
3050 4597 3319 4665 ingentem
3354 4609 3478 4664 pro-

1904 4694 2133 4751 vinciam
2162 4692 2316 4748 ohire
2341 4700 2615 4758 vacasset,
2650 4699 2704 4746 et
2735 4704 2839 4743 non
2868 4689 3065 4742 bonam
3085 4684 3202 4753 ejus
3246 4695 3476 4754 partem,

1902 4787 2026 4844 aliis
2053 4787 2283 4858 negotiis
2308 4800 2370 4840 es
2404 4794 2714 4839 transverso
2741 4795 2800 4834 se
2828 4775 3219 4846 ingerentibus,
3247 4777 3301 4831 in
3342 4777 3478 4832 arni-

1903 4894 2001 4937 cos
2030 4879 2219 4949 partiri
2247 4877 2557 4945 compulsus
2581 4880 2744 4928 esset.

1979 4971 2184 5026 Deinde
2211 4976 2442 5038 pergunt
2468 4983 2481 5020 :
2504 4983 2523 5015 ι
2562 4960 2665 5016 Sed
2689 4958 2833 5028 quod
2857 4956 2949 5012 ille
2967 4957 3265 5026 posteriore
3293 4958 3478 5013 editio-

1908 5076 1978 5117 ne
2006 5068 2207 5113 sartum
2241 5066 2444 5112 tectum
2489 5058 2840 5121 praestaturus
2894 5048 3234 5119 sperabatur,
3261 5050 3477 5104 interim

1904 5152 1993 5208 alii
2026 5154 2448 5217 occupaverunt.
2499 5143 2835 5200 Succedeute
2865 5144 3008 5198 enim
3041 5141 3318 5197 Lutetiana
3348 5141 3477 5196 edi-

1909 5247 2074 5309 tione,
2101 5238 2469 5297 celeberrima:
2499 5236 2697 5292 scholae
2721 5234 2924 5305 aliquot
2952 5234 3152 5288 alumni
3181 5234 3233 5287 in
3266 5232 3366 5285 hoc
3399 5231 3477 5284 in-

1907 5337 2232 5399 cubuerunt,
2256 5339 2315 5386 ut
2335 5332 2379 5385 si
2408 5330 2535 5400 quid
2561 5329 2840 5383 Erasmum
2870 5327 3112 5381 sociosve
3125 5320 3475 5387 subterfugis-

1908 5435 2010 5489 set,
2042 5426 2309 5480 sarcireot
2338 5436 2432 5477 sua
2459 5436 2614 5486 cura,
2649 5418 2788 5472 haud
2821 5416 3123 5487 paenitenda
3148 5428 3244 5481 per
3274 5412 3473 5472 Musas.

1908 5530 1959 5573 et
1983 5516 2203 5569 ntioitne
2223 5526 2575 5582 supervacua.
2605 5508 2843 5563 Tandem
2868 5514 3090 5574 urgente
3106 5504 3217 5573 jam
3246 5502 3354 5557 fato
3374 5517 3476 5558 ει·-

1912 5620 2137 5665 tremam
2168 5604 2538 5676 castigationis
2588 5616 2823 5665 manum,
2855 5608 2911 5653 et
2954 5605 3012 5651 ut
3054 5596 3201 5653 credi
3238 5612 3331 5667 par
3367 5603 3472 5659 est,

1915 5701 2082 5769 ipsius
2110 5696 2388 5767 Augustini
2404 5702 2583 5750 sancta
2617 5690 2880 5744 animatot
2904 5689 3178 5761 praelatis
3206 5684 3474 5742 successi—
