3882 6322
478 320 544 377 ω
1349 308 1910 368 SUPI‘LEMENTUM
1951 314 2039 367 an
2078 312 2304 368 orans
2347 312 2403 367 s.
2449 312 2839 370 AttCUsrtNt.
3637 325 3692 381 σε

478 436 577 490 bus
604 433 838 493 favente.
884 428 1090 486 exstitit
1116 427 1197 482 vir
1226 426 1465 491 omnium
1499 426 1763 480 bonorum
1812 426 2044 480 bcnevo-
2068 424 2123 485 Ἀ
2151 424 2309 493 igitur
2335 432 2436 489 est,
2469 432 2546 487 ut,
2577 425 2717 493 quod
2750 424 3005 480 Romana!
3029 425 3354 498 eloquentia:
3376 432 3630 489 candidati
3650 439 3691 493 in

478 525 643 579 lentia
667 522 1031 592 dignissimus,
1062 530 1114 573 et
1158 518 1224 571 ad
1257 517 1394 572 hanc
1443 518 1771 571 iunctionem
1795 532 1823 570 a
1852 528 2043 572 natura

477 618 646 670 factus
697 615 1082 682 sculptttsqtte,
1142 609 1270 663 olim
1319 623 1384 662 eo
1436 607 1778 677 potissimum
1826 610 2045 663 nomine

479 708 703 761 Erasmo
733 720 853 759 cum
888 703 1073 772 primis
1099 699 1325 764 charus,
1353 700 1537 767 illique
1582 699 1633 751 in
1674 698 1776 751 hoc
1829 698 2044 765 negotio

472 800 556 869 (ut
580 798 656 852 sic
685 796 880 865 dicam)
905 792 1357 855 succenttuiatns,
1386 790 1643 843 Martinus
1670 788 1888 859 Lypaius
1912 806 1931 841 :
1957 791 2043 844 cui

473 890 586 942 viro
614 898 667 941 et
697 885 952 954 temporis
977 885 1229 952 Spatium,
1260 892 1306 934 et
1343 882 1533 941 otium,
1571 889 1625 932 et
1652 879 2040 945 exemplarium

472 980 646 1047 copia,
681 987 733 1031 et
760 978 811 1030 in
842 976 1027 1028 labore
1058 975 1326 1027 sociorum
1353 970 1611 1034 delectus,
1656 978 1711 1022 ct
1742 969 2040 1022 litteratura

475 1072 689 1133 idonea,
746 1068 971 1135 htticque
1004 1081 1097 1133 par
1123 1063 1412 1123 industria,
1463 1071 1515 1115 et
1547 1060 1598 1113 iu
1631 1068 1781 1113 tanto
1828 1062 2041 1129 negotio

474 1176 576 1213 non
618 1169 723 1212 tam
770 1158 1071 1225 diligentia,
1102 1169 1258 1223 quam
1292 1148 1505 1221 religio,
1536 1152 1600 1203 ad
1636 1152 1736 1204 hoc
1758 1150 2038 1203 doctorum

473 1254 745 1308 hominum
778 1248 1452 1313 favoradhortationesque
1472 1255 1633 1311 atque
1664 1246 1881 1310 insuper
1903 1258 2041 1312 prte-

471 1346 699 1396 tniorunt
756 1342 1156 1401 allectamenta,
1210 1336 1442 1404 denique
1470 1334 1725 1403 quidquid
1760 1334 2040 1400 prmsidio—

471 1449 585 1485 rum
614 1447 747 1500 opus
776 1438 941 1492 esset,
966 1428 1179 1482 abunde
1201 1436 1531 1495 suppeteret.
1564 1425 1801 1493 Namque
1826 1424 1870 1477 is
1901 1439 1928 1477 a
1963 1433 2040 1479 te-

471 1523 617 1575 neris
645 1520 947 1588 unguiculis
968 1518 1246 1587 Augustini
1270 1517 1759 1583 admirator,atque
1780 1515 1942 1569 etiam
1971 1530 2035 1569 ex

470 1614 715 1683 professo
738 1614 852 1681 ejus
882 1612 1105 1666 instituti
1137 1619 1369 1665 sectator
1398 1625 1495 1678 pro
1524 1624 1625 1662 suo
1655 1608 1913 1677 peculiari
1952 1623 2038 1663 er-

469 1721 533 1773 ga
563 1707 815 1759 sanctiss.
849 1702 1023 1756 virum
1068 1702 1283 1765 affectu,
1332 1715 1502 1754 annos
1551 1700 1669 1770 plus
1699 1700 1885 1769 viginti
1934 1699 2035 1753 hoc

2149 516 2430 581 Cicerone,
2466 517 2641 582 Livio,
2666 517 2896 581 Seneca,
2925 518 3120 585 Plinio,
3140 521 3364 589 aliisque
3386 537 3489 576 non
3514 528 3689 592 paucis,

2150 606 2201 659 in
2226 607 2419 675 quibus
2443 607 2714 672 posterior
2732 607 3063 662 eruditorum
3086 624 3218 663 cura
3242 610 3305 663 ad
3334 612 3561 680 priorem
3577 630 3694 670 sent-

2150 712 2244 764 per
2257 697 2455 766 aliquid
2478 698 2740 766 adjunxit,
2760 714 2952 768 magno
2975 702 3234 769 applausu
3260 702 3538 772 obviisque
3566 707 3688 762 ulnis

2147 798 2503 856 exceperunt,
2547 790 2687 845 idem
2713 792 3009 846 sanctius-is
3055 794 3371 850 litteratura:
3402 798 3618 853 Studiosi
3649 800 3695 855 in

2147 883 2431 951 Augustini
2470 883 2685 951 scriptis
2713 898 2816 938 non
2855 885 3150 950 fastidiant,
3190 888 3233 940 si
3267 898 3509 957 pectora,
3539 892 3695 960 qualia

2146 971 2320 1035 decet,
2345 972 2409 1025 ad
2441 988 2625 1027 eorum
2658 965 2943 1028 lectionem
2973 975 3167 1032 afferre.
3198 980 3445 1033 volunt.»

2215 1060 2407 1114 Totum
2438 1077 2572 1129 Opus
2601 1065 2932 1134 exscriptum
2966 1077 3047 1120 est
3070 1066 3211 1120 binis
3248 1070 3520 1123 columnis
3560 1072 3698 1128 solito

2145 1151 2502 1206 Frobenianae
2540 1153 2772 1207 officina:
2806 1154 3124 1209 charactere
3147 1198 3159 1219 ,
3190 1158 3282 1210 sed
3309 1159 3507 1213 minori
3536 1168 3587 1213 et
3611 1176 3697 1213 non

2130 1240 2430 1293 admodum
2479 1240 2688 1306 nitido,
2741 1253 3098 1311 pra-terquam
3147 1244 3197 1296 itt
3242 1244 3699 1318 praefatione,qu:e

2145 1332 2284 1401 typis
2312 1332 2469 1402 paulo
2500 1333 2792 1403 majoribus
2828 1343 2909 1387 est
2940 1342 3183 1388 exarata.

2386 1472 2389 1473 ,
2840 1424 2998 1477 1545.

2220 1512 2443 1567 Venetiis
2493 1530 2556 1568 ex
2603 1516 2802 1585 ofﬁcina
2853 1516 3158 1570 Ifrasmiana
3204 1519 3346 1586 apud
3392 1519 3700 1575 Vincentium

2148 1603 2460 1673 Valgrisium
2485 1623 2503 1670 ,'
2532 1607 2699 1672 iri-8“,
2732 1609 2881 1661 tomis
2931 1606 3024 1660 Ill
3066 1609 3138 1663 De
3167 1610 3368 1664 Aurelii
3399 1612 3696 1682 Augustini,

2142 1691 2401 1747 Ecclesia:
2445 1695 2685 1749 doctoris
2727 1696 2946 1764 eximii,
2997 1699 3391 1767 Opusculorum
3417 1710 3584 1755 tomus
3603 1704 3701 1769 pri-

469 1809 605 1862 pene
658 1794 832 1847 solum
861 1792 993 1859 egit,
1022 1806 1088 1846 ne
1118 1791 1257 1861 quod
1291 1790 1542 1845 mendum
1598 1791 1649 1843 in
1676 1790 1891 1858 scriptis
1919 1789 2035 1858 ejus
2070 1783 2111 1839 η
2142 1797 2273 1847 mus.
2306 1797 2415 1853 quo
2438 1785 2641 1851 omnia.
2672 1801 2791 1854 quae
2816 1787 2881 1839 ad
2917 1786 3074 1842 ﬁdem
3100 1798 3154 1843 et
3186 1806 3348 1859 opera
3374 1802 3702 1862 spectant;-

466 1884 769 1938 snbsidcrct
799 1898 813 1934 :
856 1892 1043 1951 utpote
1071 1883 1161 1951 qui
1191 1882 1353 1936 etiam
1394 1880 1560 1949 prima
1591 1891 1773 1934 nostra
1804 1880 2038 1935 editione

468 1975 691 2028 Erasmo
712 1974 861 2042 plura
889 1973 1026 2031 loca.
1049 1987 1207 2041 quam
1254 1971 1393 2024 alius
1416 1971 1699 2041 quisquam
1740 1972 2035 2025 amicorum

463 2067 847 2138 suppeditavit.
882 2065 1087 2119 Deinde
1110 2075 1307 2135 praeter
1335 2063 1684 2118 domesticam
1715 2073 2036 2134 symmysta-

452 2176 581 2214 rum
616 2161 1024 2225 bibliothecam,
1046 2157 1344 2228 corrogatis
1366 2174 1429 2212 ex
1453 2159 1871 2228 circumquaque
1900 2157 2033 2213 vici-

442 2251 551 2305 ‘uis
576 2254 921 2305 monasteriis
952 2253 1185 2305 vetustis
1209 2251 2031 2319 etineorruptisexemplaribus,

463 2344 666 2411 optimo
692 2357 905 2411 quoque
935 2342 987 2395 in
1014 2344 1158 2394 hunc
1184 2355 1337 2394 nsum
1370 2341 1773 2409 promptissime
1795 2355 2034 2393 commu-

467 2435 704 2499 nicantc,
736 2433 957 2487 adscitis
986 2448 1050 2487 ex
1080 2446 1178 2486 suo
1229 2430 1479 2486 sodalitio
1531 2431 1769 2499 impigris
1810 2431 2029 2501 aliquot,

462 2524 554 2594 qui
580 2523 906 2592 adjutarcnt,
943 2524 1070 2576 nihil
1097 2523 1183 2577 vel
1221 2522 1361 2588 aliis,
1387 2522 1470 2576 vel
1513 2520 1613 2575 sibi
1665 2522 1762 2591 ipsi
1784 2521 1850 2575 ad
1886 2536 2033 2575 sum-

461 2629 602 2667 mam
634 2613 949 2668 confercndi
969 2613 1300 2683 diligentiam
1345 2613 1611 2682 reliquum
1640 2612 1787 2677 fecit,
1814 2626 2028 2681 magna,

459 2704 783 2768 mediocria,
808 2706 1027 2767 minuta,
1061 2706 1175 2773 pari
1214 2705 1365 2758 lance
1401 2702 1729 2774 a‘ppendens,
1770 2711 1827 2757 et
1864 2718 2032 2757 anno-

459 2803 598 2848 tans.
629 2793 724 2848 Vix
743 2795 955 2857 credas,
982 2794 1051 2847 nti
1069 2793 1257 2857 lector,
1284 2792 1400 2847 haec
1413 2793 1545 2847 citra
1563 2795 2029 2861 exaggerationem

458 2886 562 2939 dici
585 2928 599 2950 ,
632 2886 683 2937 ni
727 2885 998 2952 margines
1027 2882 1355 2949 exemplaris
1402 2881 1469 2932 ab
1495 2882 1587 2932 illo
1628 2881 1779 2932 missi
1807 2881 2025 2945 videas,

461 2976 695 3029 hominis
737 2973 1062 3027 indefessum
1088 2969 1321 3024 studium
1360 2976 1662 3020 testantes:
1693 2966 1819 3019 dum
1867 2967 2032 3021 certis

460 3065 599 3119 notis
625 3073 774 3117 terna
816 3070 1166 3130 quaternave,
1213 3066 1305 3110 aut
1331 3056 1493 3111 etiam
1524 3055 1679 3126 plura
1702 3057 2028 3125 exemplaria

460 3154 684 3223 profert,
710 3162 819 3205 tum
842 3162 1105 3219 quatenus
1127 3149 1394 3212 evarient,
1420 3148 1646 3202 indicat:
1678 3162 1798 3202 nam
1817 3163 1940 3202 cum
1961 3152 2031 3203 sit

460 3258 563 3297 non
592 3241 801 3295 minore
824 3240 1113 3303 mndesda,
1138 3252 1299 3308 quam
1336 3237 1664 3305 eruditione,
1698 3238 1886 3292 maluit
1911 3239 2031 3295 aliis

456 3331 727 3403 iudicandi
744 3346 938 3385 munus
951 3330 1166 3393 cedere,
1180 3329 1470 3400 aliquando
1483 3326 1660 3384 tamen
1676 3345 1829 3383 suum
1846 3332 2032 3399 prmiu-

457 3424 655 3479 dzcium
678 3423 904 3487 addens,
924 3421 1064 3492 quod
1082 3421 1305 3491 quidem
1320 3435 1534 3492 semper
1550 3422 1780 3477 libenter
1798 3422 2030 3490 amplexi

456 3529 660 3570 sumus.
718 3516 922 3569 Cretera
980 3512 1111 3567 viris
1155 3513 1351 3577 doctis,
1393 3522 1449 3568 et
1495 3512 1583 3581 qui
1627 3512 2031 3581 Augustiniana:

460 3607 721 3677 pltraseos
770 3606 994 3661 salivam
1034 3602 1125 3657 diu
1166 3603 1505 3672 multumque
1551 3611 1879 3672 regustatam
1917 3601 2028 3672 jam

458 3700 628 3769 probe
649 3700 932 3761 callerent,
968 3694 1257 3764 jttdieanda
1283 3694 1569 3749 commissa
1599 3703 1725 3747 sunt
1751 3711 1763 3745 :
1790 3693 1840 3747 id
1886 3694 2028 3763 quod

466 3806 571 3843 non
598 3790 769 3842 cuivis
818 3786 1058 3856 proclive
1089 3784 1368 3839 fuerit.....
1406 3783 1540 3836 Illud
1581 3782 2028 3838 dissimulandum

458 3895 565 3933 non
602 3887 707 3941 est,
730 3878 780 3930 in
824 3885 979 3944 parte
1016 3873 1245 3941 quadam
1274 3872 1469 3926 decimi
1511 3872 1664 3938 tomi,
1690 3888 1795 3927 non
1839 3888 2029 3944 magna

455 3983 606 4031 sane,
630 3968 672 4020 si
696 3978 949 4035 germana
974 3971 1176 4017 tantum
1200 3973 1440 4030 spectes,
1463 3977 1564 4015 nos
1587 3963 1769 4032 Lypsii
1790 3965 2030 4020 subsidio

454 4056 760 4121 destitutos,
783 4053 1151 4123 grassantibus
1168 4053 1269 4106 sub
1289 4052 1337 4105 id
1370 4063 1581 4121 tempus
1603 4053 1818 4109 Geldris
1841 4057 1895 4109 in
1927 4056 2028 4110 Lo-

436 4145 667 4199 ‘vanium
711 4154 765 4199 et
793 4144 1066 4211 viciniam,
1095 4144 1182 4198 ubi
1226 4155 1333 4197 tum
1379 4144 1611 4214 Lypsius
1639 4147 1855 4214 agebat:
1887 4148 2026 4215 quod

458 4235 848 4292 ideolectorem
876 4235 1134 4288 monitum
1158 4235 1464 4303 oportebat,
1492 4251 1556 4288 ne
1580 4235 1719 4290 forte
1748 4251 1813 4290 ex
1845 4239 2029 4306 paucis

456 4327 562 4381 illis
583 4327 650 4382 de
673 4326 897 4396 reliquis
919 4326 1283 4395 conjecturam
1310 4328 1468 4383 faciat
1496 4345 1510 4393 ;
1535 4329 1585 4383 itt
1609 4332 1819 4385 caeteris
1848 4332 2030 4401 potius

454 4419 683 4488 quisque
706 4420 819 4473 suis
846 4418 1019 4473 oculis
1063 4417 1323 4473 inoffense
1354 4419 1540 4490 (modo
1568 4423 1712 4491 styio
1744 4422 2024 4490 Augustini

453 4509 653 4565 assueti
695 4510 821 4580 sint)
871 4512 1050 4563 omnia
1102 4512 1576 4579 pcreurrentibus,
1626 4528 1785 4581 quam
1838 4523 2026 4569 nostro

453 4602 765 4657 testimonio
793 4599 1015 4666 credat;
1048 4602 1344 4670 comperiet
1366 4603 1613 4658 universa
1640 4605 1841 4671 pariter
1863 4620 2025 4660 accn-

454 4701 590 4756 rata,
612 4708 678 4746 ne
698 4691 1184 4762 pscndepigraphis
1213 4691 1427 4760 quidem
1451 4695 1714 4762 exceptis.
1756 4696 2023 4751 Caeterum

428 4804 431 4805 ν
456 4781 522 4833 itr
540 4788 682 4832 tanta
710 4781 961 4851 indagine
988 4790 1042 4836 et
1066 4782 1519 4850 pervestigatione
1541 4784 1753 4838 unicum
1794 4800 2026 4853 opuscu-

458 4869 590 4937 lum,
615 4869 897 4924 dumtaxat
931 4887 962 4927 e
988 4873 1278 4942 germanis,
1309 4887 1452 4926 nunc
1480 4872 1708 4941 primum
1750 4883 2020 4943 repertum

454 4971 537 5013 est
561 4969 617 5014 et
654 4959 879 5025 editum,
909 4964 1161 5019 videlicet
1192 4964 1381 5019 Contra
1405 4964 1751 5018 Gaudentium
1771 4966 1895 5020 liber
1918 4976 2023 5020 ter-

453 5053 555 5104 tius
579 5049 756 5104 :unde
789 5049 978 5118 liquet,
1007 5054 1098 5105 vix
1128 5053 1219 5107 hic
1248 5053 1392 5108 aliud
1418 5054 1730 5124 quidquam,
1757 5055 1901 5124 quod
1922 5070 2022 5111 ex-

453 5152 578 5207 stet,
615 5140 946 5209 desiderari,
977 5156 1098 5194 nam
1123 5153 1405 5197 sermones
1450 5147 1523 5200 De
1554 5155 1801 5215 tempore
1824 5147 2024 5217 (utvo-

453 5234 601 5306 eant)
630 5243 685 5288 et
729 5233 965 5296 sanctis,
995 5246 1024 5285 a
1071 5224 1392 5302 quibusdam
1426 5237 1595 5304 capia:
1636 5239 1827 5308 magis,
1861 5255 2020 5309 quam

452 5324 688 5381 delectui
712 5324 1095 5390 servientibus,
1130 5322 1262 5377 mira
1291 5325 1503 5377 licentia
1534 5329 1731 5394 passim
1763 5330 2020 5385 interfar-

386 5474 391 5479 _
453 5417 547 5481 cti,
580 5415 715 5471 nihil
744 5414 810 5470 ad
840 5429 1080 5484 praesens
1099 5413 1373 5483 negotium
1400 5415 1630 5469 attinent
1661 5435 1673 5469 :
1705 5433 1824 5476 cum
1854 5420 2024 5474 cuivis

454 5507 664 5561 erudito
684 5516 962 5576 appareat,
987 5504 1246 5577 quosdam
1277 5508 1438 5561 etiam
1486 5522 1712 5562 excuses
1742 5517 1854 5565 toto
1882 5512 2023 5582 stylo

460 5595 813 5664 Augustinum
846 5605 1122 5664 parentem
1157 5595 1408 5663 inliciari,
1458 5598 1748 5653 nonnullos
1774 5600 2020 5656 Grzecum

462 5684 820 5753 utagis,quam
849 5684 1092 5744 Latinum
1115 5695 1388 5743 auctorem
1418 5701 1525 5757 pra:
1539 5700 1595 5741 se
1610 5686 2019 5762 f.-.rre.quuum

2142 1882 2308 1927 tomus
2330 1862 2608 1943 secundus,
2639 1892 2745 1946 quo
2774 1878 2974 1946 omnia,
3002 1896 3121 1949 quae
3142 1881 3207 1937 ad
3239 1884 3467 1952 gratiam
3491 1893 3548 1939 et
3578 1884 3701 1939 libe-

2140 1980 2258 2019 rum
2286 1966 2566 2021 arbitrium
2597 1979 2862 2037 spectant;
2881 1981 3123 2026 —-tomus
3149 1976 3347 2039 tertius,
3381 1990 3486 2046 quo
3511 1976 3705 2039 omnia,

2137 2072 2257 2125 quae
2285 2059 2350 2111 ad
2378 2060 2723 2126 electionem,
2757 2063 3117 2129 vocationem,
3152 2064 3707 2134 gloriﬁcationemque

2136 2156 2403 2216 spectant,
2435 2150 2784 2207 declarantur
2816 2168 2831 2206 :
2878 2168 2949 2208 ex
2985 2154 3137 2209 libris
3163 2155 3405 2223 ejusdem
3439 2168 3467 2208 a
3501 2154 3580 2208 Μ.
3612 2157 3709 2208 Au.

2136 2238 2339 2309 gustino
2374 2239 2600 2310 Fregoso
2629 2242 2877 2296 Sosteueo
2900 2255 3185 2312 excerptas
3212 2254 3268 2299 et
3292 2246 3539 2310 scholiis,
3559 2260 3713 2314 argu-
3780 2310 3783 2317 λ

2136 2331 2331 2384 mentis
2357 2340 2409 2385 et
2440 2331 2614 2385 indice
2647 2332 3024 2399 locupletatus.

2122 2436 2125 2437 '
2205 2421 2367 2477 Liber
2410 2423 2736 2485 rarissimus.
2778 2425 2930 2491 cujus
2974 2426 3215 2494 nuspiam
3263 2428 3602 2481 mentionem
3642 2426 3720 2481 fac

2132 2520 2271 2566 ctam
2303 2528 2421 2569 esse
2449 2515 2689 2568 memini.
2728 2515 2806 2569 Ne
2837 2517 2956 2584 quis
2990 2531 3120 2570 vero
3149 2532 3175 2569 a
3207 2518 3359 2573 tittth
3381 2518 3481 2574 sibi
3507 2506 3720 2587 imponi

2136 2605 2393 2671 patiatur.
2462 2606 2613 2674 quasi
2664 2605 2908 2661 locorum
2961 2606 3297 2661 diversorum
3330 2607 3720 2677 undecumque

2130 2705 2507 2766 excerptorum
2535 2708 2589 2751 et
2631 2698 2942 2751 avulsorum
2965 2739 2979 2762 ,
3014 2713 3156 2751 nunc
3185 2713 3318 2752 vero
3348 2699 3499 2765 juxta
3528 2701 3716 2755 varias

2132 2788 2435 2856 arguntenti
2481 2786 2639 2841 sedes
2687 2787 3111 2854 compositorum
3154 2785 3363 2855 farrago
3406 2786 3506 2851 sit,
3544 2788 3711 2843 libros

2131 2874 2376 2942 integros
2404 2878 2470 2929 ad
2502 2893 2664 2929 unum
2696 2886 3075 2945 argumentum
3101 2877 3366 2935 facientes
3392 2924 3406 2948 ,
3449 2881 3708 2939 collectos

2130 2976 2253 3016 esse
2281 2964 2413 3015 sciat
2445 2963 2543 3017 hac
2574 2964 2753 3018 serie:

2116 3066 2119 3067 '
2206 3051 2367 3106 Tomo
2390 3054 2553 3119 primo
2579 3068 2599 3108 :
2622 3083 2689 3093 —
2716 3056 2789 3109 De
2818 3053 3065 3111 doctrina
3110 3056 3415 3114 Christiana
3452 3059 3580 3117 libri
3606 3062 3704 3128 IV;

2055 3124 2099 3183 C
2135 3142 2210 3199 De
2233 3143 2518 3212 disciplina
2552 3145 2857 3201 Christiana
2888 3148 3056 3215 liber;
3091 3146 3436 3206 Enchitidion
3469 3154 3538 3207 ad
3579 3124 3707 3209 ιιιυὲ

2130 3232 2361 3288 rentium
2397 3234 2565 3299 liber;
2618 3235 2695 3290 De
2740 3238 3120 3294 ecclesiasticis
3164 3241 3512 3311 dogmatibus
3545 3245 3704 3310 liber;

2133 3324 2209 3379 De
2234 3323 2537 3378 hmresibus
2572 3327 2729 3391 liber;
2765 3327 2839 3382 De
2870 3328 2910 3381 V
2938 3329 3233 3385 limresibus
3258 3333 3464 3425 oratig;
3503 3336 3578 3390 De
3598 3334 3708 3391 Uti-

2133 3415 2279 3470 litate
2323 3417 2580 3472 credendi
2628 3417 2793 3485 liber;
2832 3420 2904 3475 De
2952 3420 3054 3477 fide
3080 3430 3133 3477 et
3159 3415 3604 3495 symbolo'liber;
3636 3428 3707 3482 De

2133 3506 2236 3561 fide
2261 3507 2328 3561 ad
2357 3508 2568 3563 Petrum
2600 3508 2888 3564 diaconum
2912 3513 3071 3579 liber;
3105 3514 3179 3568 De
3202 3531 3373 3586 agone
3397 3520 3709 3575 Christiano

2132 3595 2305 3663 liber;
2340 3599 2412 3653 De
2444 3598 2551 3655 [Ide
2580 3612 2633 3655 et
2658 3603 2915 3669 operibus
2946 3604 3122 3671 liber;
3177 3608 3233 3662 In
3279 3604 3552 3677 psalmum
3581 3628 3709 3667 xxix

2129 3689 2430 3755 enarratio;
2459 3691 2514 3745 In
2544 3693 2808 3761 psalmum
2844 3711 2980 3761 xxx;
3015 3697 3069 3752 In
3103 3699 3367 3767 psalmum
3395 3718 3555 3759 xxxi.

2205 3780 2364 3835 Tomo
2407 3786 2673 3839 secundo:
2704 3815 2775 3825 —
2816 3774 2979 3844 Liber
3031 3792 3384 3860 expositionis
3440 3796 3709 3851 inchoata

2134 3864 2303 3940 Epist.
2336 3873 2445 3929 divi
2489 3876 2640 3931 Pauli
2678 3877 2743 3931 ad
2774 3877 2969 3943 Rom.;
3001 3881 3162 3937 Liber
3188 3886 3557 3952 expositionis
3587 3904 3709 3959 quae

2131 3964 2372 4017 rumdam
2390 3968 2833 4034 propositionum.
2853 3985 2918 4023 ex
2946 3971 3194 4040 Epist.ad
3219 3974 3399 4041 Rom;
3428 3977 3595 4035 Liber
3616 3994 3706 4033 ex-

2130 4055 2410 4121 positionis
2424 4057 2591 4126 Epist.
2609 4058 2673 4112 ad
2694 4058 2833 4124 Ga|.;
2854 4060 3022 4129 Epist.
3042 4063 3305 4119 Hilariiad
3326 4068 3706 4136 Augustinum;

2133 4144 2475 4215 ltescriptum
2507 4151 2794 4218 Augustini
2832 4152 2910 4206 ‘ad
2963 4153 3255 4220 llilarittm;
3289 4157 3453 4226 Epist.
3492 4160 3706 4213 Pazrum

2130 4236 2574 4307 Carthaginensis
2596 4243 2816 4297 concilii
2842 4245 2907 4297 ad
2936 4245 3303 4302 Innocentium
3337 4266 3531 4320 papam
3560 4270 3575 4317 ;
3602 4252 3707 4306 Re-

2130 4327 2388 4395 scriptum
2418 4328 2716 4386 Innocentii
2751 4346 2903 4401 papae
2943 4336 3009 4389 ad
3048 4336 3237 4393 Patres
3266 4339 3710 4411 Cartltaginensis

2130 4415 2344 4470 concilii
2371 4433 2386 4481 ;
2435 4416 2609 4487 Epist.
2643 4421 2863 4475 Patrum
2896 4422 3183 4480 Milevitani
3215 4429 3423 4482 concilii
3449 4430 3513 4481 ad
3548 4430 3713 4483 luno-

2132 4507 2368 4560 centitnn
2418 4523 2641 4576 papam;
2696 4510 3039 4581 Rescriptnm
3092 4516 3388 4573 Innocentii
3435 4533 3592 4588 papa:
3641 4520 3711 4573 ad

2135 4594 2329 4650 Patres
2361 4597 2653 4652 Milevitani
2684 4602 2903 4656 concilii
2932 4620 2947 4669 ;
2979 4604 3149 4672 Epist.
3185 4608 3479 4677 Augustini
3510 4610 3581 4664 ad
3614 4609 3709 4664 lli-

2132 4686 2373 4754 larium;
2422 4690 2592 4758 Epist.
2646 4693 2881 4763 quinque
2924 4698 3301 4767 episcoporum
3343 4700 3410 4756 ad
3444 4702 3709 4757 Innocen-

2131 4778 2261 4831 tium
2303 4791 2526 4848 papam;
2574 4781 2914 4853 Rescriptum
2943 4786 3239 4844 Innocentii
3270 4804 3424 4860 papa:
3452 4792 3518 4846 ad
3550 4797 3709 4862 quin-

2129 4885 2234 4938 que
2261 4872 2579 4942 episcopos;
2635 4875 2779 4930 Libri
2808 4886 2918 4933 tres
2947 4879 3016 4934 de
3040 4881 3210 4937 libero
3242 4883 3489 4946 arbitrio;
3526 4884 3702 4954 Epist.

2130 4962 2298 5030 prima
2330 4965 2436 5020 divi
2488 4965 2769 5038 Augustini
2819 4971 2886 5025 ad
2939 4972 3316 5039 Valentinum,
3362 4985 3418 5031 et
3465 4990 3590 5031 cum
3615 4978 3705 5032 illo

2129 5054 2410 5123 lratrihus;
2437 5058 2606 5127 Epist.
2640 5060 2675 5112 2
2702 5061 2985 5129 Augustini
3007 5065 3071 5119 ad
3100 5065 3464 5136 Valentinum,
3488 5074 3555 5123 ‘et
3583 5083 3700 5123 cum

2127 5145 2222 5200 illo
2246 5145 2524 5213 fratribus;
2553 5149 2723 5218 Epist.
2755 5152 2923 5220 prima
2948 5153 3057 5209 divi
3083 5156 3369 5225 Augustini
3397 5159 3462 5214 ad
3490 5158 3702 5214 Sixtum

2126 5236 2498 5305 presbyterum
2529 5253 2544 5302 ;
2601 5238 2768 5306 Epist.
2819 5243 3053 5298 secunda
3082 5244 3192 5299 divi
3229 5249 3453 5318 August.
3481 5246 3550 5301 ad
3584 5249 3703 5304 Six-

2129 5336 2236 5380 tum
2266 5329 2471 5396 prcsb.;
2509 5329 2679 5398 Epist.
2707 5332 2867 5402 Alipii
2898 5344 2955 5389 et
2997 5337 3284 5407 Augustini
3315 5339 3381 5393 ad
3415 5340 3697 5394 Paulinum

2126 5417 2475 5485 episcOputn:
2521 5419 2684 5475 Liber
2727 5421 2793 5477 de
2820 5426 2992 5492 gratia
3018 5471 3031 5489 ,
3062 5436 3116 5481 et
3146 5427 3320 5484 libero
3348 5430 3600 5503 arbitrio,
3635 5428 3699 5483 ad

2122 5508 2491 5577 Valentinum,
2517 5520 2573 5567 et
2597 5527 2719 5568 eum
2740 5515 2834 5569 illo
2862 5519 3178 5587 monachis;
3210 5512 3369 5577 Liber
3398 5523 3464 5577 de
3496 5532 3693 5577 natura

2124 5608 2177 5655 et
2207 5602 2375 5670 gratia
2403 5645 2417 5669 ,
2453 5603 2519 5658 ad
2569 5604 2860 5661 Timasitnn
2901 5617 2955 5663 et
2994 5609 3274 5677 Iacobum,
3305 5622 3492 5669 contra
3534 5613 3698 5667 Pelav

2125 5693 2317 5764 gianos
2344 5709 2357 5760 ;
2394 5694 2562 5767 Epist.
2601 5698 2769 5753 sancti
2797 5699 3044 5770 PrOspcri
3071 5702 3320 5774 Aquitani
3348 5704 3413 5761 de
3442 5703 3619 5777 gratia
3649 5712 3699 5757 et
