3882 6346
310 320 390 380 69

1283 323 1554 380 NOTITIA
1596 325 2009 383 LITTERARIA
2050 329 2112 384 IN
2153 331 2210 386 S.
2254 332 2716 394 AUGUSTINUM.

3539 356 3606 414 70

297 437 495 494 libero
528 435 782 492 arbitrio
800 435 867 490 ad
899 433 1180 499 Rufinum;
1213 433 1373 524 Liber
1406 435 1472 490 de
1501 437 1676 505 gratia
1705 446 1760 492 et
1789 437 1921 492 libe-
1949 444 1995 500 A
2098 442 2321 507 Quintus
2373 457 2562 514 tomus,
2611 453 2891 509 continens
2935 455 3074 513 XXII
3121 460 3287 516 libros
3344 464 3410 518 de
3462 467 3606 524 Civi-

309 543 380 583 ro
413 527 655 582 arbitrio
689 527 876 580 saneti
904 525 1156 594 Prosperi
1183 523 1457 594 Aquitani,
1494 526 1918 594 prodefensione

315 620 429 674 divi
470 620 686 674 Aurelii
737 617 1026 688 Augustini
1077 626 1262 674 contra
1308 619 1550 672 Cassiani
1609 620 1918 691 presbyteri

318 712 558 774 librum;
607 711 790 780 Epist.
846 709 1018 764 sancti
1070 709 1278 763 Aurelii
1329 711 1571 779 episcopi
1601 711 1668 766 de
1694 712 1917 766 damna-

322 804 472 856 tione
515 801 719 870 Pelagii
754 809 919 869 atque
946 798 1209 854 leestii.
1243 799 1413 867 Epist.
1449 799 1700 869 decerpta
1727 817 1794 856 ex
1820 817 1914 871 ge-

320 895 424 949 stis
477 892 832 963 synodalibus
879 901 1071 944 contra
1122 890 1397 959 Pelagium
1427 891 1763 957 Itmreticum,
1794 909 1914 962 qua:

321 982 385 1039 iri
415 985 709 1039 Palzestina
734 981 964 1052 synodo,
995 981 1094 1036 sibi
1128 981 1338 1050 objecta
1387 983 1642 1037 damnare
1668 986 1911 1052 compul-

325 1089 425 1130 sus
481 1085 605 1139 est;
633 1074 878 1128 Canones
934 1073 1228 1138 tredecim,
1258 1075 1415 1142 epist.
1451 1074 1726 1129 C(eYestini
1759 1092 1912 1145 papae

323 1181 429 1235 pro
460 1166 731 1232 Prospero
761 1173 814 1217 et
842 1163 1044 1216 llilario
1070 1164 1137 1218 de
1158 1165 1325 1233 gratia
1352 1165 1439 1217 Dei
1465 1166 1719 1219 adversus
1746 1182 1908 1235 quos-

313 1257 443 1311 dam
477 1255 776 1310 Galliarum
810 1256 1154 1324 presbyteros
1175 1296 1189 1319 ,
1221 1255 1418 1324 Pelagii
1446 1266 1764 1310 sectatores.

391 1347 558 1400 Tomo
608 1346 806 1399 Tertio:
839 1375 910 1386 —
945 1345 1404 1399 lletractationum
1452 1346 1544 1400 lib.
1596 1346 1672 1411 Il;
1726 1347 1906 1417 Hypo-

309 1438 606 1508 gnosticon
643 1445 828 1490 contra
876 1434 1199 1504 Pelagianos
1227 1446 1279 1490 et
1303 1434 1660 1492 leestianos
1687 1438 1778 1490 lib.
1812 1437 1902 1502 Vl;

309 1530 517 1584 Contra
549 1529 684 1581 duas
723 1527 1135 1595 Pelagianorum
1165 1525 1426 1596 epistolas
1467 1528 1530 1580 ad
1574 1527 1902 1581 Donifaeium

311 1620 416 1675 lib.
450 1619 552 1684 lV';
599 1618 676 1673 De
706 1617 897 1686 spiritu
927 1627 980 1671 et
1021 1617 1199 1671 littera
1236 1617 1301 1670 ad
1337 1617 1712 1672 Marcellinum
1746 1617 1898 1682 liber,

311 1712 401 1766 De
435 1711 913 1781 praedestinatione
940 1718 991 1764 et
1017 1710 1218 1780 gratia,
1250 1710 1340 1779 qui
1373 1711 1675 1764 intitulatur
1703 1711 1768 1764 de
1801 1725 1897 1764 vo-

2025 543 2135 590 tate
2168 536 2288 591 Dei.
2336 540 2430 594 Cui
2475 554 2820 600 accesserunt
2865 547 3247 608 Commentarii
3276 553 3363 608 Jo.
3394 556 3599 615 Ludou.

2035 623 2170 680 Viris
2197 628 2263 681 ab
2298 639 2520 686 auctore
2547 636 2830 701 recogniti.
2865 638 3096 694 M.D.Ll.

2094 716 2282 771 Sextus
2304 731 2488 789 tomus,
2523 734 2579 777 ut
2606 725 2655 777 itt
2688 726 3005 783 Basilecnsi.
3039 733 3156 786 ΜΛ)
3189 734 3271 789 LI.

2089 807 2348 875 Septimus
2369 853 2383 876 ,
2413 825 2618 866 octavus
2643 857 2656 880 ,
2685 833 2851 872 nouus
2875 829 2928 873 et
2958 823 3183 878 decimus
3210 837 3373 879 tomus
3406 829 3593 886 simili-

2017 906 2117 952 ter.
2153 899 2360 954 M.D.L.
2398 905 2607 973 (l550).

2086 987 2254 1043 Index
2285 994 2543 1056 omnium,
2575 1012 2695 1064 qua:
2727 999 3006 1070 insigniter
3043 1021 3071 1058 a
3110 1006 3172 1060 D.
3211 1009 3428 1063 Aurelio
3476 1013 3592 1067 Att-

2012 1080 2229 1146 gustino
2261 1081 2399 1134 dicta
2427 1095 2569 1151 sunt,
2623 1103 2762 1141 nunc
2795 1107 2981 1146 recens
3013 1111 3171 1163 supra
3217 1101 3587 1166 praecedentes

2011 1169 2296 1231 editiones,
2333 1189 2426 1241 per
2459 1175 2522 1230 [θ’.
2557 1175 2888 1234 Florentium
2924 1183 3275 1256 Bourgoinum
3316 1192 3590 1248 Parisien-

2009 1273 2145 1326 sem,
2176 1261 2611 1327 Franciscanum.
2646 1269 2800 1338 longe
2833 1289 2988 1340 quam
3012 1288 3165 1330 antea
3199 1283 3408 1336 auctior
3428 1300 3489 1337 ac
3517 1287 3590 1340 lo-

2007 1350 2272 1416 cuplctior
2300 1355 2559 1411 redditus.
2584 1359 2831 1431 lnsurper
2856 1367 3177 1434 multa,qure
3196 1384 3348 1425 erant
3371 1391 3581 1444 manca,

2008 1441 2190 1494 mutila
2225 1451 2280 1497 et
2317 1445 2488 1499 solum
2521 1449 2791 1514 intltoata,
2824 1464 2928 1507 tam
2966 1456 3017 1510 in
3072 1459 3248 1514 indice
3288 1441 3583 1520 auctorita;

2008 1541 2115 1586 tum
2141 1550 2309 1590 sacra:
2332 1537 2652 1607 Seripturm,
2679 1544 2728 1597 id
2763 1554 2866 1610 est,
2891 1551 3089 1603 veteris
3121 1566 3183 1606 ac
3209 1555 3329 1606 novi
3378 1557 3580 1610 instru-

2003 1626 2194 1692 menti,
2222 1643 2380 1694 quam
2407 1630 2457 1683 in
2487 1632 2619 1686 locis
2649 1635 2853 1703 aliquot
2878 1653 3156 1695 sacrarum
3183 1643 3579 1714 Scripturarum

2003 1717 2361 1784 pugnantibus
2405 1723 2704 1780 conciliatis
2755 1727 2806 1780 in
2858 1730 3160 1798 Augustino
3191 1774 3206 1797 ,
3241 1736 3526 1790 reformata
3563 1779 3578 1801 ,

310 1802 530 1856 luntate
575 1801 704 1867 Dei,
740 1801 917 1856 liber:
963 1799 1216 1895 Prosperi
1261 1799 1513 1895 Aquitani
1559 1801 1627 1895 de
1655 1800 1897 1895 reliquiis
1931 1801 1972 1857 Β
2001 1820 2151 1864 aucta
2178 1820 2231 1866 et
2273 1823 2557 1885 repurgata
2586 1827 2733 1873 sunt.
2778 1821 2998 1894 Perlege
3021 1834 3073 1880 et
3116 1826 3323 1895 judica.
3368 1799 3575 1885 MDLII.

306 1895 622 1964 Pelagianre
665 1895 937 1948 hatreseos
985 1892 1052 1946 ad
1097 1893 1455 1962 Augustinum
1485 1893 1752 1962 epistola;
1806 1893 1895 1948 lli-

301 1986 436 2042 larii
468 1987 805 2042 Arelatensis
850 1986 917 2040 de
964 1984 1151 2039 eadem
1183 1985 1411 2041 materia
1445 1986 1510 2040 ad
1539 1987 1894 2056 Augustinum

298 2081 588 2151 epistola;
641 2081 718 2135 De
749 2079 1226 2149 przedestinatione
1274 2088 1584 2133 sanctorum
1611 2079 1748 2134 liber
1779 2080 1892 2146 pri-

297 2191 434 2231 mus
459 2192 474 2241 ;
524 2175 600 2230 De
628 2174 767 2229 bono
795 2174 1216 2244 perseverantiae
1249 2173 1386 2228 liber
1415 2175 1689 2228 secundus
1714 2190 1727 2239 ;
1759 2175 1894 2229 Pro-

296 2269 455 2337 speri
510 2268 890 2336 responsiones
933 2267 999 2321 ad
1048 2277 1336 2336 excerpta,
1390 2282 1511 2337 qua:
1537 2268 1605 2323 de
1631 2268 1890 2323 Januensi

301 2360 524 2415 civitate
555 2360 705 2414 missi
734 2367 898 2424 sunt;
933 2358 1000 2413 de
1031 2359 1503 2428 prmdesliuatione
1527 2360 1621 2414 Dei
1655 2360 1812 2414 liber.

386 2450 614 2519 Singulis
665 2451 824 2504 tomis
873 2450 1152 2518 praemissa
1195 2459 1277 2504 est
1315 2449 1495 2503 tabula
1521 2491 1536 2516 ,
1567 2459 1882 2520 argumenta

300 2540 569 2594 librorum
617 2549 672 2596 et
715 2541 948 2609 capitum
992 2540 1326 2610 singulorum
1377 2541 1688 2606 declarans,
1722 2558 1880 2608 quam

295 2631 621 2700 inscripsit:
650 2633 963 2701 Argumenta
993 2646 1082 2701 per
1108 2625 1161 2683 Μ
1174 2673 1186 2686 .
1213 2631 1554 2702 Augustinum
1575 2631 1881 2686 Sosteneum

292 2719 602 2791 Fregosum
626 2722 975 2789 compendiose
1009 2723 1062 2774 in
1087 2737 1247 2774 unum
1273 2724 1478 2775 redacta
1499 2740 1518 2788 ;
1546 2735 1590 2776 et
1614 2725 1768 2777 index
1798 2724 1881 2776 al-

291 2813 614 2881 phabeticus
637 2815 958 2866 materiarum
988 2814 1285 2882 insignium.
1327 2813 1665 2882 Nuncupavit
1707 2815 1882 2868 editor

289 2920 448 2975 opus
481 2919 634 2960 suum
669 2906 736 2960 Μ.
785 2906 1114 2976 Hieronymo
1161 2905 1467 2976 Suripando
1509 2905 1671 2960 totius
1700 2905 1882 2975 Augu-

289 2999 556 3054 stinianze
584 2997 878 3068 Religionis
909 2997 1179 3053 Generali.
1223 2999 1522 3068 Descriptio
1548 3008 1632 3053 est
1662 2998 1878 3067 elegans

292 3092 444 3163 typis
474 3091 717 3145 rotundis
741 3090 926 3145 nitidis
949 3132 963 3155 ,
997 3091 1182 3145 charta
1212 3091 1329 3145 alba
1363 3100 1416 3145 et
1440 3098 1648 3154 tenera,
1681 3091 1878 3160 margi-

2000 1900 2213 1972 (1552.)

2070 1991 2247 2046 Editio
2270 2005 2418 2050 extra
2450 1997 2652 2053 Italiam
2683 2004 3022 2069 paucis~imis
3047 2007 3179 2060 visa.
3199 2007 3449 2063 Notatam
3483 2010 3577 2066 de-

2005 2081 2394 2148 prehendimus
2423 2088 2472 2139 in
2506 2089 2764 2160 Catalogo
2795 2094 3135 2151 bibliothecas
3177 2099 3445 2167 Tiguriua:
3475 2102 3568 2168 (α).

1994 2173 2141 2228 Illius
2168 2178 2450 2246 exemplar
2481 2192 2596 2234 erat
2625 2184 2892 2250 quondam
2919 2185 3258 2243 Ilauuovcrze
3297 2191 3348 2243 in
3372 2191 3574 2244 ditissi-

1994 2281 2076 2319 ma
2148 2273 2517 2334 prmstantium
2585 2273 2849 2328 librorum
2925 2279 3261 2346 supellectile
3313 2282 3568 2348 Duviana,

1990 2358 2130 2426 quiid
2157 2359 2384 2414 feliciter
2408 2362 2457 2415 in
2484 2379 2674 2418 manus
2702 2366 2914 2422 Davidis
2943 2369 3170 2426 Ctement
3196 2373 3406 2440 incidit,
3436 2376 3570 2430 etab

1988 2462 2053 2500 eo
2083 2449 2350 2503 curiosius
2378 2461 2460 2505 est
2488 2453 2820 2524 descriptum
2864 2461 2914 2511 in
2943 2459 3262 2515 Bibliotheca
3307 2462 3569 2518 Ilistorics

1985 2537 2176 2592 Critica
2211 2540 2556 2611 T.Il,p.269
2581 2561 2733 2616 seqq.
2779 2548 2895 2602 Duo
2935 2566 3064 2604 vero
3111 2553 3274 2607 simul
3321 2555 3568 2622 prmStitit

1986 2629 2218 2700 insignia
2246 2632 2640 2691 litteratoribus
2665 2637 2927 2693 beneﬁcia
2959 2657 2971 2692 :
3005 2642 3232 2697 alterum
3260 2685 3272 2708 ,
3308 2646 3451 2712 quod
3505 2644 3566 2699 li-

1986 2719 2138 2773 brum
2180 2723 2514 2779 rarissimum
2545 2741 2644 2780 nec
2671 2741 2766 2793 per
2796 2744 2854 2782 se
2884 2734 3206 2785 accuratiori
3257 2735 3565 2801 cognitione

1984 2809 2254 2878 indignum
2286 2813 2489 2878 primus
2540 2815 2828 2882 patefecit,
2878 2818 3108 2870 alterum
3147 2821 3319 2881 majus
3357 2824 3516 2874 etiam
3547 2865 3562 2888 ,

1983 2900 2124 2968 quod
2156 2900 2402 2970 diligenti
2433 2903 2550 2971 ejus
2578 2904 2885 2972 collatione,
2931 2921 3052 2962 cum
3085 2911 3329 2980 sequenti
3366 2913 3561 2968 Veneta

1981 2989 2241 3058 editione,
2275 3006 2434 3048 omne
2463 2993 2620 3064 hujus
2680 2997 2968 3052 artificium
3009 3008 3064 3054 et
3099 3004 3560 3058 constructionem

1983 3081 2285 3139 luculenter
2307 3086 2624 3154 declaravit,
2657 3099 2816 3160 atque
2846 3093 2916 3157 id,
2950 3093 3018 3149 de
3061 3109 3166 3164 quo
3220 3094 3361 3150 inter
3391 3096 3560 3152 Cleri-

291 3185 461 3239 nibus
491 3183 861 3252 amplissimis,
893 3183 1090 3252 quippe
1117 3183 1210 3252 qui
1242 3182 1380 3236 ultra
1411 3181 1660 3238 lemmata
1685 3193 1738 3238 et
1760 3183 1872 3239 loca
1905 3171 1948 3233 C
1981 3192 2100 3232 cum
2127 3188 2185 3233 et
2216 3179 2370 3233 Rieh.
2417 3181 2714 3237 Simonium
2768 3184 3098 3255 litigabatur,
3150 3186 3292 3241 facili
3341 3189 3560 3258 negotio

290 3275 495 3331 biblica
526 3276 578 3329 in
612 3275 740 3344 ipsis
770 3283 952 3328 notata
981 3273 1088 3327 late
1115 3271 1524 3342 protenduntur.

1005 3366 1162 3420 I552.

375 3459 600 3514 Venetiis
643 3459 710 3512 ad
749 3459 950 3526 signum
990 3459 1136 3526 spei;
1185 3457 1352 3511 iit-4°.
1397 3457 1447 3511 X
1514 3459 1706 3511 Tomis.
1756 3458 1870 3513 Divi

289 3553 426 3608 Aur.
463 3552 784 3622 Augustini,
816 3552 977 3620 Ilipp.
1011 3551 1290 3619 episcopi,
1337 3550 1586 3604 Omnium
1633 3550 1868 3619 Operum

291 3645 489 3713 primus
513 3654 673 3701 tomus
697 3682 711 3704 ,
758 3642 822 3696 ad
849 3641 1007 3696 fidem
1038 3649 1274 3696 veterum
1303 3641 1691 3709 exemplarium
1719 3655 1866 3693 sum-

290 3749 381 3788 ma
409 3733 680 3803 vigilantia
711 3741 1121 3801 repurgatorum
1152 3746 1180 3784 a
1214 3731 1420 3785 mendis
1446 3731 1742 3784 innumeris
1773 3745 1868 3784 no-

291 3832 404 3877 tata
457 3825 508 3877 in
555 3831 816 3877 contextu
861 3827 918 3875 et
963 3823 1204 3890 margine
1247 3821 1360 3874 suis
1408 3821 1573 3890 signis
1621 3829 1866 3875 veterum

288 3915 677 3984 exemplarium
705 3914 1375 3983 lectione,ut0ptimojnre
1403 3923 1581 3968 tantus
1610 3914 1866 3968 Ecclesiae

287 4009 484 4063 doctor
513 4017 730 4063 renatus
751 4007 923 4062 videri
948 4008 1136 4076 possit.
1179 4007 1411 4075 Inspice,
1438 4007 1627 4073 lector,
1655 4017 1707 4060 et
1731 4007 1864 4060 fate-

292 4099 441 4154 beris
471 4101 606 4154 ltanc
637 4113 744 4153 non
796 4113 989 4152 vanam
1023 4112 1145 4153 esse
1175 4097 1619 4166 pollicitationem
1648 4115 1659 4150 :
1693 4097 1859 4166 quod,

283 4192 331 4245 si
365 4201 548 4259 gratus
577 4192 736 4245 etiam
769 4205 889 4245 esse
914 4190 1067 4244 voles
1093 4231 1108 4256 ,
1158 4203 1264 4243 non
1294 4188 1520 4258 patieris
1554 4196 1756 4242 tantum
1786 4187 1862 4242 la-

284 4282 470 4345 boris,
497 4290 798 4352 tantumque
823 4282 1186 4350 impensarum
1213 4283 1407 4336 frustra
1429 4291 1699 4350 sumptum
1715 4295 1854 4336 esse.

283 4369 387 4424 Cui
413 4382 725 4425 accesserunt
754 4373 892 4438 libri,
926 4373 1154 4441 epistola:
1173 4413 1186 4436 ,
1216 4388 1472 4425 sermones
1498 4383 1545 4426 et
1569 4373 1859 4442 fragmenta

279 4461 518 4530 aliquot,
551 4462 806 4516 hactenus
851 4475 1141 4529 numquam
1175 4461 1457 4529 impressa.
1516 4461 1744 4515 Additus
1774 4473 1857 4516 est

1980 3273 2274 3340 expedivit.
2291 3274 2507 3330 Scilicet
2527 3291 2633 3329 non
2664 3291 2866 3330 meram
2897 3278 3312 3347 pra-cedentium
3331 3279 3555 3349 alicujus

1979 3366 2351 3432 repetitionem
2379 3377 2570 3435 putare
2599 3376 2832 3436 Oportet,
2890 3369 2986 3423 sed
3019 3369 3083 3423 ad
3116 3370 3295 3438 plures
3342 3379 3397 3425 et
3443 3371 3556 3427 fere

1973 3458 2281 3524 superiores
2312 3472 2498 3511 omnes
2524 3459 2601 3527 (lt)
2644 3459 3058 3515 conformatam.
3110 3460 3384 3528 Siquidem
3448 3477 3554 3517 non

1973 3562 2200 3614 omnes,
2265 3549 2359 3600 sed
2405 3549 2720 3615 complures
2776 3559 2954 3605 tamen
3007 3553 3218 3604 Erasmi
3293 3569 3552 3609 censuras

1972 3638 2223 3702 retinuit,
2253 3636 2522 3690 variantes
2539 3636 2866 3691 lectionesin
2889 3641 3126 3707 margine
3155 3640 3334 3709 olfert,
3364 3651 3418 3695 et
3447 3644 3552 3696 sic-

1971 3726 2135 3782 ubiin
2176 3736 2376 3782 textum
2400 3727 2598 3797 aliquid
2637 3739 2915 3797 receptum
2946 3730 3046 3795 sit,
3083 3730 3282 3786 ibidem
3316 3733 3548 3800 indicat,

1968 3834 2037 3873 ex
2059 3835 2161 3888 qna
2200 3820 2434 3875 editione
2463 3821 2854 3888 proficiscatur.
2887 3822 3093 3876 llecusa
3122 3833 3301 3878 autem
3338 3841 3439 3878 non
3462 3840 3550 3879 so.

1968 3915 2102 3979 lum,
2138 3923 2283 3969 tomo
2311 3915 2330 3968 I
2363 3915 2565 3969 Erasnti
2592 3915 2835 3984 prmfatio
2878 3917 2944 3970 ad
2985 3917 3304 3988 Alphonsum
3352 3917 3551 3974 Fome-

1965 4023 2100 4071 cam,
2125 4007 2217 4062 sed
2241 4005 2294 4061 in
2315 4006 2552 4062 secundo
2576 4008 2737 4063 etiam
2763 4006 2946 4061 Jacobi
2970 4007 3237 4072 llaemeri,
3255 4025 3411 4078 quem
3441 4011 3549 4066 edi-

1969 4098 2129 4152 tionis
2185 4097 2506 4152 Parisiensis
2568 4113 2619 4152 a.
2675 4098 2816 4154 1552
2867 4113 3050 4154 curam
3107 4100 3340 4169 gessisse
3385 4115 3545 4170 supra

1967 4188 2236 4254 vidimus,
2305 4189 2372 4243 ad
2428 4188 2686 4243 lectorem
2749 4189 3068 4243 admonitio.
3118 4189 3388 4246 Cmterum
3451 4209 3546 4247 tte-

1963 4282 2097 4346 scio,
2127 4295 2288 4351 quam
2317 4296 2501 4336 verum
2541 4280 2632 4346 sit,
2659 4281 2800 4349 quod
2829 4280 2896 4336 de
2944 4283 3245 4349 augmentis
3283 4284 3335 4335 in
3389 4283 3545 4336 titulo

1963 4375 2285 4442 promissum
2309 4381 2413 4428 est.
2445 4369 2776 4426 Clementius
2797 4372 2940 4427 enim
2973 4372 3127 4426 alteri
3158 4371 3373 4440 quidem
3435 4373 3545 4426 edi-

1964 4465 2094 4518 tioni
2129 4463 2368 4529 Venetzc,
2397 4479 2516 4533 qua:
2548 4462 2794 4517 eamdem
2838 4462 3124 4517 formulam
3155 4462 3282 4517 hinc
3312 4462 3468 4533 petiit
3491 4475 3543 4518 et

278 4565 335 4607 et
363 4553 523 4608 index
551 4597 564 4621 ,
592 4555 758 4608 multo
785 4568 943 4625 quam
971 4553 1296 4610 Basileensis
1329 4553 1530 4622 fuerat,
1563 4553 1850 4622 copiosior.
1887 4533 1931 4590 υ
1960 4556 2143 4609 limine
2171 4569 2269 4608 suo
2291 4555 2596 4622 suspendit,
2617 4555 2908 4610 vanitatem
2933 4563 2986 4607 et
3015 4553 3426 4606 fraudulentiam
3451 4568 3542 4607 ex-

277 4645 538 4701 st.n.t.u.
574 4646 784 4717 (1552.)

352 4739 624 4793 Secundus
673 4750 837 4793 tomus
883 4739 1114 4809 Operum
1145 4740 1248 4794 rel.
1287 4739 1368 4809 (ut
1393 4740 1445 4794 in
1478 4739 1772 4793 Basileensi
1797 4755 1846 4793 a.

272 4831 464 4898 1543),
493 4847 630 4884 nunc
654 4840 907 4900 postremo
935 4832 1248 4885 accuratiori
1274 4847 1428 4900 quam
1459 4842 1609 4884 antea
1635 4831 1853 4901 diligen-

272 4924 350 4977 tia
378 4939 610 4977 excusus.
648 4922 904 4980 M.D.LII.

344 5012 548 5066 Tertius
574 5025 762 5080 tomus,
797 5024 852 5069 ut
883 5017 932 5069 in
965 5014 1285 5070 Basileensi.
1317 5013 1571 5068 M.D.LII.

346 5107 576 5172 Quartus
617 5118 800 5174 tomus,
845 5109 1210 5177 complectens
1250 5107 1455 5176 reliqua
1493 5114 1592 5160 τῶν
1631 5105 1850 5162 διδακτι-

266 5205 389 5252 κῶν.
447 5196 702 5268 Pleraque
722 5239 736 5260 ,
788 5215 902 5266 qua:
949 5209 1094 5251 erant
1126 5199 1279 5268 plane
1299 5197 1540 5251 convulsa
1574 5205 1620 5249 et
1648 5197 1846 5262 luxata,

260 5304 324 5340 ea
354 5287 421 5338 ad
448 5287 602 5353 ﬁdem
629 5289 997 5358 exemplarium
1025 5297 1250 5342 veterum
1293 5287 1667 5342 Victorinorum
1694 5290 1848 5342 resti-

263 5386 378 5432 tuta
409 5389 546 5432 sunt.
574 5379 804 5433 ΒΗΜΛ.
841 5372 1054 5449 (1551.)

339 5537 410 5605 (tt)
441 5539 504 5593 Τ.
536 5540 575 5599 1,
607 5555 660 5604 p.
686 5540 770 5594 70.
808 5540 930 5596 Sic:
973 5541 1148 5595 Venet.
1179 5542 1234 5595 4.
1263 5542 1309 5594 X
1365 5543 1532 5595 tomis.
1583 5542 1651 5595 ο.
1708 5541 1838 5596 Aur.

258 5605 663 5682 Αηορηρενὶεί.
698 5610 1063 5682 Bourgoinunt.
1156 5680 1181 5682 ι
1264 5681 1268 5682 ν
1720 5628 1722 5632 ·

337 5681 410 5746 (b)
441 5681 536 5732 Les
552 5681 773 5734 editions
795 5679 856 5733 de
877 5679 1017 5746 Btile,
1054 5681 1116 5733 de
1150 5680 1295 5734 Paris
1320 5691 1368 5734 et
1407 5683 1468 5736 de
1495 5681 1701 5744 Venire,
1753 5683 1842 5750 qui

261 5752 393 5805 1'an
426 5753 685 5816 Drécédée,
715 5763 826 5805 sont
854 5754 901 5804 le
922 5752 1052 5817 [and
1078 5770 1166 5805 sur
1196 5753 1358 5818 lequel
1390 5771 1454 5805 on
1501 5769 1532 5804 α
1590 5754 1833 5806 tt'ttt'aillé.

1959 4648 2196 4716 probrat,
2222 4658 2454 4702 attamen
2487 4647 2538 4700 in
2570 4645 2669 4701 hac
2695 4645 2938 4702 eamdem
2966 4643 3258 4697 sollicitare
3285 4642 3540 4711 neglexit.

1955 4740 2065 4795 Nec
2093 4740 2271 4795 minus
2301 4737 2551 4808 equidem
2576 4747 2869 4806 Optassem,
2903 4742 2961 4788 ut
2986 4731 3536 4800 Victorinoscodices,

1954 4848 2088 4904 quos
2119 4834 2185 4888 ad
2211 4834 2386 4903 quarti
2420 4831 2546 4886 tomi
2577 4829 3006 4886 emendationem
3030 4830 3232 4890 pra-sto
3263 4821 3427 4879 fuisse
3457 4827 3537 4879 di-

1953 4931 2104 4988 cunt,
2135 4921 2628 4990 circumspexisset.

2665 5003 2823 5058 I556.

2023 5101 2242 5155 Busilea:
2270 5099 2410 5166 apud
2442 5096 2812 5164 Hieronymum
2868 5093 3176 5149 Frobenium
3205 5105 3250 5149 et
3286 5096 3408 5150 Nic.
3459 5095 3530 5148 E-

1952 5195 2271 5263 piscOpium;
2307 5190 2483 5260 in-fol.
2508 5189 2556 5241 Χ
2591 5190 2758 5242 tomis.
2788 5189 2849 5243 D.
2881 5190 3014 5244 Aur.
3050 5192 3186 5259 Aug.
3236 5188 3431 5259 Opera,
3475 5204 3530 5241 e-

1953 5286 2201 5344 mendata
2229 5299 2322 5354 per
2343 5283 2623 5338 Erasmum
2655 5279 2918 5339 Roterod.

2025 5378 2082 5432 ln
2107 5377 2206 5430 hac
2233 5373 2492 5440 editione,
2522 5383 2659 5429 teste
2685 5373 2917 5440 Oudino,
2952 5372 3116 5428 additi
3148 5381 3270 5426 sunt
3309 5371 3524 5423 Sermo-

1949 5539 2521 5614 Venctamcditionem
2547 5538 2781 5614 Operam
2814 5537 3176 5614 omniumltac
3227 5532 3524 5614 ipsa-anti-

1948 5613 2193 5684 quiorem
2217 5612 2424 5680 ignoro,
2457 5607 2990 5684 etnis‘iincuriosius
3031 5607 3097 5659 ab
3144 5619 3210 5659 eo
3264 5607 3522 5684 scriptum

1948 5675 2038 5751 s'n,
2065 5681 2130 5738 ad
2154 5675 2269 5737 eam
2297 5679 2584 5738 attendere
2612 5675 3014 5747 bibliographiae
3052 5675 3500 5745 amatoresjubeo
