3882 6372
117 343 169 401 τι
1006 328 1282 390 ΝΟἸΊΤΙΑ
1319 331 1723 391 ΙᾸΤΤΕΒᾹΒΙΑ

1818 329 1857 389 η
1887 326 1943 385 S.
1987 322 2454 381 AUGUSTINUM.

190 454 289 507 Hos
308 454 358 502 in
378 462 518 501 came
538 462 693 511 amns
713 447 866 508 partis
892 448 998 509 tibi,
1022 445 1225 495 candide
1248 443 1421 511 lector,

194 504 500 579 iinquimus,
524 518 583 560 ut
604 504 795 579 iideas,
816 511 881 558 sit
904 504 1077 570 quanta
1095 507 1309 579 accessio
1329 504 1473 579 facta:
1483 562 1530 579 υ

194 562 434 640 ᾖὶέῖἶτὶυε
459 562 677 622 e’xcusos
695 562 888 633 junctus
910 562 1121 640 quoque,
1148 567 1323 640 lectnor,
1352 562 1558 640 babebis

200 626 531 700 Non'paucos:
561 626 735 700 verum
758 626 1218 700 magna'qulaparte
1236 626 1438 700 fuerunt

201 686 438 760 Eduini,
470 705 523 760 et
557 695 691 760 vitiis
712 686 1247 760 scatu'erutitpluribus
1269 686 1373 760 illi:

200 750 259 812 lit
282 764 322 810 si
345 750 613 820 supplendi
638 756 809 820 quavis
832 768 892 803 ex
918 750 1057 813 parte
1083 750 1308 820 fuissent,

195 826 377 883 Pagina
401 811 849 883 m'utasset'pariter
872 811 1508 883 numerumquelocuuique

196 868 429 941 Idri-siina,
456 868 724 941 etAutilit'as
747 876 1046 941 parvamne,
1072 868 1485 941 laborjmprobus
1502 868 1652 919 esset.

198 931 384 996 Indicis
408 931 492 991 bic
508 931 834 996 fueratraiio,
861 937 942 997 pie
959 931 1133 991 lector,
1158 931 1378 997 habenda
1403 944 1416 979 :

196 994 400 1056 Mutatis
422 1002 635 1051 numeris
657 1011 767 1049 cum
794 994 1066 1045 mutaretur
1084 1002 1136 1045 et
1158 994 1261 1043 ille.

201 1054 279 1116 Itie
304 1074 473 1114 tamen
494 1063 599 1112 inde
623 1060 784 1121 aliqua
805 1058 1067 1107 frustratus
1089 1068 1178 1121 spe
1196 1054 1437 1105 videaris:

200 1129 376 1177 Omnia
401 1127 448 1173 in
472 1118 917 1183 adjunctis'fuerant
941 1131 1051 1180 quae
1071 1118 1224 1184 digna
1247 1122 1439 1184 notata,

200 1174 320 1239 Haec
344 1174 542 1236 inserla'
555 1188 698 1232 tenet
722 1189 887 1239 vetus,
907 1174 970 1229 at'
985 1174 1370 1238 multo'auctior,
1393 1174 1561 1227 index.

264 1218 780 1313 ὃῖιὶἷίὄϊῖιῦᾗῖίέἱέῑ
788 1218 958 1313 Eilis
975 1218 1295 1313 ἑὶίῖὲίῦξέἕιό

196 1300 366 1360 Ιηάίὲο
386 1303 626 1359 Possidii.
653 1304 761 1353 Divi
783 1303 1116 1365 quiAuctorIs
1138 1300 1361 1365 alumnus

194 1368 582 1430 Discipulusque
602 1366 710 1423 fuit,
737 1361 827 1413 nos
848 1363 1163 1430 Vlimmerius
1186 1361 1316 1430 idem

196 1423 474 1491 Partieipes
495 1423 629 1486 facit,
655 1434 713 1491 et,
730 1427 980 1488 prmstanti
1004 1428 1206 1491 munere
1227 1423 1393 1491 donat.

255 1483 423 1553 Atqu'e
450 1492 493 1538 is
510 1483 814 1553 conveniens
836 1492 1090 1553 nostram
1112 1484 1241 1553 foret
1264 1483 1489 1553 editioni,

194 1544 565 1615 Haud'Operam
587 1547 1146 1615 exiguanrsuscepjmus
1164 1550 1313 1607 atque
1337 1544 1574 1604 laborem,

194 1616 270 1666 Ne
294 1606 559 1677 quicquam
584 1614 634 1661 in
658 1606 798 1659 n'obis
820 1609 977 1677 lector
990 1606 1250 1677 desideret
1272 1618 1460 1677 aequus.

258 1667 486 1726 Diversis
506 1674 547 1721 si
571 1684 681 1732 qua
703 1671 952 1720 sententia
972 1668 1182 1732 pendula
1205 1667 1349 1717 dictis

203 1739 359 1789 Nobis
380 1738 484 1787 visa
500 1731 613 1795 fuit,
631 1733 759 1795 hanc
780 1733 933 1795 signis
954 1731 1163 1795 quisque
1186 1736 1399 1778 notatam

269 1799 471 1856 Cernet,
502 1802 553 1845 et
580 1791 645 1844 ex
667 1793 751 1843 illa
773 1791 868 1841 sibi
888 1791 1064 1856 sensus
1083 1791 1236 1856 eliget
1258 1798 1395 1856 aptos

212 1862 339 1919 Quin
364 1851 511 1908 etiam
533 1857 642 1919 aliis
663 1858 940 1919 sunt_aucta
960 1851 1204 1919 volumina
1227 1851 1412 1919 multis,

215 1914 329 1982 Quae
350 1934 447 1971 non
469 1918 615 1968 laude
639 1929 747 1976 sua,
776 1915 929 1965 lector
945 1914 1183 1975 studiose,
1205 1914 1461 1962 carebunt.

193 2075 394 2144 Nempe
416 2072 643 2126 Joannes
676 2068 1008 2124 Vlimmerius
1036 2065 1390 2131 Lovaniensis,
1423 2064 1567 2132 prior
1606 2076 1698 2117 ca-

144 2170 373 2223 nonicor.
408 2166 643 2235 regular.
666 2163 731 2218 ad
759 2163 817 2219 S.
843 2160 1152 2226 Martinam,
1186 2159 1242 2212 in
1268 2157 1437 2225 patria
1464 2156 1700 2226 plurium

142 2264 341 2317 Patrum
373 2260 591 2329 scriptis
618 2257 775 2313 editis
799 2255 978 2309 clarus
1017 2253 1116 2326 (a),
1150 2266 1292 2306 anno
1323 2250 1455 2306 1564
1483 2249 1702 2303 Lovanii

145 2354 365 2409 ediderat
414 2349 694 2421 Augustini
746 2347 1021 2402 Sermones
1073 2343 1134 2397 de
1183 2341 1408 2395 Diversis
1442 2340 1600 2395 XLIII
1650 2347 1705 2394 et

148 2448 413 2515 fragmenta
448 2442 762 2496 Sermonum
790 2434 1006 2500 XXVII,
1041 2448 1108 2487 ex
1138 2433 1416 2487 Thesauro
1450 2430 1701 2500 Eugippii

149 2534 335 2589 abbatis
355 2540 406 2588 et
426 2528 850 2587 Commentariis
880 2524 1039 2581 Betlae
1063 2540 1158 2580 seu
1181 2524 1349 2587 Flori,
1381 2523 1706 2592 Lugdunen-

154 2628 219 2681 sis
240 2626 485 2681 Ecclesice
508 2623 724 2681 diaconi
754 2621 1028 2688 decerpta,
1068 2632 1171 2672 una
1211 2633 1334 2672 cum
1369 2615 1598 2670 Possidii
1628 2617 1707 2669 in-

152 2717 300 2771 diculo
325 2718 641 2785 scriptorum
675 2712 946 2783 Augustini
974 2724 1164 2765 recens
1187 2723 1218 2763 a
1250 2723 1310 2764 se
1336 2708 1389 2763 in
1418 2708 1705 2764 bibliothe-

153 2826 204 2866 ca
232 2811 458 2866 abbatim
484 2805 831 2862 Villariensis
858 2812 1066 2872 reperto
1101 2811 1155 2857 et
1182 2816 1277 2871 per
1303 2802 1477 2868 ipsum
1512 2800 1712 2869 margi-

156 2902 344 2957 nalibus
382 2898 607 2955 scholiis
636 2897 916 2953 illustrato.
948 2897 1303 2968 Inscripserat
1331 2894 1472 2951 edita
1507 2894 1596 2947 illa
1618 2891 1711 2946 Ja.

156 2995 253 3048 cobo
274 2993 546 3058 Pamelio,
574 3004 846 3045 sacrarum
874 2990 1178 3045 litterarum
1202 3000 1327 3044 tunc
1353 2988 1629 3042 licentiato
1650 2999 1714 3039 ac

160 3084 317 3154 Brugis
335 3082 621 3147 canonico,
668 3081 915 3152 epistola,
947 3082 1070 3136 data
1101 3080 1322 3135 Lovanii
1353 3096 1376 3134 ιε
1404 3094 1501 3134 suo
1529 3078 1715 3134 Marti~

3306 325 3376 379 74

1714 441 1767 500 Α
1790 438 1917 493 bros
1945 437 2007 490 de
2028 435 2244 489 Civitate
2272 435 2367 487 Dei
2393 434 2619 503 epistola
2651 434 2719 487 ad
2747 431 2966 486 nobilem
2989 450 3049 486 ac
3077 450 3376 506 generosum

1777 528 2015 595 juvenem
2070 526 2139 579 D.
2198 524 2519 580 Stanislaum
2571 524 3027 590 Starzechovium,
3074 524 3370 595 Polonunt,

1785 616 2006 670 Joannis
2060 615 2411 671 Starzechovii
2465 613 2738 681 Palatini,
2794 613 3153 680 Podoliensis,
3207 617 3375 683 ﬁlium

1792 706 2155 777 (d.Basilewa.
2177 705 2485 760 LI.D.LXX.
2501 704 3180 777 decimoseztofebruarii),
3196 708 3247 761 in
3271 723 3375 777 qua

1788 796 1857 850 de
1871 805 2175 865 seetopera
2197 810 2292 849 sua
2314 799 2429 849 haec
2459 796 2773 865 profitetur:
2811 813 2830 847 ι
2864 795 3182 851 Ambrosius
3197 808 3245 851 et
3265 799 3377 851 Att-

1786 885 1958 941 relius
1983 885 2239 941 Frobenii
2264 899 2387 941 cum
2406 885 2476 941 ob
2497 886 2766 942 defectum
2784 887 3172 955 exemplarium
3189 897 3375 956 quarto

1787 976 2149 1046 Augustinum
2201 977 2356 1047 prelo
2385 975 2657 1047 subjicere
2709 978 3142 1044 constituissent,
3195 994 3281 1034 me
3320 992 3380 1034 ut

1789 1082 2009 1137 operam
2037 1069 2089 1122 in
2122 1083 2187 1123 eo
2227 1068 2408 1124 denuo
2435 1068 2789 1136 conferendo,
2819 1070 3160 1141 repurgando
3209 1084 3271 1125 ac
3301 1071 3371 1124 il-

1790 1157 2068 1212 lustrando
2092 1168 2432 1227 praestarem,
2456 1159 2837 1226 obsecrarunt,
2870 1162 3200 1233 tandemque
3222 1163 3370 1217 com-

1790 1250 1970 1305 munis
2001 1250 2245 1305 utilitatis
2273 1259 2526 1319 respectu
2551 1259 2608 1307 et
2636 1266 2914 1307 sacrorum
2935 1254 3223 1309 doctorum
3254 1270 3376 1324 pre-

1792 1341 1944 1396 cibus
1965 1340 2169 1397 victum
2198 1341 2266 1396 ad
2289 1342 2434 1397 hunc
2465 1341 2705 1398 laborem
2732 1357 2865 1398 sane
2893 1342 3296 1413 difﬁcillimum,
3318 1361 3383 1400 ac

1792 1432 2046 1487 molestia
2098 1432 2317 1502 plenum
2362 1440 2778 1502 pertraxerunt,
2825 1441 3036 1490 motum
3080 1437 3382 1505 praesertim

1794 1531 1870 1578 tot
1892 1537 2209 1592 magnorum
2231 1522 2470 1578 virorum
2484 1525 2759 1594 exemplo,
2777 1539 2841 1580 ac
2854 1539 3039 1580 rerum
3052 1525 3385 1594 theologica-

1793 1616 1914 1668 rum
1944 1627 2008 1668 ac
2037 1612 2196 1683 hujus
2222 1614 2463 1670 auctoris
2494 1616 2825 1685 praestantia.
2864 1617 3018 1671 Hanc
3050 1616 3384 1686 provinciam

1797 1707 1927 1761 inter
1962 1708 2067 1761 alia
2097 1708 2305 1779 negotia
2332 1708 2725 1779 typographica,
2748 1708 2933 1780 quibus
2964 1710 3233 1776 obruebar,
3263 1718 3385 1763 tan-

1722 1801 1770 1861 B
1798 1800 1912 1853 dem
1931 1803 2048 1872 jam
2078 1801 2225 1853 tertio
2261 1811 2442 1855 exacto
2470 1818 2627 1867 anno,
2656 1809 2780 1871 post
2828 1807 2909 1856 tot
2932 1802 3343 1856 lucubrationes
3365 1843 3381 1867 ,

1798 1891 2060 1959 sudores,
2087 1892 2519 1948 intricatissimas
2550 1892 2962 1961 revolutiones,
3008 1892 3389 1948 distinctiones

1800 1991 1855 2039 et
1883 1983 2137 2053 abruptas
2163 1984 2449 2054 variasque
2495 1984 2849 2053 cogitationes
2883 1984 3158 2040 indefesso
3189 1985 3377 2040 labore

1801 2074 1962 2128 etiam
1986 2088 2109 2128 cum
2134 2073 2459 2129 valetudinis
2485 2073 2693 2143 jactura
2724 2075 3039 2139 exhaustas,
3070 2074 3142 2128 ita
3158 2090 3385 2144 meges-

1803 2164 1939 2253 siss.e
1961 2180 2146 2234 spero,
2180 2166 2437 2220 utoleum
2466 2174 2520 2220 et
2546 2181 2772 2236 operam
2821 2182 2929 2222 non
2972 2167 3276 2236 perdidisse
3306 2169 3387 2222 vi-

1803 2257 1919 2313 deri
1949 2258 2179 2327 possim,
2204 2266 2257 2313 et
2284 2257 2426 2328 apud
2458 2257 2748 2328 theologiae
2770 2258 3044 2313 studiosos
3093 2266 3149 2313 et
3196 2273 3381 2328 aequos

1803 2363 2057 2404 censores
2077 2350 2303 2418 gratiam
2340 2364 2426 2403 me
2455 2364 2564 2403 non
2595 2350 3045 2405 contemnendam
3075 2349 3261 2405 iniisse
3292 2365 3387 2419 pu-

1807 2450 1934 2496 tem.
1970 2441 2075 2496 Sed
2107 2441 2320 2495 omissis
2352 2440 2456 2508 his,
2485 2441 2552 2495 ad
2606 2441 2776 2511 ipsam
2800 2456 2938 2507 rem,
2988 2456 3104 2513 quae
3131 2442 3183 2495 in
3238 2456 3393 2497 novae

1806 2533 2057 2591 editionis
2088 2534 2409 2602 praefatione
2436 2534 2703 2603 praecipua
2725 2548 2848 2589 esse
2876 2534 3056 2602 debet,
3108 2533 3387 2600 accedam,

1810 2628 1994 2699 etquid
2031 2628 2376 2698 praestiterim,
2410 2627 2698 2681 recensebo.
2742 2625 2924 2680 Primo
2956 2628 2974 2695 (
3008 2634 3204 2695 praeter
3232 2640 3399 2680 orna-

1811 2731 1988 2773 menta
2020 2720 2403 2787 typographica
2458 2727 2512 2771 et
2554 2719 2810 2780 indicem,
2846 2717 3031 2770 multis
3080 2718 3256 2770 modis
3306 2734 3400 2770 an-

1812 2819 1979 2874 ctum,
2012 2809 2251 2876 aliasque
2274 2808 2433 2862 utiles
2461 2806 2836 2876 accessiones)
2864 2807 3145 2874 Augustini
3181 2820 3345 2872 opera
3372 2847 3387 2872 ,

1814 2901 2025 2957 collatis
2055 2897 2515 2953 emendatissimis
2555 2895 2993 2966 exemplaribus,
3040 2897 3110 2950 ita
3142 2895 3394 2964 distinxi,

1816 3005 1874 3051 ut
1906 2996 2128 3064 posthac
2162 2995 2212 3048 in
2246 2993 2591 3062 intelligendo
2624 2992 2793 3047 lector
2828 2992 2998 3046 multo
3027 3006 3187 3062 quam
3234 3001 3394 3047 antea

1818 3090 2121 3161 expeditior
2153 3089 2221 3143 sit
2261 3088 2492 3142 futurus.
2530 3086 2769 3142 Secundo
2798 3101 2867 3141 ex
2897 3085 3086 3141 eadem
3113 3084 3405 3141 collatione

162 3176 549 3232 nianocmnobio
568 3190 622 3229 tx
640 3173 855 3230 kalend.
873 3173 1077 3244 Aprilis
1092 3189 1231 3227 anno
1252 3171 1583 3229 M.D.LXIV.
1603 3170 1720 3225 Jam

1826 3183 2085 3237 hactenus
2115 3182 2314 3235 omissa
2344 3180 2569 3244 inserui,
2599 3179 2891 3248 depravata
2920 3178 3162 3244 correxi,
3221 3178 3405 3234 luxata

162 3279 210 3325 ut
231 3286 474 3325 sermones
520 3268 613 3323 isti
644 3282 837 3323 recens
877 3267 946 3322 ab
975 3267 1069 3322 illo
1098 3266 1230 3322 editi
1262 3265 1327 3320 ad
1355 3266 1560 3320 calcem
1588 3264 1720 3319 tomi

164 3363 202 3419 Χ
223 3362 478 3434 subiuncti
499 3371 649 3432 sunt,
701 3362 775 3416 ita
810 3360 1045 3415 Possidii
1077 3359 1292 3415 libellus
1322 3373 1425 3413 una
1454 3372 1577 3413 eum
1601 3359 1717 3424 epi-

166 3456 282 3509 stola
301 3456 599 3513 Vlimmerii
630 3454 863 3525 primum
892 3461 1097 3507 tomum
1120 3452 1312 3519 aperit.
1342 3451 1475 3517 Quae
1492 3446 1719 3518 epistola

167 3546 352 3602 induxit
373 3546 874 3616 Banmgartenium,
890 3553 948 3599 ut
964 3559 1108 3598 anno
1130 3542 1268 3597 1564
1286 3542 1575 3609 incmptam
1600 3553 1721 3593 esse

168 3637 288 3692 hanc
327 3639 618 3694 editionem
657 3637 993 3706 Opinaretur,
1035 3633 1178 3704 quod
1219 3633 1531 3702 ignoraret,
1577 3627 1723 3683 haud

167 3728 326 3797 dubie,
354 3729 613 3799 peculiari
643 3728 789 3783 illam
812 3726 1036 3783 editioni
1056 3733 1215 3781 antea
1238 3722 1553 3779 inseruisse.
1577 3721 1725 3777 Prm-

168 3828 291 3875 terea
316 3836 441 3876 vero
473 3820 643 3876 totius
672 3819 868 3875 decimi
910 3819 1038 3873 tomi
1086 3815 1520 3886 recognitionem
1552 3811 1725 3867 Vlim-

166 3913 346 3968 merius
365 3912 660 3981 sustinuit,
701 3921 760 3965 ut
798 3925 866 3966 ex
912 3909 1014 3964 hac
1042 3907 1273 3978 epistola
1301 3914 1467 3977 patet.

221 4000 482 4058 Caeterum
510 4001 806 4072 impressio
835 3999 976 4055 facta
1006 4008 1113 4069 est,
1149 4006 1206 4053 ut
1236 3998 1290 4052 in
1314 3996 1615 4066 superiore,
1647 3995 1728 4049 bi-

166 4093 235 4148 nis
261 4095 551 4161 columnis,
584 4094 681 4150 sed
711 4095 898 4148 charta
946 4093 1252 4160 litterisque
1308 4090 1582 4158 aliquanto
1612 4086 1726 4141 ele-

165 4189 509 4254 gantioribus.
560 4187 773 4243 Titulus
822 4188 1029 4258 primus
1061 4186 1245 4255 figuris
1294 4183 1488 4255 ligneis
1539 4181 1728 4237 formis

165 4278 436 4352 impressis
457 4292 744 4339 exornatus
765 4289 870 4338 est.

859 4372 1016 4427 1570.

226 4461 449 4518 Βωὶιεω
480 4480 573 4536 per
598 4465 923 4519 Ambrosium
946 4470 993 4515 et
1020 4460 1290 4517 Aurelium
1312 4458 1599 4513 Frobenios
1621 4462 1733 4528 fra-

1822 3275 2058 3331 restitui.
2096 3273 2267 3327 Tertio
2294 3271 2601 3326 testimonia
2631 3285 2801 3325 sacra:
2852 3270 3164 3338 Scriptura:
3196 3278 3249 3324 et
3277 3270 3411 3324 alio-

1821 3384 1939 3425 rum
1967 3377 2270 3429 auctorum,
2298 3381 2417 3435 qua:
2447 3365 2499 3418 in
2523 3364 2605 3418 his
2634 3364 2787 3418 libris
2816 3365 3076 3427 citantur,
3108 3364 3161 3417 in
3204 3365 3410 3434 margi-

1828 3475 1896 3514 ne
1921 3458 2210 3513 annotavi:
2239 3470 2491 3525 magnum
2519 3468 2648 3507 sane
2679 3454 3049 3521 adjumentum
3080 3454 3166 3507 his
3194 3455 3283 3522 qui
3302 3469 3415 3508 me‘

1830 3553 2000 3605 moria
2030 3563 2136 3602 non
2168 3548 2304 3600 adeo
2330 3547 2530 3598 valent.
2558 3544 2759 3608 Quarto
2783 3546 3110 3612 marginales
3141 3559 3405 3609 summas,

1830 3651 1891 3697 ut
1918 3640 2123 3695 facilius
2150 3636 2520 3708 quaerentibus
2544 3634 2785 3689 materiae
2811 3642 3133 3698 occurrant,
3168 3650 3273 3688 non
3306 3635 3412 3689 levi

1824 3749 1945 3790 cum
1978 3732 2142 3787 totius
2174 3730 2355 3799 operis
2379 3727 2860 3795 lumineadjunxi:
2892 3725 3196 3795 posteriora
3229 3735 3410 3780 tamen

1827 3828 1936 3883 duo
1966 3826 2199 3881 maxime
2223 3824 2273 3878 in
2303 3824 2480 3894 quinto
2510 3832 2557 3875 et
2586 3821 2782 3876 decimo
2806 3830 2963 3886 tonio,
2996 3821 3049 3873 in
3080 3821 3262 3891 quibus
3305 3824 3414 3891 fere

1828 3921 2197 3991 sesquiunnum
2241 3916 2564 3984 consumpsi,
2621 3921 2747 3969 sunt
2802 3913 3013 3983 adjecta
3046 3929 3059 3969 :
3092 3913 3147 3966 in
3206 3913 3418 3968 decimo

1830 4011 2127 4083 praesertim
2144 4025 2247 4065 non
2268 4005 2724 4065 contemnendum
2741 4004 3089 4060 Tractatuum
3103 4012 3265 4073 atque
3294 4003 3418 4060 Sero

1830 4117 2051 4157 monum
2075 4116 2358 4156 numerum
2390 4113 2462 4153 ex
2492 4097 2806 4161 Vlimmerii,
2836 4096 2942 4149 viri
2971 4095 3298 4151 venerandae
3324 4110 3418 4150 an:

1835 4193 2097 4262 tiquitatis
2133 4189 2539 4253 studiosissimi,
2573 4188 2809 4243 editione
2839 4187 3042 4242 addidi.
3077 4188 3270 4253 Quinto
3305 4187 3420 4243 haec

1834 4286 2011 4343 omnia
2037 4300 2141 4341 non
2175 4285 2354 4339 solum
2396 4283 2471 4336 ita
2497 4281 2773 4349 disposui,
2803 4288 2862 4334 ut
2904 4279 3059 4333 multi
3100 4279 3189 4332 alii
3217 4279 3415 4344 solent,

1833 4376 1927 4430 sed
1949 4375 2110 4429 etiam
2139 4382 2199 4428 ut
2224 4374 2279 4428 in
2308 4380 2487 4427 actum
2512 4368 2928 4441 diligentissime
2958 4367 3414 4438 producerentur,

1834 4466 1899 4520 ad
1929 4465 2077 4534 prela
2108 4465 2415 4532 frequenter
2460 4472 2641 4516 astans
2669 4475 2892 4530 operam
2928 4460 3074 4515 dedi.
3100 4459 3198 4513 Hic
3224 4466 3421 4520 autem,

171 4560 280 4616 tres;
309 4554 487 4625 iri-fol.
512 4554 580 4609 XI
606 4557 774 4611 tomis.
791 4555 856 4609 D.
879 4552 1083 4609 Aurelii
1107 4550 1412 4622 Augustini,
1434 4549 1723 4619 Hipponen-

1848 4556 2040 4624 pergit,
2065 4554 2291 4608 fortasse
2315 4553 2448 4607 mihi
2477 4560 2765 4608 occurrent
2791 4551 2928 4606 Zoili
2950 4550 3116 4605 invidi
3140 4557 3191 4602 et
3213 4548 3417 4600 calum-

173 4641 235 4697 εἰς
259 4645 493 4715 episcopi
512 4646 707 4716 Opera.

238 4741 423 4796 Mirum
453 4742 591 4798 forte
618 4743 779 4798 alicui
822 4743 993 4798 videri
1024 4741 1228 4812 possit,
1264 4740 1425 4810 idque
1470 4738 1602 4793 mihi
1635 4736 1736 4807 ipsi

180 4831 424 4888 accidisse
452 4834 647 4901 fateor,
672 4834 817 4904 quod
847 4848 972 4889 cum
998 4834 1214 4903 plenam
1236 4840 1398 4902 atque
1435 4830 1737 4885 absolutam

186 4919 456 4978 editionem
482 4918 723 4996 operum
759 4924 1045 4995 Augustini
1086 4924 1333 4995 proximo
1383 4938 1525 4976 anno
1577 4921 1740 4976 iidem

187 5009 419 5071 Frobenii
460 5018 657 5074 fratres
693 5017 1003 5084 dedissent,
1033 5016 1277 5073 eamdem
1304 5015 1481 5071 denuo
1503 5015 1611 5082 jam
1643 5012 1745 5067 sub

192 5101 423 5161 incudem
449 5108 851 5164 revocaverint.
874 5111 1049 5178 Atque
1077 5105 1268 5177 paucis
1305 5114 1363 5161 et
1389 5104 1622 5159 fortasse
1652 5114 1747 5158 ne-

196 5191 313 5247 mini
349 5200 610 5269 cognitam
642 5212 765 5254 esse
787 5198 1048 5268 integram
1076 5205 1227 5253 certo
1255 5193 1516 5262 intellexi,
1563 5200 1622 5248 ut
1635 5192 1750 5262 jus-

199 5290 297 5338 tam
329 5286 604 5345 dubitandi
633 5304 855 5346 causam
887 5290 1091 5345 habere
1113 5288 1383 5354 duxerim,
1421 5287 1469 5342 si
1506 5300 1536 5339 a
1559 5285 1749 5356 quovis

199 5371 297 5424 alio
326 5380 507 5448 magis,
552 5394 712 5449 quam
738 5380 809 5434 ab
847 5379 968 5448 ipso
994 5377 1200 5434 editore
1250 5376 1619 5435 testimonium
1663 5391 1754 5432 ac—

204 5466 463 5534 cepissem.
487 5471 539 5526 ls
571 5487 702 5528 vero
730 5472 830 5528 fuit
856 5471 1155 5527 IIIEBEIIAS
1184 5470 1382 5526 Mutus
1414 5468 1753 5540 Pieropedia-

205 5568 313 5625 nus,
335 5573 625 5632 corrector,
656 5572 714 5619 ut
739 5579 930 5635 arguo,
956 5572 1047 5619 aut
1073 5563 1475 5618 administrator
1507 5572 1755 5635 typogra—

204 5648 328 5714 PIIite
351 5653 577 5711 fratrum
618 5655 1041 5723 Frobeniorum,
1086 5655 1177 5723 qui
1209 5655 1464 5711 praefatus
1488 5664 1570 5712 est
1600 5657 1667 5712 ad
1696 5655 1759 5713 li-

269 5780 335 5856 (α)
359 5784 439 5842 Cf.
477 5787 715 5857 Foppens
752 5787 896 5841 Bibl.
924 5788 1037 5846 Bel.
1068 5788 1131 5845 T.
1181 5787 1247 5870 II,
1274 5802 1328 5859 p.
1357 5788 1483 5844 747.

418 5880 703 5941 Panos.
750 5877 1004 5941 XLVII.

1838 4649 2076 4704 niatores
2105 4646 2364 4718 (quibus,
2395 4659 2520 4700 cum
2544 4644 2877 4715 ipsiquidem
2903 4642 3041 4696 nihil
3062 4649 3155 4693 aut
3182 4651 3285 4691 non
3310 4652 3424 4692 me-

1839 4742 1976 4797 liora
2004 4740 2226 4807 faciant,
2276 4740 2502 4794 aliorttm
2532 4738 2745 4793 honesti
2788 4742 3008 4790 conatus
3054 4744 3270 4799 semper
3311 4729 3425 4784 dis-

1841 4834 2039 4903 plicent
2069 4833 2198 4905 )me
2235 4832 2448 4889 irrisuri
2488 4832 2582 4901 qui
2611 4839 2734 4900 post
2778 4834 2952 4880 tantos
2988 4823 3134 4878 viros
3175 4823 3227 4878 in
3272 4832 3421 4878 tanto

1848 4942 2011 4997 opere
2030 4936 2206 4983 actum
2230 4926 2384 4996 quasi
2406 4938 2579 4994 agam,
2608 4931 2665 4977 et
2688 4917 3017 4987 arrogantiae
3035 4931 3119 4971 me
3150 4916 3431 4970 insimula-

1851 5017 2079 5072 turi.His
2090 5016 2415 5071 breviterita
2430 5024 2752 5080 responsum
2776 5008 2922 5075 volo,
2942 5008 3190 5077 Erasmo,
3218 5006 3433 5062 Germa-

1852 5111 1954 5165 niae
1969 5108 2226 5178 phtnnici,
2243 5114 2299 5160 et
2315 5104 2590 5159 Ludovico
2608 5102 2751 5170 Vivi,
2774 5103 2892 5157 viro
2908 5102 3280 5158 eruditissimo
3297 5142 3312 5167 ,
3347 5115 3435 5155 me

1853 5199 2075 5271 quidem
2096 5213 2202 5253 non
2218 5194 2661 5264 comparandum,
2680 5194 2775 5250 sed
2800 5204 2977 5251 tamen
3026 5210 3139 5248 cum
3156 5209 3245 5263 per
3264 5207 3434 5246 exem-

1856 5292 2024 5362 plaria
2040 5290 2119 5344 illi
2139 5288 2309 5361 potius
2339 5304 2492 5359 quant
2506 5288 2775 5359 praprium
2782 5287 3066 5357 judicium,
3101 5282 3430 5355 repurgatio-

1855 5398 1971 5438 nem
1991 5397 2137 5437 suam
2177 5381 2506 5451 perfecerint,
2535 5388 2591 5435 et
2617 5394 2723 5434 non
2755 5379 2933 5433 omnia
2975 5377 3133 5433 simul
3163 5374 3279 5427 fieri
3314 5384 3435 5437 pos-

1860 5474 1989 5538 sint,
2022 5487 2107 5527 me
2134 5472 2221 5528 die
2247 5472 2390 5528 diem
2409 5470 2660 5537 docente,
2692 5470 2934 5540 pluribus
2956 5469 3081 5523 illos
3104 5460 3437 5519 imitantibus

1862 5573 1918 5621 et
1944 5565 2335 5635 exemplarium
2351 5565 2562 5634 copiam
2582 5563 2925 5633 augentibus,
2952 5573 3052 5614 nec
3081 5556 3305 5620 leviora,
3332 5568 3435 5608 ne-

1866 5658 1991 5715 dum
2018 5660 2276 5716 notabilia
2310 5667 2487 5715 errata
2516 5658 2705 5713 tollere
2735 5654 2994 5725 potuisse.
3043 5649 3266 5707 Accedit
3296 5645 3438 5717 quod

3004 5866 3043 5930 3
