3882 6340
522 358 591 413 75
1408 344 1961 408 SUPPLEMENTUM
2005 345 2095 401 AD
2131 345 2356 401 Oi’ERA
2395 346 2453 402 S.
2494 345 2880 404 AUGUSTINI.
3673 362 3727 419 π

522 482 805 544 operarum
836 466 1178 539 negligentia,
1204 476 1326 517 cum
1364 460 1464 529 ipsi
1493 458 1662 526 prelis
1684 468 1789 509 non
1820 453 2092 519 atfuerint,
2121 453 2174 513 Α
2250 453 2469 544 λΤοιηυε
2498 452 2600 507 iii-
2619 452 2665 507 x
2696 452 3060 508 inscribuntur
3089 460 3146 507 ut
3169 455 3492 513 Basiieensis
3522 472 3571 517 a.
3596 464 3725 535 l5l3,

521 563 687 617 multa
710 560 867 616 etiam
893 567 1037 614 recte
1064 556 1352 611 conStituta
1379 557 1793 619 corrumpantur
1822 554 1913 599 aut
1937 545 2097 599 omit—

521 660 701 707 tantur
731 668 744 703 :
777 648 920 720 quod
949 654 1004 702 et
1030 643 1281 717 praesenti
1320 640 1450 694 mihi
1481 640 1565 693 vel
1596 637 1726 691 satis
1756 638 1962 690 intento
1993 648 2096 688 sae-

521 744 742 815 pissime
772 739 1012 809 contigit.
1060 735 1169 792 Sed
1218 733 1344 805 quid
1376 729 1602 785 multis?
1652 730 1764 799 ipsa
1817 726 2096 815 editionum

520 814 748 900 collatio,
773 830 897 901 quid
915 827 1198 901 prestitum
1221 826 1315 891 sit,
1356 822 1569 875 abunde
1616 818 1863 889 diligenti
1903 814 2093 871 lectori

520 923 821 980 testabitur.
850 920 1007 987 Quod
1038 932 1172 973 vero
1202 918 1281 969 hic
1305 921 1472 968 tomus
1504 909 1728 978 reliquis
1767 910 1835 961 sit
1862 905 2090 959 rendibi-

519 1016 617 1070 lior
648 1024 701 1071 et
731 1017 782 1068 in
811 1012 1145 1067 eruditorum
1162 1006 1436 1063 hominum
1462 1001 1707 1057 manibus
1740 997 2088 1069 frequentior,

517 1104 600 1156 hic
628 1103 946 1171 potissimum
977 1099 1046 1155 de
1073 1100 1205 1153 meis
1233 1098 1284 1150 in
1330 1095 1431 1148 hoc
1472 1091 1678 1147 eximio
1703 1100 1851 1159 patre
1892 1086 2093 1141 labori-

519 1197 617 1249 bus
641 1194 852 1265 μητρινὶ
876 1191 1053 1245 libuit.
1104 1208 1124 1241 ι
1154 1188 1383 1242 Tantum
1427 1198 1491 1237 ex
1534 1182 1762 1236 verbosa
1800 1179 1946 1249 Mylii
1980 1176 2093 1246 epi-

514 1285 655 1339 stola
683 1295 975 1351 excerpere
1012 1279 1183 1333 visum
1241 1276 1363 1341 fuit,
1416 1283 1472 1328 ut
1499 1274 1599 1344 ipsi
1637 1273 1867 1326 lectores
1919 1268 2090 1324 oculis

513 1375 626 1429 suis
648 1373 971 1436 haurirent,
1012 1369 1153 1439 quod
1184 1384 1247 1421 ex
1298 1366 1491 1420 intuitu
1523 1362 1736 1434 quidem
1792 1361 1927 1415 tituli
1971 1358 2089 1429 ejus

512 1465 823 1530 voluminis,
839 1463 926 1517 cui
948 1462 1035 1517 illa
1054 1461 1300 1524 adhaasit,
1323 1458 1540 1512 minime
1558 1460 1808 1525 arguent,
1825 1454 2088 1521 integram

513 1570 735 1625 operum
764 1552 1046 1625 Augustini
1078 1551 1367 1606 editionem
1419 1547 1594 1602 denuo
1624 1545 1726 1599 hoc
1771 1557 1911 1597 anno
1967 1557 2087 1610 pcr-

512 1654 689 1699 actam
738 1644 864 1700 diel.
897 1641 1049 1708 Nam,
1076 1650 1132 1695 ut
1175 1647 1331 1695 antea
1361 1638 1615 1702 diximus,
1650 1635 1897 1689 volumen
1947 1631 2089 1700 apud

511 1752 612 1790 nos
638 1746 743 1803 est,
792 1735 958 1790 libros
1003 1732 1071 1788 de
1102 1730 1329 1788 Civitate
1354 1728 1449 1783 Dei
1488 1727 1856 1797 complectens
1890 1767 1902 1793 ,
1934 1724 2088 1792 cujus

2199 542 2394 599 additis
2426 544 2621 613 ubique
2642 545 2844 609 verbis,
2873 559 2993 613 qua
3024 545 3182 600 modo
3210 547 3578 616 produximus.
3605 557 3725 612 Atta-

2198 650 2318 689 men
2343 636 2393 689 in
2420 636 2589 705 quinti
2618 637 2747 691 torni
2781 637 2935 692 titulo
2956 639 3328 694 commentarii
3349 638 3432 694 ιο.
3458 639 3726 700 Lud.Vivit

2196 729 2399 782 mentio
2425 736 2506 781 est
2534 729 2759 787 omissa.

2266 819 2430 877 index
2461 821 2723 887 omnium,
2749 835 2869 891 qua:
2899 821 3181 893 insigniter
3207 835 3235 875 a
3258 821 3322 878 D.
3348 821 3564 876 Aurelio
3585 822 3729 893 Augu.

2195 912 2340 966 stino
2365 911 2507 969 dicta
2539 922 2699 978 sunt,
2730 913 2887 982 longe
2915 928 3073 982 quam
3105 923 3260 968 antea
3289 913 3497 968 auctior
3525 928 3586 969 ac
3611 914 3730 969 locu-

2194 1003 2393 1072 pletior
2433 1003 2695 1061 redditus.
2741 1004 2965 1073 insuper
2991 1004 3158 1059 multa
3181 1046 3195 1072 ,
3226 1020 3346 1075 qua:
3372 1014 3527 1061 erant
3552 1021 3730 1069 manca,

2192 1092 2376 1146 mutila
2404 1098 2456 1147 et
2487 1094 2661 1150 solum
2686 1093 2955 1159 inchoata,
2983 1104 3089 1150 tam
3113 1095 3168 1150 in
3193 1095 3370 1151 indice
3391 1096 3732 1153 auctoritatum

2192 1197 2366 1237 sacrae
2384 1182 2701 1254 Scriptum,
2729 1185 2780 1239 id
2802 1194 2904 1253 est,
2931 1188 3134 1241 veteris
3159 1200 3221 1241 ac
3248 1186 3373 1241 novi
3396 1187 3732 1253 instrumenti,

2192 1288 2349 1342 quam
2376 1276 2427 1328 in
2445 1275 2577 1333 locis
2594 1278 2797 1347 aliquot
2816 1292 3091 1335 sacrarum
3109 1279 3511 1349 Scripturarum
3535 1295 3737 1352 pugnau-

2193 1365 2336 1421 tibus
2383 1369 2682 1425 conciliatis
2720 1370 2774 1424 in
2815 1372 3133 1440 Augustino,
3176 1370 3498 1440 reformata,
3535 1382 3677 1427 aucta
3699 1382 3740 1426 et

2192 1468 2477 1527 repurgata
2508 1469 2650 1519 sunt.
2674 1459 2918 1519 Venetiis
2944 1461 3259 1520 M.D.LXX.

2262 1548 2532 1605 Recenset
2577 1552 2716 1606 hanc
2758 1553 3087 1623 editionem,
3132 1554 3226 1610 sed
3266 1554 3421 1611 titulo
3461 1563 3736 1620 contracto,

2192 1638 2524 1707 Audi/frch
2557 1642 2610 1699 in
2641 1641 2808 1699 Catal.
2843 1644 2981 1703 Bibl.
3014 1643 3258 1702 Casanat.
3288 1646 3352 1702 Τ.
3375 1647 3418 1713 1,
3441 1662 3498 1718 p.
3522 1648 3643 1713 541,
3667 1644 3742 1700 do-

2192 1744 2341 1798 cens,
2376 1732 2606 1802 primum
2638 1744 2840 1791 tomum
2870 1736 3010 1807 apud
3042 1738 3400 1811 Valgrisium,
3431 1739 3666 1809 reliquos
3692 1736 3741 1789 ad

514 1829 729 1883 titulum
753 1827 820 1882 ab
852 1826 945 1880 illo
969 1824 1055 1880 ed.
1081 1840 1131 1879 a.
1163 1823 1301 1879 i569
1323 1823 1487 1892 plane
1514 1820 1786 1875 diversum
1812 1816 1971 1882 infra,
1992 1814 2086 1870 ubi
2118 1821 2163 1880 B
2191 1822 2446 1880 Octavum
2489 1843 2659 1896 υεαιιθ
2693 1844 2818 1884 cum
2859 1828 3038 1885 indice
3068 1830 3266 1886 ibidem
3294 1830 3597 1901 eodemque
3624 1842 3742 1884 anno

508 1922 573 1975 ad
613 1920 826 1975 illorum
860 1919 1119 1973 librorum
1151 1918 1454 1986 singulares
1482 1913 1749 1968 editiones
1788 1908 2083 1965 accesseri-

510 2031 650 2081 mus,
691 2014 961 2068 dabimus.
1009 2011 1163 2077 Quod
1195 2010 1260 2063 ad
1310 2010 1478 2078 ipsam
1504 2021 1631 2060 vero
1655 2004 1933 2076 epistolam
1964 2004 2086 2056 atti-

508 2117 800 2177 net,quam
829 2119 965 2160 vane
1014 2111 1068 2158 et
1105 2101 1388 2156 temerarie
1438 2100 1601 2154 multa
1648 2098 1889 2167 jactitata
1931 2095 2037 2147 sint
2068 2133 2083 2159 ,

510 2213 667 2252 nemo
698 2211 803 2250 non
831 2195 1011 2260 videt;
1064 2201 1301 2247 attamen
1332 2204 1585 2260 quorsum
1617 2187 1732 2241 haec
1760 2186 1937 2239 omnia
1972 2184 2081 2241 dis-

506 2296 692 2356 putata
731 2287 875 2349 sint,
908 2299 1012 2336 non
1056 2282 1211 2336 facile
1240 2280 1526 2348 intelliges.
1575 2277 1785 2331 Etenim
1819 2285 1876 2330 ut
1920 2288 2082 2329 unum

511 2385 712 2429 tantum
738 2373 1027 2442 proferant,
1063 2387 1161 2441 per
1191 2382 1304 2425 tres
1332 2384 1499 2422 annos
1528 2367 1705 2422 editor
1755 2368 1897 2421 lmne
1950 2365 2083 2435 lapi-

507 2465 630 2519 dem
656 2463 891 2517 voluisse
918 2462 1091 2516 videri
1114 2460 1247 2525 vult,
1273 2468 1332 2513 ut
1358 2459 1653 2513 correctior
1676 2465 1729 2511 et
1754 2456 1945 2511 melior
1968 2456 2082 2510 Au-

507 2555 754 2627 gustinus
782 2554 1022 2626 prodiret
1053 2569 1068 2610 :
1103 2556 1416 2622 intereaque
1445 2553 1512 2605 ab
1535 2551 1722 2605 iisdem
1742 2596 1757 2621 ,
1798 2550 1886 2619 qui
1926 2550 1975 2605 ei
2006 2550 2083 2603 is-

507 2656 610 2704 tam
663 2649 1011 2718 injunxerant
1064 2645 1440 2715 provinciam,
1498 2652 1667 2697 totum
1721 2641 2083 2710 Augustinum

501 2742 702 2811 absque
734 2740 835 2794 ulla
866 2739 1009 2793 illius
1036 2737 1137 2793 viri
1169 2739 1411 2807 impensa
1436 2750 1597 2805 opera
1625 2734 1816 2791 excudi
1846 2734 2085 2800 potuisse

504 2834 810 2902 putabimus
840 2833 864 2883 τ
894 2833 975 2884 An
1029 2845 1157 2884 vero
1188 2838 1271 2883 tot
1320 2845 1383 2883 ac
1414 2837 1519 2881 tam
1565 2828 1789 2894 cupidos
1820 2825 2085 2879 editiones

502 2924 621 2976 illas
654 2929 707 2973 et
742 2930 1069 2989 postremam
1109 2918 1341 2969 maxime
1368 2923 1643 2981 emptores
1672 2914 1943 2969 invenisse
1974 2926 2085 2963 cre-

502 3013 668 3067 dibile
699 3019 800 3073 est,
831 3017 889 3061 ut
915 3007 1162 3076 pluribus
1205 3004 1396 3058 eodem
1439 3011 1683 3068 tempore
1733 2999 1869 3053 viris
1908 2998 2082 3052 doctis

501 3101 940 3171 expurgationem
983 3109 1207 3165 operum
1233 3091 1575 3145 committere
1615 3107 1721 3144 non
1775 3089 2084 3143 dubitarent

2188 1918 2325 1985 apud
2365 1919 2578 1987 Juntas,
2622 1935 2826 1974 nonum
2870 1931 2924 1976 et
2969 1921 3237 1976 decimum
3277 1922 3425 1992 apud
3460 1920 3745 1977 Nicolinutu

2187 2008 2476 2076 prodiisse.
2502 2011 2596 2065 llis
2622 2021 2725 2066 tam
2750 2013 2954 2069 diserto
2981 2015 3293 2070 testimonio
3316 2015 3644 2069 contradicit
3668 2012 3750 2065 Da<

2188 2099 2327 2153 vides
2358 2099 2607 2158 Ciement.
2629 2103 2679 2157 in
2700 2102 2836 2159 Bibl.
2859 2104 3004 2164 Hist.
3030 2105 3189 2173 Crit.,
3213 2107 3302 2161 ubi
3325 2117 3629 2162 accuratam
3652 2104 3751 2172 ejus

2189 2190 2522 2248 mentionem
2556 2194 2747 2248 fecisse
2770 2210 2927 2265 supra
2953 2196 3064 2268 jam
3097 2197 3519 2267 significavimus
3554 2195 3653 2267 (α).
3688 2193 3755 2248 Ab

2187 2294 2253 2334 eo
2273 2296 2404 2337 sane
2432 2284 2641 2337 titulum
2666 2286 2962 2356 pleniorem
2987 2289 3215 2343 mutuati
3237 2303 3443 2353 sumus,
3469 2304 3631 2357 quem
3657 2288 3757 2356 ipse
3844 2296 3845 2357 γ

2188 2372 2418 2439 primum
2448 2390 2517 2429 ex
2548 2376 2804 2447 Catalogo
2842 2378 2980 2435 Bibl.
3014 2377 3338 2448 Mageriauze
3367 2378 3444 2450 (ὁ)
3476 2393 3761 2450 excerpse-

2187 2472 2292 2530 rat,
2328 2480 2451 2518 mox
2478 2481 2626 2534 vero,
2654 2482 2773 2523 cum
2822 2469 2995 2538 ipsam
3036 2470 3327 2525 editionem
3365 2480 3555 2526 nactus
3602 2479 3761 2533 esset,

2189 2568 2254 2608 ex
2286 2558 2498 2625 propria
2534 2559 2873 2628 inspectione
2901 2560 3239 2630 approbavit.
3280 2561 3653 2631 Repreltendit
3680 2576 3765 2615 au-

2188 2654 2293 2699 tem
2307 2646 2635 2704 Clementius
2649 2649 2948 2705 Fabricium
2959 2691 2972 2715 ,
2986 2651 3125 2721 quod
3142 2650 3462 2721 Valgrisium
3476 2651 3677 2705 excudi
3688 2664 3761 2707 sse

2190 2751 2310 2791 eam
2353 2737 2572 2793 dixerit.
2621 2739 2700 2793 En
2729 2741 2889 2810 igitur
2921 2756 3016 2809 par
3046 2742 3285 2795 virorum
3317 2750 3373 2796 et
3401 2740 3693 2798 doctorum
3720 2751 3762 2797 et
3844 2737 3845 2810 ᾗ

2196 2829 2509 2883 curiositate
2530 2843 2591 2883 ac
2617 2829 2897 2884 sedulitate
2916 2831 2969 2884 in
2993 2844 3089 2883 suo
3113 2844 3312 2901 genere
3338 2831 3539 2887 nemini
3576 2832 3763 2888 ceden-

2191 2915 2347 2977 tium,
2381 2918 2431 2967 in
2463 2932 2519 2968 re
2554 2918 2657 2969 levi
2685 2927 2736 2970 et
2761 2934 2878 2985 qua:
2901 2933 3142 2973 errorem
3169 2921 3312 2973 inter
3332 2926 3497 2977 testes
3524 2922 3761 2977 oculares
3844 2914 3845 2921 “

2187 3000 2274 3053 vix
2304 3001 2447 3056 ferre
2478 3005 2672 3071 possit,
2717 3005 2817 3059 sibi
2858 3021 3189 3076 repugnans.
3236 3010 3509 3080 Optimum
3554 3015 3763 3085 quidem

2188 3089 2387 3161 aliquis
2408 3091 2645 3161 duxerit,
2670 3094 2866 3149 missos
2890 3110 2981 3150 eos
3008 3098 3203 3167 facere,
3231 3110 3284 3156 et
3305 3101 3463 3160 fidem
3498 3107 3645 3160 tertii
3678 3105 3760 3159 ali-

502 3190 779 3255 Frobenii,
813 3201 1026 3254 semper
1055 3182 1371 3253 imprimere
1400 3182 1569 3251 parati
1600 3221 1615 3246 ,
1646 3190 1702 3233 ut
1724 3178 1936 3250 pinguia
1963 3192 2072 3247 pre:
2116 3171 2157 3235 Β
2189 3182 2465 3251 cujus,cui
2489 3185 2674 3241 videre
2695 3188 2939 3242 eamdem
2962 3190 3268 3261 contigerit,
3290 3208 3635 3265 exspecmre.
3659 3196 3760 3251 Non

500 3284 559 3336 lo
587 3289 799 3335 matura
830 3284 995 3332 esset.
1030 3274 1349 3343 Expeditior
1377 3272 1593 3343 quidem
1630 3288 1715 3327 res
1748 3271 1981 3335 videtur,
2036 3271 2082 3325 si

501 3378 596 3432 tibi
616 3376 968 3445 persuadeas,
995 3370 1316 3440 bibliopolas
1337 3368 1672 3437 emptoribus
1704 3365 1883 3420 fucum
1902 3362 2084 3418 facere

499 3470 760 3535 voluisse,
790 3478 851 3523 ut
880 3482 977 3537 pro
1016 3478 1152 3521 nova
1183 3461 1424 3519 editione
1478 3461 1812 3521 venderent,
1870 3456 1959 3510 cui
2006 3456 2082 3510 nil

502 3568 602 3622 nisi
646 3563 834 3619 titulus
877 3575 1047 3616 novus
1101 3566 1157 3614 et
1202 3554 1538 3626 prmfaminis
1592 3550 1795 3620 aliquid
1838 3548 2082 3602 additum

498 3660 713 3714 iuerat:
743 3652 961 3710 tametsi
1000 3667 1064 3706 ne
1094 3650 1173 3705 sic
1225 3647 1445 3717 quidem
1501 3643 1786 3699 artificium
1836 3640 2081 3710 epistolas

499 3750 642 3805 illius
683 3750 811 3800 satis
840 3745 1103 3812 intelligo.

1214 3829 1374 3883 £570.

580 3928 810 3983 Venetiis
837 3925 977 3998 apud
1002 3922 1329 3976 Vincentium
1360 3920 1694 3991 Valgrisium,
1730 3919 1857 3973 item
1889 3919 2079 3973 Juntas

504 4033 558 4077 et
591 4019 852 4073 Dominic.
888 4014 1226 4078 Nicolinum;
1255 4010 1433 4064 iit-4’.
1466 4008 1551 4062 ΧΙ
1580 4010 1749 4063 tomis.
1786 4010 1846 4063 D.
1873 4011 2081 4066 Aurelii

508 4109 808 4182 Augustini,
835 4106 1190 4178 Hipponensis
1221 4102 1483 4173 episcopi,
1507 4102 1739 4170 Operum
1771 4110 1937 4154 tomus
1966 4104 2079 4172 pri-

503 4200 741 4258 mus.Cui
758 4207 1101 4255 accesserunt
1115 4195 1262 4259 libri,
1281 4193 1547 4262 epistolae,
1570 4207 1849 4246 sermones
1867 4199 1921 4245 ct
1938 4192 2077 4260 frag-

505 4301 683 4349 menta
703 4291 930 4359 aliquot,
948 4287 1206 4340 hactenus
1233 4298 1522 4353 numquam
1554 4284 1834 4351 impressa.
1869 4282 1932 4334 In
1953 4298 2073 4352 quo,

503 4393 687 4455 praeter
712 4384 937 4436 locorum
960 4378 1239 4432 multorum
1260 4377 1651 4442 restitutionem,
1674 4375 1951 4429 secundum
1975 4376 2081 4428 rol-

502 4479 747 4533 lationem
772 4472 1110 4527 vetustiorum
1138 4467 1505 4539 exemplarium
1527 4508 1541 4530 ,
1582 4467 1872 4519 ctu-urimur
1912 4482 2077 4520 remo-

2188 3273 2387 3339 abnuo,
2422 3290 2520 3330 nec
2563 3285 2741 3333 tamen
2783 3279 2914 3334 mihi
2943 3289 3209 3354 tempero,
3240 3300 3351 3356 quo
3382 3287 3567 3345 minus
3594 3288 3761 3360 suspi-

2188 3365 2369 3420 ciones
2391 3382 2539 3422 meas
2561 3368 2774 3425 addam.
2801 3371 3171 3429 Audiffredutn
3193 3376 3371 3433 virum
3396 3396 3590 3452 supra,
3613 3396 3760 3454 quam

2187 3454 2290 3511 dici
2319 3466 2513 3526 potest,
2540 3459 2593 3514 in
2627 3461 2692 3515 iis
2723 3462 2993 3532 omnibus,
3021 3481 3139 3535 qua:
3162 3467 3229 3522 ad
3250 3467 3677 3543 descriptionem
3701 3474 3760 3527 li-

2186 3545 2266 3600 bri
2295 3548 2524 3617 alicujus
2548 3550 2614 3603 ab
2640 3565 2708 3606 eo
2737 3553 2966 3622 inspecti
2997 3557 3291 3625 pertinent,
3314 3560 3589 3634 sedulum,
3617 3566 3668 3619 in
3689 3562 3761 3618 his

2186 3646 2292 3691 tam
2326 3638 2590 3694 distinctis
2621 3642 2798 3697 verbis
2837 3643 2905 3699 ab
2942 3659 3008 3699 eo
3038 3650 3315 3720 conceptis
3354 3665 3597 3722 errasse,
3631 3669 3759 3726 agre

2183 3728 2313 3783 mihi
2343 3731 2662 3800 persuadeo.
2708 3733 2825 3789 Jam
2866 3736 2919 3790 in
2959 3736 3128 3792 titulis
3167 3748 3314 3797 certe
3356 3743 3562 3799 nullum
3597 3750 3758 3802 exstat

2185 3824 2502 3892 typographi
2544 3824 2822 3881 indicium.
2870 3827 3034 3897 igitur
3061 3829 3117 3885 in
3145 3829 3289 3887 calce
3331 3835 3458 3891 tomi
3498 3837 3756 3907 cujusque

2183 3915 2401 3968 nomina
2442 3915 2889 3987 subscripserint,
2938 3934 3163 3975 necesse
3212 3930 3315 3978 est.
3363 3924 3526 3995 Atqui
3578 3926 3751 3982 titulos

2182 4003 2403 4060 aliunde
2447 4006 2555 4073 jam
2610 4009 2664 4061 in
2703 4023 2852 4062 suam
2896 4008 3289 4067 Bibliothecam
3342 4020 3755 4087 transcripserat

2180 4097 2530 4164 Clementius,
2576 4116 2697 4156 cum
2743 4102 2898 4171 hujus
2941 4104 3193 4161 editionis
3232 4111 3515 4179 exemplar
3557 4112 3666 4181 ipsi
3705 4111 3750 4162 iu

2181 4204 2374 4244 manus
2407 4192 2687 4248 incideret.
2722 4192 2873 4250 Tunc
2901 4210 3029 4250 vero
3058 4196 3185 4265 quid
3214 4197 3361 4252 illum
3392 4200 3570 4270 egisse
3602 4211 3753 4271 putas

2180 4282 2245 4334 ad
2279 4282 2513 4337 Fabricii
2547 4285 2702 4338 fidem
2736 4286 3156 4356 explorandam?
3186 4289 3397 4345 Evolvit
3418 4292 3628 4349 scilicet
3650 4293 3755 4347 sin-

2178 4375 2299 4443 gula
2330 4376 2603 4431 volumina
2632 4386 2686 4432 et
2712 4380 3100 4451 circumspexit
3127 4385 3506 4455 typographos.
3538 4387 3752 4441 Minime

2180 4489 2309 4529 vero
2342 4477 2495 4532 unice
2525 4483 2656 4532 tunc
2682 4481 2927 4547 curabat,
2962 4489 3019 4535 ut
3044 4482 3112 4539 de
3140 4483 3440 4556 integritate
3468 4484 3751 4549 editionis,

499 4571 604 4625 reri
632 4585 690 4623 ea
722 4567 914 4628 omnia,
941 4578 1057 4632 qua
1083 4560 1319 4630 ﬁdelium
1342 4569 1532 4612 mentes
1561 4558 1797 4611 hwretica
1828 4559 2077 4626 pravitate

2190 4592 2341 4646 quam
2358 4580 2412 4632 in
2433 4578 2652 4633 dubitnn
2673 4578 2767 4634 alii
2791 4592 3151 4650 vocaverant,
3178 4591 3234 4640 et
3257 4582 3613 4642 defenderant
3640 4585 3752 4649 alii,

501 4670 702 4731 possent
738 4659 977 4728 inﬁcere,
1006 4662 1096 4707 aut
1125 4670 1155 4705 α
1183 4653 1435 4706 catholica
1472 4663 1521 4706 et
1549 4652 1839 4705 orthodoxa
1878 4654 1958 4704 via
1988 4653 2079 4707 de-

498 4757 660 4805 ttiare.
691 4752 918 4807 Additus
945 4756 1029 4804 est
1058 4746 1224 4800 index
1255 4744 1467 4799 caeteris
1495 4743 1746 4796 omnibus
1764 4750 1819 4796 et
1841 4742 2079 4811 locuple-

500 4844 605 4895 tior
633 4850 688 4893 et
713 4842 1000 4909 copiosior.
1033 4836 1183 4892 Nunc
1212 4849 1402 4890 recens
1425 4835 1743 4901 impressus,
1769 4834 2075 4903 recognitus

501 4942 555 4987 et
580 4930 915 4986 emendatus.
944 4930 1188 4985 Venetiis
1215 4925 1527 4983 M.D.LXX.
1562 4925 1771 4997 (i570).

575 5022 762 5074 ramus
799 5024 1080 5089 secundus,
1120 5022 1487 5091 complectens
1524 5017 1669 5072 illius
1707 5017 1965 5088 epistolas
2003 5017 2070 5073 ad

500 5115 701 5172 amicos
723 5112 1064 5166 transmissus
1088 5129 1099 5164 :
1126 5128 1247 5167 eum
1277 5114 1550 5167 nonnullis
1577 5111 1857 5179 responsis
1885 5125 2072 5165 eorttm

500 5208 564 5261 ad
597 5208 793 5274 ipsum.
839 5201 906 5255 In
932 5218 1053 5271 quo,
1086 5209 1192 5255 etc.
1214 5244 1227 5268 ,
1262 5203 1401 5269 quod
1436 5211 1620 5269 postea
1652 5202 1705 5255 in
1736 5201 2070 5271 singulorum

498 5297 669 5351 titulis
690 5294 973 5363 reperitur.
1004 5291 1468 5346 Nomenclaturam
1492 5306 1701 5360 eorum,
1722 5293 1789 5349 ad
1810 5307 1948 5362 quos
1964 5295 2071 5347 Au-

498 5390 742 5459 gustinus
772 5387 980 5441 litteras
1006 5384 1189 5449 dedit,
1229 5384 1295 5439 ad
1326 5384 1525 5439 calcem
1555 5384 1715 5453 hujus
1752 5388 1887 5440 tomi
1915 5386 2071 5443 facile

502 5485 762 5549 reperies.
796 5482 968 5547 Nunc,
1002 5491 1107 5534 etc.

501 5617 810 5744 εὓὲιέέξὶἓξ.
843 5622 1111 5689 curieuse,
1142 5620 1441 5689 historique
1473 5632 1527 5678 et
1554 5624 1781 5694 critique
1809 5626 1871 5681 Τ.
1906 5626 1978 5692 ii,
2007 5643 2060 5696 p.

570 5704 827 5823 liiiiito
853 5759 1021 5818 Berol.
1059 5765 1216 5825 1715,
1246 5763 1401 5823 iri-8.
1434 5780 1484 5831 p.
1519 5766 1644 5819 735.

2182 4680 2382 4734 certior
2414 4679 2588 4737 ﬂeret.
2625 4680 2816 4736 Incidit
2853 4690 3030 4738 tamen
3068 4684 3121 4739 in
3167 4685 3378 4754 oculos,
3409 4685 3532 4743 dum
3565 4688 3617 4741 in
3653 4686 3751 4740 hoc

2182 4779 2398 4849 negotio
2443 4787 2739 4849 occupatus
2774 4790 2928 4852 erat,
2972 4783 3237 4840 Dominici
3266 4785 3497 4842 Nicolini
3524 4784 3750 4855 epistola

2180 4881 2532 4954 dedicatoria,
2565 4882 2794 4940 fortasse
2820 4884 2980 4940 etiam
3012 4888 3143 4942 tomi
3172 4888 3300 4943 noni
3330 4899 3383 4945 et
3410 4889 3603 4945 decimi
3625 4888 3749 4945 sub-

2179 4982 2421 5051 scriptio,
2449 4992 2505 5039 et
2541 4998 2663 5039 cum
2690 4993 2949 5054 praeterea
2978 4986 3115 5043 duos
3152 5002 3183 5042 a
3218 4987 3469 5045 Fabricio
3511 4991 3568 5045 in
3608 4990 3747 5046 illius

2180 5088 2697 5143 commemoratione
2718 5102 2936 5143 errores
2960 5088 3228 5145 admissos
3254 5091 3744 5151 animadvertisset,

2177 5190 2245 5245 de
2274 5190 2455 5255 tertio,
2481 5197 2629 5258 puto,
2652 5204 2758 5243 non
2790 5192 3018 5261 amplius
3042 5194 3394 5251 dubitandum
3427 5198 3530 5253 sibi
3556 5196 3740 5253 existi-

2178 5290 2364 5345 mavit.
2406 5287 2573 5343 Forte
2599 5288 2701 5355 his,
2730 5306 2756 5343 a
2788 5307 2871 5347 me
2895 5293 3197 5363 disputatis,
3232 5295 3445 5353 facilius
3475 5298 3746 5359 credetur,

2177 5391 2221 5444 si
2254 5390 2368 5459 ipsa
2393 5431 2407 5454 ,
2442 5388 2634 5460 quibus
2675 5390 2981 5448 Fabricium
3025 5402 3212 5462 taxat,
3245 5396 3408 5451 verba
3451 5397 3745 5458 adduxere,

2174 5505 2331 5559 quam
2365 5488 2434 5541 ob
2462 5503 2575 5543 rem
2608 5490 2694 5546 hic
2722 5491 3054 5562 subjicienda
3083 5498 3391 5552 curavimus
3424 5496 3522 5568 (ο).

2246 5629 2415 5711 (Quit.
2451 5630 2732 5711 Fabricius
2764 5635 2893 5711 s’e_st
2912 5635 3130 5711 _t_r_ompe
3150 5677 3175 5711 ,_
3201 5638 3383 5711 quand
3409 5638 3441 5691 ii
3462 5654 3492 5692 a
3518 5640 3594 5693 dit
3615 5638 3747 5690 dans

2172 5714 2230 5784 sna
2264 5700 2580 5784 Bibliotheca
2608 5700 2794 5767 latina,
2822 5704 2881 5757 T.
2912 5700 2997 5770 lli,
3117 5700 3567 5784 514':_4ugtistini
3594 5722 3745 5779 opera

2172 5771 2341 5825 decent
2369 5773 2534 5839 tomis,
2569 5776 2840 5840 ita-quarto
2867 5771 3247 5846 comprehensa,
3275 5771 3563 5846 Valﬁrisius
3592 5771 3742 5832 (ἐτι-ιιι
