3882 6378
189 326 259 386 ’Π
1133 317 1412 376 ΝΟΤΙΤΙΑ
1453 317 1799 375 LITTERAR

1916 319 1982 374 ΙΝ
2023 321 2080 377 S.
2124 319 2590 381 AUGUSTINUM.
3431 335 3502 397 78

269 444 396 499 lum
418 441 510 496 his
535 446 764 495 remotis
797 435 1179 508 progredimur
1216 435 1280 489 ad
1315 434 1397 502 id,
1431 434 1572 504 quod
1614 433 1804 489 melio-
1831 438 1879 496 Λ
1911 434 2207 491 fendendas
2236 437 2452 491 allatam
2484 453 2605 492 esse
2639 440 2910 507 novimus,
2942 443 3070 512 quin
3109 446 3289 515 potius
3318 451 3499 507 omnia

199 553 318 592 rem
365 544 459 588 aut
491 535 678 603 potius
726 531 989 584 famosam
1033 528 1170 582 hanc
1208 527 1500 582 editionem
1544 526 1796 581 reddidit.

205 631 473 685 Nimirum
506 640 696 680 curam
730 623 877 676 illius
909 622 1071 692 gessit
1095 662 1108 682 .
1143 635 1236 675 seu
1267 620 1407 689 quod
1435 619 1661 674 credere
1689 635 1799 673 ma-

203 725 319 791 lim,
354 719 441 775 vel
481 719 606 772 aliis
632 714 943 783 bibliopolis
972 713 1026 766 in
1052 711 1365 766 societatem
1389 711 1680 780 assumptis
1707 726 1800 779 pa-

198 828 319 868 rare
343 826 467 866 eam
499 809 758 870 inatituit,
788 806 873 860 vel
899 805 965 857 ab
988 803 1110 858 aliis
1135 805 1420 881 incmptam
1437 803 1671 858 redemit
1697 803 1800 857 Do-

199 905 449 960 minicus
481 899 760 956 Nicolinus
793 895 1114 965 bibliopola,
1145 905 1199 950 et
1227 894 1592 964 typographus
1619 894 1797 950 Vene-

201 1007 313 1062 tus,
361 996 523 1066 cujus
569 1001 751 1061 aperta
798 991 852 1042 in
897 988 1012 1057 ipsa
1064 986 1243 1042 fronte
1284 987 1463 1056 operis
1502 985 1797 1054 confessio,

203 1090 348 1159 quod
379 1104 441 1140 ea
471 1085 635 1140 omnia
662 1079 912 1134 removeri
941 1085 1228 1139 curaverat,
1261 1093 1375 1148 qua:
1401 1076 1631 1146 ﬁdelium
1657 1092 1799 1130 men-

205 1192 282 1234 tes
303 1178 546 1232 [secretim
575 1174 832 1246 pravitate
854 1177 1061 1241 possent
1089 1170 1318 1238 inﬁcere,
1347 1179 1434 1223 aut
1475 1185 1506 1221 (ι
1545 1167 1801 1222 catholica

197 1283 248 1325 et
262 1271 558 1325 orthodoxa
575 1269 679 1337 [ide
695 1266 924 1328 deviare,
943 1261 1086 1316 haud
1105 1262 1338 1330 benigna
1359 1263 1500 1315 inter
1517 1260 1802 1316 heterodo-

201 1381 304 1420 nos
330 1373 420 1420 est
450 1369 677 1432 experta
712 1357 940 1429 judicia.
987 1355 1390 1410 Perstrixerunt
1419 1369 1536 1408 eam
1569 1353 1670 1407 hoc
1697 1367 1799 1407 no-

200 1460 352 1512 mine
389 1457 587 1510 Caseus
629 1454 684 1507 in
721 1450 1022 1521 Prolegom.
1063 1447 1128 1501 ad
1163 1446 1303 1501 Hist.
1333 1447 1434 1500 litt.
1466 1445 1660 1516 Script.
1693 1443 1799 1499 Ec-

198 1557 322 1609 cles.
352 1563 481 1608 sect.
506 1567 606 1617 vn,
636 1558 692 1605 et
715 1547 806 1603 Jo.
830 1547 1061 1601 Clericus
1089 1545 1141 1598 in
1174 1543 1497 1614 Prwfatione
1523 1543 1661 1595 Artis
1688 1543 1802 1597 Cri-

200 1650 315 1700 tica:
344 1653 482 1701 sect.
517 1659 578 1698 tu
603 1684 617 1708 ,
652 1640 680 1712 §
711 1641 745 1696 9
775 1638 882 1710 (a);
913 1647 1076 1707 atque
1105 1645 1230 1690 ante
1258 1649 1351 1690 eos
1381 1635 1799 1690 vehementissi-

201 1755 291 1794 me
320 1739 376 1791 in
399 1737 506 1790 hoc
534 1747 730 1789 ausum
774 1732 1018 1784 invectus
1064 1734 1149 1783 est
1178 1724 1375 1784 Franc.
1407 1724 1711 1779 Turretinus
1744 1727 1796 1781 in

1913 525 2014 579 sibi
2050 527 2387 595 permisisse,
2415 544 2513 583 nec
2544 530 2712 584 textui
2743 531 2854 586 ullo
2881 533 3044 587 modo
3068 537 3407 608 pepercisse,
3444 543 3497 596 in

1907 620 2132 686 cpistola
2167 635 2295 687 sua,
2347 622 2501 690 cujus
2543 623 2756 678 inititnn
2788 640 2853 679 ex
2881 626 3184 683 Clementio
3215 629 3302 684 hic
3333 648 3500 701 appo-

1906 711 2104 776 nimus,
2136 724 2321 780 aperte
2346 714 2519 770 fassus
2548 727 2661 772 est:
2700 737 2717 768 ‹
2744 718 2878 773 Cum
2909 721 3018 775 divi
3051 722 3337 793 Augustini
3361 727 3496 797 Ope-

1905 817 1962 855 ra
1990 845 2002 865 ,
2055 802 2266 872 inquit,
2321 821 2426 859 non
2461 808 2579 862 sine
2626 823 2820 879 magno
2855 812 3140 869 catholica:
3170 815 3289 870 fidei
3323 818 3490 873 detri-

1905 902 2088 946 mento
2116 894 2457 950 circumferri
2501 899 2740 956 viderem
2771 943 2784 967 ,
2838 903 3220 960 haereticorum
3250 915 3490 965 versutia

1904 985 2090 1041 multis
2132 987 2183 1041 in
2221 988 2356 1042 locis
2400 989 2691 1059 depravata
2717 1035 2732 1058 ,
2782 1011 2959 1063 operae
3000 999 3235 1066 pretium
3273 1017 3359 1055 me
3404 1002 3488 1055 fa-

1903 1089 2119 1134 cturum
2149 1081 2485 1146 existimavi,
2516 1083 2561 1138 si
2603 1099 2698 1153 ea,
2733 1087 3034 1158 integritati
3070 1107 3181 1147 suae
3219 1096 3495 1163 restituta,

1905 1172 2008 1227 hoc
2039 1181 2285 1242 tempore
2331 1176 2721 1245 imprimerem.
2764 1179 2822 1234 1d
2847 1182 3022 1251 quod,
3067 1192 3127 1238 ut
3177 1185 3387 1241 facilius
3418 1204 3498 1242 as-

1903 1279 2184 1336 sequerer,
2240 1269 2423 1322 curavi
2458 1268 2765 1338 imprimis,
2826 1281 2882 1326 ut
2928 1289 2957 1327 a
3003 1291 3175 1330 sacrae
3207 1277 3496 1348 theologia:

1904 1359 2306 1430 professoribus
2357 1373 2913 1432 recognoscerentur,
2961 1375 3128 1436 utque
3168 1385 3290 1422 eum
3341 1381 3496 1424 vetu-

1903 1451 2163 1506 stioribus
2191 1452 2466 1507 codicibus
2495 1453 2690 1508 collata
2718 1497 2731 1519 ,
2767 1454 2834 1509 ad
2865 1457 3157 1526 genuinam
3192 1472 3383 1513 eOium
3417 1461 3492 1514 le-

1901 1545 2139 1599 ctionem
2194 1545 2595 1614 redigerentur.
2658 1545 2857 1601 Curavi
2914 1559 3209 1619 prteterea,
3254 1560 3308 1604 ut
3354 1550 3494 1607 inter

1903 1638 2327 1706 imprimendum
2373 1638 2661 1695 accederet
2699 1655 2828 1694 cura
2870 1655 2932 1695 ac
2962 1641 3118 1697 labor
3146 1643 3496 1698 excellentis-

1903 1729 2025 1783 simi
2057 1731 2155 1784 viri
2187 1730 2491 1802 Borgarutii
2517 1748 2547 1784 a
2578 1730 2908 1802 Borgarutiis
2936 1776 2950 1799 ,
2991 1742 3243 1803 typorum
3273 1750 3496 1790 accura-

205 1826 671 1898 disputationibus
698 1824 762 1876 de
786 1820 1077 1876 necessaria
1106 1819 1391 1872 secessione
1409 1826 1587 1871 nostra
1613 1817 1674 1870 ab
1698 1816 1798 1871 Ec-
1828 1817 1876 1876 B
1904 1820 2096 1873 tissimi
2146 1835 2208 1874 ac
2253 1821 2659 1891 diligentissimi
2702 1824 3061 1892 castigatoris.
3105 1826 3204 1888 Qui
3234 1835 3492 1893 quantum

201 1921 364 1974 clesia
385 1920 645 1983 Romana,
669 1925 716 1970 et
741 1910 1048 1982 impossibili
1079 1927 1194 1963 cum
1224 1926 1282 1963 ea
1313 1909 1664 1979 Syncretismo
1695 1909 1790 1980 (ὁ).

200 2013 408 2068 Neuter
440 2021 621 2065 tamen
651 2023 767 2063 eam
797 2006 966 2069 vidit,
995 2004 1091 2059 sed
1124 2019 1224 2059 sua
1253 2003 1426 2072 ipsius
1455 2002 1797 2058 confessione

193 2106 336 2160 satis
357 2101 711 2172 malignitatis
731 2098 1038 2153 convictam
1063 2110 1183 2150 esse
1204 2103 1534 2150 statuerunt.
1562 2094 1665 2149 Sed
1693 2093 1797 2150 hoc

196 2195 454 2265 iniquius
485 2201 578 2247 aut
605 2193 787 2246 saltem
811 2188 1199 2259 praecipitatius
1224 2187 1498 2256 iudicasse
1519 2186 1620 2239 visi
1648 2194 1794 2252 sunt,
1841 2188 1844 2189 ⁷

194 2288 414 2344 Caveas
436 2283 656 2355 quidem
682 2292 732 2336 et
754 2279 1021 2345 Clericus,
1047 2278 1198 2331 Rich.
1228 2278 1484 2343 Simonio,
1513 2278 1598 2346 qui
1624 2286 1798 2331 muta-

199 2381 387 2435 tiones
413 2378 545 2432 istas
566 2391 673 2431 non
699 2376 752 2428 in
777 2375 896 2443 ipso
921 2379 1095 2438 textu,
1123 2371 1219 2425 sed
1243 2370 1296 2424 in
1320 2370 1567 2424 censuris
1594 2378 1795 2422 tantum

207 2480 272 2527 et
304 2471 515 2525 scholiis
546 2471 715 2522 factas
750 2481 872 2523 esse
912 2464 1194 2520 contendit
1226 2461 1322 2534 (c).
1364 2463 1606 2530 Quocum
1634 2463 1797 2531 plane

197 2567 562 2630 conveniunt,
577 2577 701 2634 quae
718 2577 784 2617 ex
807 2561 1009 2615 inedita
1029 2558 1413 2613 dissertatione
1429 2557 1486 2611 P.
1505 2557 1566 2610 de
1579 2555 1724 2626 Vitry
1742 2557 1795 2610 in

198 2660 471 2716 Hemoriis
483 2657 795 2713 Treuoltinis
814 2657 1115 2711 excitantur
1129 2652 1228 2726 (ά).
1244 2652 1350 2709 Sed
1369 2652 1610 2720 reposuit
1628 2650 1798 2707 Cleri-

192 2768 320 2816 cus,
347 2767 462 2806 non
490 2764 638 2813 esse,
662 2763 757 2802 cur
784 2748 870 2801 sui
888 2763 946 2802 se
969 2746 1153 2816 judicii
1179 2747 1462 2814 paeniteat.
1493 2745 1796 2798 Simonium

190 2853 413 2899 textum
437 2839 668 2909 huiusce
684 2837 932 2892 editionis
952 2853 1067 2891 cum
1089 2837 1189 2890 alia
1211 2835 1296 2888 vix
1313 2833 1681 2900 contendisse,
1696 2832 1801 2886 lta-

189 2936 386 2990 lorum
407 2940 591 2987 autem
612 2940 994 2996 correctorum,
1012 2930 1099 2999 qui
1124 2938 1231 2983 tam
1245 2942 1379 2998 vaga
1403 2928 1648 2982 oratione
1672 2941 1801 2997 ope-

188 3039 316 3081 ram
334 3038 496 3079 suam
514 3021 896 3087 declarassem,
915 3019 1167 3089 religioni
1185 3031 1292 3073 non
1311 3035 1359 3072 ιη
1369 3018 1540 3072 ultum
1564 3031 1685 3072 esse
1704 3017 1801 3071 tri-

192 3117 480 3172 buendum
509 3113 605 3188 (c).
656 3114 732 3168 Ac
771 3114 844 3167 ita
895 3111 1113 3184 quidem
1147 3112 1241 3165 diu
1273 3112 1339 3165 lis
1363 3111 1464 3166 sub
1489 3111 1670 3179 judice
1704 3125 1796 3179 pe-

1902 1912 1956 1964 iu
2006 1911 2315 1980 hujusmodi
2357 1927 2584 1981 operum
2631 1914 2989 1981 castigatione
3041 1915 3392 1982 praestiterit,
3427 1932 3494 1970 ex

1901 2003 2192 2058 collatione
2223 2007 2344 2059 cum
2378 2005 2485 2070 his,
2519 2015 2843 2060 caeterorum
2878 2007 3310 2076 exemplarium,
3336 2009 3494 2064 facile

1903 2098 2127 2167 patebit.
2145 2119 2162 2150 ι

2617 2190 2774 2246 1571.

1972 2281 2215 2350 Lugduni
2258 2283 2399 2354 apud
2428 2283 2730 2336 Morellium
2753 2324 2766 2346 ,
2801 2293 2847 2335 et
2889 2283 3112 2338 Parisiis
3146 2286 3287 2352 apud
3317 2284 3496 2340 Nivel—

1902 2373 2046 2425 lium.
2092 2373 2422 2427 Basileensis
2463 2373 2725 2428 editionis
2766 2374 2934 2428 factas
2964 2391 3084 2431 esse
3113 2375 3431 2431 iterationes
3459 2394 3491 2432 a

1900 2465 2152 2521 Fabricio
2183 2468 2471 2536 proditur;
2525 2482 2686 2536 quam
2733 2483 2894 2533 vere,
2931 2472 3177 2537 protinus
3207 2485 3314 2523 non
3342 2470 3493 2522 alftr-

1901 2575 2053 2614 mare
2105 2561 2303 2614 ausim.
2369 2561 2476 2616 Sed
2529 2561 2751 2618 memini
2793 2577 2878 2615 me
2907 2559 3303 2633 Lugdunensem
3338 2563 3496 2631 hujus

1899 2655 2026 2708 anni
2059 2655 2355 2709 editionem
2393 2656 2588 2708 octonis
2618 2654 2812 2708 factam
2846 2655 2988 2722 apud
3015 2656 3135 2709 εει».
3171 2653 3496 2708 Honoratum

1901 2747 2307 2813 deprehendere
2322 2747 2375 2797 in
2396 2746 2891 2798 llendrichiiPand.
2908 2746 3203 2810 Brandeh.,
3218 2746 3308 2797 ubi
3328 2749 3497 2798 [inar-

1901 2836 2145 2890 rationcs
2192 2835 2245 2889 in
2298 2835 2542 2890 l’saltnos
2573 2834 2943 2888 voluminibus
2988 2833 3033 2887 ll
3083 2834 3238 2888 in-8"
3290 2833 3494 2903 laudat,

1901 2942 2022 3000 quae
2054 2927 2172 2981 sine
2194 2926 2356 2980 dubio
2385 2925 2450 2979 ad
2483 2925 2746 2995 integram
2777 2941 3002 2994 operum
3040 2924 3338 2981 editionem
3374 2942 3496 2996 per-

1902 3020 2096 3074 tinent.

2618 3109 2778 3164 1577.

194 3211 414 3281 pendit,
463 3209 640 3263 donec
682 3205 1020 3263 Clementius
1071 3204 1289 3259 tandem
1339 3202 1619 3259 arbitrium
1653 3204 1795 3258 illius
1826 3189 1872 3253 C
1975 3203 2274 3273 Antuerpiw
2300 3218 2362 3256 ex
2386 3202 2585 3273 oﬁicina
2614 3200 2981 3271 Christophori
3005 3201 3280 3269 Plautini;
3311 3205 3363 3258 in
3383 3205 3497 3273 -{ot.

193 3300 529 3370 susciperet.
587 3297 718 3353 Nam
767 3313 890 3353 cum
943 3311 1065 3352 rara
1114 3295 1171 3349 in
1205 3295 1286 3349 his
1309 3296 1506 3349 litteris
1539 3294 1796 3350 felicitate

196 3395 307 3464 ipsi
338 3394 680 3462 contigisset,
710 3391 978 3447 editiones
1009 3387 1248 3444 Venetas
1269 3387 1399 3441 anni
1424 3386 1562 3442 1552
1582 3397 1636 3440 et
1661 3386 1799 3442 1570

197 3488 348 3542 inter
379 3500 441 3541 se
468 3484 716 3539 conferre
741 3525 755 3549 ,
785 3482 922 3536 vidit
951 3481 1186 3551 primum
1209 3523 1222 3546 ,
1257 3479 1402 3550 quod
1434 3479 1594 3549 plane
1624 3492 1798 3547 usque

198 3579 333 3634 dum
361 3576 668 3648 ignoratum
699 3574 820 3641 fuit,
852 3571 1087 3643 priorem
1120 3569 1246 3624 huic
1268 3569 1670 3640 quodammodo
1703 3583 1800 3638 pro

203 3668 563 3722 fundamento
611 3665 776 3720 fuisse
800 3709 815 3733 ,
859 3679 962 3719 nec
995 3672 1180 3717 tamen
1215 3676 1310 3732 per
1343 3662 1524 3715 omnia
1554 3675 1673 3715 esse
1702 3661 1797 3715 de-

203 3758 466 3825 scriptam
488 3799 501 3823 ,
545 3755 642 3811 sed
665 3764 722 3809 ut
751 3755 981 3825 quaestui
1012 3753 1591 3808 convenientissimum
1625 3755 1798 3806 visum

203 3861 389 3916 esset,
441 3859 494 3906 et
547 3850 776 3905 consilio
802 3889 817 3914 ,
860 3848 1004 3919 quod
1039 3847 1316 3917 professus
1366 3856 1449 3901 est
1479 3847 1796 3916 bibliOpola,

204 3955 415 4013 aptum,
448 3944 568 3998 aliis
596 3943 864 4011 demptis,
900 3952 953 3996 et
976 3942 1200 3995 mutatis
1227 3941 1367 3994 aliis.
1417 3941 1506 3996 Sic
1533 3943 1802 3994 accessio-

204 4052 304 4091 nes
331 4078 347 4100 ,
400 4053 523 4106 qua:
551 4037 606 4090 in
636 4037 794 4090 titulo
818 4035 1114 4105 jactantur,
1161 4036 1270 4102 jam
1310 4032 1502 4086 iisdem
1533 4034 1714 4086 verbis
1745 4033 1801 4086 in

204 4129 490 4195 superiore
521 4127 782 4197 promitti,
807 4136 966 4196 atque
999 4125 1256 4188 indicetn,
1285 4124 1442 4177 titulo
1466 4134 1670 4177 tantum
1704 4124 1802 4176 im-

205 4228 420 4274 mutate
460 4229 516 4275 et
552 4221 726 4276 deleto
759 4218 1029 4289 imprimis
1073 4219 1311 4272 auctoris
1354 4217 1606 4278 nomine,
1641 4217 1800 4286 plane

203 4311 279 4363 ab
319 4309 519 4364 eadem
559 4310 896 4382 desumptum
940 4324 1094 4375 esse,
1136 4307 1636 4364 ostendit.'Contra
1669 4323 1802 4363 vero

205 4403 267 4456 in
304 4401 489 4456 multis
519 4403 670 4456 etiam
705 4401 963 4458 recedere
990 4400 1056 4454 ab
1086 4400 1172 4451 illa
1208 4399 1610 4463 animadvertit,
1638 4399 1804 4452 omis-

201 4496 288 4550 sis
310 4504 365 4550 et
393 4494 560 4549 illatis
589 4503 694 4549 tam
726 4493 956 4564 singulis
978 4491 1204 4546 vocibus
1229 4533 1241 4556 ,
1299 4505 1456 4557 quam
1487 4489 1688 4543 libellis
1718 4491 1828 4543 in--

1905 3292 1990 3348 XI
2016 3295 2180 3348 tomis.
2213 3293 2390 3362 Opera
2419 3293 2528 3347 divi
2558 3292 2766 3346 Aurelii
2797 3295 3103 3364 Augustini,
3136 3297 3500 3366 Hipponensis

1906 3388 2144 3457 episcopi
2175 3395 2230 3442 et
2259 3387 2501 3442 doctmis
2534 3385 2816 3455 pracipui,
2843 3392 3004 3442 tomis
3032 3389 3217 3444 decem
3253 3405 3502 3460 compre-

1909 3479 2099 3543 hensa,
2152 3495 2245 3544 per
2277 3479 2560 3547 theologos
2604 3478 2975 3534 Lovanienses
3006 3494 3074 3533 ex
3104 3482 3493 3552 manuscriptis

1906 3569 2183 3623 codicibus
2217 3569 2385 3621 multo
2416 3568 2602 3620 labore
2632 3568 2925 3622 emendata
2950 3611 2964 3635 ,
3020 3578 3076 3623 et
3103 3573 3172 3626 ab
3199 3573 3502 3628 innumeris

1907 3666 2186 3719 erroribus
2209 3663 2498 3729 vindicata;
2527 3662 2796 3716 illustrata
2825 3672 3089 3731 praeterea
3117 3666 3348 3720 eruditis
3372 3683 3502 3723 cen-

1907 3757 2046 3810 suris
2077 3767 2128 3810 et
2179 3756 2504 3824 locupletata
2553 3755 2738 3808 multis
2773 3754 3011 3808 homiliis
3053 3765 3108 3810 et
3139 3757 3348 3826 aliquot
3380 3763 3498 3830 epi-

1908 3849 2062 3904 stolis
2115 3848 2356 3917 ejusdem
2416 3848 2565 3902 Beati
2612 3847 2938 3916 Augustini,
2991 3858 3150 3903 antea
3178 3864 3285 3904 non
3317 3853 3497 3910 editis.

1909 3940 2040 3996 Cum
2073 3941 2247 3996 indice
2280 3941 2573 4009 tripartito.

1979 4035 2111 4088 Cum
2162 4034 2389 4102 singulis
2443 4036 2604 4088 tomis
2651 4035 2955 4102 peculiares
3007 4035 3213 4090 addita:
3255 4037 3385 4103 sint,
3430 4039 3499 4093 ab

1910 4126 2241 4180 Erasmianis
2269 4125 2381 4180 fere
2409 4125 2713 4196 desumptae
2743 4127 3128 4196 inscriptiones
3155 4171 3169 4194 ,
3197 4127 3286 4184 hic
3319 4139 3502 4186 tamen

1908 4220 2181 4290 generalis
2211 4221 2395 4274 titulus
2422 4220 2715 4288 pra‘ftgitur
2745 4223 3004 4276 volumini
3029 4263 3043 4288 ,
3075 4224 3219 4292 quod
3252 4225 3503 4279 ultimum

1910 4320 2057 4364 recte
2085 4311 2312 4378 diceres,
2340 4312 2467 4379 nisi,
2495 4321 2554 4365 ut
2585 4315 2687 4366 hoc
2718 4314 2834 4382 ipso
2867 4324 3034 4384 patet,
3071 4315 3296 4384 reliquis
3322 4319 3504 4370 omni-

1913 4401 2010 4455 bus
2063 4405 2303 4472 prteponi
2345 4404 2609 4469 deberet,
2642 4405 2849 4460 indices
2877 4422 2996 4461 cum
3030 4407 3262 4462 Possidii
3293 4409 3412 4463 Vita
3446 4419 3501 4463 et

1913 4493 2148 4548 indiculo
2200 4495 2520 4563 scriptorum
2577 4499 2889 4568 Augustini,
2943 4514 3044 4554 nec
3085 4514 3192 4554 non
3226 4498 3502 4566 praefatio-

208 4589 380 4660 tegris
402 4631 418 4656 ,
481 4605 709 4660 quorum
762 4588 1007 4657 exempla
1053 4596 1138 4641 sat
1177 4585 1342 4638 multa
1374 4585 1441 4638 ab
1475 4599 1537 4637 eo
1568 4593 1692 4636 sunt
1719 4597 1812 4637 co-
1835 4576 1888 4634 D
1916 4602 2039 4641 nem
2060 4631 2073 4654 ,
2105 4602 2224 4658 quae
2251 4587 2320 4643 de
2353 4590 2568 4643 ratione
2603 4593 2766 4645 totius
2799 4593 3028 4647 instituti
3061 4593 3316 4660 exponit,
3349 4606 3500 4647 com-

204 4697 330 4741 acta
365 4688 667 4758 quibusque
696 4686 946 4741 omnibus
987 4684 1126 4740 effici
1155 4684 1401 4753 colligit,
1434 4682 1805 4738 defensionem

206 4779 375 4850 hujus
406 4783 663 4836 editionis
692 4797 719 4835 a
745 4781 992 4836 Simonio
1012 4794 1298 4850 perperam
1324 4793 1447 4833 esse
1474 4785 1802 4847 susceptam.

200 4871 322 4928 Nec
357 4887 478 4929 sane
505 4889 606 4929 nos
642 4874 888 4930 videmus
909 4914 922 4939 ,
955 4889 1063 4943 quo
1092 4870 1360 4927 meruerit
1389 4869 1700 4935 Nieolinus,
1752 4877 1810 4922 ut

209 4968 580 5036 patrocinium
612 4970 733 5037 ejus
753 4967 1028 5023 Simonius
1060 4967 1387 5036 susciperet,
1414 4979 1534 5018 cum
1564 4963 1810 5032 nuspiam

195 5060 273 5116 ab
310 5061 433 5130 ipso
462 5063 702 5133 aliquam
734 5062 1039 5118 cautionem
1081 5061 1147 5114 ad
1186 5057 1521 5112 mutationes
1567 5069 1692 5109 suas
1719 5054 1814 5110 de-

192 5242 300 5306 dit,
334 5242 402 5294 A.
428 5241 486 5300 C.
517 5241 672 5298 1571.
702 5239 743 5297 il
768 5256 801 5314 y
826 5256 854 5296 a
881 5241 934 5296 ιδ
967 5242 1098 5314 trois
1125 5240 1329 5314 fautes.
1353 5240 1406 5293 1°
1429 5236 1809 5314 Cette‘edition

185 5329 220 5365 a
270 5328 422 5367 onze
459 5314 727 5376 volumes,
770 5308 822 5367 et
863 5329 967 5366 non
1009 5313 1136 5375 dix;
1177 5312 1231 5365 2'
1264 5313 1369 5368 elle
1392 5321 1473 5366 est
1498 5310 1564 5365 de
1596 5308 1807 5364 l’année

196 5385 382 5450 1570,
408 5394 594 5440 etnon
625 5385 750 5439 1571
778 5402 791 5450 ;
819 5383 875 5440 5°
902 5384 1009 5436 elle
1038 5399 1105 5437 ne
1127 5384 1273 5438 vient
1297 5399 1392 5450 pas
1421 5383 1487 5436 de
1512 5381 1815 5450 Valgrisius,

192 5457 354 5510 nisis
389 5456 453 5509 de
485 5453 785 5509 Dominicus
818 5453 1128 5516 Nicolinus,
1153 5457 1242 5522 qui
1277 5456 1343 5507 l‘a
1374 5453 1613 5508 enriehie
1654 5451 1815 5522 d‘une

190 5525 498 5590 dédicace,
533 5525 786 5582 adressee
810 5526 1003 5581 Joanni
1020 5521 1244 5579 Antonio
1277 5522 1563 5578 Fac/tinem
1587 5540 1616 5574 a
1645 5521 1814 5587 Nuce,

191 5597 500 5653 Neocastri
527 5599 788 5670 episcopo,
819 5608 865 5652 et
893 5597 1032 5670 apud
1060 5597 1297 5670 s_er_ettiss.
1333 5595 1651 5670 Venetorum
1681 5609 1817 5670 rem-

188 5670 480 5740 publicam
507 5664 709 5722 oratori
737 5668 1036 5738 Pontiﬁcio.
1068 5667 1183 5721 Ellc
1206 5676 1286 5720 est
1317 5665 1474 5720 datt‘e
1507 5667 1568 5721 de
1597 5664 1814 5732 Venise,

189 5745 248 5796 le
285 5742 368 5795 15
399 5741 677 5794 d’octobrc
712 5741 870 5793 1370.

272 5811 370 5872 ω)
400 5810 550 5867 Edit.
583 5811 787 5865 noviss.
823 5811 1062 5877 Lugduni
1096 5809 1211 5863 Bal.
1253 5804 1421 5876 1778,
1457 5807 1516 5861 T.
1554 5807 1609 5873 l,
1643 5821 1695 5876 p.
1726 5805 1816 5860 16.

1915 4679 2151 4748 plexum.

1989 4774 2317 4844 Susceperat
2364 4775 2620 4829 nimirum
2672 4775 2808 4829 hanc
2844 4790 2996 4828 novre
3025 4783 3080 4827 et
3107 4775 3504 4835 emendatioris

1917 4865 2207 4934 Augustini
2272 4881 2497 4935 operum
2563 4865 2819 4920 editionis
2872 4864 3206 4932 provinciam
3269 4869 3506 4936 primum

1915 4959 2141 5013 Thomas
2188 4957 2406 5014 Gozwus
2453 4959 2901 5012 Bellemontanus
2950 4957 3180 5024 Hanno,
3218 4960 3508 5032 theologia:

1920 5054 1970 5106 in
2004 5051 2335 5106 Lovaniensi
2385 5049 2566 5103 studio
2617 5046 2921 5118 professor,
2964 5051 3294 5122 apostolicus
3340 5062 3395 5107 et
3422 5071 3506 5108 re-

1995 5235 2068 5305 (ὁ)
2099 5233 2242 5309 Disp.
2265 5232 2338 5309 _V,
2375 5232 2606 5309 §26,_p.
2633 5233 2736 5289 150
2789 5235 3111 5293 Prodierunt
3148 5255 3382 5309 primum
3406 5238 3507 5292 Ge-

1917 5304 2057 5361 nevte
2083 5306 2222 5376 apud
2254 5304 2398 5359 Sam.
2435 5308 2496 5360 de
2529 5305 2781 5373 Tournes,
2817 5309 2976 5377 1687,
3015 5304 3196 5366 ἑτι-4⁵.

1997 5377 2071 5448 (ς)
2104 5377 2390 5431 Settlement
2421 5378 2555 5431 dans
2584 5377 2658 5431 les
2679 5382 2981 5434 sommuires
3008 5393 3053 5433 et
3083 5382 3152 5434 les
3178 5382 3411 5433 scholica.
3440 5379 3502 5434 V.

1926 5449 1978 5521 iu
2008 5446 2360 5521 Bibliothéque
2389 5450 2602 5521 critique
2627 5449 2698 5521 de
2717 5453 2980 5521 Sainjorc.
3015 5452 3073 5503 'l‘.
3108 5452 3142 5504 l.
3180 5468 3227 5515 p.
3258 5449 3356 5503 261
3386 5449 3506 5521 (νεα

1926 5519 2000 5590 ris
2028 5528 2081 5572 et
2108 5516 2284 5572 Amst.
2313 5520 2471 5576 1708.
2507 5516 2557 5572 tn
2583 5550 2604 5560 -
2623 5516 2726 5590 8°),
2762 5531 2818 5574 et
2843 5516 3039 5574 Lettres
3077 5520 3293 5576 choisies
3333 5516 3399 5575 de
3426 5521 3505 5577 Μ.

1927 5589 2334 5663 δὶωρη-(Αιηδι.
2375 5591 2643 5663 1730lin-
2667 5589 2750 5652 1’2,
2785 5593 2848 5663 Τ.
2884 5592 2969 5658 IV,
2993 5608 3053 5663 7p.
3089 5591 3208 5663 12).

2001 5659 2381 5733 (άλῌεροὶτεδ
2409 5663 2472 5733 de
2500 5661 2750 5733 Trénoux.
2788 5661 2941 5733 1772!).
2980 5662 3125 5728 Sept.
3251 5666 3404 5722 1618.

1997 5728 2069 5805 (ε)
2098 5731 2166 5788 γ.
2196 5728 2552 5802 Βίυιὶοιήὲᾳτιε
2577 5731 2773 5785 choisie
2802 5732 2864 5785 T.
2899 5730 3089 5800 XVIII,
3126 5728 3176 5805 νζ
3212 5737 3332 5790 169.
