3882 6302
494 294 561 350 ’19

1394 278 1951 339 SUPPLEMENTUM
1991 277 2087 332 AD
2123 275 2355 334 OPERA
2393 277 2447 333 S.
2488 275 2869 334 AUGUSTINI.
3662 285 3719 341 80

496 408 613 479 gius
644 405 905 461 librorum
944 416 1040 472 per
1069 398 1313 469 Belgium
1359 410 1575 451 censor.
1616 393 1943 462 Susceperat
1974 406 2071 445 au-
2098 388 2150 449 A
2176 390 2401 459 singulis
2448 390 2733 461 Augustini
2784 391 2959 457 libris,
3011 399 3068 445 ut
3114 391 3169 447 in
3205 393 3594 464 manuscriptis
3621 394 3721 452 ﬁeri

498 508 605 554 tem
635 498 746 563 sic,
776 504 834 551 ut
863 509 1071 549 summa
1098 491 1315 562 quidem
1346 503 1409 543 ac
1436 486 1717 542 arbitrium
1746 484 1915 539 totius
1948 497 2073 552 ope-

498 604 557 647 re
602 604 768 659 penes
816 603 877 643 se
906 594 1051 642 esset
1085 583 1186 655 (a),
1230 583 1471 637 laborem
1517 594 1644 635 vero
1682 593 1803 633 cum
1834 575 2076 646 pluribus

502 681 632 736 viris
671 680 846 734 doctis
870 687 926 733 et
962 675 1265 731 studiorum
1298 671 1657 727 similitudine
1686 667 1991 737 conjunctis
2023 674 2078 721 et

503 774 703 828 affectu
730 772 783 825 in
831 771 889 824 S.
926 767 1286 838 Augustinum
1327 764 1485 833 quasi
1516 761 1746 818 invicem
1776 758 2080 813 aemulanti—

504 866 603 919 bus
633 861 1081 923 communicaret,
1121 866 1176 912 et
1202 870 1369 926 pensa
1420 853 1576 924 quasi
1624 850 1855 921 singulis
1895 848 2080 903 distri-

505 956 697 1011 buerct
721 995 736 1020 ,
780 950 1105 1021 conquisitis
1135 956 1192 1003 et
1220 946 1411 1002 divisis
1442 946 1587 999 inter
1614 956 1741 997 suos
1772 943 1891 1012 plus
1919 955 2079 1009 quam

508 1045 757 1099 ducentis
788 1057 923 1097 mss.
971 1039 1399 1108 exemplaribus.
1453 1035 1745 1104 Postquam
1796 1048 1927 1087 vero
1956 1046 2085 1101 apo-

509 1136 693 1204 plexia
737 1142 1028 1201 correptus
1074 1130 1236 1184 vitam
1290 1142 1413 1183 cum
1460 1133 1637 1180 morte
1689 1123 1983 1193 improvisa
2029 1138 2082 1177 a.

512 1227 647 1282 1571
685 1225 776 1279 die
806 1225 839 1280 8
872 1223 1054 1277 Martii
1085 1226 1534 1282 commutaverat,
1577 1230 1861 1272 successor
1889 1215 2006 1284 ejus
2032 1214 2085 1268 in

450 1304 455 1325 ἲ
510 1333 736 1373 munere
767 1316 1023 1372 censorio
1065 1314 1301 1369 Joannes
1330 1312 1581 1367 Molanus
1611 1312 1774 1367 etiam
1807 1310 1913 1365 hoc
1947 1323 2088 1365 onus

443 1399 449 1404 ’
514 1427 545 1465 a
590 1410 842 1464 Plantino
893 1408 997 1463 sibi
1048 1406 1255 1477 injungi
1284 1419 1475 1474 passus
1507 1412 1611 1471 est,
1640 1412 1696 1458 et
1724 1402 1954 1458 remotis
1982 1402 2090 1455 ali-

514 1512 647 1572 quot
673 1500 1023 1570 suﬂ'ectisque
1047 1499 1172 1554 aliis
1192 1499 1244 1553 in
1267 1512 1453 1552 eorum
1482 1496 1660 1551 locum
1686 1494 1987 1550 lectoribus
2014 1491 2089 1565 (b)

515 1594 627 1648 suis
684 1592 854 1647 veluti
912 1591 1169 1662 auSpiciis
1217 1588 1497 1661 profligari
1546 1602 1610 1642 ac
1647 1587 1836 1659 perlici
1874 1586 2090 1641 tandem

515 1700 651 1755 opus
681 1685 837 1739 vidit.

2175 484 2522 539 observatum
2548 491 2687 551 erat,
2713 484 3156 540 retractationem
3184 486 3376 555 ipsius,
3393 486 3545 540 autsi
3559 502 3620 542 ea
3646 486 3723 542 de-

2177 584 2357 643 esset,
2402 576 2621 631 brevem
2686 592 2972 632 censuram
3020 578 3319 633 multorum
3371 580 3725 649 theologorum

2177 668 2451 722 sententia
2474 668 2847 722 conﬁrmatam
2880 669 3258 736 praemitteret.
3309 669 3437 735 Quae
3468 670 3727 726 manifeste

2179 758 2518 827 deprehensa
2550 768 2827 815 constaret
2872 758 3159 830 Augustini
3190 775 3299 815 non
3329 775 3450 817 esse
3478 801 3494 828 ,
3526 776 3587 816 ea
3613 776 3731 831 prte-

2180 852 2364 906 missis
2410 854 2692 919 censuris,
2730 854 2785 907 in
2817 852 3121 923 appendice
3157 855 3287 908 tomi
3320 854 3401 908 sui
3435 856 3731 924 reponenda

2182 946 2416 1001 censuit.
2457 945 2525 999 In
2552 945 2630 999 his
2658 947 2883 999 censuris
2913 954 3082 1000 autem
3103 987 3117 1011 ,
3152 946 3351 1016 inquit,
3385 947 3631 1001 Erasmus
3655 950 3736 1004 ali-

2183 1036 2377 1104 quoties
2399 1076 2414 1103 ,
2464 1037 2653 1105 stepius
2692 1047 2863 1090 autem
2914 1036 3174 1090 indiculus
3202 1036 3465 1102 Possidii,
3497 1038 3738 1095 citatione:

2185 1124 2364 1192 Bedaz,
2396 1141 2614 1179 censura
2657 1128 3009 1197 manuscripta
3038 1127 3322 1181 doctissimi
3352 1126 3579 1200 theologi
3602 1127 3736 1182 Joan-

2188 1218 2268 1270 nis
2301 1216 2525 1271 Hesselii
2563 1219 2617 1271 in
2658 1234 2834 1272 novem
2863 1226 3028 1271 tomos
3053 1228 3101 1272 et
3131 1220 3397 1273 reverendi
3424 1220 3589 1290 patris
3619 1219 3743 1273 Mar-

2192 1308 2286 1361 tini
2316 1307 2481 1377 Lipsit
2513 1310 2561 1363 in
2593 1318 2785 1363 tantum
2816 1309 3069 1364 decimum
3092 1326 3277 1381 magno
3306 1311 3449 1363 nobis
3470 1311 3745 1382 adjumento

2192 1402 2422 1470 fuerunt.
2480 1401 2634 1455 Nihil
2677 1411 2849 1455 autem
2894 1402 3145 1469 adhibui,
3192 1405 3320 1473 quin
3370 1421 3400 1457 a
3430 1404 3631 1457 duobus
3660 1404 3749 1457 col-

2192 1492 2312 1563 legii
2342 1492 2506 1545 nostri
2551 1493 2944 1563 professoribus,
2994 1492 3222 1548 Henrico
3252 1494 3437 1549 Gravia
3463 1504 3509 1548 et
3536 1495 3748 1549 Lauren-

2193 1582 2263 1636 tio
2294 1582 2651 1638 Westerhovio
2676 1624 2692 1651 ,
2743 1601 2869 1653 quos
2891 1586 2946 1638 in
2972 1586 3067 1638 hac
3105 1596 3247 1655 parte
3274 1587 3440 1640 socios
3471 1596 3521 1640 et
3564 1587 3752 1658 adjuto—

2193 1693 2273 1729 res
2299 1677 2455 1731 habui
2477 1686 2610 1732 certe
2642 1687 2894 1747 strenuos,
2926 1679 3269 1750 approbatum
3294 1680 3377 1733 sit.
3414 1680 3490 1735 Ac
3519 1680 3626 1733 hoc
3653 1680 3751 1748 qui-

584 1777 699 1833 Nec
729 1791 859 1830 vero
900 1775 1131 1845 singulis
1170 1774 1335 1829 modo
1364 1772 1525 1827 tomis
1565 1770 1678 1826 dati
1710 1777 1837 1825 sunt
1863 1766 2095 1825 admini-
2121 1760 2169 1819 B
2197 1768 2322 1825 dem
2351 1771 2545 1839 privati
2575 1770 2813 1827 hominis
2841 1771 2998 1842 quasi
3041 1772 3109 1827 de
3153 1787 3251 1827 sua
3300 1774 3465 1841 ipsius
3494 1787 3661 1842 opera
3690 1766 3755 1826 est

516 1879 801 1938 stratores,
849 1869 943 1923 sed
986 1868 1039 1922 in
1073 1867 1302 1937 singulis
1330 1868 1517 1936 plures
1564 1878 1663 1934 pro
1707 1862 1917 1917 ratione
1943 1859 2094 1914 codi—

517 1975 638 2015 Cum
686 1959 1125 2014 elaboraverunt.
1199 1955 1537 2010 Praefuerunt
1582 1962 1762 2008 autem
1812 1950 2089 2019 operibus,

519 2058 658 2105 teste
689 2049 903 2103 Molano
927 2091 941 2113 ,
995 2048 1049 2101 in
1099 2047 1265 2116 primo
1308 2054 1455 2099 tomo
1483 2042 1811 2112 corrigendo
1835 2041 2093 2095 Martinus

521 2140 763 2207 Baccius,
795 2138 1099 2203 Tiletanus,
1130 2144 1319 2205 postea
1350 2133 1643 2187 Alollensis
1674 2140 1879 2203 pastor;
1908 2129 1962 2183 iu
1990 2130 2097 2196 epi-

520 2234 668 2287 stolis
697 2230 921 2285 Jacobus
942 2229 1131 2295 Baius,
1164 2226 1531 2290 Melunensis,
1564 2225 1781 2295 collegii
1811 2222 2096 2278 Sabaudiae

522 2323 747 2377 Lovanii
778 2335 1009 2391 praeses.
1061 2318 1305 2375 Accessit
1343 2325 1519 2370 autem
1550 2315 1981 2369 additamentum
2005 2325 2097 2367 ea-

523 2430 645 2469 rum
690 2412 757 2466 ab
791 2410 993 2464 Joanne
1037 2408 1225 2463 Gravia
1270 2422 1336 2462 ex
1366 2406 1637 2460 Societate
1659 2405 1788 2458 Jesu
1819 2402 2097 2457 Bruxellis

523 2505 931 2560 transmissum.
996 2502 1054 2556 In
1118 2500 1264 2552 tertio
1315 2508 1450 2551 tomo
1498 2496 1789 2551 desudavit
1838 2494 2095 2549 Henricus

524 2598 747 2669 Cuykius
775 2638 790 2663 ,
837 2592 1333 2665 Culenburgensis,
1389 2592 1601 2647 ethices
1642 2599 1767 2645 tunc
1798 2590 2095 2659 professor,

522 2698 650 2758 post
682 2689 972 2759 episcopus
1001 2683 1507 2741 Burzeniundensis.
1554 2683 1808 2750 Quartum
1835 2680 2099 2737 emenda-

522 2782 601 2836 vit
636 2779 905 2833 Embertus
937 2778 1218 2833 Everaerds
1246 2819 1261 2844 ,
1296 2774 1756 2840 Arendoncanus,
1796 2781 1983 2843 pastor
2012 2785 2103 2825 ec-

522 2871 703 2927 clesiae
732 2872 795 2922 D.
823 2870 1034 2923 Jacobi.
1063 2869 1259 2921 Libros
1279 2866 1348 2919 de
1367 2866 1581 2918 Civitate
1612 2863 1739 2928 Dei,
1770 2865 1859 2930 qui
1892 2871 2098 2915 tomum

522 2963 759 3032 quintum
783 2959 1012 3021 faciunt,
1044 2956 1226 3008 Petrus
1256 2952 1491 3018 Coretus,
1524 2951 1803 3013 Albensis,
1833 2957 2018 3017 pastor
2044 2958 2101 3003 et

522 3050 803 3122 professor
823 3044 1213 3116 Crispiuiensis
1237 3041 1493 3097 correxit.
1522 3041 1579 3094 In
1606 3049 1746 3093 sexto
1778 3046 1925 3091 tomo
1950 3036 2095 3091 Chri-

2188 1862 2452 1932 judicium
2519 1872 2682 1933 atque
2748 1862 3039 1933 professio.
3105 1862 3214 1919 Sed
3280 1863 3512 1919 fortasse
3568 1862 3758 1933 juvabit

2197 1955 2361 2011 etiam
2394 1971 2706 2024 censuram,
2740 1971 2899 2026 quam
2932 1957 3250 2012 auctoritate
3298 1955 3545 2011 muneris
3578 1954 3761 2026 publici

2198 2046 2401 2113 emisit,
2434 2064 2664 2118 quaeque
2706 2062 2867 2103 versa
2904 2048 3084 2103 statim
3115 2048 3256 2103 tituli
3289 2049 3483 2118 pagina
3518 2048 3763 2116 impressa

2205 2138 2425 2208 legitur,
2456 2155 2814 2208 cognoscere.
2855 2140 2999 2196 Ecce
3023 2156 3171 2196 vero.

2273 2248 2290 2281 ι
2336 2231 2513 2299 Opera
2538 2232 2831 2287 beatissimi
2873 2231 3193 2301 Augustini,
3229 2246 3326 2299 per
3354 2230 3646 2299 theologos
3674 2228 3767 2282 Lo-

2197 2321 2480 2376 vanienses
2530 2323 2820 2391 castigata,
2875 2322 3050 2376 tribus
3097 2322 3434 2391 potissimum
3464 2323 3533 2378 de
3563 2320 3768 2385 causis,

2197 2414 2446 2469 omnibus
2468 2414 2739 2481 prioribus
2763 2414 3089 2469 editionibus
3109 2422 3237 2469 sunt
3265 2414 3632 2483 prteferenda.
3660 2413 3771 2467 Pri-

2198 2520 2358 2571 mum,
2378 2506 2503 2571 quia
2530 2521 2595 2559 ex
2612 2504 3004 2559 vetustissimis
3035 2504 3422 2573 manuscriptis
3452 2504 3775 2570 exemplari-
3848 2508 3849 2567 Ῐ

2196 2595 2298 2650 bus
2345 2593 2619 2650 innumeri
2671 2595 2903 2664 foedique
2947 2609 3163 2651 errores
3195 2610 3289 2664 per
3313 2593 3554 2662 singulos
3601 2600 3773 2645 tomos

2199 2685 2308 2740 sint
2334 2685 2637 2750 emendati,
2666 2686 2911 2754 apposita
2937 2686 3099 2739 etiam
3129 2685 3197 2737 ad
3227 2685 3490 2751 cujusque
3512 2682 3652 2735 torni
3676 2683 3773 2736 cal-

2201 2791 2319 2832 cem
2347 2791 2443 2833 sua
2473 2775 2849 2845 castigatione.
2894 2773 3158 2838 Secundo,
3190 2772 3315 2841 quia
3341 2784 3701 2840 quaecumque
3727 2772 3772 2825 iu

2203 2868 2287 2921 his
2322 2870 2485 2923 tomis
2513 2877 2664 2922 erant
2692 2868 2954 2933 indoctae,
2996 2873 3091 2920 aut
3128 2879 3409 2931 censurae,
3442 2873 3537 2919 aut
3564 2873 3771 2921 annota-

2202 2956 2380 3009 tiones
2412 2958 2496 3023 (ut
2528 2957 2658 3009 nihil
2687 2956 2918 3025 amplius
2939 2954 3197 3024 dicatur),
3228 2972 3306 3011 ea:
3337 2959 3391 3011 in
3422 2957 3521 3011 hac
3549 2958 3771 3013 editione

2204 3045 2419 3099 absunt.
2456 3044 2646 3110 Tertio,
2680 3046 2806 3115 quia
2837 3045 3063 3115 singulis
3092 3046 3247 3101 libris
3271 3048 3590 3103 retractatio
3619 3049 3770 3117 ipsius

522 3113 795 3213 stophorus
825 3138 1013 3192 Broide
1036 3176 1051 3202 ,
1103 3136 1167 3188 ad
1219 3133 1465 3189 Arieusis
1496 3132 1747 3189 ecclesiae
1774 3132 2099 3188 decanatum
2128 3113 2174 3176 (ἶ
2207 3135 2378 3190 sancti
2410 3113 2709 3205 Augustini
2727 3144 2812 3191 est
2852 3113 3157 3205 praemissa,
3209 3146 3301 3192 aut
3344 3138 3435 3192 ubi
3480 3153 3549 3207 ea
3596 3113 3771 3202 deest,

521 3239 779 3288 evocatus
805 3271 819 3296 ,
869 3226 1191 3283 elaboravit.
1242 3224 1501 3294 Septimus
1531 3231 1722 3291 tomus,
1762 3237 1923 3293 quem
1950 3236 2102 3277 men-

522 3326 606 3381 dis
636 3321 903 3379 scatuisse
930 3320 1125 3376 dicunt
1149 3359 1163 3383 ,
1203 3318 1270 3373 ab
1299 3315 1529 3370 Henrico
1557 3314 1770 3382 Gravia,
1802 3314 2104 3369 Lovanien—

521 3416 607 3482 si,
642 3413 928 3483 theologiae
958 3410 1187 3465 doctore
1215 3417 1268 3464 et
1309 3406 1624 3479 professore
1655 3407 1839 3476 regio,
1886 3414 1939 3458 et
1967 3403 2104 3459 alias

522 3505 764 3573 celebri,
797 3501 1114 3575 recognitus
1153 3509 1261 3557 est.
1315 3497 1543 3553 Psalmis
1586 3497 1804 3567 praefuit
1854 3495 2104 3550 Claudius

522 3602 687 3659 Porta
711 3644 727 3669 ,
761 3596 1138 3671 Bapalmensis
1166 3637 1181 3663 ,
1215 3592 1504 3663 theologia:
1530 3592 1922 3647 baccalaureus
1943 3630 1956 3654 ,
1982 3599 2105 3658 post

520 3699 745 3755 Bindua:
795 3704 981 3765 pastor
1034 3699 1089 3745 et
1132 3688 1452 3743 canonicus.
1494 3685 1554 3737 1n
1602 3685 1730 3737 tomi
1762 3683 1883 3736 noni
1912 3695 2103 3736 corrc-
2168 3746 2169 3751 η

524 3795 704 3847 ctione
736 3787 1042 3839 Guitielmus
1072 3780 1247 3833 Estius
1277 3820 1291 3843 ,
1324 3776 1629 3831 Gorconius
1651 3813 1666 3839 ,
1703 3789 1924 3844 operam
1950 3787 2104 3827 suam

523 3882 876 3945 studiumque
910 3872 1150 3928 navavit.
1193 3871 1369 3937 Atque
1396 3868 1452 3921 hi
1484 3881 1703 3931 omnes,
1740 3875 1933 3936 praeter
1962 3867 2107 3921 Hen-

528 3972 701 4025 ricum
744 3968 1007 4022 Gravium
1062 3972 1117 4015 et
1176 3960 1457 4014 Claudium
1508 3958 1761 4023 Portam,
1820 3958 2119 4028 theologiin'

524 4058 792 4115 licentiati
839 4055 1158 4123 dignitatem
1188 4050 1423 4105 assecuti
1462 4059 1636 4103 erant.
1677 4047 1919 4102 Decimus
1952 4048 2108 4102 deui-

525 4167 630 4223 que
661 4160 837 4204 tomus
871 4144 1212 4216 Regularibus
1242 4142 1573 4196 Martiniauis
1599 4140 1755 4194 datus
1783 4151 1919 4203 erat,
1952 4140 2107 4208 quip-

526 4259 593 4312 pe
623 4243 674 4297 in
702 4255 860 4310 quem
889 4240 1000 4309 jam
1034 4236 1236 4306 pridem
1276 4234 1418 4304 apud
1454 4249 1547 4288 eos
1581 4232 1837 4287 Martinus
1878 4232 2103 4302 Lipsius,

527 4331 928 4393 Bruxellensis,
959 4326 1185 4396 ejusque
1220 4325 1476 4395 discipuli
1515 4323 1741 4377 Joannes
1768 4321 2023 4377 Costerius
2052 4330 2107 4375 et

523 4428 757 4483 Joannes
793 4421 1139 4486 Vlimmerius,
1166 4418 1545 4483 Lovaniensis,
1571 4417 1748 4485 magni
1770 4416 1972 4471 laboris
2004 4414 2104 4469 im-

526 4530 754 4589 pensam
781 4521 1029 4582 egerant.
1086 4509 1313 4563 Joannes
1354 4523 1483 4562 vero
1522 4506 1849 4562 Vlimmerius
1881 4508 1932 4561 in
1962 4505 2105 4562 hanc

526 4623 746 4682 quoque
775 4606 1069 4662 editionem
1097 4600 1331 4657 contulit
1352 4600 1535 4653 varios
1560 4600 1846 4669 Augustini
1896 4613 2103 4653 sermo-

530 4720 627 4760 nes
675 4719 705 4757 a
752 4716 812 4757 se
862 4706 1132 4770 repertos,
1165 4705 1218 4749 et
1261 4692 1464 4747 multos
1499 4701 1659 4745 antea
1695 4706 1799 4745 non
1828 4691 2003 4745 editos
2034 4705 2103 4745 ex

526 4796 847 4850 Cambronze
892 4790 1178 4848 codicibus
1230 4785 1475 4840 studiose
1517 4784 1887 4852 transcripsit.
1939 4784 2013 4838 De
2043 4798 2103 4838 se

527 4893 711 4939 autem
740 4884 983 4938 Molanus
1012 4881 1274 4946 affirmat,
1309 4877 1408 4932 sibi
1439 4885 1775 4932 reservatum
1807 4875 1975 4932 fuisse
1996 4917 2010 4943 ,
2043 4888 2103 4935 ut

600 5014 680 5086 (a)
709 5012 1045 5086 Difficultates
1068 5024 1273 5086 tantum
1294 5054 1309 5078 ,
1359 5027 1427 5086 ao
1446 5027 1505 5086 ea
1531 5051 1545 5076 ,
1585 5013 2095 5086 qutedubitationem

528 5080 793 5146 haberent,
823 5080 890 5132 ad
920 5096 973 5133 se
999 5083 1180 5151 referri
1206 5099 1320 5134 eum
1346 5080 1806 5151 voluisse,rscribit
1830 5086 2091 5143 Molanus.

596 5152 673 5225 (b)
704 5152 793 5206 Sic
820 5150 1252 5225 vocat_Molanus
1282 5165 1415 5225 eos,
1464 5152 1555 5225 qui
1575 5150 1579 5151 “
1599 5153 1945 5211 conferendis
1973 5173 2097 5213 cum

486 5218 663 5281 .ms's.
692 5218 1190 5292 exemplaribus_et
1237 5218 1569 5292 corrigendis
1615 5225 1895 5292 Augustini
1943 5227 2097 5282 libris

524 5308 685 5367 atque
710 5288 1560 5367 repurgandis_Eras_tn_i_maxime
1588 5288 1832 5350 censuris
1857 5307 1911 5351 et
1940 5297 2093 5353 Vivis

521 5357 933 5423 commentariis
962 5375 1031 5415 ex
1058 5358 1236 5414 Comei
1263 5357 1618 5427 dispositione
1640 5377 1923 5422 vacarent:
1955 5368 2097 5424 Exa-

520 5438 724 5492 minatis
770 5435 1016 5508 lectorum
1067 5432 1235 5501 aperis
1262 5474 1275 5497 ,
1325 5429 1601 5508 innmultis
1644 5438 1867 5501 quidem,
1899 5441 2090 5508 inquit,

520 5524 637 5582 acre
660 5506 913 5582 judicium
948 5518 1063 5556 cum
1092 5499 1296 5582 Summa
1323 5499 1597 5571 diligentia
1625 5499 1951 5582 cortjunclunt
1974 5499 2094 5582 pro;

521 5572 676 5630 bavi}
708 5578 759 5646 in
788 5576 905 5628 aliis
936 5583 1103 5629 autent
1130 5614 1143 5637 ,
1194 5572 1296 5646 etsi
1337 5587 1441 5646 non
1465 5583 1664 5627 tantum
1696 5572 1984 5646 diligentia!
2000 5581 2092 5634 de-

522 5644 886 5716 prehenderent
911 5685 925 5709 ,
969 5654 1137 5699 tamen
1188 5644 1241 5697 id
1287 5642 1460 5716 studii,
1489 5647 1624 5713 quod
1650 5642 1922 5716 habebant,
1956 5653 2093 5704 exci-

527 5718 733 5771 tandum
779 5714 985 5783 potius,
1034 5730 1185 5784 quam
1230 5714 1623 5785 improbandum
1682 5722 1875 5786 putavi.
1913 5714 2091 5776 Pauci

2206 3227 2385 3282 brevis
2412 3241 2664 3294 censura,
2696 3228 2988 3281 multorum
3019 3228 3399 3298 theologorum
3418 3229 3633 3298 judicio
3661 3245 3773 3286 con-

2206 3318 2436 3373 firmata.
2468 3318 2601 3384 Quae
2632 3326 2809 3373 autem
2855 3327 3005 3374 certo
3046 3320 3334 3388 Augustini
3376 3336 3484 3375 non
3512 3336 3641 3378 esse
3665 3332 3774 3377 sunt

2206 3411 2543 3481 deprehensa
2567 3452 2582 3477 ,
2612 3426 2675 3467 ea
2702 3413 2760 3466 in
2794 3413 2878 3467 sui
2917 3414 3047 3467 tomi
3088 3415 3447 3483 appendicem
3472 3426 3605 3472 sunt
3634 3430 3772 3486 repo—

2162 3572 2165 3575 ν
2206 3502 2339 3569 sita,
2374 3502 2611 3571 praalixis
2640 3501 2914 3567 censuris,
2952 3518 3076 3573 quas
3116 3520 3213 3573 per
3250 3504 3535 3575 theologos
3585 3507 3771 3577 aliquot

2210 3592 2581 3649 Lovanienses
2611 3601 2739 3648 sunt
2766 3594 3023 3649 discussae
3051 3603 3107 3649 et
3135 3596 3450 3665 approbata:
3482 3596 3603 3667 (ο).
3638 3616 3657 3650 ι

2277 3683 2359 3739 Ad
2384 3699 2504 3753 quae
2526 3698 2693 3752 pauca
2723 3683 2944 3754 jamjam
2970 3684 3128 3740 nobis
3154 3695 3278 3740 sunt
3309 3686 3676 3742 observanda.
3704 3683 3767 3740 Ac

2207 3791 2548 3847 praemonere
2578 3776 2793 3846 quidem
2831 3777 3008 3844 lubet,
3044 3780 3388 3847 partitionem
3412 3794 3509 3849 per
3540 3780 3768 3849 singulos

2168 3866 2171 3869 ’
2206 3882 2378 3927 minos
2414 3885 2479 3925 ex
2523 3870 2837 3924 Erasmiana
2877 3884 2996 3923 esse
3033 3879 3333 3940 servatam,
3369 3872 3465 3926 sed
3516 3883 3765 3929 mutatum

2206 3967 2406 4037 passim
2439 3965 2703 4020 librorum
2749 3963 2994 4018 ordinem
3014 4002 3027 4026 ,
3056 3962 3289 4018 maxime
3319 3978 3415 4030 per
3443 3979 3541 4020 eos
3563 4007 3578 4032 ,
3610 3965 3694 4035 qui
3721 3963 3766 4017 in

2207 4060 2532 4129 appendices
2581 4057 2767 4127 rejecti
2806 4065 2949 4111 sunt.
2997 4056 3115 4111 Non
3154 4056 3425 4111 immerito
3467 4066 3647 4114 autem
3679 4057 3766 4111 hoc

2208 4152 2308 4206 sibi
2350 4151 2689 4215 tribuerunt,
2736 4149 2877 4217 quod
2914 4155 3091 4202 textus
3132 4162 3164 4201 a
3200 4147 3385 4201 multis
3427 4149 3766 4216 gravibusque

2207 4242 2415 4297 mendis
2440 4242 2493 4295 in
2517 4254 2646 4294 mss.
2676 4238 3087 4307 exemplarium,
3109 4252 3341 4308 quorum
3364 4237 3625 4293 immensa
3652 4236 3766 4307 ipsis

2205 4335 2525 4405 suppetebat
2547 4332 2723 4402 copia,
2760 4333 2831 4387 sit
2853 4332 3192 4388 emendatus.
3216 4331 3453 4388 Probant
3475 4333 3603 4387 illud
3622 4332 3766 4387 casti—

2130 4476 2181 4535 Β
2208 4427 2436 4497 gationes
2461 4440 2557 4480 seu
2586 4424 2965 4494 recognitiones
3008 4422 3075 4477 ad
3115 4422 3277 4477 ﬁnem
3317 4424 3575 4491 cujusque
3608 4423 3763 4489 tomi,

2324 4527 2335 4535 .
2358 4534 2363 4535 ,
2444 4516 2696 4535 J__!_______
2773 4514 2989 4535 -12--.“
3053 4515 3099 4535 2..
3137 4515 3324 4535 __-!L__-
3355 4512 3636 4535 42l!_-_s-_
3684 4511 3763 4535 --Δ

2209 4527 2405 4588 prmter
2434 4516 2700 4572 decimum
2725 4555 2738 4579 ,
2771 4514 3025 4584 adjectae,
3051 4515 3103 4569 in
3131 4515 3326 4583 quibus
3351 4512 3659 4583 diligenter,
3682 4511 3765 4567 sed

2208 4610 2393 4679 paucis
2421 4606 2602 4687 verbis
2632 4605 2793 4661 lectio
2822 4606 3071 4674 superior
3110 4621 3231 4660 cum
3276 4606 3503 4661 lectione
3530 4605 3762 4660 codicum

2204 4702 2522 4757 collatorum
2554 4714 2649 4753 seu
2696 4713 2886 4754 recens
2912 4709 3127 4770 recepta
3153 4709 3516 4769 comparatur,
3543 4697 3764 4753 indiculo

2202 4792 2449 4849 codicum
2472 4790 2837 4846 adhibitorum
2861 4789 3061 4861 ubique
3085 4791 3387 4860 praemisso.
3422 4790 3620 4845 Harum
3647 4801 3761 4843 vero

2203 4884 2640 4942 emendationum
2689 4883 2775 4939 vel
2816 4883 3057 4939 locorum
3090 4883 3554 4939 emendandorum
3589 4883 3761 4953 largis-

2200 5022 2359 5090 fuere,
2389 5033 2603 5090 quorum
2631 5018 2686 5071 in
2709 5017 2878 5090 locum
2902 5019 3039 5085 quod
3068 5020 3237 5072 minus
3264 5019 3437 5090 idonei
3463 5019 3755 5090 viderentur,

2198 5088 2329 5144 alios
2379 5089 2666 5142 eruditione
2695 5088 2996 5161 iudicioque
3038 5099 3338 5161 pra’stantes
3391 5089 3525 5142 viros
3573 5088 3753 5156 suﬂeci,

2199 5162 2287 5231 qui
2308 5176 2370 5214 ex
2395 5168 2568 5213 nostro
2599 5160 2933 5231 praescripto,
2969 5167 3075 5212 tum
3102 5160 3393 5231 superiora,
3420 5168 3528 5212 tum
3557 5174 3760 5231 ea,rqua:

2205 5229 2481 5293 restarent,
2512 5238 2746 5281 accurate
2770 5229 3158 5297 carrigerent,et
3183 5229 3512 5298 difficultates
3536 5247 3596 5284 ac
3624 5230 3759 5283 dubia

2202 5301 2317 5354 loca
2348 5310 2543 5353 tantum
2569 5298 2635 5351 ad
2666 5315 2756 5353 nos
2784 5299 3048 5368 referrent.
3115 5346 3118 5350 λ
3628 5346 3631 5349 .
3734 5348 3743 5355 ,

2271 5370 2365 5441 (c)
2401 5370 2617 5441 Signata
2650 5380 2733 5441 est
2776 5370 2993 5423 Lovanii
3023 5387 3165 5424 anno
3198 5370 3552 5441 M.D.LXXI
3593 5372 3754 5426 kalen-

2202 5440 2289 5494 dis
2325 5440 2656 5512 Septembris.
2688 5440 2925 5495 Joannes
2955 5441 3198 5495 Molanus
3228 5440 3584 5498 Luvanicnsis
3604 5485 3617 5506 ,
3643 5457 3756 5512 αροσ

2199 5512 2413 5566 stolicus
2444 5522 2491 5567 et
2531 5511 2703 5580 regius
2744 5512 2993 5565 librorum
3030 5513 3282 5581 uisitator,
3324 5530 3433 5568 meo
3467 5511 3693 5575 nomine,
3720 5518 3756 5562 et

2200 5583 2457 5650 imprimis
2498 5582 2746 5656 mandato
2769 5592 2817 5637 et
2850 5584 3153 5656 auctoritate
3181 5585 3484 5642 veneranda:
3508 5581 3756 5656 facultatis

2196 5662 2388 5708 nostra:
2411 5652 2726 5723 theologicae,
2761 5656 2834 5710 sic
2856 5653 3151 5726 subscripsi.
