3882 6302
141 287 199 349 Si
1030 288 1308 348 NOTITIA
1348 284 1770 346 LITTERARIA
1807 288 1875 345 IN
1916 289 1973 346 S.
2019 290 2485 352 AUGUSTINUM.

138 406 270 457 sima
296 408 575 458 succrewt
604 412 763 469 seges
812 399 865 455 in
900 403 1099 457 tomum
1123 404 1435 473 septimum,
1463 404 1553 474 qui
1584 418 1711 459 eon-
1740 404 1794 463 A
1818 412 1920 471 ret,
1958 406 2336 474 probationem
2367 410 2700 480 adjicerent;
2739 412 2829 482 qui
2855 427 2985 469 vero
3013 426 3165 473 certo
3193 418 3409 491 Augus-

140 494 436 548 troversias
459 506 585 546 cum
616 491 910 547 Donatistis
935 502 1096 563 atque
1127 493 1428 565 Pelagianis
1456 496 1717 552 continet.

141 586 302 641 Multa
333 599 541 654 quoque
570 583 982 639 adeointricata
1006 595 1097 640 aut
1124 586 1177 640 in
1201 598 1484 657 utramque
1512 598 1739 657 partem.

141 676 509 746 explicabilia,
559 686 617 730 ut
665 692 855 746 parum
907 678 1010 732 sibi
1066 679 1306 735 laborem
1340 694 1716 736 successurum

140 768 392 832 sentiret,
438 768 529 837 qui
579 768 737 837 hujus
786 770 916 824 tomi
964 769 1164 825 vindex
1210 773 1540 828 constitutus
1568 782 1713 842 erat,

142 860 397 914 llenricus
426 859 673 928 Gravius,
705 860 812 916 nisi
836 862 904 915 ab
930 861 1174 917 instituta
1200 864 1253 917 in
1275 864 1506 933 reliquis
1538 864 1717 919 brevi-

142 959 248 1005 tate
294 951 586 1005 recederet.
636 951 907 1006 Vincebat
951 952 1096 1006 enim
1133 971 1152 1005 ι
1204 969 1309 1008 ηοη
1358 963 1464 1009 tam
1510 955 1714 1009 inﬁnita

144 1051 436 1097 erratorum
470 1044 645 1112 turba,
681 1059 799 1114 quae
845 1043 991 1099 hunc
1034 1054 1236 1099 tomum
1269 1046 1579 1115 turpissime
1618 1046 1716 1101 de-

147 1133 433 1201 fmdabant,
488 1151 676 1206 quam,
731 1136 875 1206 quod
920 1151 1148 1193 necesse
1196 1136 1508 1208 frequenter
1537 1147 1712 1205 esset,

142 1236 347 1282 mutata:
378 1228 625 1284 lectionis
654 1229 926 1285 rationem
950 1231 1210 1299 reddere,
1244 1232 1559 1287 mendosam
1587 1247 1716 1288 con-

143 1320 373 1389 vincere,
421 1322 622 1377 vitiatze
654 1338 874 1379 causam
902 1334 957 1379 et
989 1326 1306 1381 occasiones
1333 1329 1546 1395 aperire
1586 1345 1599 1381 :
1633 1326 1714 1380 in.

142 1414 334 1468 terdum
366 1424 542 1471 autem
574 1416 757 1472 varios
779 1417 1092 1488 expendere
1114 1462 1127 1486 ,
1158 1433 1221 1474 ac
1262 1418 1551 1474 collatione
1579 1419 1714 1473 alio-

142 1520 249 1561 rum
276 1509 410 1563 inter
438 1525 497 1563 se
542 1510 788 1564 locorum
837 1510 1174 1581 dijudicare,
1208 1528 1610 1582 nonnumquam
1658 1522 1713 1591 et

144 1608 315 1654 contra
343 1600 493 1655 ﬁdent
530 1616 634 1656 ms.
662 1602 936 1671 vulgatam
961 1618 1239 1659 asserere:
1271 1604 1565 1674 aliquando
1581 1619 1709 1659 vero

145 1690 508 1747 divinationem
563 1709 782 1764 quoque
832 1709 1175 1765 proponere,
1230 1698 1499 1767 quomodo
1529 1697 1708 1752 hiulca

1826 493 1917 548 tini
1948 510 2052 549 non
2075 512 2197 553 esse
2219 499 2548 569 deprehensi
2576 511 2759 557 essent
2780 545 2793 569 ,
2831 518 2928 560 eos
2970 506 3022 560 in
3055 510 3406 578 appendicem

1822 585 2113 654 rejicerent
2134 630 2149 653 ,
2184 591 2423 661 reliquos
2452 601 2545 647 aut
2574 609 2679 648 non
2708 595 2837 650 satis
2859 596 3163 667 discussos,
3197 609 3292 655 aut
3334 618 3405 657 ex

1815 676 2019 746 judicio
2065 685 2422 750 quorumdam
2475 687 2810 744 eruditorum
2852 690 3030 747 dubia:
3070 696 3408 750 auctoritatis

1820 769 1961 823 inter
1981 768 2407 840 Augustiniauos
2435 779 2838 849 relinquerent,
2876 796 2982 839 non
3012 785 3197 841 addito
3228 794 3405 842 tamen

1819 861 1937 931 ejus
1968 866 2206 921 nomine.
2235 866 2413 938 Atque
2442 872 2561 927 haec
2587 873 2854 931 hactenus
2888 877 2954 933 de
2984 878 3405 936 Lovaniensium

1819 953 2032 1009 studiis.
2081 955 2235 1023 Quod
2280 962 2601 1032 typographi
2634 975 2815 1034 partes
2864 971 3090 1036 attinet,
3142 971 3405 1041 impressa

1818 1054 1941 1098 sunt
1969 1060 2132 1114 opera
2156 1050 2370 1118 quidem
2390 1052 2709 1111 charactere
2740 1060 3008 1127 rotundo,
3042 1062 3172 1117 satis
3194 1062 3367 1118 nitido
3389 1103 3404 1128 ,

1818 1134 1957 1190 binis
1983 1138 2285 1206 columnis,
2331 1157 2579 1201 censura:
2602 1149 2826 1217 eodem,
2861 1152 2955 1207 sed
2988 1154 3217 1225 minori,
3252 1170 3407 1226 argu-

1818 1238 2000 1284 menta
2020 1242 2199 1288 autem
2232 1236 2369 1290 sicut
2391 1247 2443 1292 et
2467 1240 2521 1293 in
2548 1243 2883 1311 marginibus
2930 1256 3147 1314 notata,
3196 1248 3405 1303 Italico.

1816 1320 2013 1378 Omnes
2047 1334 2225 1381 autem
2273 1329 2403 1384 tomi
2427 1372 2442 1398 ,
2499 1342 2699 1401 praeter
2742 1350 2865 1390 eum
2897 1338 2989 1407 qui
3021 1338 3231 1394 indices
3256 1355 3404 1394 Com-

1816 1415 2088 1485 pleetitur,
2116 1430 2170 1475 et
2192 1422 2431 1477 universi
2459 1426 2640 1494 operis
2665 1426 2875 1482 titulum
2900 1429 3139 1498 praefert,
3166 1431 3404 1500 itemque

1815 1514 2195 1569 annotationes
2226 1514 2280 1569 in
2309 1524 2511 1572 tomum
2550 1518 2657 1585 γυ,
2684 1536 2884 1576 annum
2918 1522 3320 1577 M.D.LXXVI
3349 1523 3403 1579 in

1813 1601 1990 1658 fronte
2018 1616 2241 1673 gerunt;
2278 1624 2376 1664 nec
2405 1619 2586 1666 tamen
2615 1626 2803 1668 omnes
2826 1615 2929 1670 hoc
2959 1630 3104 1670 anno
3127 1618 3406 1675 absolutos

1813 1709 1971 1763 esse,
2005 1711 2069 1761 ev
2099 1699 2499 1770 subscriptione
2548 1713 2712 1773 patet,
2750 1721 2869 1776 quae
2920 1707 3150 1789 in'aliis
3200 1724 3404 1765 annum

145 1783 368 1853 impleri,
392 1786 569 1841 luxata
592 1788 796 1855 curari,
825 1789 1116 1858 depravata
1143 1790 1354 1844 restitui
1379 1804 1538 1859 posse
1562 1789 1711 1844 vide-
1740 1788 1788 1848 B
1814 1790 2275 1858 septuagesimum
2300 1804 2534 1874 sextum,
2568 1796 2623 1850 in
2665 1796 2790 1852 altis
2832 1783 3290 1869 septuagesimum
3318 1816 3405 1857 se-

142 1887 333 1933 rantur.
365 1898 382 1931 ι
419 1897 437 1930 ‹
478 1880 791 1945 Postremo,
823 1882 1033 1951 inquit,
1060 1883 1370 1938 annotanda
1392 1883 1556 1938 etiam
1589 1882 1707 1939 loca

142 1982 367 2039 suspecta
390 2015 404 2039 ,
434 1984 486 2028 et
518 1972 720 2043 quibus
756 1973 1021 2029 medelam
1066 1976 1182 2030 sine
1212 1990 1314 2029 ms.
1348 1975 1600 2045 praesidio
1628 1973 1709 2028 af-

139 2064 268 2121 ferre
308 2082 415 2121 non
462 2081 779 2137 possemus;
812 2076 874 2123 ut
901 2069 1158 2124 nimirum
1200 2070 1415 2125 occasio
1446 2070 1706 2125 studiosis

140 2158 487 2229 praeberetur,
520 2169 729 2216 veteres
765 2161 993 2216 aliarum
1035 2162 1320 2231 regionum
1346 2162 1705 2218 bibliothecas

138 2251 458 2315 excutiendi,
506 2254 736 2309 nuncubi
768 2253 911 2310 forte
932 2294 947 2317 ,
979 2254 1065 2309 vel
1091 2254 1425 2324 antiquiora,
1455 2254 1540 2309 vel
1572 2254 1706 2310 ﬁde-

140 2343 261 2398 liora
288 2345 609 2415 exemplaria
631 2347 856 2413 lateant,
886 2348 1030 2401 unde
1059 2346 1278 2417 corrigi,
1314 2349 1398 2403 vel
1425 2346 1704 2403 emendari

140 2450 199 2490 ea
222 2449 439 2507 possent.
464 2459 483 2493 ι
512 2440 654 2508 Quin
681 2441 772 2495 ubi
801 2440 971 2497 semel
999 2442 1067 2496 ab
1093 2442 1336 2497 instituto
1360 2442 1699 2511 recessisset,

138 2543 281 2583 ausus
321 2540 401 2585 est
436 2533 720 2601 aliquanto
748 2533 913 2589 etiam
955 2534 1168 2603 longius
1213 2534 1533 2603 procedere.
1569 2552 1587 2585 ι
1624 2535 1703 2588 Ac

136 2621 363 2689 primum,
391 2623 593 2693 inquit,
613 2625 914 2689 historiam,
936 2636 1057 2694 quae
1081 2623 1310 2694 plurima
1337 2624 1422 2681 bis
1443 2633 1497 2679 et
1519 2625 1712 2693 ignota.

136 2710 426 2783 frequenter
448 2717 715 2783 occurrit,
743 2718 979 2772 breviter
1009 2717 1357 2787 aperuimus;
1384 2715 1584 2771 dehinc
1606 2715 1703 2770 ob-

134 2818 269 2859 scura
300 2807 739 2874 illustravimus;
772 2808 838 2863 ad
868 2808 981 2864 haec
1009 2817 1259 2879 suspecta
1308 2815 1362 2862 et
1396 2807 1702 2877 periculosa

133 2900 548 2967 explicavimus;
590 2910 694 2956 tum
721 2903 787 2958 ab
808 2903 932 2957 aliis
953 2917 1140 2958 arrosa
1168 2901 1539 2967 defendimus;
1567 2915 1703 2970 prm-

138 3000 261 3049 terea
282 3009 389 3049 non
421 3004 577 3051 recte
603 3011 630 3049 a
659 2996 983 3066 quibusdam
1028 2996 1301 3054 intellecta
1322 3038 1338 3065 ,
1389 3010 1497 3066 quo
1539 3007 1701 3049 sensu

135 3089 417 3158 accipienda
460 3088 663 3157 forent,
695 3092 1065 3158 ostendimus;
1093 3091 1329 3161 denique
1360 3090 1406 3146 si
1429 3088 1555 3159 quid
1579 3102 1705 3144 con-

136 3185 201 3230 tra
224 3178 513 3235 hodiernas
546 3182 781 3239 haereses
813 3182 1052 3249 faceret,
1086 3192 1179 3238 aut
1206 3182 1411 3252 alioqui
1446 3181 1702 3236 observa-
1729 3154 1775 3219 θ

135 3270 259 3325 tione
282 3272 515 3343 dignum
540 3283 889 3341 occurreret,
937 3275 1127 3347 paucis
1166 3274 1565 3330 annotavimus.
1595 3272 1701 3330 Sed

135 3376 219 3417 nec
242 3364 289 3419 id
316 3368 498 3422 visum
541 3366 639 3422 fuit
670 3368 1107 3439 praetereundum
1126 3408 1139 3435 ,
1169 3378 1260 3435 ut,
1288 3368 1541 3439 quoniam
1569 3366 1704 3423 Ger-

136 3458 371 3514 manicum
408 3460 703 3529 exemplar
740 3460 1121 3532 corrigendum
1156 3461 1311 3517 nobis
1342 3461 1523 3516 datum
1549 3469 1698 3530 erat,

134 3547 263 3602 multi
286 3559 474 3607 autem
500 3550 771 3607 Gallicana
798 3560 1082 3608 uterentur
1110 3552 1364 3621 editione,
1412 3569 1528 3622 qtae
1571 3552 1702 3607 alios

136 3638 389 3707 frequenter
420 3657 495 3695 ac
524 3641 655 3698 alios
684 3660 718 3698 a
755 3643 1085 3699 Frobeniana
1114 3660 1310 3699 errores
1342 3644 1577 3715 haberet,
1607 3659 1702 3701 eos

135 3745 319 3804 quoque
350 3736 749 3794 iudicaremus.
792 3738 848 3793 ld
890 3739 1033 3809 quod
1078 3740 1131 3794 in
1183 3738 1319 3795 locis
1354 3738 1561 3809 aliquot
1592 3753 1701 3795 non

135 3823 457 3898 indiligenter
483 3829 733 3898 fecimus,
764 3832 860 3887 sed
884 3841 1187 3903 temporum
1208 3833 1473 3903 angustiis
1498 3831 1703 3887 exclusi

134 3918 367 3983 perﬁcere
388 3938 505 3976 non
532 3924 826 3993 potuimus.
859 3944 877 3978 ›
909 3924 1197 3997 Singulare
1219 3927 1400 3996 itaque
1419 3926 1698 3993 volumen,

131 4017 179 4061 et
211 4013 341 4080 quod
369 4015 646 4084 peculiari
676 4016 834 4073 titulo
865 4018 933 4074 ab
963 4018 1083 4087 ipso
1128 4026 1278 4073 tomo
1324 4019 1555 4087 septimo
1594 4018 1705 4073 dis-

133 4113 319 4160 cretum
347 4118 459 4175 est,
495 4110 577 4163 hae
598 4110 781 4165 Gravii
810 4111 1177 4167 discussiones
1204 4110 1480 4176 efﬁciunt,
1513 4110 1703 4166 inscri-

132 4202 247 4264 ptae,
278 4199 645 4256 Annotationes
672 4204 726 4258 in
749 4211 944 4258 tomum
980 4202 1093 4258 VII
1114 4203 1177 4258 Β.
1204 4204 1502 4279 Augustini,
1532 4204 1699 4274 Hipp.

130 4288 304 4354 episc.,
330 4292 515 4360 quibus
534 4297 922 4368 castigationum
936 4298 1071 4350 ratio
1092 4296 1406 4368 varietasque
1425 4295 1702 4350 lectionum

126 4376 400 4450 indicatur,
432 4399 513 4439 res
532 4399 811 4443 memoratu
832 4388 1003 4460 digna:
1030 4388 1385 4455 observantur,
1407 4389 1704 4443 obscuriora

130 4468 510 4547 ditﬁdlioraque
542 4481 656 4533 loca
681 4482 1009 4552 explicantur
1037 4486 1085 4534 et
1109 4480 1459 4535 illustrantur.
1483 4479 1705 4535 Antuer-

132 4562 224 4629 pile
247 4565 299 4618 Μ
308 4566 564 4624 λλιΧΧ
575 4570 650 4626 γι
660 4571 709 4625 1.
740 4571 856 4627 Jam
879 4571 1022 4643 quod
1045 4571 1268 4627 alterum
1294 4574 1521 4641 attinet,
1558 4571 1704 4643 quod

133 4652 178 4707 in
199 4658 482 4716 virtutibus
504 4663 669 4733 hujus
691 4665 945 4722 editionis
968 4668 1187 4737 publica
1209 4682 1437 4723 censura
1466 4665 1702 4738 reponit,

131 4748 252 4805 nihil
273 4755 467 4812 attinet
492 4757 679 4813 dicere
699 4758 827 4829 quid
858 4760 910 4815 in
943 4760 1153 4815 Erasmi
1182 4763 1428 4815 censuris
1458 4768 1515 4815 et
1540 4760 1592 4814 in
1615 4760 1706 4814 Vi-

133 4840 211 4894 vis
237 4850 627 4904 commentario
653 4888 668 4913 ,
718 4850 869 4907 hisce
898 4852 1165 4921 theologis
1191 4851 1546 4920 displicuerit.
1577 4850 1704 4905 Plus

128 4936 262 4993 valet
288 4944 505 4998 tertium
530 4984 546 5011 ,
589 4945 772 5015 spuria
802 4960 831 5000 a
858 4945 1107 5016 genuinis
1154 4959 1376 5016 prorsus
1414 4952 1622 5001 secreta
1650 4954 1706 5002 et

124 5025 172 5082 in
192 5036 546 5102 appendicem
567 5037 789 5107 rejects,
823 5037 967 5109 quod
989 5052 1120 5095 sane
1135 5038 1339 5094 laboris
1361 5046 1698 5095 momentum

121 5124 280 5181 multo
301 5129 593 5199 eruditius,
627 5146 789 5202 quam
813 5131 1102 5199 Erasmus,
1140 5132 1408 5202 persecuti
1437 5140 1582 5197 sunt,
1608 5132 1700 5202 qui

122 5215 460 5292 Plerumque,
495 5240 614 5294 quae
642 5224 746 5279 sibi
788 5234 1038 5294 suspecta
1086 5235 1300 5293 essent,
1347 5226 1419 5283 in.
1453 5225 1699 5282 censuris

123 5313 318 5366 tantum
348 5325 539 5370 notare
562 5323 856 5372 contentus
883 5315 1004 5382 fuit,
1030 5320 1253 5385 paucula
1279 5318 1540 5388 sejunxit,
1561 5334 1703 5389 quae-

122 5400 230 5458 dam
262 5408 419 5477 plane
448 5411 631 5481 ejecit.
664 5411 722 5466 lu
754 5410 1097 5467 sermonibus
1121 5421 1295 5468 tamen
1315 5454 1329 5480 ,
1360 5412 1452 5469 ubi
1481 5412 1702 5469 difﬁcile

122 5492 337 5568 luisset,
375 5503 445 5558 de
488 5504 791 5574 singulisin
822 5504 1144 5576 particulari
1189 5522 1442 5574 censere,
1486 5507 1701 5563 Martini

120 5583 277 5656 Lipsii
308 5595 623 5664 exemplum
667 5610 728 5651 se
772 5607 990 5653 secutos
1011 5610 1132 5653 esse
1158 5599 1390 5668 professi
1430 5609 1593 5672 sunt,
1644 5611 1702 5658 ut

117 5680 199 5749 iis,
231 5685 326 5754 qui
350 5697 507 5743 certo
539 5688 827 5761 Augustini
853 5707 974 5748 esse
1001 5691 1336 5760 viderentur,
1362 5711 1561 5751 nomen
1584 5696 1700 5765 ejus

115 5780 475 5850 Casriberent,
503 5793 559 5841 et
586 5804 650 5845 ex
681 5786 844 5856 Beda,
877 5796 969 5844 aut
996 5788 1234 5857 aliunde,
1262 5797 1422 5858 prout
1444 5804 1700 5848 occurre-

1024 5924 1203 5937 ,σκηνικλ
1245 5920 1249 5924 ⁵

1812 1879 2039 1948 ptimum
2057 1883 2314 1938 ostendit.
2341 1885 2582 1955 Denique
2605 1888 2667 1941 ad
2671 1888 2924 1957 jecimus,
2939 1889 3245 1945 Plantinum
3264 1906 3404 1946 nun-

1811 1983 2043 2039 cupasse
2069 1972 2364 2049 editionem
2406 1974 2779 2048 ChristOphoro
2810 1989 2858 2031 et
2884 1978 3145 2035 Ludovico
3178 1981 3403 2036 Madru-

1810 2063 1900 2117 ciis
1922 2063 2304 2121 cardinalibus.
3102 2064 3103 2067 “

2518 2161 2677 2217 1584.

1884 2248 2138 2317 Venetiis,
2174 2268 2265 2321 per
2291 2250 2547 2307 Joannem
2578 2253 2872 2324 Baptistam
2920 2258 3165 2324 Sessam,
3198 2259 3291 2314 sub
3330 2260 3403 2315 si-

1806 2358 1907 2413 gno
1920 2340 2143 2407 Felicis;
2170 2344 2339 2398 ξιτ-40.
2358 2344 2409 2398 X
2415 2344 2445 2397 Ι
2468 2347 2635 2400 tomis.
2663 2346 2728 2400 D.
2748 2347 2880 2403 Aur.
2897 2349 3206 2420 Augustini,
3235 2350 3397 2421 Hipp.

1806 2433 2065 2503 episcopi,
2093 2449 2257 2505 opera
2282 2438 2463 2491 omnia
2490 2438 2780 2509 impressa,
2812 2442 3095 2514 recognita
3122 2451 3177 2499 et
3204 2457 3396 2499 emen-

1804 2523 1951 2580 data.
1986 2524 2102 2581 Cat.
2127 2527 2266 2583 Bibl.
2297 2528 2427 2600 Reg.
2452 2528 2631 2586 Paris.

1876 2618 2095 2675 Iteratio
2142 2632 2224 2677 est
2269 2621 2491 2677 Venetae
2547 2624 2764 2692 prioris.
2815 2627 3020 2683 Saltem
3072 2627 3397 2685 Turretinus

1806 2712 1968 2765 verba
1993 2751 2007 2775 ,
2047 2714 2243 2780 quibus
2283 2724 2566 2781 tantopere
2609 2717 2879 2772 offensum
2931 2733 3052 2772 esse
3100 2720 3388 2786 novimus,

1806 2818 2030 2873 quaeque
2058 2817 2221 2873 supra
2262 2812 2389 2858 sunt
2414 2805 2646 2860 excitata
2673 2846 2687 2872 ,
2737 2821 2802 2861 ex
2837 2806 2940 2861 hac
2982 2806 3198 2876 laudat,
3231 2808 3398 2878 idque

1804 2900 2161 2957 Colonienses
2187 2901 2542 2972 conﬁrmant,
2576 2902 2668 2973 qui
2694 2901 3047 2957 Ancillonium
3073 2903 3394 2973 corrigunt,

1802 2994 1857 3049 in
1886 2992 2117 3050 Miscell.
2147 2993 2276 3050 Crit.
2304 2995 2366 3050 T.
2392 2996 2436 3062 l,
2471 3011 2522 3066 p.
2551 2995 2678 3062 245,
2711 3011 2996 3066 perperam
3028 3011 3315 3053 numerum
3341 3012 3395 3052 a.

1807 3086 1944 3142 1548
1972 3087 2307 3144 efferentem.
2343 3076 2585 3145 Oudinus
2617 3098 2796 3146 tamen
2825 3089 2888 3144 Τ.
2922 3091 2965 3157 I,
2997 3106 3051 3161 p.
3084 3090 3212 3157 952,
3241 3089 3396 3147 Plan-

1804 3180 2025 3236 tinianie
2049 3180 2473 3252 descriptionem
2499 3197 2620 3239 esse
2647 3182 2836 3250 tradit,
2871 3198 3067 3255 meque
3098 3184 3274 3255 ipsum
3297 3199 3398 3240 an-

1804 3272 2026 3342 cipitem
2072 3273 2306 3329 reddidit
2354 3275 2675 3331 Turretinls
2719 3291 2815 3342 eo,
2862 3276 3004 3346 quod
3036 3277 3178 3347 apud
3204 3277 3396 3333 Juntas

1803 3379 2120 3434 expressam
2145 3367 2284 3433 vult,
2314 3367 2459 3435 quod
2488 3366 2555 3422 de
2578 3366 2750 3436 priori
2777 3382 2843 3423 ex
2876 3378 3028 3437 parte
3051 3370 3271 3440 quidem
3301 3384 3398 3441 ve-

1803 3472 1947 3523 rum,
1980 3458 2048 3514 de
2079 3459 2178 3513 hac
2207 3459 2343 3514 mihi
2374 3474 2487 3514 non
2511 3459 2700 3529 liquet.
2734 3460 2916 3516 Facile
2940 3472 3121 3516 autem
3148 3463 3266 3517 ﬁeri
3298 3476 3397 3530 po-

1807 3547 1938 3613 tuit,
1964 3555 2023 3602 ut
2064 3548 2390 3615 editionem,
2424 3564 2585 3617 quant
2616 3548 2954 3615 intenderet,
2988 3565 3016 3603 a
3051 3550 3394 3620 typographo

1804 3646 1955 3695 recte
1981 3638 2343 3708 signiﬁcaret,
2392 3639 2519 3693 anni
2564 3654 2848 3696 numerum
2882 3648 3062 3696 tamen
3091 3656 3215 3695 cum
3261 3643 3396 3697 alte-

1803 3732 1917 3787 rius
1949 3730 2169 3786 Venetae
2184 3745 2327 3785 anno
2344 3730 2720 3788 confunderet.
2740 3730 2847 3789 Sed
2876 3733 2929 3787 in
2959 3732 3244 3803 superiore
3269 3747 3395 3788 sen-

1805 3826 1973 3881 tentia
2002 3825 2289 3881 conlirmat
2317 3840 2418 3881 nos
2442 3823 2799 3895 Clementius,
2826 3827 2916 3897 qui
2947 3825 3181 3883 laudatis
3206 3835 3394 3883 aucto-

1804 3920 1955 3976 ribus
1984 3920 2088 3975 alia
2132 3920 2444 3977 testimonia
2472 3920 2679 3977 addidit
2727 3921 2782 3976 in
2812 3920 2952 3976 Bibl.
2981 3920 3123 3977 Hist.
3165 3920 3295 3977 Crit.
3327 3920 3392 3978 Τ.

1804 4012 1877 4085 ll,
1910 4028 1963 4083 p.
1986 4011 2112 4069 268.

2525 4106 2685 4162 5586.

1878 4201 2104 4256 Parisiis
2127 4243 2141 4268 ,
2166 4217 2281 4255 cum
2310 4200 2501 4272 insigni
2527 4199 2733 4269 Magna:
2755 4198 2960 4267 Navis;
3000 4200 3180 4271 ενι-[οι.
3208 4200 3297 4254 XI
3319 4210 3398 4256 ta-

1775 4294 1923 4363 ,mis.
1972 4293 2035 4347 D.
2078 4291 2211 4347 Aur.
2260 4291 2546 4363 Augustini
2594 4306 2791 4361 opera,
2827 4301 2956 4361 etc.,
3004 4299 3061 4345 ut
3090 4293 3147 4345 in
3173 4292 3397 4360 Antuer—

1806 4384 1992 4457 piensi.
2026 4383 2242 4439 Additis
2267 4383 2543 4440 nonnullis
2572 4383 2698 4439 aliis
2726 4385 2968 4441 bomiliis
2998 4383 3225 4440 Lutetia:
3252 4396 3397 4438 nunc

1802 4477 2042 4547 primum
2072 4476 2255 4542 editis,
2287 4492 2420 4548 quas
2454 4478 2649 4548 pagina
2680 4479 2922 4535 secunda
2953 4479 3081 4534 torni
3114 4476 3163 4532 Χ
3190 4476 3396 4532 indica-

1729 4536 1783 4598 D
1808 4536 1919 4626 bit:
1947 4584 2069 4625 cum
2098 4568 2277 4625 indice
2302 4536 2593 4639 iripartilo.

1882 4664 2163 4733 llomilice,
2206 4680 2339 4735 quas
2382 4665 2450 4721 de
2477 4680 2622 4721 novo
2646 4667 2995 4738 adjecerunt,
3025 4671 3151 4719 sunt
3184 4662 3302 4719 XIII
3327 4678 3397 4721 ex

1770 4821 1775 4826 ,
1810 4775 1912 4814 ms.
1945 4759 2132 4815 codice
2160 4758 2501 4816 bibliothecae
2530 4756 3149 4826 Carthasianae-Majoris
3172 4756 3398 4813 desum-

1808 4860 1936 4921 ρεαδ.
1982 4852 2041 4906 10
2065 4852 2133 4907 In
2166 4853 2332 4907 natali
2364 4852 2692 4922 Martyrum;
2717 4850 2781 4902 2°
2813 4848 2891 4903 De
2919 4847 3199 4918 Susanna;
3241 4849 3303 4905 5°
3328 4850 3398 4906 In

1772 5007 1776 5010 ;
1809 4946 1943 5000 illud
1979 4945 2252 5017 Evangelii
2282 4945 2502 4999 Joannis
2527 4984 2541 5008 ,
2590 4957 2761 5010 usque
2806 4956 2950 4997 nunc
2979 4942 3116 4997 nihil
3164 4943 3398 5014 petiistis

1809 5041 1864 5096 in
1913 5040 2134 5095 nomine
2178 5054 2339 5102 meo;
2384 5036 2446 5088 4°
2480 5035 2547 5088 In
2579 5035 2745 5089 natali
2794 5035 2856 5093 S.
2887 5036 3030 5092 Casti
3082 5046 3133 5091 et
3179 5036 3398 5091 /Emilii

1814 5134 2148 5204 Martyrum;
2199 5132 2262 5187 ὅθ
2300 5128 2575 5183 Tractatus
2610 5129 2665 5182 in
2694 5129 2887 5201 vigiliis
2927 5130 3290 5195 Pentecostes;
3331 5130 3395 5185 6°

1812 5226 1892 5281 De
1921 5225 2139 5280 lectione
2168 5222 2369 5291 Exodi,
2403 5222 2466 5276 de
2493 5221 2675 5289 Rubo,
2707 5223 2762 5276 in
2788 5239 2889 5293 quo
2933 5224 3148 5292 ﬂamma
3177 5230 3318 5286 erat,
3348 5226 3398 5274 et

1809 5320 1969 5376 rubus
2012 5335 2116 5373 non
2146 5315 2571 5382 comburebatur;
2614 5316 2675 5386 ἰο
2707 5312 2786 5369 De
2814 5315 2965 5369 verbo
2994 5323 3041 5368 et
3072 5329 3227 5386 voce,
3255 5320 3301 5365 et
3332 5312 3397 5364 de

1787 5417 2047 5487 'jejunare
2074 5422 2123 5467 et
2150 5412 2380 5476 esurire;
2428 5409 2489 5464 8°
2521 5406 2589 5463 In
2635 5384 2769 5461 illud
2817 5405 3038 5462 Joannis
3072 5420 3091 5457 :
3121 5384 3237 5472 Ego
3290 5418 3397 5457 non

1807 5507 2026 5563 ascendo
2074 5506 2140 5561 ad
2188 5507 2325 5560 diem
2373 5506 2565 5574 festum
2610 5500 2801 5565 istum;
2850 5499 2913 5554 9'
2958 5496 3033 5550 De
3063 5495 3277 5562 arbore,
3311 5497 3396 5550 cui

1806 5600 2074 5655 maledixit
2114 5598 2369 5652 Dominus
2388 5636 2401 5662 ,
2433 5604 2482 5648 et
2512 5594 2688 5659 aruit,
2718 5590 2840 5659 quia
2865 5592 3092 5659 fructum
3118 5587 3173 5641 in
3201 5604 3261 5643 ea
3292 5603 3396 5642 non

1805 5693 2037 5759 invenit;
2070 5691 2165 5747 10°
2196 5688 2275 5743 De
2298 5685 2632 5758 Apostolico,
2686 5679 2840 5735 Nihil
2885 5681 2938 5736 in
2970 5681 3107 5735 hunc
3143 5679 3395 5734 mundum

1802 5787 2103 5855 intulimus,
2146 5798 2321 5840 verum
2364 5796 2455 5835 nec
2479 5778 2685 5849 auferre
2702 5776 2902 5847 aliquid
2933 5790 3247 5850 possumus;
3294 5772 3358 5829 11
