3882 6344
402 1738 432 1811 5

414 1984 423 1997 1

398 1996 425 2045 )

454 355 522 414 85

456 467 524 520 In
552 462 683 518 illud
729 458 914 523 Pauli,
965 455 1065 522 Qui
1105 452 1376 525 gloriatur,
1421 453 1474 503 in
1522 447 1745 503 Domino
1773 446 2043 519 glorietur;
2073 444 2123 503 Α

456 554 553 609 12°
582 552 647 607 In
680 548 983 619 Pervigilio,
1010 548 1064 599 in
1094 544 1229 598 illud
1258 542 1450 608 Exodi,
1480 540 1700 607 Quando
1729 539 1785 593 in
1815 537 2046 609 .‘Egypto

455 666 619 723 agnus
651 645 950 701 immolatus
973 653 1085 711 est;
1124 643 1216 698 13°
1240 641 1307 695 In
1333 641 1591 712 psalmum
1620 636 1777 704 XLI,
1809 636 1875 689 ad
1908 634 2048 688 Neo-

1346 332 1906 398 SUPPLEMENTUM
1946 331 2039 389 AD
2076 324 2308 387 OPBBA
2351 328 2407 385 S.
2448 324 2837 386 AUGUSTINI.
3647 318 3703 376 81

2226 534 2453 589 Colonia!
2498 531 2797 604 Agrippina:
2845 434 3155 601 113.13,:st
3203 521 3411 578 Antonii
3461 516 3702 590 Hierat.];

2154 626 2358 693 in-{ol.,
2389 625 2468 679 XI
2504 625 2673 678 tomis.
2706 618 2771 676 D.
2804 624 2935 677 Aur.
2972 616 3254 688 Augustini
3279 615 3455 684 Opera
3487 628 3553 667 ex
3579 611 3706 667 theo-

455 706 662 810 pizgtos.
708 735 997 807 Augustini
1025 706 1222 788 nomen
1264 706 1362 787 ms.
1400 732 1657 802 praeferre
1690 736 1910 790 notant,
1948 738 2047 779 nec
2155 722 2396 791 logornm
2425 716 2837 774 Lovnniensium
2866 711 3266 810 editione,
3292 710 3451 777 longe
3476 706 3706 810 auctiora.

456 845 791 901 quemquam
837 829 982 897 lore,
1037 827 1139 882 sibi
1186 825 1554 897 persuadent,
1590 823 1718 892 quin
1751 820 1895 874 illius
1928 832 2048 873 esse

455 933 736 995 agnoscat.
770 923 982 977 Praeter
1015 920 1265 975 ltomillas
1294 933 1423 973 vero
1454 917 1633 971 addita
1667 922 1793 968 sunt
1825 914 2051 980 insuper

454 1017 572 1071 haec
595 1015 929 1070 incertorum
952 1024 1237 1067 auctorum
1260 1026 1327 1065 ex
1346 1008 1538 1064 eodem
1562 1006 1708 1060 fonte
1735 1003 1875 1058 haud
1891 1002 2051 1058 dubie

452 1109 624 1180 petita
654 1127 666 1162 :
698 1108 1159 1165 Commonitorium
1196 1106 1263 1158 ad
1295 1105 1586 1157 universam
1617 1098 1911 1152 Ecclesium
1944 1095 2048 1167 (a);

458 1199 655 1256 Forma
697 1202 925 1274 epistola:
974 1202 1037 1253 de
1077 1198 1303 1271 quodam
1350 1194 1588 1265 episcOpo
1638 1192 2053 1247 Manichaeorum

455 1304 643 1358 seetse;
686 1292 909 1348 Collatio
960 1290 1228 1344 Trinitatis
1260 1287 1320 1341 Β.
1366 1286 1643 1358 Augustini
1677 1300 1709 1337 a
1751 1300 1804 1337 se
1830 1284 1945 1354 ipso
1984 1283 2054 1335 ad

456 1386 829 1453 semetipsum;
877 1382 1227 1436 Miscellanem
1272 1380 1539 1434 sententia:
1590 1394 1622 1431 a
1666 1376 1911 1448 quopiam
1949 1376 2057 1429 col-

456 1474 637 1539 Incite;
668 1473 941 1527 Tractatus
983 1473 1045 1526 de
1070 1470 1190 1525 ΧΙΙ
1222 1471 1510 1543 lapidibus,
1541 1467 1606 1523 de
1628 1467 1808 1540 quibus
1834 1467 1887 1520 in
1917 1467 2058 1530 Apo-

458 1566 680 1634 calypsi.
716 1566 987 1620 Caeterum
1039 1565 1214 1635 quoad
1241 1573 1489 1635 typorum
1516 1573 1571 1618 et
1599 1562 1802 1617 charta:
1826 1559 2053 1615 nitorem

463 1655 579 1711 haec
609 1656 775 1713 editio
801 1656 1205 1713 Plantinianam
1238 1655 1532 1711 antecellit.

1178 1749 1337 1806 1596.

392 1823 432 1914 ξ
535 1840 752 1896 Cenem
781 1843 1061 1897 excutiebat
1097 1840 1323 1897 Iacobus
1366 1841 1541 1906 Stoer;
1571 1835 1823 1896 iit-8°11
1860 1835 2055 1892 Tomis.
2087 1830 2139 1893 B

463 1930 529 1988 D.
561 1935 694 1990 Aur.
720 1934 1007 2004 Augustini
1037 1935 1214 2005 Opera
1244 1950 1342 2005 per
1376 1934 1660 2003 theologos
1687 1932 2060 1987 Lovanienses

465 2026 775 2081 emendata.
811 2027 1061 2082 Laudant
1085 2026 1415 2083 Colonienses
1446 2037 1498 2082 et
1526 2026 1822 2083 Ceillerius.

452 2138 453 2163 ς
538 2117 667 2172 Mihi
686 2118 899 2173 nonnisi
928 2120 1173 2189 quintum
1209 2119 1366 2189 hujus
1384 2118 1644 2174 editionis
1670 2128 1874 2173 tomum
1905 2117 2058 2173 vide—

466 2223 528 2264 re
556 2210 783 2279 contigit
805 2252 819 2275 ,
855 2210 1024 2265 libros
1055 2211 1122 2265 de
1173 2210 1412 2267 Civitate
1446 2212 1541 2266 Dei
1569 2211 2018 2280 complectentem
2042 2250 2056 2276 ,

467 2301 573 2354 hoc
603 2301 761 2353 titulo
790 2316 801 2352 :
830 2299 898 2352 D.
929 2302 1125 2354 Aurelii
1156 2302 1455 2372 Augustini,
1484 2300 1652 2372 Hipp.
1685 2318 1766 2370 ep.
1797 2300 2063 2353 deCivita—

468 2398 519 2443 te
564 2389 660 2443 Dei
688 2390 809 2444 libri
852 2389 1047 2445 XXII.
1095 2391 1329 2444 Veterum
1367 2393 1742 2460 exemplarium
1788 2391 2065 2444 collatione

468 2498 605 2535 nunc
634 2483 840 2536 demum
868 2484 1257 2554 castigatissimi
1288 2484 1434 2554 facti,
1468 2483 1931 2553 eruditissimisque
1958 2481 2064 2535 Lu-

468 2587 645 2629 novrcr
691 2574 841 2629 Vms
896 2576 1274 2629 commentariis
1324 2575 1599 2631 illustrati.
1663 2575 1896 2643 Quorum
1941 2572 2066 2627 XII

468 2666 667 2737 priores
692 2667 788 2720 hac
818 2668 1049 2721 omnium
1079 2668 1219 2721 illius
1252 2666 1479 2738 Operum
1508 2682 1635 2722 'rout
1663 2682 1844 2732 QUINTI
1889 2682 2063 2723 PARTE

468 2771 633 2814 PltllA
663 2761 1014 2815 continentur.
1047 2760 1177 2817 Cum
1203 2776 1379 2817 lNDlCE
1408 2760 1508 2816 hac
1536 2774 1796 2834 postrema
1841 2761 2067 2816 editione

469 2850 866 2921 castigatissimo
898 2852 1255 2922 ditissimoque
1278 2854 1516 2921 facto.—-
1538 2854 1783 2908 Alterum
1812 2867 1947 2907 vero
1969 2868 2068 2905 vo-

470 2941 653 2995 lumen
687 2942 1040 2996 inscribitur:

543 3031 614 3085 l).
652 3032 716 3086 Α.
748 3033 812 3087 Α.
860 3032 1087 3102 Operam
1119 3047 1247 3088 rom
1277 3046 1456 3095 ouum
1491 3047 1624 3087 rans
1654 3046 1895 3087 secenas
1920 3075 1933 3099 ,
1967 3048 2065 3100 qua

472 3121 659 3191 reliqui
680 3121 733 3176 Χ
761 3123 877 3177 libri
908 3124 964 3176 d.
998 3123 1059 3176 C.
1085 3123 1153 3175 D.
1186 3122 1540 3191 continentur,
1574 3135 1681 3179 etc.
1706 3152 1777 3164 ——
1802 3120 2066 3176 Nimirum

2228 812 2516 883 Vignerius
2560 808 2909 880 pronuntiat,
2943 806 3081 861 lianc
3111 803 3405 859 editionem
3438 796 3711 868 praeceden-

2158 908 2303 963 tibus
2353 904 2681 959 editionibus
2732 902 3026 957 auctiorem
3084 911 3227 960 esse,
3284 893 3378 949 sed
3424 891 3626 957 charta,
3660 890 3715 944 ad

2161 1000 2340 1055 oleum
2390 1008 2442 1052 et
2488 997 2640 1068 piper
2672 992 2979 1063 releganda,
3030 1001 3375 1059 impressam.
3410 985 3714 1052 Quapropter

2162 1092 2349 1147 nullus
2374 1089 2619 1160 equidem
2644 1086 2853 1150 dubito,
2885 1084 3012 1153 quin
3045 1098 3074 1137 a
3104 1078 3418 1151 bibliopola,
3444 1074 3717 1133 dubitanter

2162 1200 2191 1239 a
2210 1185 2363 1240 nobis
2394 1182 2723 1255 signiﬁcato,
2752 1176 2991 1249 profecta
3017 1176 3108 1233 sit.

2872 1270 3032 1326 1626.

2236 1370 2474 1434 Parisiis,
2507 1367 2711 1440 in-fol.,
2734 1364 2819 1422 XI
2844 1364 3012 1421 tomis.
3048 1364 3114 1418 Ι).
3135 1362 3268 1418 Aur.
3300 1356 3589 1428 Augustini
3609 1353 3726 1424 0pc-

2161 1480 2222 1519 ra
2239 1464 2390 1535 juxta
2423 1463 2799 1533 theologorum
2831 1455 3256 1515 Lovaniensium
3289 1452 3608 1508 editionem.
3652 1444 3728 1500 Vi-

2163 1571 2309 1627 gner.

2881 1642 3046 1699 1655.

2236 1739 2483 1808 Parisiis,
2514 1737 2720 1809 in-fol.,
2750 1734 2837 1791 ΧΙ
2865 1736 3037 1790 tomis.
3070 1732 3294 1788 Eadem.
3326 1728 3544 1800 Vigner.

2874 1826 3035 1882 16M.

2239 1928 2482 1993 Parisiis,
2510 1927 2652 1998 apud
2680 1927 2877 1981 Anton.
2914 1921 3126 1991 Vitrag;
3155 1915 3386 1985 iri-8°,“
3408 1915 3536 1973 υοιι.
3556 1913 3736 1979 Augus~

2166 2023 2263 2078 tini
2290 2022 2463 2093 Opera
2490 2030 2680 2077 contra
2709 2018 3053 2089 Pelagianos.
3083 2015 3200 2072 Cat.
3231 2011 3373 2068 Bibl.
3407 2011 3541 2081 Reg.
3582 2004 3739 2062 Paris.

2165 2113 2230 2171 Τ.
2261 2113 2304 2181 ι,
2334 2129 2387 2185 p.
2423 2114 2548 2179 577,
2583 2128 2639 2167 n.
2670 2111 2799 2168 679.

2240 2296 2475 2361 Louanii,
2504 2296 2649 2365 apud
2674 2202 2988 2348 Bernai'gi‘r:
3015 2201 3273 2352 ﬁdsium;
3300 2284 3470 2351 iit-4°,
3510 2280 3610 2337 III
3641 2276 3747 2333 voll.

2166 2389 2227 2444 Β.
2266 2389 2580 2460 Augustini,
2612 2388 2772 2457 Hipp.
2818 2384 3081 2455 episCOpi,
3116 2391 3171 2437 et
3211 2387 3455 2435 veterum
3519 2371 3753 2446 ejusdem

2166 2484 2553 2553 discipulorum
2597 2479 2854 2550 opuscula
2886 2475 3178 2545 insigniora
3211 2471 3477 2526 adversus
3515 2464 3753 2535 Pelagia-

2167 2590 2267 2630 nos
2304 2585 2361 2632 et
2393 2589 2580 2630 eorum
2623 2571 2907 2641 reliquias;
2943 2569 3096 2638 juxta
3133 2563 3426 2622 editionem
3454 2557 3760 2615 Plantinia-

2167 2682 2316 2723 nam.
2344 2667 2461 2723 Cat.
2494 2665 2631 2721 Bibl.
2665 2665 2792 2734 Reg.
2828 2660 3006 2717 Paris.

2243 2854 2469 2909 Parisiis
2496 2892 2510 2906 .
2538 2893 2551 2906 .
2579 2890 2594 2907 .
2629 2867 2647 2915 ;
2673 2751 3201 2917 in-fol.,‘§?it.omis.
3228 2837 3289 2894 S.
3318 2835 3456 2893 Aur.
3486 2832 3758 2904 Augustini

2169 2944 2350 3011 Opera
2370 2959 2439 2996 ex
2464 2943 2597 2995 ιον.
2625 2939 2793 2992 theol.
2820 2934 3159 2991 recensione.
3189 2929 3445 2986 Testatur
3462 2925 3554 2982 Cl.
3585 2923 3759 2980 Rosler
3838 2923 3839 2973 Ι

2172 3034 2313 3088 hanc
2343 3030 2767 3100 descriptionem
2798 3027 2901 3083 sibi
2930 3027 2983 3081 in
3025 3023 3380 3082 Bibliothecm
3408 3035 3528 3077 sum
3557 3027 3706 3074 tome
3734 3014 3761 3068 il

2172 3123 2699 3195 usumpraestitisse.
2729 3121 2842 3176 Nisi
2872 3119 3106 3175 fortasse
3136 3134 3240 3174 una
3268 3116 3436 3173 editio
3460 3114 3545 3171 sit
3567 3113 3686 3168 haec
3725 3118 3763 3163 et

472 3227 583 3267 non
622 3227 746 3268 raro
784 3213 944 3283 hujus
972 3224 1027 3268 et
1061 3213 1504 3285 Lugdunensium
1540 3215 1705 3271 simili
1741 3214 1913 3269 forma
1951 3212 2069 3269 edi-
2098 3192 2144 3256 (ἶ
2176 3192 2512 3289 insequentis
2528 3216 2657 3271 anni
2680 3230 2805 3270 mox
2832 3212 3122 3279 laudanda,
3146 3211 3284 3266 adeo
3304 3218 3362 3265 ut
3384 3207 3609 3279 priores
3633 3202 3761 3267 tomi,

474 3308 683 3361 tionum
713 3306 845 3362 tomi
869 3309 1161 3375 separatim
1190 3306 1520 3377 obveniant,
1547 3320 1601 3365 et
1631 3308 1927 3379 proclivius
1953 3307 2071 3377 qui-

476 3396 598 3453 dem
629 3409 777 3467 erat,
814 3409 868 3455 ut
910 3400 1365 3468 distraherentur,
1399 3416 1496 3472 per
1533 3400 1801 3457 modicam
1832 3400 2068 3456 volumi-

475 3507 603 3549 num
635 3494 832 3553 molem
862 3503 919 3553 et
944 3510 1098 3552 usum
1129 3496 1559 3554 commodiorem
1598 3506 1653 3553 et
1684 3496 1915 3568 proinde
1949 3511 2071 3553 cre-

476 3584 730 3645 briorem.

1055 3696 1309 3738 S£CULUI

1195 3767 1353 3829 1603.

555 3861 795 3930 Parisiis,
826 3863 1029 3932 in-fol.,
1058 3861 1145 3915 ΧΙ
1169 3864 1342 3917 tomis.
1376 3863 1439 3917 Ι).
1467 3863 1602 3919 Aur.
1634 3864 1918 3935 Augustini
1936 3867 2073 3936 Ope-

480 3967 539 4006 ra
560 3950 801 4021 ejusdem
828 3952 1177 4008 recensionis.
1205 3953 1447 4008 Oudinus
1471 3962 1526 4010 et
1547 3971 1613 4010 ex
1635 3969 1702 4010 eo
1721 3957 2069 4011 Colonienses.

1191 4046 1351 4103 1609.

1354 3697 1484 3737 XVII.

554 4137 774 4192 Parisiis
803 4178 817 4192 .
846 4178 859 4192 .
887 4180 900 4195 .
935 4178 949 4194 .
978 4158 1181 4213 tn-jot.,
1212 4140 1301 4196 XI
1331 4145 1500 4198 tomis.
1532 4144 1595 4197 D.
1628 4146 1756 4198 Aur.
1786 4144 2073 4214 Augustini

482 4228 656 4298 Opera
683 4230 833 4301 juxta
866 4230 1102 4304 theolog.
1129 4233 1547 4291 Lovaniensium
1574 4238 1948 4293 recensionem
1979 4253 2073 4295 ex-

480 4336 691 4393 pressa.
724 4322 868 4378 Citat
908 4339 1027 4380 eam
1072 4325 1344 4398 Vignertus
1388 4327 1443 4383 in
1474 4326 1633 4384 Prml.
1665 4328 1733 4385 ad
1763 4328 2068 4401 Supplem.,

480 4422 536 4470 et
569 4415 695 4469 hinc
722 4414 837 4469 alii.

1147 4509 1405 4565 1615-14.

2176 3314 2231 3369 in
2260 3312 2456 3383 quibus
2478 3309 2914 3366 Retractationes
2937 3315 2995 3363 et
3021 3305 3284 3379 Epistolas
3304 3318 3355 3359 a.
3383 3300 3562 3370 1651,
3591 3294 3765 3369 reliqui

2175 3423 2228 3465 a.
2264 3407 2404 3465 1652
2426 3404 2615 3463 excusi
2641 3403 2770 3460 sint.

2894 3496 2921 3551 1
2932 3493 3059 3551 652.

2249 3594 2449 3662 Roma,
2483 3608 2573 3664 per
2601 3589 2780 3665 Ignat.
2827 3589 2891 3643 de
2921 3586 3175 3653 Lazaris;
3197 3582 3335 3641 in-L
3367 3580 3428 3640 S.
3461 3576 3760 3653 Augustini.

2178 3686 2337 3757 Hipp.
2365 3686 2559 3756 episc.,
2590 3683 2765 3753 aliqua
2809 3694 2977 3751 opera
3006 3675 3302 3747 insigniora
3331 3673 3608 3735 adversus
3632 3670 3762 3729 Pela-

2176 3780 2367 3849 gianos
2393 3786 2449 3834 et
2474 3789 2667 3834 eorum
2696 3772 2972 3844 reliquias.
3004 3768 3118 3826 Cat.
3141 3766 3282 3824 Bibl.
3318 3765 3449 3837 Reg.

2248 3962 2492 4026 Parisiis,
2546 3960 2753 4029 in-fol.,
2806 3956 2890 4014 XI
2943 3956 3118 4013 tomis.
3180 3954 3240 4012 S.
3299 3955 3433 4011 Aur.
3486 3944 3761 4023 Augustini

2177 4057 2351 4127 Opera
2371 4071 2438 4111 ex
2459 4051 2878 4110 Lovaniensium
2902 4049 3275 4117 theologorum
3296 4045 3644 4103 recensione.
3672 4040 3762 4097 Has

2178 4162 2371 4204 omnes
2398 4154 2582 4202 autem
2632 4143 2902 4200 editiones
2930 4140 3199 4196 auctiores
3242 4137 3478 4210 quidem
3524 4136 3622 4194 sed
3666 4133 3761 4190 ine-

2179 4238 2547 4295 mendatiores
2575 4250 2718 4304 esse,
2750 4234 3037 4306 Vignerius
3064 4231 3319 4302 prodidit.

2889 4327 3053 4385 1651i.

2250 4424 2539 4493 Bruaellis,
2568 4423 2742 4479 in-12.
2788 4423 2850 4479 S.
2900 4421 3185 4492 Augustini
3217 4418 3474 4491 opuscula
3524 4415 3762 4486 quaedam

2177 4516 2404 4573 selecta.
2433 4516 2658 4571 Insunt:
2691 4514 2771 4569 De
2805 4514 2979 4585 gratia
3005 4521 3054 4567 et
3083 4513 3246 4568 libero
3269 4507 3508 4576 arbitrio,
3538 4503 3625 4560 De
3656 4521 3763 4560 con-

555 4600 774 4655 Parisiis
794 4643 808 4668 ,
842 4602 939 4656 sub
970 4602 1116 4673 signo
1154 4602 1365 4676 Magnae
1398 4604 1589 4672 Navis;
1620 4607 1826 4678 in-fol.,
1858 4606 1907 4660 Χ
1935 4604 2067 4679 (XI)
2099 4583 2153 4641 D
2181 4612 2414 4681 ceptione
2428 4618 2477 4665 et
2490 4609 2680 4679 gratia,
2705 4607 2784 4662 De
2806 4583 3263 4679 prwdestinatione
3283 4610 3604 4667 sanctorum,
3629 4607 3685 4656 et
3701 4597 3763 4652 De

483 4696 653 4751 tomis.
686 4694 750 4750 D.
782 4696 915 4753 Aur.
946 4696 1229 4767 Augustini
1259 4696 1434 4767 Opera
1463 4714 1530 4753 ex
1560 4701 1796 4754 secunda
1828 4700 2071 4756 editione

483 4787 782 4858 theologor.
828 4791 1246 4847 Lovaniensium
1287 4791 1570 4848 emendata
1611 4804 1665 4849 et
1704 4793 2027 4864 locupletata
2053 4839 2069 4863 ,

482 4894 587 4935 una
612 4894 736 4934 eum
768 4882 1028 4940 Leonardi
1056 4884 1263 4957 Coquaei
1289 4887 1695 4942 commentariis
1724 4888 1777 4942 in
1807 4887 1973 4944 libros
1998 4889 2069 4945 de

480 4970 710 5026 Civitate
728 4972 843 5028 Dei.
863 4976 971 5030 Cat.
992 4977 1128 5033 Bibl.
1144 4978 1274 5051 Reg.
1294 4978 1497 5047 Paris.;
1514 4980 1603 5035 cui
1617 4979 1755 5035 adde
1775 4978 2063 5036 Oudinum.

558 5064 853 5137 Vignerius.
892 5070 944 5124 in
994 5074 1313 5140 praefatione
1360 5074 1427 5131 ad
1477 5075 1669 5148 Suppl.
1716 5076 1855 5133 hanc
1907 5078 2067 5148 juxta

478 5174 639 5229 quam
664 5160 1063 5229 prtecedcntem
1093 5180 1198 5218 non
1229 5170 1553 5236 pmnitendis
1583 5170 1952 5227 additionibus
1980 5172 2063 5226 lo-

476 5252 807 5322 cupietatam
841 5268 965 5311 esse
1005 5255 1250 5322 tradidit;
1299 5260 1395 5313 sed
1438 5262 1665 5330 quibus,
1710 5264 1914 5319 nescio.
1953 5262 2066 5320 Nec

474 5348 608 5402 satis
640 5346 917 5419 intelligo,
952 5365 1073 5420 quae
1116 5348 1274 5406 fuerit
1303 5354 1531 5407 secunda
1558 5353 1932 5429 theologorum
1962 5356 2068 5413 Lo-

477 5438 813 5495 vaniensium
846 5438 1044 5509 editio,
1076 5454 1235 5512 quam
1265 5452 1484 5498 secutos
1523 5459 1584 5501 se
1612 5446 1667 5502 in
1707 5448 1865 5505 titulo
1899 5448 2065 5520 proli-

476 5536 657 5587 tentur
690 5544 991 5591 curatores.

2181 4703 2320 4757 dono
2360 4702 2791 4771 perseveramus;
2821 4717 2943 4758 cum
2969 4700 3144 4756 tribus
3172 4696 3455 4769 Augustini
3485 4692 3761 4765 epistolis:

2179 4793 2224 4860 Ι,
2256 4794 2323 4849 ad
2354 4793 2659 4864 Paulinum,
2687 4794 2858 4864 episc.
2890 4793 3158 4848 Nolanum
3186 4808 3202 4858 ;
3227 4790 3294 4857 ll,
3319 4790 3386 4845 ad
3402 4787 3651 4856 Sixtum,
3679 4783 3761 4839 Ec-

2179 4889 2360 4947 clesize
2408 4888 2565 4943 Rom.
2616 4888 2993 4959 presbyterum
3033 4886 3244 4959 (postea
3284 4879 3656 4955 pontiﬁcem);
3686 4875 3762 4939 lli,

2179 4984 2249 5040 ad
2318 4983 2538 5040 Vitalem
2565 4982 3068 5055 Carthaginiensem
3124 4981 3299 5050 (inter
3348 4975 3761 5047 Augustinianas

2176 5077 2306 5131 olim
2336 5076 2460 5143 105,
2494 5075 2617 5143 106,
2649 5074 2773 5144 107,
2802 5087 2948 5129 nunc
2974 5070 3100 5138 191,
3135 5071 3262 5136 186,
3287 5067 3443 5139 217),
3478 5063 3763 5138 ριέωἱςεὶς

2178 5169 2387 5225 duabus
2416 5166 2618 5221 Hilarii
2654 5174 2710 5223 et
2738 5164 2989 5238 Prosperi
3015 5164 3085 5220 ad
3108 5161 3471 5233 Augustinum
3502 5156 3760 5230 epistolis.

2176 5263 2263 5318 cr.
2298 5262 2375 5317 ιι.
2406 5259 2709 5316 aettem.
2734 5259 2849 5317 Col.
2880 5275 2939 5332 ι).
2969 5261 3075 5316 745
3107 5266 3163 5316 et
3202 5258 3326 5315 746.
3357 5256 3499 5312 Num
3545 5267 3679 5310 vero
3710 5250 3759 5302 ιξε

2175 5355 2323 5411 tulus
2349 5353 2501 5425 juxta
2525 5354 2641 5425 ipsa
2668 5354 2831 5411 verba
2858 5353 2934 5409 ibi
2960 5353 3269 5410 declaratus
3294 5351 3386 5421 sit,
3421 5350 3634 5421 ignoro.

2844 5443 3103 5502 1654-55.

2250 5540 2494 5612 Parisiis,
2526 5541 2815 5614 sumptibus
2841 5540 3102 5597 Simonis
3126 5536 3299 5609 Piget,
3322 5536 3376 5591 in
3398 5538 3478 5592 via
3504 5531 3757 5590 lacobcw.

532 5738 627 5827 9(a)
654 5740 793 5827 lluic
820 5746 1112 5817 ascriptum
1156 5762 1170 5802 :
1215 5745 1431 5804 Videtur
1460 5747 1586 5804 mihi
1617 5751 1792 5819 potius
1836 5749 2122 5822 Caelestini,
2147 5762 2244 5809 aut
2268 5752 2486 5822 Leonis,
2519 5764 2611 5810 aut
2646 5756 2865 5812 alterius
2899 5772 3082 5827 papw,
3122 5756 3212 5827 qui
3235 5770 3328 5810 sua
3356 5752 3407 5809 vi
3434 5752 3550 5807 deos
3597 5754 3751 5804 exter-

475 5821 691 5865 mtnent.

1848 5929 1905 5975 fl.
2018 5937 2025 5940 ‘
2076 5960 2117 5982 ﬁ
