3882 6300
124 263 194 321 ss
1055 267 1331 327 norma
1372 270 1714 365 LITTBRAB

1834 276 1903 333 1N
1942 279 2000 336 Β.
2040 280 2508 350 ΑυϐυδἸῚΝυιΙ.
3358 299 3428 358 86

81 378 95 449 ξ
127 379 197 431 ad
225 372 778 480 ittsigne.18rs'sdentiw
797 390 817 441 ;
841 376 1127 480 iit-fol?"
1147 382 1321 480 (nmis.
1348 381 1532 438 Sancti
1559 386 1730 441 Aure-
1762 388 1816 449 Α
1842 388 1959 446 libri
2012 393 2288 466 Augustini
2315 407 2495 453 contra
2545 398 2845 468 lulianum,
2877 418 2907 458 a
2942 406 3222 477 Fulgentio
3259 412 3425 480 Beda,

130 469 189 525 lii
220 466 531 539 Augustini,
558 466 925 539 Hipponensis
947 471 1206 541 episcopi,
1224 473 1462 545 Operam
1483 478 1722 533 omnium

96 554 261 617 ‘ante
293 576 493 617 annum
528 558 867 627 M.DC.X1V,
922 571 1029 618 tam
1073 565 1320 638 Basileae,
1360 584 1523 639 quam
1567 571 1729 628 Lute-

134 656 245 723 tiae,
260 652 599 725 Antuerpim,
623 652 868 724 Lugduni
889 663 945 711 et
957 655 1195 714 Venetiis
1216 658 1488 719 editorum
1508 664 1730 733 supple-

96 723 407 827 ;mentutn;
439 760 549 801 una
582 760 705 800 cum
734 760 830 801 sex
881 745 1036 804 libris
1066 751 1321 807 secundae
1360 755 1729 823 responsionis

94 830 107 919 μ’
132 838 371 907 ejusdem
415 838 475 891 Β.
513 838 801 908 Augustini
853 847 1042 895 contra
1083 840 1354 899 Iulianum
1412 846 1725 903 haereticum

133 928 523 999 l’elagianum,
577 929 853 999 variisque
911 935 1254 991 sermonibus
1297 945 1354 993 et
1409 939 1727 995 tractatibus

139 1021 401 1075 hactenus
424 1019 656 1075 ineditis.
686 1018 1042 1093 Hieronymus
1081 1023 1383 1097 Vignerius,
1415 1028 1725 1101 Congrega-

141 1108 308 1164 tionis
330 1108 559 1164 Oratorii
584 1109 648 1163 D.
673 1107 806 1167 Jesu
836 1113 1149 1184 presbyter,
1184 1131 1251 1169 ex
1278 1117 1496 1185 optima:
1527 1119 1651 1175 ﬁdei
1673 1130 1727 1176 et

136 1198 288 1254 bona:
313 1200 655 1269 antiquitatis
681 1200 965 1259 codicibus
990 1219 1121 1259 mss.
1166 1208 1325 1262 eruit.
1350 1239 1420 1250 ——
1448 1208 1511 1264 T.
1547 1210 1590 1278 l,
1613 1211 1726 1266 edi-

135 1291 204 1347 tio
251 1293 490 1347 secunda
545 1293 704 1349 1655.
735 1293 817 1365 (in
872 1295 1016 1350 ﬁne:
1053 1296 1215 1367 1651,
1266 1315 1331 1354 ea:
1383 1305 1726 1377 typographia

136 1379 397 1437 Francisei
418 1383 493 1437 Le
517 1382 755 1455 Cointe);
790 1384 852 1440 Τ.
879 1384 945 1453 ll,
974 1385 1132 1442 1655.

199 1474 677 1531 Animadverterat
702 1476 997 1547 Vignerius
1041 1494 1148 1536 non
1206 1480 1379 1538 solum
1409 1485 1465 1540 in
1496 1487 1725 1545 novissi-

136 1565 255 1635 mis,
283 1582 399 1633 quae
430 1576 542 1622 tum
574 1577 734 1623 erant
763 1569 1053 1639 Augustini
1093 1570 1332 1642 Operum
1372 1575 1717 1646 editionibus,

138 1653 361 1729 plurima
387 1656 581 1713 deesse
612 1657 877 1727 opuscula
905 1659 1166 1731 proximis
1192 1672 1317 1719 ante
1344 1666 1501 1722 annis
1530 1682 1722 1725 recens

1837 480 2066 540 Servate
2093 486 2247 558 Lupo
2284 490 2510 560 aliisque
2537 494 2882 564 sequioribus
2908 499 3265 567 scriptoribus
3297 522 3421 573 pas-

1835 574 1937 628 sim
1957 581 2388 648 commemorati,
2414 582 2510 638 sed
2532 583 2721 653 exigua
2753 595 2956 642 tantum
2972 598 3121 656 parte
3150 606 3245 646 sua
3266 595 3425 650 Clau-

1834 665 1909 721 dii
1930 669 2182 739 ,Menardi
2207 672 2475 729 beneficio
2504 675 2725 748 cogniti,
2751 678 2888 735 adeo
2934 690 2991 735 ut
3018 697 3087 737 ex
3116 692 3239 740 octo
3272 685 3426 740 libris

1834 761 2065 831 amplius
2095 764 2308 821 duobus
2333 782 2624 838 superesse
2664 787 2825 829 nemo
2846 775 2957 843 jam
3006 790 3228 847 sperare
3259 778 3425 835 aude-

1833 861 1940 918 ret,
1972 868 2093 909 cum
2143 870 2271 912 ecce
2315 858 2411 914 hic
2460 861 2713 931 Vignerio
2756 864 2973 921 fortuna
2997 868 3209 937 obtigit,
3243 876 3301 921 ut
3329 883 3423 923 sex

1832 946 2075 1017 integros
2106 949 2273 1005 libros
2302 951 2643 1012 bibliothecae
2673 958 3105 1014 Claraevallensis
3129 961 3321 1016 codice
3339 962 3425 1015 de-

1832 1037 2211 1108 prehenderet.
2266 1040 2381 1108 Qua
2415 1044 2483 1100 de
2513 1045 2769 1103 felicitate
2803 1047 2918 1117 ipse
2955 1051 3173 1120 quidem
3216 1053 3296 1106 sic
3326 1066 3424 1107 ex—

1831 1129 2017 1194 sultat,
2050 1138 2238 1186 utnon
2284 1131 2479 1202 injuria
2511 1134 2744 1192 fortasse
2786 1139 2890 1193 dici
2932 1143 3123 1209 possit,
3171 1141 3423 1196 affectum

1831 1221 2034 1290 aliquid
2055 1221 2359 1279 detraxisse
2394 1225 2622 1293 judicio,
2652 1228 3005 1300 animumque
3053 1248 3081 1284 a
3134 1233 3422 1302 tranquilla

1830 1312 2195 1381 pensitalione
2260 1315 2662 1386 praecipitasse,
2714 1317 2842 1373 dum
2894 1334 3005 1374 non
3062 1335 3160 1375 sex
3222 1322 3419 1386 modo,

1829 1405 1925 1460 sed
1962 1404 2134 1475 ipsos,
2194 1415 2462 1476 quotquot
2491 1408 2557 1462 ab
2606 1408 2910 1481 Augustino
2962 1410 3155 1481 scripti
3184 1425 3305 1467 esse
3336 1412 3421 1466 di-

1828 1504 2047 1562 cuntur,
2072 1505 2198 1552 octo
2221 1496 2392 1554 libros
2434 1500 2705 1569 reperisse
2744 1500 2915 1557 videri
2967 1501 3154 1557 voluit.
3212 1502 3317 1558 Sed
3351 1502 3422 1558 de

1828 1585 1913 1642 his
1943 1587 2088 1642 infra
2129 1589 2186 1643 in
2215 1589 2553 1660 singulorum
2584 1593 2971 1663 opusculorum
2999 1593 3331 1649 editionibus
3360 1610 3418 1649 n.

1828 1676 1918 1734 98.
1978 1678 2290 1749 Sequuntur
2346 1690 2619 1753 tamquam
2674 1685 2845 1741 altera
2891 1685 3138 1756 quaedam
3194 1685 3419 1742 secundi

142 1761 205 1802 ac
230 1749 445 1804 seorsim
474 1750 754 1821 evulgata,
789 1751 885 1808 sed
914 1753 1060 1824 quod
1102 1755 1329 1814 moleste
1372 1759 1714 1830 potissimum

1830 1770 1985 1841 hujus
2015 1774 2147 1827 tomi
2178 1788 2304 1845 pars
2332 1791 2348 1830 :
2381 1776 2443 1830 10
2569 1778 2857 1849 Augustini
2899 1749 3126 1847 epistola
3154 1779 3315 1835 unica
3350 1780 3419 1834 ad

141 1841 207 1898 iis
250 1843 546 1911 accidebat,
600 1846 695 1914 qui
736 1843 971 1916 aliquam
1010 1847 1310 1906 editionem
1350 1853 1719 1924 comparaturi

139 1944 305 2003 erant,
329 1937 672 1994 recentiores
696 1953 886 1995 omnes
907 1948 1026 1995 utut
1050 1942 1321 2000 auctiores
1337 1945 1583 2017 singulae,
1618 1964 1718 2005 nec

138 2025 354 2097 integrae
385 2037 593 2097 tamen,
627 2029 788 2101 longe
843 2033 1246 2104 antiquioribus
1269 2076 1283 2101 ,
1333 2039 1505 2108 quoad
1540 2049 1716 2097 textus

136 2120 418 2189 puritatem
441 2130 496 2176 et
516 2122 973 2195 emendationem,
996 2138 1152 2182 erant
1180 2127 1487 2185 inferiores.
1516 2131 1571 2186 In
1600 2133 1717 2186 ani-

137 2228 275 2271 mum
307 2213 479 2284 igitur
526 2215 756 2284 induxit,
788 2218 1226 2288 supplementum
1260 2235 1484 2289 operum
1540 2222 1717 2279 sancti

142 2303 288 2376 hujus
315 2304 556 2363 doctoris
589 2324 805 2379 parare,
848 2323 958 2365 non
989 2320 1096 2365 tam
1130 2316 1190 2365 ut
1233 2312 1629 2367 recentioribus
1659 2313 1713 2370 id

141 2397 609 2454 commendationis
634 2398 875 2466 afferret,
901 2410 961 2456 ut
988 2400 1088 2457 hac
1116 2417 1210 2457 sua
1242 2417 1410 2474 opera
1438 2415 1710 2476 assumpta

142 2487 346 2561 integrae
376 2492 623 2558 omnino,
658 2492 768 2548 dici
800 2505 1042 2565 possent,
1085 2495 1182 2552 sed
1209 2499 1390 2567 potius
1420 2506 1477 2553 ut
1504 2498 1588 2566 iis,
1619 2501 1712 2569 qui

142 2583 367 2653 antiquas
394 2594 452 2641 et
473 2585 854 2658 castigatiores
893 2587 1120 2644 mallent
1160 2591 1415 2657 retinere,
1440 2592 1707 2662 gratifica-

140 2686 285 2731 retur.
325 2674 728 2748 Complectitur
778 2681 954 2749 itaque
988 2681 1008 2734 1
1058 2690 1232 2736 tomus
1265 2699 1279 2735 :
1315 2682 1373 2733 1°
1430 2684 1708 2738 Sermones

134 2785 270 2823 novos
293 2767 421 2837 XL,
456 2785 487 2825 a
514 2770 804 2826 Sirmondo
850 2787 898 2827 a.
933 2771 1067 2829 1631
1098 2773 1319 2829 Parisiis
1348 2772 1524 2830 editos
1570 2786 1622 2829 et
1656 2774 1706 2829 in

136 2864 401 2933 aequiores
448 2860 578 2918 inde
624 2862 889 2920 editiones
938 2876 1191 2936 receptos
1242 2882 1361 2921 cum
1410 2865 1709 2936 appendice

136 2950 443 3015 Sermonum
492 2950 575 3023 V,
625 2963 681 3011 et
730 2957 873 3013 notis
934 2957 1180 3027 ejusdem
1220 2975 1235 3025 ;
1310 2960 1373 3013 2°
1431 2958 1707 3015 Sermones

139 3034 188 3094 de
213 3038 431 3098 Diversis
475 3040 773 3115 CXXVII,
817 3047 1030 3103 duabus
1071 3049 1312 3118 partibus
1369 3047 1614 3103 diStincti
1643 3064 1707 3104 ac

1824 1862 2164 1918 Macrobium
2191 1882 2207 1932 ;
2232 1865 2296 1919 2ο
2324 1864 2621 1922 Sermones
2658 1868 2852 1923 inediti
2886 1867 3000 1933 XL,
3030 1878 3084 1923 et
3112 1870 3174 1923 5°
3199 1867 3420 1924 Tracta-

1824 1963 1911 2009 tus
1961 1954 2091 2019 duo,
2128 1955 2267 2010 alter
2314 1956 2382 2012 de
2436 1956 2692 2013 Oratione
2724 1974 2793 2014 ex
2849 1958 3038 2013 codice
3078 1958 3417 2025 Divioneusi,

1820 2048 1963 2102 alter
1985 2047 2276 2119 inscriptus
2309 2050 2375 2104 de
2404 2050 2651 2104 Oratione
2684 2059 2739 2106 et
2764 2050 3107 2123 Eleemosyna
3139 2067 3207 2108 ex
3235 2053 3420 2109 codice

1820 2138 2027 2209 Regio;
2070 2139 2305 2210 denique
2345 2141 2408 2195 ιο
2461 2142 2744 2199 Sententia
2792 2145 3035 2199 adversus
3075 2144 3419 2217 Pelagianam

1821 2231 2139 2289 hwreticum.
2175 2233 2390 2303 Adjecti
2414 2242 2545 2289 sunt
2566 2236 2617 2288 in
2650 2246 2877 2306 utroque
2907 2245 3052 2292 tomo
3080 2236 3290 2293 indicies
3319 2254 3417 2293 ne-

1819 2322 2063 2378 cessarii.
2099 2324 2378 2396 Inscripsit
2406 2336 2589 2381 autem
2646 2327 2935 2397 Vignerius
2982 2339 3185 2386 tomum
3229 2345 3417 2386 secun-

1820 2413 1951 2469 dum
1979 2411 2200 2470 Claudio
2227 2415 2555 2488 Largentier,
2587 2418 2786 2475 Abbati
2819 2418 3255 2489 Clartevallensi;
3303 2424 3413 2493 pri-

1817 2522 1964 2562 mum
1990 2507 2174 2564 Gondo
2197 2510 2462 2565 cardinali
2485 2510 2554 2567 de
2574 2510 2725 2566 Rets.

2542 2603 2699 2659 1675.

1887 2693 2159 2765 Lugduni,
2216 2694 2391 2749 ind12.
2432 2695 2491 2750 S.
2533 2696 2824 2763 Augustini
2859 2697 3120 2765 opuscula
3166 2697 3413 2766 quaedam

1813 2786 2055 2853 selecta;
2086 2784 2333 2861 ejusdem
2370 2785 2739 2853 collectionis,
2770 2799 2891 2857 quae
2919 2799 2971 2841 a.
3014 2785 3160 2842 1654
3184 2787 3411 2845 Bruxel-

1813 2879 1881 2936 lis
1910 2879 2131 2950 prodiit.

1882 3064 2167 3134 Bruxellis,
2213 3063 2395 3120 ενι-19.
2448 3063 2649 3122 Eadem
2699 3079 2769 3120 ex
2821 3064 3009 3136 quinta
3070 3064 3408 3138 repetitione.

142 3131 341 3197 primum
362 3149 393 3189 a
422 3132 861 3195 Lovaniensibus
900 3154 953 3213 a.
988 3137 1126 3196 1576
1156 3139 1307 3196 editi.
1354 3141 1415 3196 5°
1462 3138 1711 3198 Homilice
1732 3138 1780 3203 C
1814 3131 2164 3214 Coloniam”.
2189 3156 2228 3212 l.
2265 3158 2303 3214 l.

141 3224 367 3292 undecim,
401 3243 469 3285 ex
526 3230 721 3287 codice
764 3233 1136 3303 manuscrith
1192 3232 1542 3290 bibliothecae
1578 3232 1708 3291 Car-

143 3314 635 3393 tbusianwhiajoris
693 3324 1016 3396 desumptae.
1075 3322 1139 3381 4ο
1189 3323 1462 3382 Sermones
1520 3325 1621 3396 VI,
1675 3342 1709 3383 a

141 3405 318 3470 Joanne
352 3413 599 3487 Baptista
644 3417 793 3473 Maro
834 3419 1024 3475 Romae
1050 3418 1201 3475 editi.
1226 3417 1332 3475 Sed
1363 3420 1579 3488 nescio,
1602 3436 1709 3492 quo

142 3512 248 3557 casu
276 3501 465 3562 factum
501 3498 611 3577 sit,
635 3516 694 3563 ut
734 3505 791 3563 hi
817 3524 939 3565 cum
966 3512 1403 3581 praecedentibus
1441 3514 1495 3571 in
1543 3528 1708 3569 unum

116 3606 457 3668 cogerentur,
494 3599 577 3654 ita
610 3596 851 3670 quidem,
897 3612 953 3657 ut
992 3619 1101 3660 non
1132 3605 1404 3676 undecim,
1434 3615 1491 3661 ut
1522 3605 1709 3673 titulus

138 3685 415 3759 pollicetur,
449 3691 562 3746 sed
615 3690 706 3747 XII
762 3692 1057 3752 Sermones
1085 3713 1150 3752 ex
1182 3697 1368 3754 codice
1397 3697 1536 3754 Bibl.
1576 3688 1710 3753 Car-

140 3777 636 3854 thusianaa-Maajoris
664 3787 894 3843 exhibiti
929 3791 1077 3860 sint,
1108 3791 1296 3859 iidem,
1320 3792 1433 3863 qui
1476 3794 1710 3863 primum

139 3885 182 3926 a.
208 3874 331 3934 1586
350 3893 378 3932 a
401 3879 810 3936 Parisiensibus
840 3883 1031 3940 excusi
1052 3892 1229 3949 erant,
1260 3886 1355 3941 sed
1381 3901 1486 3941 uno
1506 3886 1712 3941 auctio-

140 3978 238 4033 res,
263 3970 349 4040 qui
391 3971 496 4026 hic
526 3971 891 4043 desideratur,
925 3975 1190 4046 cujusque
1246 3975 1298 4030 in
1332 3976 1512 4031 locum
1547 3972 1709 4044 alius,

145 4054 319 4113 brevem
373 4060 622 4134 Symboli
676 4063 1078 4137 explicationem
1126 4068 1355 4133 sistens,
1408 4066 1709 4135 successit,

143 4164 309 4225 quem,
338 4166 392 4212 ut
427 4165 730 4228 sequentes
761 4168 874 4217 tres
904 4157 974 4214 In
1014 4158 1273 4215 Calendas
1295 4154 1602 4228 Ianuarias,
1650 4160 1713 4214 de

145 4238 372 4301 Calendis
393 4245 665 4304 Ianuariis
689 4260 739 4304 et
766 4260 886 4305 ante
906 4253 1070 4309 altare
1090 4250 1159 4306 ad
1183 4250 1412 4322 infantes
1444 4251 1507 4305 de
1537 4266 1716 4305 sacra-

148 4345 308 4391 mento
335 4341 498 4394 etiam
528 4338 579 4395 in
611 4341 906 4397 novissima
963 4353 1087 4398 tunc
1136 4343 1397 4414 temporis
1434 4340 1714 4397 Parisiana

2493 3250 2790 3307 679—1700.

2493 3250 2558 3304 67
2602 3251 2654 3304 «1
2775 3291 2790 3307 .

1886 3343 2137 3408 Parisiis,
2208 3342 2346 3412 apud
2387 3250 2999 3414 FrincieuZnOOMuguet;
3055 3324 3239 3411 incfol.
3268 3382 3289 3411 ,
3327 3338 3411 3398 ΧΙ

1770 3498 1779 3501 ι
1812 3432 2013 3490 Tomis.
2032 3434 2090 3488 S.
2105 3433 2550 3502 Aur.Augustini,
2572 3433 2631 3486 Hi
2640 3448 2901 3502 pponens.
2921 3433 3196 3505 Episcopi,
3212 3434 3410 3503 Opera,

1813 3534 1936 3597 post
1961 3524 2378 3580 Lovaniensium
2408 3524 2778 3593 theologorum
2811 3526 3206 3592 recensionem,
3250 3526 3411 3579 casti-

1813 3627 1934 3690 gata
1957 3618 2138 3674 denuo
2169 3616 2238 3673 ad
2270 3617 2667 3686 manuscriptos
2692 3616 2909 3673 codices
2948 3616 3276 3685 Gallicanos,
3311 3617 3411 3671 Va.

1815 3710 2046 3776 ticanos,
2071 3709 2422 3781 Anglicanas,
2445 3708 2711 3780 Belgicos,
2728 3716 2860 3775 etc.,
2879 3723 2977 3764 nec
3002 3722 3111 3764 non
3136 3707 3204 3762 ad
3223 3707 3411 3763 editio~

1816 3820 1917 3860 nes
1939 3806 2277 3875 antiquiores
2293 3811 2348 3860 et
2375 3786 2766 3874 castigatiores.
2792 3803 2967 3873 Opera
2986 3809 3042 3859 et
3075 3800 3255 3857 studio
3285 3815 3404 3857 mo-

1817 3897 2117 3953 nachorum
2160 3896 2367 3952 ordinis
2398 3895 2578 3951 Sancti
2609 3894 2889 3951 Benedicti
2917 3910 2947 3950 e
2996 3894 3416 3965 congregatione

1817 3989 2000 4046 Sancti
2020 3988 2210 4043 Mauri.
2233 3986 2439 4043 Tomus
2458 3987 2501 4056 Ι,
2524 3986 2593 4056 ll,
2620 3986 2789 4053 1679;
2815 3986 2907 4055 lll,
2932 3986 3071 4043 1680
3094 3985 3221 4053 ;lV,
3253 3984 3413 4051 1685;

1818 4082 1887 4146 V,
1924 4081 2192 4149 1081;“
2220 4090 2277 4137 et
2323 4081 2434 4150 Vl],
2492 4081 2675 4147 1685;
2722 4080 2836 4135 Vlll
2890 4088 2945 4136 et
2993 4080 3085 4147 IX,
3133 4078 3314 4145 1688;
3348 4078 3414 4146 Χ,

1774 4162 1785 4247 γ’
1822 4173 2000 4242 1690;
2039 4174 2134 4244 XI,
2168 4174 2325 4232 1700.
2352 4174 2597 4230 Tomusl
2628 4186 2679 4230 et
2709 4174 2755 4229 ll
2782 4173 2961 4230 recusi
2990 4173 3187 4230 ibidem
3214 4174 3373 4230 1689.

1894 4268 2021 4323 Tria
2078 4269 2183 4324 sibi
2234 4269 2290 4323 iu
2320 4282 2460 4323 nova
2515 4268 2620 4322 hac
2663 4266 2907 4323 editione
2964 4266 3204 4338 paranda
3261 4266 3417 4323 cordi

1770 4336 1773 4341 λ
1821 4360 2011 4424 fuisse,
2035 4359 2275 4415 fatentur
2290 4359 2482 4416 Patres
2500 4360 2825 4431 Maurini(in
2849 4336 2998 4429 praei.
3028 4373 3150 4430 gen.
3176 4366 3327 4414 tomo
3349 4356 3419 4413 XI

145 4425 362 4484 editione
388 4429 585 4487 deesse
624 4441 799 4490 notat.
851 4431 913 4487 5°
952 4430 1225 4487 Traclalus
1256 4432 1319 4487 de
1348 4440 1539 4504 septem
1582 4433 1714 4487 vitiis

1830 4449 2129 4523 pratmissa)
2166 4469 2177 4504 :
2214 4450 2476 4507 videlicet
2495 4460 2819 4507 utaccurata
2846 4458 3025 4520 esset,
3058 4449 3331 4505 commoda
3363 4454 3419 4501 et

146 4525 187 4570 et
210 4528 390 4589 septem
431 4521 590 4576 donis
616 4520 850 4592 Spiritus
882 4522 1086 4590 Sancti,
1123 4522 1298 4579 editos
1329 4522 1457 4577 olim
1505 4536 1533 4576 a
1566 4518 1712 4578 Guil.

1830 4512 1920 4595 i'ile
1941 4512 2224 4595 illustrata.
2254 4540 2351 4595 His
2378 4552 2633 4611 quartum
2656 4512 3050 4612 adjunxerunt,
3076 4538 3217 4608 quod
3240 4552 3337 4608 per
3359 4552 3420 4591 se

145 4604 435 4684 Camerario,
470 4609 755 4685 Theologo
784 4613 971 4676 Scoto.
1006 4628 1035 4668 a
1060 4614 1349 4669 novissima
1373 4613 1609 4669 editione
1638 4612 1712 4685 (a.

149 4708 285 4784 1652)
313 4716 521 4786 pariter
566 4714 841 4771 exsulans.
895 4715 956 4771 6°
1000 4715 1078 4772 De
1107 4718 1279 4786 gestis
1310 4715 1513 4788 Pelagii
1553 4715 1713 4771 liber.

102 4852 113 4883 ξ
145 4803 198 4855 7°
227 4803 494 4875 Ερίειοιω,
528 4822 649 4878 quae
677 4808 730 4863 in
760 4807 1159 4881 antiquioribus
1180 4808 1533 4880 editionibus,
1567 4809 1717 4866 Basi-

143 4892 315 4965 leensi,
339 4901 747 4959 Parisiensibus
765 4913 819 4959 et
837 4901 1293 4975 Lugdunensibos
1307 4904 1520 4957 omissae
1537 4912 1711 4959 erant.

108 4986 197 5059 ,8⁸³
245 4989 526 5064 Speculum
577 4993 641 5051 S.
693 4995 968 5067 Augustini
1016 4995 1070 5049 in
1106 4993 1434 5064 Scripturam
1489 5010 1715 5061 sacrant,

142 5076 379 5142 hactenus
423 5086 728 5155 ineditum;
760 5085 828 5144 de
853 5103 958 5160 quo
998 5085 1137 5143 infra
1181 5086 1336 5142 nobis
1383 5100 1564 5142 sermo
1592 5087 1712 5141 erit.

118 5170 408 5255 ,Sedlonge
441 5178 706 5251 insignior
750 5179 1258 5251 Supplementorum
1316 5180 1508 5235 horum
1553 5193 1715 5249 pars,

143 5264 253 5326 libri
271 5282 449 5344 usque
464 5273 593 5331 dum
621 5273 813 5331 inediti
833 5272 1205 5342 expanduntur
1236 5274 1290 5329 in
1310 5282 1448 5328 torno
1474 5274 1714 5329 secundo.

142 5357 300 5428 Quare
326 5366 446 5439 ipse
480 5368 573 5436 ait,
613 5368 751 5438 quod
780 5365 967 5423 Gallia:
994 5367 1056 5421 ob
1083 5365 1219 5420 Itane
1243 5367 1584 5438 supplementi
1608 5366 1718 5421 edi-

145 5451 315 5510 tionem
335 5459 628 5531 applaudat
658 5460 922 5514 universus
952 5457 1087 5513 orbis
1116 5459 1440 5514 Christianus
1467 5458 1719 5529 potiorem

143 5560 197 5599 es
219 5550 385 5606 altera
406 5561 573 5623 parte,
602 5569 756 5623 quam
777 5568 839 5607 ea:
869 5550 1039 5622 prima
1063 5551 1206 5605 nasci
1232 5553 1506 5607 rationem.
1539 5549 1718 5605 Primo

144 5649 324 5711 nempe
352 5644 476 5701 loco
517 5646 572 5701 iu
602 5646 774 5701 lucem
818 5644 1089 5716 prodeunt
1138 5660 1203 5701 ex
1232 5646 1495 5711 tenebris,
1520 5645 1717 5715 quibus

143 5736 326 5798 “nulli
377 5737 634 5797 hactenus
672 5740 1034 5807 exstinCtique
1082 5756 1217 5806 pene
1263 5742 1573 5806 iacuerunt,
1610 5738 1716 5794 Sea:

1827 4646 1933 4687 non
1960 4641 2068 4686 tam
2099 4630 2635 4688 commendationem
2669 4642 2912 4686 meretur
2936 4636 2987 4683 in
3013 4628 3249 4697 editore,
3275 4626 3419 4698 quod

1821 4723 2026 4792 justum
2055 4732 2160 4792 est,
2194 4739 2355 4794 quam
2388 4722 2879 4793 reprehensionem
2899 4718 3005 4787 pati
3036 4716 3219 4787 debet,
3245 4718 3419 4774 sicubi

1824 4823 2021 4884 pra-ter
2054 4810 2517 4885 exspectatiOnem
2548 4813 2725 4879 desit,
2773 4810 2861 4863 hic
2903 4818 3080 4862 tamen
3111 4808 3180 4864 ob
3224 4824 3417 4865 causas

1825 4905 2076 4962 omnibus
2120 4913 2275 4959 notas
2314 4916 2367 4960 et
2407 4904 2627 4974 gravius
2671 4900 2843 4953 multo
2877 4908 2934 4954 et
2964 4897 3125 4971 longe
3155 4898 3415 4955 difﬁcilli’

1827 5011 2009 5066 mum,
2044 4996 2287 5059 scilicet,
2324 5004 2383 5049 ut
2418 4992 2580 5046 nullis
2619 4988 2854 5062 partium
2889 4990 3087 5049 studiis
3131 5002 3281 5049 esset
3326 4992 3421 5048 ad-

1827 5089 1994 5145 dicta.

1900 5181 1978 5235 Ac
2008 5177 2238 5249 primum
2282 5174 2541 5248 quidem,
2584 5186 2640 5233 ut
2682 5193 2846 5248 quam
2890 5176 3129 5234 maxime
3178 5187 3422 5232 accurata

1827 5280 1995 5340 esset,
2029 5271 2207 5326 tribus
2231 5270 2370 5342 ipsis
2390 5280 2649 5329 constare
2668 5273 2843 5329 visum
2864 5280 2950 5330 est
2978 5268 3419 5330 conditionibus:

1828 5380 2025 5436 nempe
2054 5374 2114 5421 ut
2140 5366 2417 5423 eontextui
2444 5368 2681 5437 genuina
2710 5366 2996 5438 integritas
3026 5365 3094 5420 ad
3125 5371 3341 5417 veteres
3370 5370 3425 5416 et

1826 5458 2157 5516 sinceriores
2194 5459 2419 5516 codices
2457 5460 2879 5524 restitueretur;
2914 5465 2975 5510 ut
3015 5461 3169 5509 certa
3199 5466 3264 5506 ac
3302 5467 3425 5523 ger-

1825 5566 1985 5607 mana
2012 5566 2182 5622 opera
2205 5560 2629 5608 secernerentur
2659 5566 2687 5605 a
2713 5547 2896 5603 dubiis
2935 5554 2992 5601 et
3022 5543 3258 5615 spuriis;
3293 5553 3348 5600 et
3370 5553 3425 5599 ut

1824 5644 1998 5702 editio
2026 5645 2143 5715 ipsa
2164 5659 2195 5698 a
2220 5644 2626 5715 typographicis
2665 5639 2879 5695 mendis
2906 5645 3206 5710 repurgata
3240 5636 3427 5707 prodi~

1824 5750 1929 5798 ret.
1960 5738 2032 5797 Ut
2055 5752 2190 5794 vero
2222 5753 2476 5808 perquam
2505 5736 2771 5789 commoda
2793 5731 3154 5799 redderetur,
3191 5738 3425 5799 quatuor
