3882 6320
519 309 587 365 87
1411 294 1975 362 SUPPLEMENTUM
2012 293 2104 359 AD

2142 292 2371 360 OPERA
2413 292 2470 360 S.
2512 298 2905 359 AUGUSTINI.
3689 301 3741 361 88

520 444 548 482 a
579 442 636 483 se
671 434 860 482 curata
887 434 1008 479 esse
1037 429 1289 489 monent;
1323 423 1581 479 nimirum
1600 440 1808 495 operum
1837 424 2097 489 ordinem,
2126 426 2175 484 Α
2204 422 2436 492 plurium
2482 421 2721 475 virorum
2768 402 3048 473 doctorum
3094 416 3162 473 de
3214 415 3408 473 iisdem
3453 429 3740 473 commenta-

520 517 574 571 in
605 532 714 586 quo
746 515 1084 570 instituendo
1108 522 1163 570 et
1194 524 1518 584 temporum,
1550 530 1657 583 quo
1697 514 1957 583 deinceps
1991 515 2107 569 sitt-

518 608 644 679 gula
675 607 956 663 elaborata
978 613 1127 673 sunt,
1174 615 1229 661 et
1267 615 1709 676 argumentorum
1753 606 1894 660 ratio
1925 605 2106 659 habita

518 709 627 767 est,
654 700 790 754 adeo
822 708 879 753 ut
909 714 1034 768 qua:
1061 698 1219 753 unius
1247 698 1464 767 generis
1491 706 1695 761 essent,
1721 695 1893 751 veluti
1916 709 2110 764 exege-

519 790 646 857 tica,
682 789 942 856 moralia,
976 797 1082 844 etc.
1107 831 1121 855 ,
1152 788 1380 855 junctim
1423 787 1641 857 quidem
1689 786 2103 852 exhiberentur,

516 881 616 937 sed
646 882 838 937 eadem
864 881 1019 950 juxta
1064 895 1333 935 annorum
1367 878 1566 935 seriem
1597 878 1897 947 disposita;
1927 878 2108 931 sectio—

522 987 627 1040 Aes,
659 972 855 1042 quibus
881 972 1117 1041 capitula
1148 972 1199 1025 in
1233 972 1417 1041 plures
1447 979 1502 1026 et
1531 970 1771 1025 minores
1816 968 2107 1038 particulas

515 1082 712 1135 magno
739 1067 1035 1137 legentium
1066 1082 1166 1121 usu
1193 1066 1367 1121 divisa
1397 1073 1553 1131 sunt;
1590 1064 1903 1128 summaria,
1929 1062 2008 1117 vel
2041 1062 2107 1117 li-

514 1159 625 1214 bris
656 1160 915 1216 omnibus
945 1170 1002 1217 et
1033 1160 1308 1230 plerisque
1351 1158 1600 1228 capitulis
1632 1158 1909 1227 prmmissa
1934 1197 1948 1222 ,
1984 1171 2105 1225 quae

513 1265 898 1324 argumentum
928 1254 1393 1317 demonstrarent,
1428 1252 1514 1307 vel
1544 1250 1866 1320 marginalia
1892 1259 1947 1304 et
1980 1264 2105 1319 par-

514 1346 610 1399 tim
639 1362 705 1401 ex
730 1347 860 1416 ipsis
890 1353 1183 1401 contextus
1202 1344 1387 1400 verbis
1414 1358 1699 1414 expressa,
1728 1342 1922 1412 partim
1948 1356 1975 1393 a
2001 1340 2105 1395 Lo-

513 1437 865 1491 vauiensibus
894 1436 1211 1507 desumpta;
1245 1438 1441 1490 indices
1461 1435 1695 1505 denique
1718 1449 1827 1488 non
1849 1433 2023 1486 solum
2050 1433 2102 1487 in

512 1527 755 1595 singulos
780 1536 975 1595 tomos,
1002 1530 1099 1584 sed
1125 1529 1412 1598 generales
1443 1528 1607 1583 etiam
1640 1533 1695 1580 et
1722 1524 2058 1579 universales
2083 1564 2099 1591 ,

512 1627 775 1690 utrosque
795 1636 927 1676 vero
952 1622 1285 1677 uberrimos.
1326 1621 1406 1676 Ad
1437 1620 1832 1674 illustrationem
1856 1625 2103 1687 spectant

510 1713 707 1779 partim
734 1714 1080 1781 praefationes
1104 1714 1333 1783 singulis
1367 1714 1526 1768 tomis
1553 1714 1868 1782 praemissae,
1902 1710 1951 1763 in
1981 1709 2102 1779 qui-

2213 512 2280 567 rii
2309 514 2407 582 (a).
2439 512 2721 582 Pergimus
2740 514 2938 581 potius
2965 510 3031 566 ad
3060 511 3316 581 opuscula
3341 551 3357 576 ,
3402 525 3520 581 quae
3556 511 3740 583 singulis

2211 605 2373 659 tomis
2401 590 2792 673 comprehensa
2808 603 2937 669 sint,
2959 610 3209 658 accurate
3226 600 3572 668 recensenda,
3587 618 3738 673 eaque,

2210 710 2333 765 quae
2375 696 2663 765 insigniter
2693 695 2785 750 hic
2830 709 2858 749 a
2908 694 3233 750 doctissimis
3276 693 3521 748 Patr—ibus
3549 695 3743 762 praestita
3834 702 3835 733 ι

2210 796 2360 853 sunt,
2403 786 2754 855 declaranda,
2786 786 2877 841 ubi
2908 786 3069 841 simul
3092 785 3511 842 Lovaniensium
3545 785 3744 843 ordinem

2211 894 2265 941 et
2302 886 2596 943 discrimen
2651 888 2981 943 notabimus.
3038 886 3181 942 Sunt
3231 892 3410 941 autem
3462 894 3673 940 contenta
3708 886 3745 941 in

2211 992 2535 1048 unoquoque
2563 979 2840 1033 volumine
2865 978 2980 1033 haec
3007 996 3022 1033 :

2281 1068 2444 1125 Tomo
2485 1071 2650 1138 primo
2671 1087 2690 1125 :
2719 1100 2790 1111 —
2813 1071 3083 1141 Opuscula
3113 1112 3127 1138 ,
3169 1085 3289 1139 quae
3327 1069 3507 1125 adhuc
3540 1068 3748 1126 catechu-

2211 1173 2425 1225 menus,
2454 1170 2548 1215 aut
2573 1158 2810 1215 nondum
2847 1161 3132 1232 presbyter
3160 1161 3328 1215 edidit
3359 1176 3487 1217 cum
3517 1160 3748 1214 Retracta-

2210 1250 2449 1307 tionibus
2488 1260 2543 1307 et
2580 1250 3067 1318 Confessionibus;
3113 1254 3216 1307 hoe
3245 1252 3484 1307 ordine:
3516 1250 3752 1305 Retracta-

2208 1347 2417 1401 tionum
2445 1346 2537 1401 lib.
2569 1346 2647 1409 ll;
2681 1346 3090 1401 Confessionum
3123 1347 3215 1401 lib.
3248 1345 3401 1411 Xlll;
3434 1344 3624 1400 Contra
3650 1345 3753 1398 Aea.

2208 1437 2450 1493 demicos
2488 1438 2579 1493 lib.
2618 1438 2727 1503 lll;
2774 1438 2851 1493 De
2895 1438 3016 1493 Vita
3056 1438 3219 1493 Beata
3251 1436 3348 1494 lib.
3386 1436 3445 1503 l;
3500 1437 3570 1491 De
3595 1434 3754 1490 Ordine

2206 1529 2303 1585 lib.
2330 1529 2393 1595 ll;
2418 1530 2837 1600 Soliloquiorum
2860 1531 2957 1586 lib.
2978 1530 3047 1596 ll;
3074 1530 3149 1586 De
3172 1530 3577 1585 immortalitate
3601 1528 3754 1582 animai

2206 1622 2299 1677 lib.
2327 1622 2380 1687 l;
2407 1622 2483 1678 De
2504 1625 2802 1693 quantitate
2828 1624 3022 1678 animae
3045 1623 3141 1678 lib.
3165 1622 3218 1688 l;
3248 1623 3322 1678 De
3344 1624 3553 1678 musica
3574 1617 3754 1685 lib.Vl;

2208 1714 2284 1769 De
2306 1713 2564 1783 magistro
2588 1715 2682 1769 lib.
2710 1715 2763 1780 l;
2788 1715 2866 1769 De
2887 1714 3062 1770 libero
3089 1714 3312 1769 arbitrio
3337 1713 3436 1768 lib.
3468 1711 3535 1767 lll
3556 1728 3569 1778 ;
3593 1711 3662 1766 De
3678 1710 3751 1766 Ge

510 1800 613 1856 bus
637 1805 816 1871 potius
846 1820 933 1861 res
961 1804 1261 1872 historicas,
1289 1820 1447 1876 quam
1470 1805 1791 1875 dogmaticae
1819 1804 2098 1873 explican-
2130 1808 2177 1869 B
2206 1807 2323 1862 nesi
2351 1816 2537 1862 contra
2569 1807 2899 1863 Manichmos
2921 1808 3017 1863 lib.
3046 1808 3087 1863 ll
3112 1824 3126 1872 ;
3162 1807 3241 1862 De
3272 1806 3517 1861 moribus
3539 1804 3757 1859 Ecclesiae

510 1904 627 1961 tur;
657 1900 856 1967 partim
889 1900 1322 1965 admonitiones,
1357 1900 1423 1955 ad
1450 1899 1827 1971 explicandum
1852 1897 2096 1968 singulo-

510 2003 631 2043 rum
665 1990 1053 2058 opusculorum
1084 2000 1463 2061 argumentum
1493 1990 1692 2046 additae
1736 2007 1750 2055 ;
1781 1989 2015 2060 denique
2043 1988 2098 2043 in

510 2082 757 2151 margine
802 2083 1050 2139 inferiori
1097 2085 1300 2140 notula:
1328 2126 1341 2150 ,
1373 2085 1570 2154 quibus
1604 2084 1688 2138 vel
1719 2082 1993 2137 variantes
2022 2081 2100 2135 le-

510 2175 720 2231 ctiones
750 2177 1066 2232 indicantur
1088 2223 1102 2248 ,
1135 2179 1223 2233 vel
1254 2178 1489 2233 obscura
1512 2178 1654 2245 loca,
1686 2178 1919 2231 maxime
1946 2189 2097 2230 com-

509 2267 793 2333 paratione
869 2268 1101 2322 aliorum
1163 2269 1408 2324 locorum
1481 2268 1870 2337 explanantur.
1943 2265 2099 2333 Quod

512 2355 710 2411 attinet
737 2356 804 2409 ad
846 2367 1120 2427 quartum,
1155 2360 1263 2414 alte
1293 2360 1399 2414 sibi
1437 2359 1622 2413 animo
1668 2359 1891 2412 inﬁxum
1936 2356 2100 2412 fuisse

510 2448 807 2519 afﬁrmant,
840 2458 897 2506 et
934 2466 963 2505 a
993 2452 1303 2522 praepositis
1334 2452 1449 2508 suis
1486 2451 1846 2521 inculcatum,
1878 2462 1939 2506 ut
1968 2465 2099 2521 par-

511 2540 647 2595 tium
672 2542 851 2597 studia
875 2544 927 2598 in
958 2543 1279 2614 explicanda
1308 2543 1593 2615 Augustini
1625 2544 1874 2600 doctrina
1906 2542 2099 2599 sedulo

510 2643 790 2699 caverent,
844 2634 1007 2705 idque
1055 2651 1236 2692 causae
1292 2638 1479 2705 fuisse,
1532 2648 1591 2692 ut
1634 2653 1663 2692 a
1713 2638 2100 2707 prolixioribus

509 2726 922 2782 commentariis
951 2736 1006 2783 et
1032 2729 1506 2786 observationibus
1535 2729 1921 2797 abstinuerint,
1952 2738 2101 2785 utne

508 2819 762 2889 cuiquam
785 2821 871 2875 vel
902 2822 1189 2878 minimum
1213 2823 1534 2879 oﬂ'endiculi
1558 2824 1899 2891 praeberent,
1934 2823 2100 2877 ullive

508 2912 893 2982 theologorum
923 2915 1209 2968 sententize
1251 2914 1697 2982 praejudicarent.
1736 2913 2102 2966 Nihilominus

509 3013 746 3072 constat,
779 3012 998 3073 quanta:
1027 3006 1081 3058 in
1104 3004 1264 3072 ipsos
1288 3011 1490 3057 coortae
1521 3002 1634 3055 sint
1660 3001 1869 3067 turbae,
1901 3010 2105 3071 quanta

510 3096 757 3151 adhibita
797 3102 1181 3165 stratagemata
1207 3101 1367 3162 atque
1409 3091 1644 3157 insidiae,
1690 3099 1748 3145 ut
1768 3091 1852 3146 vel
1885 3092 2106 3146 interci-

2206 1897 2489 1953 catholicae
2518 1909 2572 1954 et
2601 1899 2844 1954 moribus
2875 1899 3291 1954 Manichmorum
3323 1899 3417 1953 lib.
3455 1898 3535 1963 ll;
3562 1896 3635 1951 De
3658 1909 3756 1950 vera

2202 1991 2465 2061 religione
2492 1992 2588 2049 lib.
2621 1990 2679 2059 I;
2722 1992 2797 2048 De
2826 1993 3013 2064 regula
3041 1992 3117 2047 ad
3136 2007 3324 2047 servos
3359 1991 3477 2047 Dei.
3504 2020 3573 2032 —-
3594 1985 3656 2041 In
3688 2003 3760 2055 ap«

2202 2085 2454 2156 pendice:
2485 2085 2562 2141 De
2591 2080 2943 2156 grammatica
2973 2087 3130 2154 liber;
3164 2086 3431 2155 Principia
3463 2081 3761 2145 dialectice;

2202 2176 2507 2249 Categoriaa
2534 2180 2751 2247 decem;
2787 2180 3054 2250 Principia
3081 2180 3407 2243 rhetorices;
3433 2177 3655 2249 Regula:
3676 2175 3765 2231 ele-

2202 2270 2331 2326 ricis
2360 2270 2569 2325 traditae
2594 2270 2989 2341 fragmentum;
3023 2270 3222 2341 Regula
3262 2270 3541 2335 secunda;
3580 2270 3657 2323 De
3684 2266 3769 2319 vita

2203 2362 2477 2418 eremitica
2504 2362 2569 2417 ad
2610 2377 2873 2418 sororem.
2898 2394 2969 2404 —
2988 2361 3376 2431 Complectitur
3405 2360 3498 2415 hic
3532 2370 3709 2414 tomus
3729 2369 3773 2412 ea

2202 2458 2402 2524 omnia,
2424 2472 2544 2527 quae
2565 2456 2634 2513 ab
2650 2457 2878 2513 Erasmc
2894 2465 2949 2513 et
2965 2457 3390 2514 Lovaniensibus
3406 2455 3463 2510 in
3489 2469 3557 2509 eo
3581 2455 3777 2509 fuerunt

2201 2549 2615 2619 comprehensa.
2657 2548 2792 2605 lllud
2821 2557 3026 2604 tantum
3050 2550 3279 2604 interest
3303 2545 3582 2601 discrimis
3604 2587 3620 2612 ,
3656 2540 3777 2613 quod

2202 2642 2534 2699 Benedictini
2561 2642 2614 2699 in
2638 2642 2990 2713 appendicem
3010 2641 3324 2711 rejecerunt
3344 2636 3615 2693 nonnulla
3636 2676 3652 2701 ,
3681 2646 3775 2703 qua

2203 2735 2396 2791 abillis
2426 2749 2523 2805 pro
2550 2736 2795 2805 genuinis
2818 2734 3102 2803 Augustini
3128 2732 3350 2799 scriptis
3375 2728 3568 2782 habita
3598 2734 3770 2793 erant,

2205 2828 2415 2883 scilicet
2454 2827 2672 2883 libellos
2698 2826 2766 2881 de
2796 2824 3146 2879 Grammatica
3166 2862 3182 2889 ,
3214 2820 3549 2891 Categorias,
3582 2819 3769 2874 Princi-

2205 2919 2295 2984 pia
2324 2917 2625 2970 Dialecticw
2653 2926 2707 2970 et
2738 2916 3014 2984 Principia
3054 2914 3349 2968 Rhetorica:
3369 2956 3383 2981 ,
3414 2920 3471 2967 et
3498 2912 3639 2983 quod
3687 2910 3768 2966 alia

2204 3004 2453 3075 quaedam
2482 3020 2603 3059 cum
2634 3004 2758 3058 aliis
2800 3004 2981 3059 locum
3016 3013 3227 3059 mutare
3264 3003 3587 3072 jusserunt,
3622 3016 3676 3056 ut
3703 3016 3764 3055 se-

2202 3099 2329 3153 riem
2357 3097 2689 3169 ordinemque
2714 3099 2961 3168 temporis
2978 3138 2993 3164 ,
3017 3113 3119 3169 quo
3144 3097 3545 3169 unumquodque
3571 3112 3695 3165 opus
3720 3092 3765 3148 ab

507 3200 733 3260 peretur
756 3204 1070 3259 successus,
1102 3190 1192 3244 vel
1223 3189 1524 3260 perfectum
1552 3191 1606 3245 in
1638 3188 1897 3244 invidiam
1920 3188 2098 3247 addu-
2125 3173 2172 3236 Ο
2208 3191 2431 3246 Auctore
2459 3189 2652 3260 prodiit
2676 3230 2691 3256 ,
2721 3189 2895 3261 quoad
2921 3190 3035 3261 ejus
3068 3188 3182 3258 fieri
3208 3198 3408 3261 posset,
3447 3196 3716 3244 servarent.

509 3290 751 3338 ceretur.
796 3281 908 3353 Ipsi
955 3282 1301 3339 Benedictini
1349 3283 1476 3337 dum
1522 3282 1577 3337 in
1628 3280 1919 3338 undecimo
1957 3290 2106 3339 tomo

509 3376 821 3447 generalem
844 3375 1026 3448 operis
1047 3377 1425 3448 praefationem
1444 3376 1801 3436 conscribunt
1830 3385 1886 3435 et
1914 3392 2105 3435 curam

510 3484 667 3524 suam
695 3484 760 3525 ac
786 3469 1187 3541 providentiam
1217 3470 1395 3541 palam
1424 3469 1607 3527 facere
1634 3472 1879 3538 student,
1913 3471 2106 3527 faten-

509 3570 624 3628 tur,
670 3561 894 3618 dilflcile
924 3561 1089 3619 luisse
1135 3577 1361 3631 cavere,
1406 3578 1476 3619 ne
1518 3562 1649 3634 quid
1695 3562 1751 3619 in
1794 3571 1905 3619 tam
1949 3570 2106 3620 vasto

511 3668 682 3725 opere
706 3654 914 3711 incauti
941 3655 1079 3726 ipsis
1103 3655 1446 3726 subreperet,
1474 3656 1593 3723 vel,
1628 3670 1697 3711 ne
1736 3656 1865 3726 quid
1909 3670 2101 3728 secus,

511 3763 675 3818 quam
723 3750 827 3818 ipsi
870 3749 1270 3817 intendissent,
1316 3750 1373 3802 in
1411 3749 1722 3817 sequiorem
1754 3759 1963 3818 portent
1996 3765 2105 3807 non

512 3842 826 3908 acciperent
844 3839 1094 3895 homines
1116 3839 1258 3893 male
1282 3855 1410 3910 erga
1435 3840 1674 3908 ipsorum
1704 3842 1884 3898 studia
1901 3844 2102 3900 affecti.

511 3930 621 3987 Sed
651 3945 757 3984 non
785 3945 910 3985 cum
942 3930 1283 3999 scrupulosis
1330 3930 1469 3987 forte
1494 3976 1507 4002 ,
1556 3933 1727 4003 azquis
1773 3936 2102 4007 cieteroquin

512 4022 844 4077 adversariis
874 4021 979 4077 sibi
1011 4037 1126 4078 rem
1159 4036 1310 4089 esse,
1344 4023 1442 4078 sed
1472 4038 1502 4078 a
1533 4025 2020 4084 calumniatoribus
2051 4038 2105 4085 et

513 4113 767 4170 hostibus
810 4114 1016 4170 nullum
1046 4114 1368 4170 insidiarum
1399 4131 1591 4186 genus,
1625 4119 1871 4187 quamvis
1904 4130 2060 4191 turpe
2083 4164 2098 4189 ,

513 4205 900 4276 spernentibus
926 4208 1015 4277 jus
1044 4209 1243 4277 petitos
1272 4223 1394 4264 sese
1421 4219 1852 4280 conqueruntur.
1880 4212 1943 4267 Et
1968 4229 2104 4284 quo-

510 4302 659 4357 niam
690 4302 836 4373 regis
854 4302 1013 4371 jussu
1043 4305 1258 4373 utrique
1287 4304 1427 4373 parti
1454 4303 1733 4359 silentium
1762 4313 1909 4361 esset
1935 4306 2107 4377 impo-

512 4393 677 4449 situm
702 4437 716 4462 ,
750 4392 893 4448 haud
922 4393 1215 4465 quidquam
1243 4395 1389 4451 aliud
1425 4397 1687 4466 praedicto
1716 4396 1839 4455 loco
1869 4401 1922 4454 in
1953 4406 2100 4455 tuta-

510 4502 637 4544 men
666 4501 823 4543 suum
852 4487 1187 4554 attulerunt,
1232 4504 1391 4559 quam
1422 4499 1482 4545 ut
1518 4505 1549 4543 a
1574 4492 1912 4562 gravissimis
1933 4537 1947 4563 ,
1981 4509 2102 4565 quae

508 4580 643 4650 ipsis
670 4581 919 4651 impactae
956 4578 1206 4647 fuerant,
1255 4581 1724 4640 criminationibus
1765 4586 1818 4640 in
1859 4589 2102 4645 virorum

507 4675 719 4742 piorum
749 4689 815 4730 ac
842 4674 1252 4743 benevolorum,
1288 4689 1518 4743 quorum
1546 4676 1689 4732 forte
1718 4678 1914 4733 animis
1945 4695 2104 4736 scru—

508 4766 620 4832 puli
653 4766 876 4835 quidam
919 4765 1120 4822 exinde
1160 4764 1526 4835 insedissent,
1559 4769 1786 4839 gratiam
1825 4785 1947 4826 sese
1975 4786 2104 4841 pur-

510 4864 723 4923 garent.
759 4857 865 4911 Sed
897 4858 1089 4916 harum
1122 4858 1302 4914 litium
1334 4859 1644 4930 artiumque
1674 4860 1987 4918 frivolarum
2019 4863 2104 4920 bi-

511 4946 738 4999 storiam
770 4962 877 5002 non
916 4952 1251 5022 attingimus.
1292 4951 1405 5007 Nec
1451 4952 1597 5008 enim
1625 4952 1690 5007 ad
1722 4963 1969 5009 nostrum
2016 4957 2098 5012 vel

511 5039 795 5094 minimum
822 5040 973 5109 facit,
999 5054 1053 5098 et
1081 5055 1399 5115 suppetunt,
1432 5046 1628 5117 quibus
1649 5046 1735 5102 vel
1763 5048 1989 5118 negotii,
2016 5048 2099 5104 vel

509 5132 679 5186 animi
712 5146 875 5186 causa
906 5147 1101 5188 curare
1130 5134 1221 5189 illa
1250 5137 1567 5208 contigerit,
1601 5139 1762 5211 ampli
1796 5140 1928 5196 satis
1953 5124 2100 5196 com-

556 5284 1230 5365 '(g_)___l_’_r:eter_Dup_inium
1270 5288 1408 5365 gibt.
1452 5307 1604 5365 noua.
1646 5295 1736 5350 des
1762 5296 1886 5350 Aut.
1920 5296 2094 5365 Eccl.,

507 5362 572 5417 T.
606 5358 772 5414 XV'lll
794 5404 808 5427 ,
843 5358 944 5414 sub
970 5360 1238 5414 articulo:
1274 5358 1526 5415 Nouvelle
1552 5365 1751 5421 edition
1780 5368 1872 5421 des
1902 5358 2097 5423 tenores

508 5434 572 5486 de
605 5431 667 5485 S.
697 5431 976 5502 Augustin,
1008 5439 1064 5485 et
1098 5430 1318 5502 Brelium
1350 5433 1402 5502 i_u
1448 5432 1585 5488 Dict.
1628 5435 1796 5492 Crit.:
1834 5455 1864 5494 e
1899 5452 2096 5495 recen-

512 5500 789 5568 tioribus,
837 5504 1102 5557 Auetores
1150 5501 1286 5557 Bibl.
1339 5500 1661 5561 Coloniensi:
1715 5506 2099 5567 Ecclesiasticaz

508 5589 639 5647 pag.
776 5590 791 5637 ;
812 5571 1034 5647 Ceillier
1060 5573 1122 5647 Τ.
1149 5573 1240 5628 ΧΙΙ
1260 5618 1274 5639 ,
1301 5590 1423 5646 pag.
1460 5575 1563 5631 680
1579 5592 1720 5647 seq.,
1752 5590 1806 5634 et
1834 5584 2099 5638 Auctores

508 5642 579 5726 tle
607 5642 1161 5726 t‘HilstoirfJittérairq
1178 5646 1240 5726 de
1344 5646 1597 5726 gongrég.
1647 5642 1714 5703 de,
1749 5650 1833 5726 8..
1852 5652 2011 5726 βίαια·
2042 5655 2099 5726 (ὰ

507 5713 782 5796 Illruafe‘lles
816 5714 951 5796 1770
969 5755 984 5780 ,
1020 5716 1161 5796 iit-4f
1188 5717 1229 5785 ).
1248 5717 1324 5796 _V.
1354 5713 1621 5796 Blajnpin.
1650 5721 1911 5796 pag.‘287
1939 5713 2097 5795 seqq.

513 5786 653 5850 Quid
675 5786 695 5839 ’ἶ
726 5784 867 5852 quod
899 5787 1159 5854 peculiari
1188 5784 1332 5845 adeo
1374 5784 1668 5848 volumine'
1693 5784 1894 5863 scripta
1924 5784 2102 5851 exstat

2279 3283 2445 3338 Tomo
2488 3282 2755 3337 secundo:
2791 3280 3141 3351 —Epistolte
3185 3281 3420 3336 ducentae
3473 3278 3771 3351 septuaginta

2208 3374 2506 3432 secundum
2540 3382 2844 3445 temporum
2873 3371 3117 3428 ordinem
3150 3371 3428 3443 dispositae
3452 3415 3468 3441 ,
3494 3380 3549 3429 et
3573 3380 3772 3442 quatuor

2208 3467 2264 3524 in
2293 3466 2495 3522 classes
2534 3464 2783 3534 digestas.
2811 3493 2884 3505 —
2907 3461 2976 3518 In
3010 3463 3335 3535 appendice:
3375 3461 3663 3535 Augustini
3697 3469 3772 3514 no-

2207 3558 2353 3613 mine
2395 3556 2462 3612 ad
2500 3555 2833 3613 Bonifacium
2869 3564 2924 3612 et
2964 3563 3150 3610 contra
3173 3600 3188 3625 ,
3228 3554 3485 3626 epistolae
3524 3554 3770 3611 breviores

2207 3649 2522 3715 sexdecim;
2574 3649 2659 3704 Ad
2699 3647 3100 3705 Demetriadem
3135 3647 3339 3718 Pelagii
3376 3647 3654 3717 epistola;
3686 3644 3771 3700 Au-

2207 3743 2408 3813 gustini
2435 3742 2656 3798 nomine
2683 3740 2751 3796 ad
2780 3739 3045 3811 Cyrillum
3075 3749 3129 3795 et
3168 3748 3388 3806 contra,
3420 3740 3502 3797 de
3532 3737 3770 3795 Laudibus

2209 3832 2523 3904 Hieronymi
2548 3850 2564 3890 :
2599 3831 2894 3887 Altercatio
2923 3830 3208 3901 Augustini
3238 3844 3361 3885 cum
3393 3828 3697 3886 Pascentio.

2279 3928 2463 3999 Longe
2479 3926 2813 3984 nobilissima
2832 3940 2958 3997 pars
2977 3941 3155 3997 operm
3170 3923 3661 3980 eruditissimorum
3679 3929 3770 3974 ωσι

2209 4022 2505 4078 nacborum
2534 4020 2587 4075 in
2610 4019 2713 4074 hoc
2738 4026 2887 4074 tomo
2916 4017 3279 4085 concluditur,
3296 4031 3421 4073 vere
3452 4017 3597 4082 talis,
3622 4015 3668 4068 in
3689 4022 3769 4079 qua

2209 4114 2505 4172 Constantii
2533 4113 2879 4184 sagacitatem
2918 4121 2973 4167 et
3011 4110 3236 4167 solidam
3285 4110 3591 4166 doctrinam
3634 4117 3771 4177 agno-

2208 4221 2349 4261 scas.
2402 4206 2555 4260 Licet
2587 4206 2731 4260 enim
2766 4202 2990 4258 totidem
3027 4203 3184 4272 plane
3234 4201 3497 4271 genuinas
3542 4195 3769 4270 epistolas

2208 4299 2572 4355 Lovanienses
2601 4304 2935 4363 recenseant,
2968 4310 3066 4352 nec
3108 4295 3283 4367 plura,
3311 4310 3416 4351 nec
3446 4296 3692 4367 pauciora
3718 4285 3770 4340 ab

2208 4394 2274 4451 iis
2303 4396 2357 4450 in
2382 4392 2731 4465 appendicem
2765 4391 2923 4461 hujus
2961 4391 3090 4446 tomi
3125 4388 3324 4459 rejecta
3358 4389 3487 4455 sint,
3532 4400 3637 4440 non
3676 4376 3770 4436 ausi

2209 4495 2389 4542 tamen
2418 4493 2543 4541 sunt
2565 4484 2775 4553 longius
2806 4482 3053 4552 progredi
3078 4488 3133 4537 et
3161 4495 3318 4552 quam
3356 4491 3540 4534 omnes
3581 4474 3771 4543 Augus-

2130 4551 2183 4612 Β
2210 4581 2307 4637 tini
2347 4581 2577 4635 lectores
2611 4551 3005 4632 ar‘dcntissimis
3034 4551 3185 4632 votis
3220 4572 3567 4645 exoptabant,
3596 4568 3771 4625 moles-

2168 4664 2171 4667 Α
2212 4684 2318 4731 tam
2344 4672 2552 4729 scilicet
2571 4680 2625 4726 et
2653 4670 2940 4725 multarttm
2976 4668 3172 4724 virium
3199 4682 3383 4723 curant
3417 4664 3531 4720 suis
3560 4661 3657 4717 sibi
3687 4658 3770 4713 hu-

2209 4767 2374 4822 meris
2392 4765 2691 4835 imponere,
2716 4778 2817 4833 qna
2836 4763 3090 4818 intactam
3111 4760 3286 4816 adhuc
3307 4758 3507 4815 seriem
3530 4768 3582 4813 et
3597 4764 3767 4810 nexum

2211 4868 2290 4916 tot
2308 4858 2505 4915 diversi
2533 4856 2750 4929 generis
2779 4866 2835 4912 et
2864 4858 3036 4911 anatis
3060 4853 3409 4925 epistularum
3432 4848 3769 4906 discriminas-

2209 4959 2351 5022 sent,
2375 4965 2437 5006 ac
2480 4963 2703 5021 prorsus
2727 4947 2942 5004 tandem
2967 4945 3355 5017 expediisseut.
3388 4941 3767 4999 Ferebantom-

2210 5062 2308 5103 nes
2354 5045 2458 5101 hoc
2505 5042 2831 5100 desiderium
2878 5055 2944 5096 eo
2993 5038 3362 5109 impatientius
3390 5079 3405 5105 ,
3447 5034 3615 5106 quod,
3669 5040 3767 5087 cum

2202 5140 2409 5212 reliqua
2432 5136 2689 5208 opuscula
2727 5148 2865 5204 pene
2894 5132 3073 5189 omnia
3107 5146 3205 5203 per
3231 5129 3404 5201 ipsius
3428 5120 3703 5200 Augustini
3727 5117 3767 5172 in

2208 5298 2368 5366 hujus
2405 5295 2660 5352 editionis
2700 5294 2927 5349 historia
2967 5300 3208 5366 auctore
3233 5289 3481 5366 Antonit-
3505 5288 3765 5366 Vincentio

2206 5354 2492 5434 Th'uillier,
2528 5366 2775 5435 ejusdem
2805 5362 3242 5435 congregationis
3270 5361 3547 5435 quondam
3579 5354 3765 5435 sodali.

2204 5439 2264 5496 h.
2298 5448 2363 5505 ι.,
2398 5432 2628 5492 Histoire
2655 5436 2718 5490 de
2748 5438 2799 5490 la
2824 5432 3055 5488 nourell'e
3084 5434 3277 5487 édition
3307 5434 3371 5487 de
3404 5432 3465 5488 S.
3501 5432 3765 5505 Augustini.

2203 5494 2399 5565 donnde
2426 5526 2520 5579 par
2551 5510 2620 5562 les
2652 5506 2772 5579 PP.
2806 5506 3129 5579 Benedictins
3149 5506 3303 5579 ~(tela
3322 5494 3688 5579 _cong_régd'tion
3716 5494 3766 5579 dc

2206 5582 2268 5637 S.
2302 5569 2477 5634 Man'r.
2513 5579 2589 5633 En
2620 5578 2824 5633 France
2856 5576 3252 5649 (Paris),‘l756
3274 5617 3287 5641 ,
3321 5569 3489 5649 in-Q‘,
3679 5578 3765 5644 non

2204 5653 2349 5719 visa,
2385 5652 2480 5706 sed
2513 5652 2669 5717 cujus
2696 5642 2874 5721 ipsius
2896 5642 3045 5721 varia
3083 5645 3187 5701 fata
3231 5648 3284 5701 in
3327 5645 3520 5702 eadem
3555 5642 3763 5699 llistoria

2204 5722 2639 5795 congregationis
2668 5719 2786 5792 pag.
2814 5719 2915 5776 528
2946 5732 3062 5791 seq.
3096 5727 3441 5776 enarrantur.
