3882 6376
103 322 170 380 89
1108 325 1380 383 NOTlTlA
1422 326 1847 388 LITTERARIA
1890 331 1957 388 IN
1996 331 2054 388 S.
2096 332 2572 393 AUGUSTlNUM.
2834 288 2837 289 ν
3410 345 3480 407 9t)

103 441 672 497 Retractationibus
695 441 996 497 institutum
1023 443 1177 513 juxta
1209 454 1507 514 temporum
1530 454 1584 501 et
1609 460 1767 502 occa-
1799 452 1851 510 Α
1878 463 1948 505 ne
1966 449 2068 505 levi
2087 451 2439 509 fundamento
2459 453 2600 509 hanc
2620 454 2814 511 seriem
2837 457 3155 528 designasse
3174 461 3475 520 videatnur'

106 535 378 601 sianum,
419 536 650 605 quibus
681 544 838 591 enata
883 545 1084 601 essent,
1127 536 1394 601 ordinem,
1443 552 1796 616 cognoscere,
1879 559 1991 599 non
2023 545 2183 600 modo
2211 548 2434 613 nostris,
2469 547 2564 602 sed
2594 548 2755 603 etiam
2799 549 2991 606 alienis
3019 566 3140 606 eam
3185 555 3376 611 studiis
3425 565 3476 612 et

106 626 430 696 ipsumque
460 629 519 681 in
570 629 751 682 sacris
784 627 975 682 Studiis
1005 635 1059 682 et
1081 628 1246 696 gestis
1269 629 1383 682 suis
1415 628 1598 683 animo
1627 629 1776 684 velut
1879 636 2120 692 consiliis
2169 638 2494 710 investigare
2539 641 2832 711 sategimus
2881 642 3086 699 Ordine
3118 646 3472 715 epistolarum

108 722 383 775 comitari
412 723 654 789 liceret,
682 724 815 775 sola:
846 721 1114 789 epistolrc,
1143 736 1209 775 ex
1234 721 1429 790 quibus
1459 721 1736 791 plenissim

1877 729 2264 801 chronologico
2288 737 2607 800 constituto,
2635 750 2727 790 eas
2759 739 2811 790 in
2859 747 3091 806 quatuor
3117 739 3321 795 classes
3365 740 3475 794 dis-

112 812 232 868 l’erc
279 828 536 868 casuum
585 823 646 869 et
681 822 956 883 gestorum
1000 814 1260 882 temporis
1308 814 1463 868 istius
1511 813 1773 869 memoria
1877 820 2156 887 tinximtts,
2187 839 2414 893 quarum
2446 832 2617 894 prima
2653 827 2771 882 illas
2803 827 3045 896 exhibet,
3093 845 3226 900 quas
3256 833 3471 900 Augus-

110 904 535 974 depromenda
581 914 719 973 erat,
747 905 852 959 hoc
878 904 1146 960 beneficio
1174 914 1442 961 carerent.

1874 916 2019 971 tinus
2042 917 2279 972 nondum
2305 920 2596 990 episcopus
2626 922 2866 992 scripsit.
2893 921 3009 990 Qua
3043 923 3095 977 in
3125 939 3184 977 re
3215 927 3472 994 Augusti-

192 1002 314 1056 Sed
345 1001 708 1057 Benedictini
737 1015 956 1070 quoque
980 999 1120 1054 hunc
1138 999 1380 1055 laborem
1404 1000 1772 1057 declinassent
1876 1024 2003 1062 num
2034 1011 2207 1079 ipsum
2238 1012 2408 1066 secuti
2443 1023 2721 1068 auctorem
2751 1029 2963 1083 sumus,
2994 1015 3086 1084 qui
3118 1015 3169 1068 in
3195 1015 3472 1070 Retracta-

115 1109 237 1146 non
267 1095 458 1163 magis
491 1092 880 1148 difﬁcultatum
913 1101 1082 1159 metu,
1129 1107 1264 1161 quas
1301 1093 1426 1147 licet
1460 1093 1769 1148 innumeras
1874 1100 2082 1155 tionum
2110 1102 2292 1171 priore
2325 1102 2462 1158 libro
2491 1120 2555 1159 ea
2579 1105 3159 1162 dumtaxatrecensuit
3188 1108 3466 1176 opuscula,

117 1189 206 1240 vel
235 1188 320 1241 eis
354 1187 496 1240 solis
522 1201 792 1255 spernere
814 1185 1032 1251 licebat,
1063 1200 1224 1253 quam
1253 1185 1396 1253 quod
1429 1192 1740 1239 vererentur

1871 1211 1992 1266 qum
2024 1208 2307 1267 antequam
2339 1201 2495 1256 lieret
2526 1204 2814 1272 episcopus
2849 1202 2904 1256 in
2934 1203 3109 1259 lucem
3144 1203 3463 1271 protulerat.

117 1292 188 1332 ne
211 1294 366 1332 novo
392 1278 639 1333 inducto
659 1279 851 1332 ordine
874 1277 1158 1331 lectionem
1181 1276 1469 1346 Augustini
1490 1277 1630 1346 apud
1649 1292 1764 1341 eos,
1869 1286 1928 1340 1η
1953 1290 2188 1344 secunda
2239 1293 2412 1346 classe
2442 1302 2906 1362 repraesentantur
2937 1293 3202 1363 epistolae,
3236 1308 3368 1362 quas
3398 1293 3466 1346 ab

119 1373 209 1442 qui
242 1373 432 1427 veteri
471 1373 655 1428 semel
684 1372 1071 1438 assuevissent,
1110 1371 1471 1426 retardarent.
1508 1370 1614 1426 Sed
1639 1370 1768 1425 vicit
1871 1378 2005 1434 inito
2027 1381 2344 1452 episcopatu
2379 1385 2446 1438 ad
2475 1386 2822 1440 collationem
2854 1401 2976 1440 cum
3014 1385 3308 1440 Donatistis
3338 1384 3467 1439 Car-

119 1462 350 1518 tandem
376 1464 690 1533 Augustini
717 1478 869 1518 amor
895 1470 950 1517 et
978 1462 1210 1516 aliorum
1237 1462 1578 1530 maximeque
1605 1461 1765 1516 soda-
1870 1471 2089 1542 imgine
2122 1475 2360 1531 habitam
2393 1487 2446 1532 οι
2481 1478 2782 1548 pelagum;
2814 1479 3086 1532 ιιαπεεεοε
3129 1477 3184 1530 in
3225 1476 3460 1529 Africam

121 1555 259 1610 lium
288 1572 534 1611 suorum
565 1557 618 1610 in
643 1555 766 1610 aliis
789 1554 1146 1624 scriptoribus
1173 1553 1556 1608 ecclesiasticis
1579 1567 1764 1607 exem-
1866 1565 2227 1624 invectionem
2251 1570 2442 1626 edidit.
2468 1572 2524 1625 ιη
2551 1572 2633 1626 his
2661 1573 2805 1627 enim
2838 1571 3050 1626 duobus
3076 1570 3190 1624 sive
3217 1577 3465 1636 τειεερη-

123 1652 301 1718 plum,
349 1651 592 1720 jamque
640 1666 706 1705 ex
751 1650 906 1718 ipsis,
940 1664 1046 1719 quo
1084 1648 1358 1718 negotium
1383 1647 1490 1703 hoc
1514 1660 1738 1716 aggress

1866 1659 1971 1724 dis,
2007 1677 2102 1716 seu
2130 1665 2516 1736 expurgandis,
2568 1667 2848 1722 erroribus
2891 1677 3182 1722 versantur
3207 1670 3259 1718 u‘
3297 1664 3464 1734 pluri-

127 1753 262 1798 δυιῆ
291 1747 502 1811 animo,
533 1744 846 1799 audiamus.
1866 1767 2013 1807 mum
2050 1754 2133 1809 lia:
2164 1755 2385 1824 littera),
2419 1774 2540 1828 quae
2565 1774 2753 1814 eorum
2785 1759 2958 1824 initia,
3017 1771 3337 1827 progressus
3369 1765 3456 1809 at-

213 1855 230 1887 ‹
255 1835 313 1889 In
348 1837 739 1905 superioribus
762 1835 1111 1902 editionihus,
1148 1835 1422 1906 inquiunt,
1457 1837 1594 1892 adeo
1624 1852 1747 1907 pere
1787 1834 1830 1895 Β
1857 1861 1962 1915 que
1989 1847 2388 1907 damnationem
2418 1863 2667 1907 accurate
2689 1851 3226 1907 describuntJTertia
3258 1849 3459 1918 episto-

135 1931 387 1984 turbatus
421 1942 550 1985 erat
572 1931 1089 2000 Augustinianarum
1112 1931 1469 2000 epistolarum
1500 1933 1658 1997 ordo,
1683 1941 1763 2001 ut,

131 2025 271 2088 quod
301 2025 572 2094 temporis
607 2024 872 2077 historian:
893 2032 1114 2092 spectat,
1145 2039 1256 2078 non
1284 2023 1442 2079 facile
1475 2026 1762 2096 quisquam

135 2114 345 2169 seriem
367 2131 564 2169 rerum
587 2117 821 2170 omnium
840 2117 1057 2185 assequi
1080 2117 1351 2186 potuisset
1374 2117 1580 2186 absque
1603 2118 1764 2187 longa

133 2216 183 2260 et
213 2221 370 2276 saepe
403 2209 640 2277 repetita
671 2209 899 2264 lectione
930 2223 994 2262 ac
1032 2208 1406 2264 meditatione.
1447 2209 1579 2264 Nam
1612 2211 1762 2279 ejus-

137 2299 257 2355 dem
283 2305 564 2370 temporis
591 2314 643 2358 et
675 2303 984 2372 argumenti
1026 2303 1274 2372 epistolae
1311 2319 1409 2373 per
1436 2312 1605 2358 totum
1636 2306 1762 2360 Col-

141 2394 396 2449 lectionis
425 2411 630 2465 corpus
654 2396 782 2451 hinc
808 2397 934 2452 inde
963 2397 1227 2467 dispersae
1257 2408 1434 2463 erant,
1468 2405 1580 2451 tum
1609 2399 1759 2466 prio-

143 2504 231 2542 res
271 2494 668 2558 posterioribus
700 2494 1016 2562 postpositze
1056 2502 1110 2548 et
1154 2495 1207 2548 in
1231 2493 1394 2549 ﬁdem
1436 2496 1657 2563 reiectae
1689 2510 1752 2550 ac

146 2579 357 2636 demum
392 2584 546 2653 (qua:
589 2585 929 2640 intoleranda
974 2584 1224 2640 confusio
1275 2587 1415 2657 erat)
1465 2587 1749 2657 Augustini

145 2675 398 2743 rescripta
421 2692 591 2746 quam
613 2678 928 2747 longissime
953 2678 1022 2732 ab
1041 2679 1387 2748 interrogatis
1410 2687 1463 2734 et
1485 2680 1750 2734 consultis

145 2780 559 2836 nonnumquam
589 2770 842 2834 aberant;
870 2771 1029 2824 immo
1054 2772 1318 2842 rescripta
1344 2772 1608 2825 consultis
1630 2773 1749 2826 lon-

143 2869 198 2924 ge
228 2857 689 2924 prteferebantur
714 2877 725 2910 :
751 2860 879 2914 adeo
908 2871 962 2915 ut
985 2861 1195 2926 Evodii,
1221 2877 1272 2913 ν.
1306 2877 1383 2930 g.,
1417 2863 1749 2916 consulentis

146 2951 395 3015 epistola:
425 2961 556 3020 post
585 2953 776 3007 multas
814 2955 1201 3023 interjacentcs
1231 2955 1491 3025 epistolas
1536 2957 1748 3024 Augus-

147 3041 230 3096 tini
259 3060 600 3114 responsum
641 3058 1131 3117 consequerentur.
1183 3050 1525 3118 Quapropter
1555 3058 1748 3118 optan-

152 3134 261 3188 dum
295 3148 437 3204 erat,
478 3147 537 3192 ut
566 3141 852 3209 Augustini
883 3142 1128 3211 epistolae
1169 3142 1222 3195 in
1262 3150 1470 3198 rectum
1498 3141 1744 3197 ordinem

1871 1939 2042 1994 larum
2093 1942 2279 1997 classis
2331 1959 2422 1998 eas
2453 1945 2854 2013 complectitur,
2880 1958 3015 2014 quas
3042 1943 3109 1995 ab
3127 1957 3192 1996 eo
3215 1949 3459 2006 tempore

1869 2030 1928 2086 S.
1981 2033 2179 2088 Doctor
2219 2035 2281 2089 ad
2322 2036 2446 2089 vitae
2485 2036 2648 2090 ﬁnem
2693 2036 2970 2099 exaravit;
3017 2034 3211 2103 quibus
3251 2032 3460 2086 scilicet

1867 2130 2011 2176 certa
2046 2124 2254 2190 epocba
2305 2132 2479 2192 potest
2524 2125 2810 2193 assignari.
2858 2124 2912 2177 ln
2957 2133 3204 2193 quartam
3237 2122 3453 2176 demum

1865 2215 2096 2270 classem
2126 2217 2364 2288 reliquas
2394 2219 2678 2288 Augustini
2713 2219 2926 2273 litteras
2957 2218 3286 2287 redegimus,
3320 2231 3454 2286 quas

1861 2307 2078 2376 quidem
2117 2311 2335 2380 scripsit
2364 2313 2673 2382 episcOpus,
2718 2312 2861 2366 nulla
2893 2321 3068 2366 tamen
3097 2311 3199 2364 alia
3231 2311 3453 2379 praeﬁxa

1859 2409 2164 2469 temporum
2196 2413 2285 2457 aut
2313 2405 2846 2458 circumstantiarum
2889 2415 3038 2469 nota,
3079 2419 3198 2473 quae
3241 2412 3448 2457 certum

1856 2502 2065 2563 tempus
2096 2511 2205 2564 prae
2234 2512 2294 2551 se
2328 2497 2485 2551 l‘crat.
2513 2498 2593 2551 Ex
2625 2498 2725 2554 hac
2750 2497 3093 2568 quadruplici
3123 2497 3316 2550 classis
3341 2496 3451 2550 dis-

1855 2587 2117 2644 tinctione
2160 2590 2210 2642 id
2260 2592 2532 2645 commodi
2580 2592 2817 2657 eveniet,
2861 2590 3004 2660 quod
3051 2600 3209 2645 antea
3258 2589 3451 2642 obser-

1853 2678 2136 2745 vabamus,
2184 2688 2241 2733 ut
2279 2682 2557 2736 studiosus
2603 2682 2774 2736 lector
2802 2697 2888 2747 ca,
2932 2696 3052 2749 qure
3097 2680 3163 2732 ad
3211 2679 3450 2733 haereses

1853 2771 2260 2825 Donatistarum
2307 2783 2359 2827 et
2407 2774 2821 2840 Pelagianorum
2866 2773 3162 2841 pertinent,
3199 2785 3307 2824 uno
3337 2769 3450 2824 fere

1853 2869 2147 2930 conspectu
2173 2875 2236 2914 ac
2269 2871 2455 2916 tenore
2487 2862 2768 2930 percipiat.
2794 2879 2813 2910 ι

1924 2956 2143 3010 Moncnt
2169 2964 2450 3025 pra-terea,
2486 2953 2784 3008 nonnullos
2814 2960 3100 3018 tractatus,
3145 2951 3236 3021 qui
3285 2958 3448 3005 antea

1851 3049 1902 3103 in
1931 3050 2281 3119 epistularum
2314 3048 2566 3102 ordinem
2608 3046 2764 3100 relati
2789 3053 2995 3111 essent,
3040 3044 3163 3098 loco
3208 3052 3386 3097 motos
3414 3057 3442 3095 a

1850 3157 1909 3197 se
1940 3158 2046 3198 non
2085 3158 2227 3208 esse,
2258 3144 2471 3197 tametsi
2502 3141 2553 3195 id
2588 3156 2693 3195 non
2735 3141 2869 3196 levis
2903 3140 3165 3194 momenti
3207 3140 3447 3193 rationes

153 3241 238 3294 pro
285 3238 604 3300 temporum
660 3234 871 3288 ratione
912 3235 1310 3302 digererentur.
1356 3234 1509 3301 Quod
1553 3233 1745 3303 procul
1774 3207 1819 3268 Ο
1853 3236 2170 3290 suasissent.
2224 3235 2332 3289 Sed
2375 3235 2775 3289 Altercationem
2815 3250 2932 3287 cum
2981 3231 3276 3298 Pascentio,
3328 3245 3448 3300 qua:

155 3318 302 3376 dubio
351 3337 650 3380 curaturus
689 3325 880 3382 fuisset
917 3328 1251 3398 Augustinus
1292 3328 1430 3398 ipse,
1468 3330 1515 3383 si
1557 3343 1743 3383 eorum

155 3417 544 3489 recensionem,
563 3433 721 3487 quam
744 3430 1081 3489 susceperat,
1105 3421 1153 3475 ei
1175 3421 1461 3477 absolvere
1479 3422 1742 3476 licuisset.

158 3505 342 3577 Quippe
368 3511 423 3564 in
461 3512 924 3567 Retractationum
948 3529 1164 3568 suarum
1191 3515 1663 3583 procemiofOptare
1687 3527 1746 3568 se

160 3605 381 3664 testatur.
419 3613 485 3656 nt
514 3619 685 3674 Opera
716 3621 812 3660 sua
840 3620 925 3671 eo,
958 3622 1066 3676 quo
1108 3606 1311 3676 scripta
1354 3615 1482 3660 sunt
1527 3607 1741 3674 ordine,

164 3693 515 3764 perlegantur,
544 3698 701 3765 eique
733 3698 810 3753 rei
842 3699 1094 3754 daturum
1129 3715 1187 3754 se
1228 3714 1474 3770 operam,
1504 3716 1610 3770 quo
1652 3701 1747 3755 de-

165 3797 289 3840 mum
319 3789 633 3857 intelligant
664 3790 918 3858 lectores,
954 3792 1213 3862 quomodo
1256 3791 1525 3845 scribendo
1566 3776 1745 3862 profe-

164 3880 299 3934 cerit.
346 3885 419 3938 At
464 3899 569 3953 quo
610 3884 788 3939 minus
834 3885 888 3938 id
938 3895 1291 3954 tentarcmns,
1334 3885 1746 3942 intercedebant

165 3969 368 4030 diversae
402 3993 517 4042 res,
549 3993 742 4048 nempe
771 3993 899 4033 usus
922 3981 1264 4048 superiorum
1294 3989 1620 4052 temporum,
1653 3998 1742 4038 rc-

168 4075 331 4133 ccptus
358 4071 502 4124 ordo
543 4073 610 4125 ab
648 4073 807 4125 annis
852 4073 1070 4126 circiter
1116 4081 1335 4127 centum
1379 4075 1740 4143 septuaginta,

166 4157 435 4216 citationcs
467 4163 704 4225 usitatte,
738 4179 870 4232 quas
903 4164 1131 4230 violare,
1158 4175 1250 4218 aut
1276 4165 1490 4219 demum
1525 4180 1745 4234 perver-

170 4259 288 4318 terc,
311 4261 461 4310 nefas
485 4273 603 4312 esse
625 4259 934 4324 videbatur,
962 4275 1027 4314 ne
1055 4259 1284 4313 tnutalio
1309 4259 1423 4314 haec
1452 4260 1740 4328 plurimum

173 4351 357 4414 negotii
386 4351 630 4408 studiosis
671 4355 988 4408 facesseret.
1032 4354 1111 4408 Ad
1153 4354 1267 4408 haec
1292 4370 1396 4409 non
1431 4355 1576 4410 leves
1604 4354 1744 4410 difﬁ-

171 4438 379 4498 cultates
406 4444 457 4497 in
479 4445 857 4501 constituendo
884 4445 1239 4514 epistolarum
1271 4447 1481 4514 ordine,
1509 4449 1600 4517 qui
1628 4463 1743 4501 om-

170 4531 301 4587 nibus
323 4537 606 4603 probetur,
630 4554 752 4593 cum
772 4538 840 4593 de
868 4537 1254 4593 nonnullarum
1280 4549 1438 4594 aetate
1464 4540 1742 4608 distiutcnt

171 4625 354 4681 eruditi.
385 4630 566 4699 Atque
589 4630 705 4684 haec
735 4630 1082 4699 potissimum
1112 4644 1211 4685 nos
1239 4630 1378 4685 ratio
1402 4630 1737 4701 morabatur,

169 4716 340 4788 Quippe
371 4724 464 4791 qui
505 4724 779 4793 praecipue
811 4723 864 4777 in
909 4722 1150 4777 animum
1179 4722 1512 4791 induximus,
1551 4724 1651 4779 hoc
1683 4725 1739 4780 in

173 4806 324 4868 labore
354 4825 544 4871 nostro
577 4827 891 4872 neutrorum
920 4817 1205 4871 sententiae
1235 4825 1438 4873 temere
1460 4818 1734 4874 adversari

169 4915 244 4957 aut
273 4910 466 4965 favere.
515 4909 641 4964 Ilaec
680 4926 808 4981 ergo
844 4920 1117 4966 momenta
1158 4925 1187 4964 a
1233 4912 1488 4967 mutando
1532 4913 1734 4981 episto-

167 4993 310 5058 larum
341 5006 532 5060 ordine
555 5021 653 5060 nos
684 5007 1058 5075 deterrebant,
1084 5022 1184 5062 nec
1226 5006 1382 5063 facile
1427 5008 1480 5063 id
1509 5025 1538 5063 a
1569 5010 1728 5067 nobis

166 5105 328 5153 contra
353 5103 667 5170 superiores
691 5100 954 5156 editiones
993 5101 1396 5171 suscipiendum
1428 5105 1732 5161 videbatur.

166 5183 228 5242 Ex
251 5192 481 5249 adverso
523 5204 702 5250 tamen
734 5195 876 5249 aliud
905 5195 1226 5262 suadebant,
1260 5211 1365 5250 non
1405 5205 1607 5252 tantum
1639 5215 1733 5252 va-

164 5278 226 5334 ria
269 5286 609 5342 eruditorum
665 5289 909 5357 exempla
957 5289 1007 5343 in
1053 5291 1298 5359 epistolis
1348 5290 1407 5346 S.
1455 5291 1730 5362 Cypriani,

162 5371 209 5428 S.
235 5378 449 5448 Leonis,
481 5393 613 5449 etc.,
647 5383 742 5438 sed
770 5382 930 5438 etiam
963 5383 1202 5438 virorum
1243 5400 1350 5440 non
1382 5387 1562 5439 minus
1605 5403 1732 5442 sen-

164 5473 330 5538 tentia,
363 5491 522 5545 quam
554 5475 834 5545 dignitate,
886 5477 1254 5545 praestantium
1294 5479 1609 5545 auctoritas,
1641 5481 1729 5549 qni

164 5566 443 5624 posteritati
469 5568 568 5621 hac
591 5582 723 5622 nova
746 5566 988 5623 editione
1011 5568 1312 5622 consultum
1340 5570 1612 5625 volebant.
1640 5569 1736 5623 His

166 5658 362 5711 omnino
401 5659 664 5728 exemplis
702 5669 756 5714 et
796 5660 1209 5716 auctoritatibus
1251 5663 1483 5723 adducti,
1520 5661 1732 5716 tandem

166 5752 543 5816 consensimus,
577 5761 634 5807 ut
659 5753 943 5823 Augustini
968 5753 1226 5820 epistolas
1254 5754 1321 5809 ad
1352 5769 1620 5809 annorum
1651 5767 1737 5807 se~

168 5834 280 5896 riem
303 5842 502 5913 (quoad
531 5844 646 5901 lieri
673 5846 875 5918 posset)
903 5854 1206 5904 accuratam
1233 5859 1633 5905 revocaremus.
1667 5843 1741 5900 Et

1849 3327 2155 3383 CLXXVIII
2183 3328 2570 3383 numerabatur
2591 3328 2734 3382 inter
2758 3325 3051 3397 Augustini
3084 3325 3365 3396 epistolas,
3393 3332 3449 3380 ut

1845 3421 1956 3490 jam
2005 3422 2213 3491 pridem
2257 3421 2626 3478 Lovanienses
2672 3422 2933 3486 iecerant,
2984 3421 3036 3475 in
3089 3419 3447 3490 appendicem

1849 3514 2182 3583 relcgarunt.

1921 3605 2231 3661 Rcvocasse
2263 3620 2322 3660 se
2346 3607 2544 3661 deinde
2577 3613 2846 3659 testantur
2876 3603 3138 3673 epistolas
3158 3603 3444 3673 quasdam,

1849 3715 1956 3754 non
2003 3699 2179 3754 solum
2226 3714 2359 3770 quas
2402 3696 2740 3767 Augustinus
2789 3698 3006 3750 nomine
3048 3711 3146 3750 suo
3185 3696 3336 3750 misit
3377 3694 3446 3749 ad

1847 3795 2006 3860 aiios,
2033 3793 2125 3847 sed
2157 3807 2224 3846 ex
2247 3791 2355 3846 illis
2385 3792 2570 3856 etiam,
2598 3805 2719 3860 quae
2742 3788 2810 3844 ad
2844 3788 3020 3858 ipsum
3051 3803 3080 3841 a
3112 3788 3299 3842 multis
3329 3787 3446 3842 [υθέ

1847 3897 1973 3942 runt
2001 3886 2237 3940 directae.
2278 3883 2456 3939 Veluti
2494 3882 2710 3937 Timasii
2741 3890 2796 3936 et
2821 3880 3024 3944 Jacobi,
3057 3881 3185 3934 item
3218 3879 3444 3933 Honorii

1849 3991 1905 4036 et
1939 3980 2234 4047 Theodosii,
2261 3981 2648 4049 imperatorum,
2683 3975 3050 4043 Quodvultdei,
3080 3971 3352 4044 Praeperi,
3377 3971 3443 4026 ad

1849 4074 2144 4147 Pelagium,
2172 4073 2239 4127 ad
2265 4072 2671 4142 Simplicianum
2699 4070 2766 4125 de
2796 4084 2962 4141 opere
2993 4068 3096 4139 ipsi
3141 4068 3341 4132 dicato,
3376 4067 3443 4122 ad

1847 4171 2138 4238 Aurelium,
2187 4169 2254 4224 ad
2310 4168 2599 4237 Valerium,
2635 4166 2702 4221 ad
2729 4165 3028 4232 Claudium,
3053 4163 3119 4218 ad
3147 4163 3442 4230 Quodvult-

1849 4264 2002 4317 deum
2042 4277 2204 4332 super
2234 4261 2386 4316 libris
2417 4275 2603 4316 eorum
2649 4259 2867 4314 nomine
2917 4259 3268 4328 nuncupatis,
3321 4271 3443 4327 qua:

1849 4367 2007 4411 antea
2047 4357 2103 4410 in
2145 4355 2499 4425 cpistolarum
2542 4367 2770 4408 recensu
2813 4351 3287 4406 desiderabantur.
3339 4349 3445 4402 Eas

1850 4465 2039 4504 omnes
2087 4464 2219 4519 ergo
2257 4463 2357 4505 suo
2396 4449 2521 4502 loco
2561 4446 2878 4502 inserendas
2928 4450 3227 4498 curarunt:
3262 4439 3340 4493 uti
3389 4449 3445 4494 et

1851 4541 2240 4598 catholicorum
2265 4543 2646 4612 episcoporum
2674 4538 2940 4608 rescripta
2970 4535 3037 4591 ad
3081 4530 3443 4589 Marcellinum

1849 4637 2124 4692 tribunum
2167 4632 2455 4691 occasione
2491 4632 2794 4689 collationis
2840 4622 3303 4696 Carthaginensis,
3342 4635 3443 4675 nec

1848 4745 1954 4787 non
1978 4728 2267 4800 epistolam
2299 4727 2364 4782 ad
2389 4726 2675 4780 Proculum
2701 4733 2756 4780 et
2780 4722 3100 4792 Cylinnium,
3132 4713 3442 4770 Gallicanos

1845 4824 2135 4890 antistites,
2162 4819 2381 4892 Leporii
2421 4832 2584 4874 causa
2616 4815 2994 4872 transmissam
3025 4823 3038 4860 :
3064 4821 3184 4877 qua:
3216 4806 3440 4875 scripta,

1841 4918 2115 4990 inquiunt,
2144 4929 2251 4971 non
2282 4915 2462 4968 minus
2487 4926 2585 4982 pro
2618 4908 2761 4962 veris
2782 4919 2845 4958 ac
2870 4899 3119 4972 genuinis
3151 4899 3441 4969 Augustini

1838 5014 2042 5070 fetibus
2070 5008 2320 5065 habenda
2355 5014 2500 5069 sunt,
2543 5015 2702 5071 quam
2734 4998 2976 5068 epistolae
3017 4995 3126 5052 illae
3155 4995 3439 5064 Carthagi-

1849 5105 2036 5162 nensis
2067 5120 2130 5158 ac
2160 5102 2486 5158 Milevitana
2515 5093 2707 5167 synodi
2733 5093 2948 5149 nomine
2977 5092 3046 5146 ad
3077 5091 3442 5147 Innocentium

1848 5202 2090 5263 directa},
2116 5207 2252 5264 quas
2273 5191 2350 5245 uti
2379 5207 2408 5245 a
2430 5190 2490 5246 S.
2515 5190 2746 5244 Doctore
2769 5187 2996 5244 dictatas
3012 5202 3133 5243 cum
3157 5187 3278 5241 aliis
3322 5183 3443 5252 ejus

1847 5288 2093 5362 epistolis
2131 5300 2320 5341 omnes
2360 5285 2645 5356 recipiunt.
2690 5284 2748 5338 In
2790 5283 3056 5354 aliquibus
3097 5290 3276 5335 tamen
3319 5291 3420 5331 usu

1844 5387 1954 5454 jam
1991 5381 2197 5451 pridem
2227 5390 2448 5450 recepto
2481 5379 2771 5434 obsecutos
2801 5392 2860 5432 se
2885 5392 3010 5434 esse
3036 5376 3296 5430 fatentur.
3330 5370 3440 5425 Re-

1846 5474 2146 5528 vocandum
2179 5472 2321 5527 enim
2361 5470 2527 5527 fuisse
2554 5470 2708 5538 juxta
2738 5470 3048 5524 institutum
3087 5479 3247 5519 suum
3276 5461 3438 5515 etiam

1843 5575 2128 5621 tractatum
2172 5565 2232 5618 de
2281 5565 2424 5618 Bono
2489 5562 2789 5624 Vidnitatis,
2839 5561 3037 5629 quippe
3078 5554 3167 5625 qui
3211 5569 3336 5610 vera
3369 5554 3439 5609 sit

1846 5657 2131 5729 AnguSIini
2160 5659 2410 5725 epistola,
2446 5671 2619 5724 eoque
2653 5654 2866 5708 nomine
2891 5650 3034 5704 nulla
3063 5649 3187 5720 ejus
3231 5650 3283 5703 in
3329 5649 3436 5704 Re-

1847 5750 2232 5807 tractationum
2249 5751 2390 5803 libro
2410 5747 2609 5801 mentio
2631 5744 2911 5798 habeatur.
2933 5741 3041 5798 Sed
3061 5742 3179 5796 libri
3198 5741 3431 5807 titulum,

1852 5861 1920 5900 cx
1957 5843 2246 5911 longinquo
2280 5842 2381 5912 ipsi
2413 5840 2792 5906 inhaerentem,
2823 5838 3111 5895 detrahere
3153 5834 3430 5892 nolebant.
