3882 6314
409 272 471 322 Ui
1293 277 1849 336 SUPPLEMENTUM
1890 279 1980 334 AD
2016 272 2245 338 OPERA
2284 281 2343 340 S.
2385 281 2775 342 AUGUSTINI.
3610 286 3675 337 93

411 377 663 446 Ejusdem
694 370 1026 440 conditionis
1052 384 1148 441 luit
1182 387 1432 457 epistola,
1475 403 1638 458 quam
1664 389 1996 458 Augustinus
2019 391 2076 452 Δ
2103 390 2228 447 dum
2279 394 2587 452 Iattbcum
2642 394 2739 451 lib.
2764 394 2802 450 l.
2841 394 3078 465 (Lovan.
3106 394 3172 451 Τ.
3200 393 3325 464 ιν.)
3351 393 3409 450 ln
3458 392 3672 451 Joannis

411 472 649 539 ﬁdelibus
677 476 746 528 ad
771 492 879 531 suae
913 479 1128 532 sationis
1162 497 1339 535 curam
1372 483 1740 550 pertinentibus
1778 483 1999 553 scripsit
2100 484 2454 556 Evangelium
2490 495 2750 543 tractatus
2792 485 3036 552 CXXIV;
3066 484 3125 541 In
3161 486 3321 556 epist.
3361 484 3584 541 Joannis
3611 485 3683 569 ad.

412 574 601 619 contra
642 566 986 637 Petilianum,
1028 588 1252 641 qumque
1280 574 1391 641 jam
1434 574 1559 630 inde
1599 576 1667 628 ab
1710 574 1995 645 Augustini
2098 578 2329 633 Parthos
2352 578 2635 639 Tractatus
2662 580 2730 634 Χ.
2761 578 2988 648 (Lovan.
3014 579 3077 634 T.
3100 576 3219 650 IX.)
3253 577 3531 646 Expositio
3550 593 3672 647 qua-

410 662 679 726 tempore,
717 659 875 715 sicuti
923 662 973 715 in
1024 662 1165 717 libro
1206 679 1240 717 ιι
1270 665 1732 720 Retractationum
1761 682 1881 736 cap.
1924 666 1997 722 25
2098 669 2344 724 rumdam
2376 670 2808 740 pr0positionum
2836 686 2902 726 ex
2936 671 3178 740 Epistola
3202 670 3266 725 ad
3311 670 3470 725 Rom.
3500 670 3594 724 lib.
3626 670 3673 733 l;

411 756 661 815 testatur,
706 752 904 818 prioris
931 753 1194 811 adversus
1233 758 1477 825 ejusdem
1512 758 1753 812 haeretici
1788 758 1996 814 litteras
2100 762 2359 831 Epistolas
2380 763 2448 817 ad
2482 763 2756 819 Romanos
2786 762 3038 818 inchoata
3064 761 3335 832 expositio
3367 761 3459 815 lib.
3495 760 3545 826 l;
3580 761 3676 814 Ex-

409 840 530 897 libri
580 843 757 899 locum
812 847 1067 904 obtinuit.
1111 850 1221 906 Nec
1265 851 1555 906 Secundini
1591 850 1871 906 Manichmi
1926 852 1993 907 ad
2099 856 2298 926 positio
2333 856 2585 923 Epistulae
2617 856 2685 911 ad
2712 854 2954 912 Galatas.
2994 853 3237 927 (Lovan.
3270 852 3331 909 T.
3358 852 3444 908 ιγ.
3474 853 3491 921 )
3522 883 3593 891 -
3616 852 3677 908 1η

408 932 754 1005 Augustinum
773 939 1045 1008 epistolam
1065 941 1169 997 huc
1184 943 1465 999 retrahere
1480 944 1875 1008 sustinuerunt,
1899 944 1994 1000 sed
2099 947 2398 1016 Appendice
2427 962 2447 999 :
2476 946 2555 1000 De
2587 946 2922 1001 Mirabilibus
2950 963 3116 1001 sacra:
3144 946 3430 1017 Scriptura:
3451 944 3546 1000 lib.
3564 944 3676 1011 Ill;

410 1022 473 1077 in
493 1034 648 1079 sexto
677 1042 902 1097 operum
935 1041 1083 1087 tonio
1107 1034 1466 1103 reliquerunt,
1496 1034 1703 1089 scilicet
1727 1035 1800 1089 ob
1824 1034 1876 1090 id
1906 1050 1994 1090 so-
2098 1038 2179 1093 De
2201 1039 2653 1095 Benedictionibus
2678 1039 2842 1095 Jacob
2870 1040 3186 1112 patriarcha:
3203 1056 3222 1107 ;
3251 1040 3571 1106 Quwstiones
3600 1057 3678 1094 ve-

410 1113 519 1169 lum
552 1116 863 1189 legendum,
900 1134 961 1178 ut
990 1140 1051 1179 ea
1077 1125 1290 1195 plenius
1314 1127 1706 1197 intelligantur,
1735 1143 1855 1198 qua:
1887 1127 1996 1184 illic
2098 1134 2222 1187 teris
2271 1144 2317 1187 et
2374 1133 2489 1187 novi
2527 1132 2875 1198 Testameuti;
2907 1133 3227 1201 Quwstiones
3271 1132 3453 1186 ueteris
3482 1141 3530 1185 et
3573 1132 3680 1186 noui

409 1205 668 1265 adversus
691 1212 987 1269 Secundini
1012 1230 1229 1272 errores
1255 1217 1497 1287 disputat
1521 1218 1874 1288 Augustinus.
2101 1224 2415 1279 Testamenti
2466 1232 2582 1294 post
2623 1223 2866 1295 vulgatur.
2902 1224 3147 1295 (Loran.
3177 1241 3304 1297 app.
3358 1224 3421 1278 T.
3466 1222 3680 1294 lll.)In

484 1301 726 1373 Denique
749 1320 849 1361 nec
872 1307 1050 1361 solum
1080 1310 1254 1365 editas
1284 1312 1542 1382 epistolas
1574 1312 1878 1368 reddidisse
1910 1313 1991 1368 vi-
2097 1315 2162 1369 B.
2216 1314 2440 1371 Joannis
2489 1314 2840 1387 Apocalypsin
2900 1315 3197 1387 Expositio.
3242 1315 3263 1388 (
3292 1314 3486 1369 Louan.
3548 1314 3681 1386 App.

411 1389 525 1445 deri
550 1393 761 1459 volunt,
794 1398 889 1451 sed
921 1413 1088 1454 novas
1117 1402 1323 1471 aliquot
1347 1404 1509 1472 primi
1554 1405 1605 1457 in
1655 1406 1831 1459 lucem
1872 1419 1998 1473 pro-
2097 1406 2162 1462 T.
2193 1405 2312 1477 IX.)

409 1480 1007 1556 tulerunt;cujusmodi
1030 1501 1157 1546 sunt
1182 1493 1462 1565 Augustini
1486 1496 1664 1551 adhuc
1694 1497 1996 1567 presbyteri
2167 1497 2501 1567 Praecipiunt
2547 1498 2602 1553 in
2655 1499 2974 1568 praefatione
3017 1499 3085 1556 de
3140 1498 3359 1556 eximiis
3405 1498 3684 1570 Augustini

408 1570 475 1625 ad
504 1572 774 1645 Alypium,
805 1580 1108 1649 episcopum
1143 1583 1534 1655 Tagastensem,
1558 1587 1775 1659 epistola
1807 1605 1861 1642 n.
1902 1588 1993 1654 29,
2096 1590 2313 1646 dotibus
2337 1590 2389 1645 in
2418 1590 2764 1660 exponendis
2792 1589 3115 1661 Scripturis,
3137 1591 3303 1646 multa
3330 1589 3684 1660 quidem,nec

409 1662 530 1753 dure
558 1666 858 1739 Augustini,
883 1672 1013 1729 item
1039 1675 1319 1745 Augustini
1340 1688 1394 1734 et
1413 1679 1591 1750 Alypii
1612 1679 1677 1734 ad
1709 1678 1995 1734 Paulinum
2098 1684 2277 1753 inepta
2325 1695 2504 1737 tamen
2554 1684 2726 1751 ipsius
2756 1683 2941 1739 laude.
2976 1683 3118 1737 Vitia
3149 1683 3269 1753 ejus
3300 1698 3407 1738 non
3434 1682 3684 1739 defende

411 1752 702 1812 Nolensem
731 1762 984 1834 epistola,
1016 1766 1212 1836 quibus
1239 1786 1501 1827 numerus
1530 1786 1715 1827 earum
1742 1772 1998 1841 epistola-
2029 1765 2073 1825 Β
2104 1752 2315 1840 κήδεά
2339 1789 2601 1831 excusare
2630 1774 2874 1831 student.
2905 1776 2982 1831 De
3009 1777 3282 1844 versione,
3310 1791 3413 1846 qua
3441 1775 3494 1830 in
3522 1791 3683 1848 expo-

411 1858 531 1898 rum
561 1847 614 1901 in
648 1848 880 1907 Possidii
923 1856 1102 1912 indice
1142 1870 1432 1917 annotatus
1477 1866 1809 1933 completur,
1842 1880 1991 1922 num.
2101 1866 2281 1927 uendo
2310 1867 2480 1923 veteri
2518 1866 2869 1923 Testamento
2902 1883 3029 1922 usus
3073 1868 3252 1934 fuerit,
3288 1876 3532 1931 monent,
3561 1883 3682 1923 eum

408 1935 478 1989 42
502 1944 560 1991 et
583 1939 675 2007 45,
701 1941 979 2013 Augustini
1005 1950 1227 2018 epistola
1248 1952 1315 2006 ad
1343 1953 1707 2021 Mercatorem,
1733 1971 1801 2009 ex
1839 1964 1941 2010 tert

2149 1974 2274 2014 sum
2298 1958 2551 2015 Graecum
2583 1968 2895 2015 contextum
2924 1966 3025 2016 τῶν
3045 1957 3191 2015 LXX.
3221 1957 3288 2013 ab
3318 1972 3383 2013 eo
3411 1966 3682 2027 receptum

410 2036 567 2095 parte
595 2031 725 2086 olim
748 2037 987 2093 exhibita
1016 2038 1070 2093 in
1105 2040 1247 2097 libro
1270 2044 1336 2099 ad
1366 2045 1678 2112 Dulcitium,
1714 2062 1857 2101 nunc
1887 2063 1988 2102 au-
2101 2066 2245 2121 esse,
2278 2067 2441 2122 quem
2474 2052 2754 2109 recensuit
2780 2052 3060 2118 Nobilius;
3094 2050 3362 2121 hujusque
3410 2049 3687 2119 plerasque

412 2126 517 2174 tem
576 2123 809 2191 primum
861 2144 933 2184 ex
976 2132 1187 2203 integro
1232 2136 1379 2203 data,
1413 2154 1563 2194 num.
1600 2138 1720 2195 195.
1744 2140 1997 2195 Attamen
2104 2144 2377 2198 variantes
2404 2158 2474 2199 ex
2505 2143 2811 2214 Augustino
2856 2128 3119 2198 lectiones
3168 2155 3235 2195 ex
3283 2136 3581 2195 editionum
3609 2136 3689 2193 vi-

410 2212 629 2271 miratio
668 2219 831 2289 subit,
859 2222 954 2291 qui
979 2224 1180 2281 factum
1217 2229 1309 2297 sit,
1342 2240 1400 2284 ut
1440 2231 1566 2286 licet
1606 2240 1831 2301 quatuor
1878 2231 1997 2300 epi-
2103 2233 2193 2287 tiis
2239 2243 2388 2288 ortas
2428 2247 2571 2300 esse,
2602 2212 2729 2304 qua:
2759 2242 3007 2288 veterum
3056 2230 3303 2286 codicum
3353 2228 3594 2285 subsidio
3633 2229 3689 2283 in

412 2305 565 2359 stolae
592 2308 661 2362 dc
694 2325 855 2379 novo,
882 2317 1242 2385 septemdecim
1271 2319 1345 2389 (a)
1377 2332 1557 2376 autem
1583 2307 1654 2377 ex
1684 2322 1806 2379 aliis
1839 2336 2000 2390 supc-
2101 2340 2195 2380 sua
2216 2324 2456 2380 editione
2475 2324 2835 2379 sustulerunt.
2862 2323 2918 2377 In
2943 2322 3095 2378 libris
3122 2331 3303 2377 autem
3331 2319 3691 2376 Locutionum

412 2394 618 2449 riorum
648 2398 951 2457 editionum
985 2406 1147 2460 tomis
1176 2408 1280 2462 huc
1310 2409 1499 2465 relatas
1528 2410 1752 2478 fuerint,
1790 2426 1885 2481 par
1916 2420 1998 2467 ta-
2102 2425 2159 2473 et
2180 2417 2554 2485 Quaestionum
2599 2417 2651 2471 in
2694 2415 3159 2487 Heptateuchum,
3197 2429 3332 2485 quos
3366 2414 3475 2483 jam
3528 2428 3695 2469 senex

414 2499 538 2541 men
569 2503 828 2547 numerus
868 2494 922 2550 in
949 2495 1276 2556 Lovanieusi
1303 2510 1357 2556 et
1395 2502 1751 2558 Benedictina
1780 2519 2001 2575 compa-
2104 2508 2688 2579 composuit,itemque
2716 2507 2773 2560 in
2803 2505 3056 2575 Speculo,
3076 2504 3216 2575 quod
3245 2505 3344 2559 sub
3374 2502 3537 2556 linem
3564 2502 3698 2556 vitae

416 2587 572 2645 reat;
605 2596 709 2637 nec
738 2584 944 2654 eiectas
974 2603 1097 2646 esse
1123 2592 1331 2663 aliquot
1358 2594 1426 2652 ab
1446 2596 1578 2666 illis,
1613 2610 1812 2666 praeter
1833 2597 2004 2653 Alter-
2104 2616 2216 2659 sum
2244 2600 2507 2666 exaravit,
2532 2598 2843 2655 versionem
2871 2613 2992 2652 eum
3020 2595 3361 2652 consuluisse
3384 2593 3698 2658 docent,ex

415 2672 669 2728 sationem
695 2691 812 2733 cum
860 2677 1161 2751 Pascentio,
1190 2685 1302 2741 ullo
1342 2686 1546 2744 indicio
1590 2690 1865 2759 proditum
1907 2691 1998 2746 sit.
2105 2692 2613 2749 llebraaislontibus
2642 2690 2888 2760 proxime
2918 2684 3469 2753 derivatam,vulgari
3494 2692 3697 2739 nostrae

416 2760 531 2818 Jam
579 2769 724 2836 quod
757 2772 997 2831 rationes
1042 2778 1260 2848 attinet,
1291 2782 1489 2851 quibus
1528 2783 1584 2837 in
1617 2784 2003 2840 constituenda
2106 2785 2547 2848 convenientem,
2588 2789 2642 2835 et
2672 2780 2857 2834 forsan
2908 2775 3418 2847 Hieronymiauam;
3465 2773 3696 2845 indeque

417 2856 773 2925 epistularum
813 2873 974 2921 aetate
1000 2875 1163 2937 atque
1199 2871 1320 2925 loco
1360 2873 1509 2927 ducti
1542 2873 1762 2938 fuerint,
1795 2875 1863 2927 de
1892 2876 2004 2926 sin-
2105 2875 2305 2929 factum
2342 2890 2462 2928 esse
2488 2873 2771 2939 colligunt,
2806 2879 2864 2922 ut
2897 2868 3084 2923 eadem
3118 2867 3172 2920 in
3204 2881 3392 2919 manus
3417 2865 3599 2935 populi
3627 2866 3698 2920 ab

416 2950 558 3017 gulis
589 2956 867 3025 sigillatim
911 2971 1308 3026 exposuerunt,
1343 2970 1398 3016 et
1442 2963 1497 3015 in
1549 2964 2001 3018 commentarium
2108 2963 2412 3030 Augustino
2459 2977 2557 3029 per
2607 2960 2802 3013 librum
2835 2958 3065 3021 huncce,
3097 2973 3163 3011 ex
3205 2957 3372 3011 variis
3401 2956 3697 3027 Scriptum

419 3039 575 3110 juxta
604 3047 815 3104 classes
831 3048 1064 3103 divisum
1086 3050 1389 3106 retulerunt
1415 3053 1765 3122 inscriptum:
1791 3052 2004 3124 Episto-
2106 3053 2430 3110 centonibus
2468 3052 2777 3116 collecmm,
2813 3049 3031 3115 tradita,
3065 3049 3303 3121 vulgaris
3354 3049 3587 3107 evaserit
3632 3064 3697 3106 ac

418 3132 589 3189 larum
634 3135 779 3191 Ordo
805 3136 1215 3210 Chronologicus
1240 3143 1561 3214 argumentis
1591 3123 1997 3198 demonstratus.
2029 3123 2075 3187 (ἶ
2111 3143 2510 3214 receptissima.
2544 3141 2700 3211 Quod
2724 3139 2790 3195 ad
2820 3156 2972 3196 suam
3005 3156 3253 3211 operam,
3278 3151 3470 3198 cavent
3510 3141 3703 3212 impri-

416 3221 528 3277 Nec
559 3223 786 3293 indices,
817 3241 1191 3302 quoscumque
1222 3247 1351 3291 usus
1386 3237 1664 3305 requirere
1696 3235 1999 3305 videbatur,
2110 3235 2234 3300 mis,
2270 3251 2335 3288 ne
2364 3234 2484 3304 quis
2517 3232 2857 3304 negligentiae
2882 3242 2975 3287 aut
3006 3234 3297 3289 temeritati
3329 3248 3442 3289 suae
3473 3233 3702 3301 tribuat,

416 3313 720 3375 desiderari
756 3320 901 3391 passi
938 3330 1085 3392 sunt,
1114 3324 1170 3380 in
1196 3327 1392 3396 quibus
1430 3328 1668 3384 maxime
1701 3328 1929 3399 insignis
1959 3330 2004 3384 is
2107 3330 2155 3387 si
2174 3331 2227 3385 in
2250 3329 2527 3386 nonnullis
2548 3328 2845 3398 Scriptura:
2870 3327 3200 3383 testimoniis
3219 3329 3537 3383 varietatem
3556 3324 3706 3396 apud

418 3421 525 3478 est,
555 3412 609 3469 in
636 3429 744 3485 quo
782 3416 1027 3485 epistolas
1055 3420 1350 3476 secundum
1386 3423 1656 3494 prmcipua
1695 3438 1887 3480 eorum
1918 3438 2007 3480 ar-
2109 3422 2472 3495 Augustinum
2498 3418 2947 3491 deprehenderit,
2966 3427 3128 3490 atque
3147 3434 3307 3473 unam
3337 3418 3698 3488 eamdemque

419 3510 676 3576 gumenta
704 3506 933 3579 digesta:
958 3520 1109 3578 sunt,
1140 3522 1196 3571 et
1220 3513 1466 3584 epistola:
1513 3515 1836 3587 theologicae,
1865 3519 2008 3587 pole-
2109 3516 2437 3575 sententiam
2469 3529 2575 3569 non
2608 3519 2925 3569 constanter
2956 3511 3011 3565 in
3044 3511 3321 3583 integrum
3353 3511 3575 3582 ubique,
3607 3511 3708 3568 sed

418 3600 585 3666 micte,
616 3601 909 3674 mysticae,
929 3602 1313 3674 ecclesiastica,
1340 3607 1583 3675 morulas,
1607 3606 2003 3681 philosophiae,
2109 3609 2273 3666 certis
2300 3606 2627 3679 quihusdam
2657 3604 2712 3660 in
2742 3605 2876 3661 locis
2906 3604 3239 3672 restitutam,
3264 3604 3360 3661 sed
3406 3606 3589 3675 potius
3617 3619 3709 3661 re—

420 3693 678 3751 histaricw
703 3706 757 3753 et
786 3698 948 3752 varia:
973 3697 1213 3769 denique
1241 3701 1563 3755 recitantur.
2110 3699 2299 3773 ligioni
2349 3709 2403 3756 et
2450 3698 2681 3755 sincerae
2711 3698 2858 3765 lidei,
2886 3713 2991 3769 qua
3019 3697 3271 3754 codicum
3313 3710 3537 3770 semper
3561 3696 3711 3770 opti-

489 3786 655 3843 Tomo
694 3790 846 3842 tertio
876 3804 896 3842 :
916 3816 987 3828 --
1010 3788 1283 3857 Opuscula
1321 3792 1627 3861 exegetica,
1658 3807 1754 3864 per
1800 3801 2007 3849 tomum
2113 3810 2323 3852 murum
2354 3793 2581 3864 vestigia
2610 3792 2784 3849 secuti
2815 3791 3040 3847 fuerint.

421 3879 512 3943 lll,
553 3878 623 3933 IV
665 3886 722 3933 et
775 3879 869 3944 ιχ,
916 3880 971 3935 in
1014 3879 1341 3937 Lovaniensi
1395 3882 1678 3952 distracta,
1710 3885 2008 3941 secundum
2183 3889 2345 3944 Tomo
2367 3898 2554 3962 quarto
2582 3904 2695 3942 :—
2723 3885 3108 3940 Enarrationes
3139 3884 3195 3938 in
3233 3881 3483 3939 Psalmos
3532 3881 3710 3940 conti-

421 3970 823 4040 Scripturarum
874 3970 1125 4029 ordinem
1170 3972 1432 4042 disposita
1461 3974 1599 4031 etin
1634 3976 1768 4032 duas
1800 3987 2005 4049 partes,
2114 3994 2335 4050 nentur,
2368 3997 2501 4054 quas
2532 3989 2759 4038 octavus
2803 3978 3228 4035 Lovaniensium
3260 3987 3443 4035 tomus
3473 3979 3707 4050 comple-

421 4064 624 4119 veteris
647 4072 701 4119 et
727 4065 852 4120 novi
875 4064 1229 4131 Testamenti,
1249 4076 1377 4122 sunt
1400 4066 1595 4135 divisa,
1628 4071 1928 4141 praemissis
1958 4072 2010 4125 in
2115 4076 2300 4133 ctitur.

424 4154 606 4211 fronte
642 4156 795 4213 libris
836 4157 905 4214 de
946 4157 1200 4214 Doctrina
1253 4158 1585 4229 Christiana,
1618 4162 1776 4216 ueluti
1816 4162 2011 4217 clavem
2187 4172 2242 4225 ιη
2270 4170 2587 4241 praefatione
2620 4176 2903 4238 exponunt
2932 4165 3002 4222 de
3043 4165 3256 4221 diversa
3298 4165 3709 4220 enarrationum

422 4255 579 4317 atque
623 4252 1091 4322 artemauamdam
1140 4262 1292 4310 recta:
1329 4253 1709 4326 interpretandi
1764 4256 2008 4323 rationis,
2117 4261 2307 4317 harum
2341 4260 2599 4316 methodo
2625 4274 2688 4315 ac
2717 4258 2925 4325 indole,
2957 4274 3055 4331 pro
3086 4259 3272 4325 variis,
3303 4273 3331 4311 a
3359 4258 3554 4329 quibus
3583 4252 3714 4327 pro-

422 4358 583 4415 quam
605 4341 899 4399 adhibuerit
925 4344 1246 4415 Augustinus
1269 4355 1315 4401 et
1338 4356 1452 4418 post
1472 4365 1590 4403 eum
1611 4347 1855 4404 catholici
1874 4365 2013 4403 com-
2117 4354 2495 4425 gignebantur,
2527 4352 2945 4419 occasionibus;
2977 4351 3106 4407 item
3134 4350 3203 4407 de
3228 4350 3447 4422 regulis,
3485 4364 3624 4420 quas
3656 4351 3712 4403 in

427 4433 904 4491 meu.‘atores.—-In
928 4437 1104 4507 prima
1131 4448 1280 4508 parte
1301 4455 1321 4494 :
2043 4504 2088 4517 ⁸
2118 4445 2529 4517 interpretando
2575 4444 2881 4500 servaverit
2910 4444 3270 4513 Augustinus,
3307 4457 3424 4511 quae
3455 4440 3718 4511 quidem,

499 4526 577 4583 De
602 4527 858 4586 Doctrina
882 4504 1189 4586 Christiana
1216 4530 1313 4588 lib.
1344 4530 1449 4599 iV;
1473 4532 1549 4589 De
1592 4533 1789 4593 Genesi
1819 4534 1887 4590 ad
1927 4534 2015 4590 lit-
2038 4504 2095 4564 D
2121 4549 2179 4596 ut
2207 4504 2441 4595 cx‘libro
2480 4537 2549 4593 de
2578 4537 2837 4592 Doctrina
2870 4504 3183 4591 Christiana
3209 4504 3487 4599 discimus,
3509 4531 3578 4587 ad
3606 4504 3720 4587 du;

429 4631 599 4678 teram
629 4623 982 4694 imperfectus
1018 4623 1188 4691 liber;
1217 4625 1296 4682 De
1322 4624 1521 4683 Genesi
1550 4627 1619 4683 ad
1652 4629 1887 4685 litteram
1917 4630 2010 4686 lib.
2120 4633 2314 4704 plicem
2357 4632 2425 4686 de
2458 4630 2661 4699 littera,
2695 4636 2751 4685 et
2794 4627 2865 4685 de
2905 4643 3071 4685 sensu
3121 4626 3355 4699 spiritali
3394 4640 3578 4681 curam
3634 4638 3723 4679 re-

426 4713 544 4770 ΧΠ.
578 4715 939 4774 Locutionum
973 4715 1073 4773 lib.
1100 4716 1210 4773 Vll.
1245 4717 1470 4787 (Louau.
1503 4719 1569 4774 Τ.
1602 4718 1719 4789 lll.)
1748 4719 2019 4788 Quaestio-
2121 4726 2310 4783 dcunt.
2352 4724 2435 4781 Ad
2486 4733 2777 4796 utrumque
2837 4721 3001 4795 igitur
3053 4730 3432 4794 argumentum
3481 4716 3724 4790 plurima

430 4822 557 4861 num
617 4809 671 4863 in
721 4810 1158 4881 Heptateuchum
1198 4811 1294 4868 lib.
1326 4811 1451 4877 Vll;
1484 4812 1910 4868 Annotatiunum
1957 4815 2013 4871 in
2122 4819 2270 4876 utilia
2294 4818 2613 4885 observant,
2646 4817 2702 4873 in
2739 4816 2959 4888 quibus,
2985 4823 3046 4871 ut
3078 4814 3238 4870 facile
3270 4812 3621 4883 intelligitur,
3658 4823 3725 4864 ea

428 4899 551 4957 Joh.
582 4899 676 4956 lib.
703 4900 746 4956 Ι.
769 4903 989 4973 (Louan.
1016 4906 1082 4961 T.
1107 4905 1553 4979 lV.)_Speculum.
1585 4906 2015 4981 (Lovan.T.llI.)
2122 4924 2247 4973 sunt
2302 4914 2535 4985 potiora,
2564 4927 2687 4984 quae
2716 4910 2784 4967 de
2825 4911 3006 4966 studio
3057 4907 3370 4980 Augustini,
3405 4913 3463 4961 ul
3510 4911 3728 4960 textum

431 4991 593 5046 —In
621 4994 850 5049 secunda
891 5009 1037 5063 parte
1078 5014 1097 5053 :
1128 5000 1203 5056 De
1233 5016 1506 5059 consensu
1539 5001 2013 5073 Evangelistarum
2124 5022 2319 5080 purum
2374 5015 2431 5062 et
2501 5005 2776 5076 integrum
2824 5008 3279 5073 consequeretur,
3338 4995 3729 5068 componendo

434 5085 532 5142 lib.
559 5082 652 5141 IV:
686 5085 764 5141 De
787 5085 1052 5146 Sermone
1082 5091 1297 5149 Domini
1329 5097 1381 5151 in
1413 5106 1599 5155 monte
1622 5098 1720 5155 lib.
1752 5096 1825 5164 ll;
1858 5100 2016 5166 Quae-
2127 5103 2319 5173 partim
2351 5098 2564 5164 Latina,
2586 5097 2783 5167 partim
2815 5095 3001 5151 Graeca
3035 5091 3395 5163 exemplaria,
3418 5099 3585 5160 atque
3612 5086 3726 5143 col-

431 5178 677 5236 δίίοηυω
704 5179 1152 5252 Εναηεοιίωυω
1182 5185 1278 5241 lib-
1304 5187 1386 5255 11;
1409 5190 1783 5260 Quaestionum
1819 5209 2016 5251 secun-
2128 5192 2357 5268 ligendis
2400 5185 2893 5256 examinandisque
2975 5183 3315 5240 variantibus
3371 5178 3728 5237 lectionibus.

502 5393 744 5477 (slsum
788 5393 1002 5477 illa,"
1030 5394 1101 5449 ad
1146 5395 1567 5477 Simplicianum,
1593 5415 1648 5477 ῃ.
1678 5403 1778 5477 57ς
1805 5402 2015 5477 2°__Sil-
2124 5402 2193 5477 ad
2221 5398 2519 5477 Claudium,
2543 5393 2749 5477 p.207,
2780 5388 3247 5477 ῳιοΑΑειτεΑλιςη,
3266 5383 3730 5477 eig.,gd_pga:

604 5475 707 5523 etc.
732 5454 1506 5549 οιιιζιριξεολ-μηὲερὶδέιψοι-ιιηιΔ
1522 5454 1737 5549 collatio:
1860 5454 1964 5529 Mat

2193 5454 2247 5526 ni
2268 5454 2319 5549 et
2346 5454 2665 5549 leinﬁium,
2710 5454 2763 5520 [ί.
2797 5463 3058 5549 ⁸219ξέέὶο
3093 5454 3474 5549 Qiotlvnultdfi,

435 5528 701 5613 collinum,
737 5538 953 5613 19.128;
978 5542 1040 5597 5ο
1076 5528 1391 5613 Eorumdem
1437 5542 1506 5596 ad
1538 5528 1968 5613 Marcellinum,rt

2193 5550 2227 5597 ιο
2252 5542 2319 5596 ad
2353 5528 2881 5613 Q‘itodrvul‘tdeumpnn.
2922 5528 3080 5599 9‘22;
3116 5528 3726 5613 'l§f_Quoduu‘ltdci,g-

436 5606 671 5691 Hii-Lf
798 5600 1096 5691 Bel-apium,
1125 5628 1182 5667 n.
1227 5611 1365 5691 ;_
1394 5600 1969 5691 5‘:_Timasii_etr.lac'o_b

2195 5618 2271 5680 =5:
2305 5600 2420 5691 ηδ-
2444 5612 2513 5691 ςιά
2539 5607 3008 5691 ﬂuitantium,
3051 5601 3421 5691 manus
3452 5600 3728 5691 Ρτῗὶξαὲν

436 5677 661 5752 11.168;
686 5678 848 5752 6°_t_zd
868 5674 1157 5749 Aurelium,
1183 5700 1238 5738 n.
1267 5674 1407 5749 ΠΕ
1438 5686 1501 5741 7⁸
1532 5687 1600 5740 ad
1633 5686 1896 5743 Valerium
1917 5687 1969 5744 Cl

2224 5674 2370 5752 225;
2402 5684 2497 5743 160
2529 5674 2731 5740 Hilarii
2758 5676 2921 5745 Galli,
2952 5693 2986 5732 n
3052 5674 3197 5741 226;
3230 5675 3328 5731 17°
3354 5674 3640 5744 Anonymi,
3674 5678 3731 5719 Β.

370 5788 399 5791 ν-
436 5748 635 5813 enitens.
664 5765 716 5807 η.
739 5750 878 5808 200·
926 5752 988 5810 8°
1018 5748 1250 5813 Honorii
1291 5766 1340 5814 et
1370 5748 1670 5818 Theodosii.
1706 5776 1761 5815 n.
1795 5759 1895 5816 20l

709 5750 878 5808 .200'
926 5752 988 5810 8°
1018 5748 1250 5813 Honorii
1291 5766 1340 5814 et
1370 5748 1670 5818 Theodosii.
1706 5776 1761 5815 n.
1795 5759 1895 5816 20l
1921 5776 1937 5819 ;
1960 5760 2023 5815 9°
2118 5759 2242 5833 270
