3882 6340
133 316 205 373 93
992 373 998 378 ,
1094 310 1373 371 ΝΟΤΙΤῙΑ
1411 306 1764 367 LITTERAR

1876 304 1945 364 IN
1983 306 2043 363 s.
2086 303 2564 369 AUGUSTINUM.
3385 305 3456 385 οι

137 428 454 484 disserunt.
480 423 732 481 Omnino
764 431 966 491 autem,
1002 438 1117 494 quas
1145 424 1201 479 in
1229 421 1761 480 commendationem
1791 420 1840 481 Α
1866 417 1985 488 ipso
2015 419 2321 491 Augustino
2345 461 2360 486 ,
2391 432 2566 487 neque
2596 418 2648 474 in
2682 417 2918 476 Possidii
2950 419 3197 491 catalogo
3237 417 3320 489 vel
3351 418 3457 474 mi-

139 518 314 588 hujus
348 517 540 587 aperis
577 516 643 571 ab
688 516 754 570 iis
795 516 1112 581 all'erantur,
1138 515 1281 571 dicta
1308 529 1431 571 esse
1465 514 1679 582 volunt,
1705 521 1762 567 ut

142 612 461 684 generatim
480 610 774 680 Augustini
802 610 1115 664 methodum
1138 609 1458 670 defendant,-
1482 621 1591 663 non
1607 621 1757 672 vero,

145 716 201 759 ut
227 713 584 774 extorqueant
626 704 689 757 ab
717 702 976 771 omnibus,
1009 712 1065 756 ut
1088 703 1168 757 vel
1212 703 1503 757 levissimas
1525 699 1761 773 ejusdem

144 799 437 851 allusiones
479 795 688 858 eadem,
720 810 824 861 qua
855 795 977 864 ipsi,
1009 795 1329 848 veneratione
1357 801 1758 865 prosequantur.

145 889 295 946 Satis
338 903 495 953 ωδε,
531 886 801 952 scribunt,
833 886 878 940 si
909 900 1015 940 non
1053 886 1303 955 indignas
1345 885 1600 951 materia,
1634 899 1761 953 quae

151 990 459 1045 tractatur,
492 980 629 1049 aequi
660 994 843 1033 rerum
872 980 1236 1034 testimatores
1259 979 1587 1048 iudicarent.
1641 979 1761 1043 Quo

155 1074 463 1145 plurimum
491 1071 804 1128 conducere
832 1072 1171 1138 existimant,
1209 1074 1252 1126 si
1293 1080 1630 1141 reputarent,
1651 1070 1761 1125 Au-

154 1166 435 1237 gustinum
468 1163 732 1233 temporis
764 1162 986 1234 ingenio
1027 1163 1240 1217 servire
1269 1175 1335 1219 ac
1376 1161 1552 1232 plebis
1575 1162 1759 1230 captui

152 1274 276 1313 sese
298 1256 752 1319 accommodare,
784 1256 851 1311 ad
877 1256 1191 1322 exemplum
1224 1255 1293 1310 ab
1317 1255 1438 1324 ipso
1461 1255 1682 1310 numine
1706 1254 1757 1308 in

154 1351 322 1406 sacris
344 1350 556 1406 litteris
582 1350 948 1421 propositum,
978 1348 1254 1404 debuisse.
1276 1348 1590 1418 lnsuperde
1613 1363 1761 1403 com-

156 1444 566 1501 mentariorum
599 1443 866 1498 horumce
896 1441 1093 1497 merito
1115 1456 1225 1498 non
1253 1456 1375 1497 esse
1407 1442 1761 1511 pronuntian-

156 1537 282 1597 dum
320 1546 651 1607 comparate
699 1534 765 1590 ad
814 1534 1103 1591 Hebraeum
1151 1543 1355 1589 textum
1407 1533 1755 1598 hodiernum,

157 1645 329 1699 neque
380 1630 554 1683 etiam
582 1628 650 1683 ad
685 1627 1206 1699 Hieronymianum;
1239 1626 1504 1695 siquidem
1539 1628 1755 1695 Augus-

160 1723 307 1777 tinus
337 1719 480 1774 LXX
535 1720 898 1791 interpretes,
934 1718 1027 1789 qui
1079 1719 1220 1773 torte
1254 1717 1542 1773 Hebraeum
1575 1731 1758 1773 exem-

1866 514 2009 568 nima
2037 513 2105 567 de
2136 512 2202 568 iis
2233 513 2552 568 ordinandis
2581 520 2820 568 exstaret
2860 512 3184 581 praeceptio,
3232 526 3333 567 nec
3362 511 3459 566 de~

1864 602 2047 673 nique,
2082 605 2245 659 ullius
2286 604 2556 659 distinctae
2606 602 2943 658 collectionis
2979 610 3308 656 tractatuum
3340 600 3460 656 Au-

1862 697 2064 765 gustini
2094 698 2309 753 vivente
2352 712 2448 766 eo,
2481 706 2576 751 aut
2631 704 2753 766 post
2806 711 2873 750 ex
2916 696 3081 749 certis
3129 692 3408 749 codicibus
3436 732 3451 759 ,

1864 789 2016 842 [θείω
2060 790 2321 844 memoria
2368 789 2434 843 ad
2463 803 2562 844 nos
2612 788 2813 857 perlata
2848 787 2935 841 sit.
2965 787 3100 842 Tres
3143 785 3287 840 enim
3321 784 3460 837 anti-

1863 879 2117 949 quiores,
2151 895 2271 948 qum
2320 888 2615 948 supersunt
2646 879 3001 934 collectiones
3021 919 3035 943 ,
3068 876 3133 931 de
3159 874 3322 930 verbis
3351 873 3462 929 Do-

1864 974 2014 1038 mini,
2042 974 2108 1026 de
2126 973 2291 1027 verbis
2313 972 2570 1044 Apostoli,
2606 983 2651 1028 et
2676 972 3033 1028 Homiliarum
3062 968 3456 1041 quinquaginta,

1862 1065 1990 1121 licet
2021 1065 2074 1119 in
2106 1064 2389 1119 codicibus
2444 1064 2882 1133 octingentorum
2924 1076 3188 1116 annorum
3234 1068 3289 1113 et
3345 1074 3461 1112 am-

1864 1160 2002 1228 plius
2043 1158 2405 1227 reperiantur,
2462 1170 2858 1227 nequamquam
2911 1164 3130 1219 tamen,
3184 1161 3241 1205 ut
3292 1147 3458 1218 aliqui

1865 1251 2194 1321 persuadere
2247 1258 2371 1304 sunt
2415 1248 2630 1313 conati,
2688 1248 2859 1317 ipsius
2908 1244 3198 1317 Augustini
3238 1251 3455 1297 aetatem

1865 1343 2157 1411 attingunt,
2190 1349 2247 1395 ut
2271 1340 2603 1397 Benedictini
2627 1339 2816 1394 Patres
2834 1347 2942 1392 tum
2964 1352 3028 1392 ex
3046 1336 3260 1390 silentio
3276 1334 3461 1390 Possi-

1863 1434 1938 1490 dii
1965 1476 1981 1500 ,
2018 1444 2127 1488 tum
2160 1448 2291 1488 vero
2323 1434 2508 1499 etiam,
2541 1432 2685 1503 quod
2716 1428 3075 1501 supposititiis
3103 1440 3209 1481 non
3241 1434 3455 1493 carent,

1862 1524 2309 1580 demonstrarunt
2336 1523 2438 1593 (a).
2502 1523 2579 1577 Ac
2607 1521 2837 1592 primam
2873 1517 3089 1589 quidem
3135 1516 3367 1571 classem
3398 1515 3463 1568 de

1863 1615 2027 1670 verbis
2078 1614 2323 1680 Domini,
2367 1614 2660 1669 observant
2702 1607 3078 1673 Benedictini,
3123 1623 3229 1661 non
3269 1605 3463 1660 eodem

1864 1707 2057 1763 ordine
2106 1721 2392 1762 sermones
2432 1706 2633 1775 ubique
2678 1704 2729 1758 in
2780 1701 3012 1758 vetustis
3051 1696 3462 1769 exemplaribus

164 1814 284 1885 plar
311 1828 464 1883 aeque
496 1812 588 1866 vel
618 1790 781 1865 etiam
814 1811 988 1880 magis
1017 1810 1364 1866 emendatum
1410 1809 1755 1874 habuissent,
1788 1798 1836 1863 Β
1864 1798 2172 1854 ostendere.
2198 1798 2437 1852 Plurima
2464 1796 2683 1867 quidem
2717 1809 2840 1849 cum
2869 1790 3200 1885 editionihus
3226 1803 3460 1885 consen-

165 1904 467 1972 sequendus
518 1904 620 1959 sibi
653 1902 1027 1973 proposuerit.
1078 1900 1157 1956 Ac
1204 1901 1309 1956 hoc
1350 1901 1471 1956 loco
1513 1902 1760 1970 sequitur

166 1994 275 2066 jam
304 1997 370 2050 ad
407 1997 579 2050 linem
604 2010 774 2065 usque
798 1993 1132 2065 praelationis
1155 1992 1472 2063 pertingens
1492 1992 1760 2063 digressio

168 2090 229 2143 de
255 2089 419 2143 variis
433 2088 679 2143 Psalterii
696 2089 1012 2143 ve’rsionibus
1039 2103 1109 2143 ex
1134 2087 1279 2141 LXX
1308 2087 1760 2155 interpretatione

166 2181 443 2247 deductis,
475 2197 597 2251 qum
624 2180 907 2251 AuguStini
954 2195 1018 2234 ac
1055 2179 1373 2251 Hieronymi
1401 2190 1561 2236 tritate
1600 2196 1758 2235 usur-

169 2284 305 2347 patae
335 2272 566 2328 fuerint.
600 2273 742 2329 Inter
774 2274 915 2329 hanc
956 2264 1140 2329 autem
1173 2274 1594 2343 disputationem
1627 2275 1759 2328 sub-

176 2376 295 2421 nata
326 2375 411 2421 est
464 2366 574 2421 illis
625 2368 905 2435 cogitatio,
946 2365 1240 2437 permultis
1288 2380 1420 2425 sane
1464 2374 1519 2421 et
1566 2380 1756 2421 eorum

178 2458 354 2524 etiam,
382 2458 470 2530 qui
503 2459 685 2513 minus
717 2458 1080 2529 Augustinum
1114 2466 1331 2525 curant,
1364 2468 1515 2528 grata
1548 2457 1752 2523 futura,

178 2561 231 2606 ut
277 2552 635 2622 dispicerent,
668 2570 820 2624 quem
858 2553 1029 2607 locum
1062 2552 1194 2606 inter
1220 2552 1327 2606 alia
1354 2550 1615 2606 Psalteria
1655 2554 1763 2609 Att-

178 2646 526 2713 gustinianum
571 2645 671 2699 sibi
711 2645 1031 2710 vindicaret;
1058 2660 1127 2698 an
1156 2645 1317 2698 varice
1345 2642 1456 2698 illa:
1494 2646 1759 2709 lectiones,

177 2734 227 2789 in
254 2736 447 2803 quibus
481 2752 515 2787 a
552 2735 782 2805 Vulgata
808 2746 983 2789 nostra
1005 2737 1245 2801 dissidet,
1265 2735 1485 2789 aliorum
1513 2736 1763 2807 su/Tragio

174 2828 507 2895 innituntur;
541 2837 589 2881 et
617 2836 789 2882 utrum
815 2831 1019 2883 tandem
1047 2845 1164 2883 cum
1192 2827 1377 2883 Graeco
1410 2826 1557 2882 LXX
1593 2826 1768 2881 Inter-

176 2929 400 2990 pretum,
431 2920 578 2989 quod
605 2930 779 2974 nostra
806 2920 906 2975 hac
930 2922 1181 2976 memoria
1205 2928 1398 2987 exstat,
1420 2920 1535 2990 plus
1561 2918 1763 2975 minus-

174 3028 228 3067 ve
245 3014 567 3067 consentiat.
598 3011 753 3079 Quod
786 3023 846 3069 ut
870 3014 1012 3069 bene
1040 3014 1177 3084 ipsis
1209 3012 1449 3081 cederet,
1484 3012 1765 3082 exempla-

176 3104 249 3159 ria
275 3103 530 3169 diversa,
563 3112 675 3159 tum
721 3105 895 3175 prelo,
932 3114 1047 3161 tum
1090 3106 1304 3160 calamo
1346 3105 1489 3160 edita
1520 3105 1765 3160 contule-

1866 1892 1992 1958 lire,
2018 1890 2113 1946 sed
2142 1905 2247 1944 non
2280 1890 2484 1945 omnia.
2514 1887 2871 1957 Conjcctasse
2897 1884 3001 1938 hcc
3026 1884 3200 1952 ipsum
3224 1895 3292 1935 ex
3323 1878 3460 1933 locis

1865 1999 1898 2040 a
1922 1983 2067 2039 Beda
2112 1998 2209 2038 seu
2236 1981 2404 2036 Floro
2433 1980 2704 2049 cxcerptis
2736 1977 3019 2044 theologos
3049 1971 3420 2027 Lovanienses
3444 2010 3460 2037 ,

1863 2091 1925 2134 se
1952 2090 2085 2130 vero
2106 2083 2317 2129 certum
2345 2074 2502 2141 plane
2524 2066 2954 2141 deprehendisse
2974 2065 3028 2120 in
3056 2063 3248 2120 codice
3272 2059 3465 2117 hiblio~

1868 2170 2041 2224 theca:
2070 2165 2401 2221 Colbertinze
2450 2177 2718 2219 annorum
2763 2160 2881 2216 fere
2917 2159 3359 2226 octingentorum
3407 2169 3464 2207 n.

1865 2260 2001 2315 2821
2041 2276 2055 2315 :
2092 2258 2235 2313 unde
2287 2274 2394 2314 non
2428 2271 2635 2329 paucos
2686 2252 3093 2325 deprompsisse
3134 2263 3195 2304 se
3222 2249 3465 2303 fatentur

1865 2365 2147 2409 sermones
2171 2355 2330 2402 antea
2360 2364 2465 2403 non
2490 2347 2686 2403 editos.
2709 2344 3042 2401 Germanam
3068 2353 3283 2411 quoque
3306 2336 3467 2407 hujus

1866 2449 2055 2504 classis
2109 2444 2560 2514 inscriptionem,
2617 2452 2738 2494 cum
2772 2436 2943 2501 Flori,
2994 2442 3107 2489 tum
3152 2444 3284 2486 mss.
3328 2428 3468 2484 bene

1866 2542 2160 2598 multorum
2202 2536 2516 2595 testimonio
2558 2532 3009 2602 comprobatam,
3053 2533 3278 2582 monent
3303 2564 3321 2592 ,
3359 2537 3468 2579 non

1866 2637 1930 2690 de
1960 2636 2124 2689 verbis
2151 2630 2396 2695 Domini,
2430 2626 2526 2683 sed
2565 2626 2626 2679 de
2666 2623 2831 2678 rerbis
2874 2618 3148 2692 Evangelii
3198 2629 3467 2673 sanasse:

1869 2729 2011 2797 quod
2041 2723 2334 2795 Augustini
2366 2717 2861 2776 commentationes
2904 2714 2959 2767 in
2988 2725 3149 2765 omne
3190 2721 3362 2779 genus
3390 2706 3470 2797 lo-

1868 2796 2057 2879 corum
2117 2830 2147 2870 e
2211 2822 2449 2884 quatuor
2506 2805 2827 2875 Evangeliis
2887 2802 3180 2871 petitorum
3231 2796 3470 2865 comple-

1870 2918 2136 2966 cterelur.

1944 2999 2249 3057 Secundam
2281 2996 2510 3050 classem
2562 2992 2624 3045 de
2652 2987 2818 3043 verbis
2843 2982 3081 3055 Apostoli
3108 3023 3123 3049 ,
3154 2979 3470 3038 eorumdem

1870 3105 1952 3152 est
1981 3091 2316 3155 observatio,
2352 3100 2616 3158 nusquam
2667 3081 2770 3137 nisi
2820 3094 2940 3135 cum
2970 3076 3080 3132 illis
3123 3076 3469 3145 coniunctam

179 3205 313 3261 runt,
344 3165 788 3267 varietatesque,
817 3165 953 3268 quas
994 3196 1475 3267 deprehenderent
1530 3178 1837 3252 maximeC
1870 3186 2136 3257 reperiri,
2194 3178 2445 3251 quamvis
2494 3178 2693 3233 dentur
2741 3169 3109 3268 exemplaria,
3161 3165 3471 3268 iniqui-bus

181 3285 433 3358 insignes,
470 3286 627 3357 juxta
659 3302 785 3343 cum
814 3286 1231 3358 Augustinianis
1255 3288 1305 3342 in
1340 3288 1568 3357 quadam
1599 3287 1765 3343 veluti

182 3379 347 3435 tabula
388 3380 654 3451 proxime
699 3391 821 3450 post
852 3380 1230 3451 przeiationem
1276 3391 1762 3451 reprmsentarunt,

180 3470 345 3527 addito
371 3486 517 3528 mss.
552 3482 605 3527 et
636 3473 908 3529 editorum
932 3473 1323 3542 exemplarium
1358 3474 1620 3532 indiculo.

244 3563 397 3619 Temo
427 3564 631 3629 Quinto
652 3566 969 3621 :——Duahus
995 3566 1092 3621 ille
1120 3566 1362 3633 partibus
1388 3566 1768 3637 complectitur

185 3655 476 3717 Sermones
517 3660 584 3715 ad
614 3659 873 3730 populum
907 3660 960 3713 in
1010 3671 1243 3729 quatuor
1280 3660 1491 3716 classes
1519 3660 1725 3715 divisos
1748 3700 1764 3727 ,

189 3766 359 3823 nempe
382 3754 570 3827 (parte
597 3752 791 3826 prima)
815 3769 832 3806 ε
864 3754 915 3806 1ο
939 3753 1237 3811 Sermones
1257 3754 1326 3809 de
1352 3753 1643 3824 scripturis
1675 3768 1771 3807 ve-

192 3844 308 3900 teris
331 3862 385 3902 et
420 3847 557 3902 novi
586 3846 966 3912 Testamenti;
993 3846 1052 3900 2°
1080 3848 1374 3904 Sermones
1397 3845 1466 3902 de
1498 3856 1764 3917 tempore;

194 3936 359 4007 (parte
405 3940 662 4011 secunda)
694 3957 708 3994 :
735 3941 797 3997 5°
820 3940 1116 3997 Sermones
1144 3942 1211 3998 de
1260 3942 1505 4007 Sanctis;
1549 3941 1608 3996 4°
1637 3940 1766 3995 Scr-

191 4048 365 4090 mones
392 4035 468 4090 de
507 4034 768 4100 diversis;
801 4036 1001 4104 quibus
1044 4037 1106 4091 5°
1147 4035 1448 4091 succedunt
1476 4035 1768 4090 Sermones

191 4123 357 4192 dubii;
418 4126 478 4181 in
531 4126 834 4196 appendice
863 4142 995 4183 vero
1050 4126 1346 4183 Sermones
1395 4125 1720 4196 supposititii
1751 4171 1765 4196 ,

190 4220 466 4287 quaternis
489 4220 740 4276 similiter
766 4221 1032 4276 classibus
1062 4220 1463 4291 comprehensi.

259 4310 481 4367 Scilicet
508 4329 569 4367 ex
596 4315 792 4368 decimo
819 4324 986 4380 tomo,
1010 4315 1103 4369 ubi
1128 4315 1268 4384 apud
1302 4315 1666 4372 Lovanienscs
1694 4315 1771 4370 le-

194 4402 456 4472 gebantur
475 4406 846 4476 Augustiniani
869 4421 1173 4471 sermones,
1197 4406 1250 4461 in
1273 4408 1512 4477 quintum
1534 4416 1772 4461 transtu-

193 4493 394 4565 lerunt,
421 4506 512 4563 ut,
543 4513 663 4553 cum
694 4500 945 4569 plerique
973 4499 1027 4554 in
1060 4498 1396 4569 Scriptorum
1436 4513 1643 4553 sacrant
1674 4498 1771 4554 lia-

1806 3289 1819 3301 '
1873 3280 2171 3337 Sermones
2202 3275 2264 3328 de
2291 3272 2460 3327 verbis
2488 3270 2737 3333 Domini,
2769 3267 2887 3322 sine
2919 3262 3026 3320 illis
3051 3262 3115 3317 de
3138 3260 3303 3317 verbis
3331 3260 3471 3332 Apo-

1873 3370 1991 3426 stoli
2021 3376 2335 3426 occurrant.
2372 3364 2527 3422 Unde
2569 3362 2873 3431 colligunt,
2905 3358 3043 3413 duas
3073 3356 3234 3411 hasce
3267 3353 3472 3409 classes

1874 3465 2005 3520 nihil
2036 3462 2183 3517 aliud
2214 3475 2370 3525 esse,
2403 3472 2564 3528 quam
2593 3468 2757 3510 unam
2790 3463 3107 3507 sermonum
3139 3448 3193 3502 in
3223 3446 3473 3516 Scriptu-

1873 3572 1987 3613 ram
2019 3553 2144 3609 novi
2172 3549 2507 3606 Testamenti
2541 3544 2944 3600 collectionem.

1943 3645 2184 3703 Tertiam
2213 3656 2381 3713 porro
2411 3639 2667 3698 classem,
2697 3634 2867 3697 aiunt,
2902 3644 3122 3698 semper
3149 3626 3370 3699 quidem
3404 3626 3474 3680 ab

1873 3744 1993 3798 aliis
2025 3746 2326 3809 separatam
2354 3729 2613 3795 inveniri,
2644 3736 2697 3781 at
2719 3740 2829 3780 non
2852 3736 2978 3778 raro
3011 3720 3469 3785 numerosiorem,

1873 3851 2036 3909 quam
2081 3836 2133 3888 in
2165 3828 2405 3887 excusis.
2439 3824 2599 3881 Modo
2628 3821 2773 3878 enim
2807 3819 2965 3884 duos,
3015 3815 3180 3872 modo
3216 3822 3468 3884 quatuor,

1875 3907 2149 3987 autetiam
2183 3925 2365 3995 plures
2418 3934 2587 3989 supra
2636 3912 3025 3987 quinquaginta
3083 3908 3390 3965 Sermones
3420 3907 3474 3961 in

1874 4038 2004 4080 mss.
2061 4016 2337 4075 nonnullis
2381 4010 2666 4069 exhiberi:
2718 4005 2932 4062 tametsi
2976 3999 3373 4075 propemodum
3417 3998 3473 4052 in

1875 4113 2125 4171 omnibus
2171 4121 2451 4166 sermones
2507 4099 2703 4172 integri
2751 4114 2817 4154 ex
2872 4095 2982 4160 iis,
3037 4093 3128 4163 qui
3186 4104 3472 4147 numerum

1876 4200 2399 4279 quinquagenarium
2452 4198 2503 4251 in
2546 4192 2778 4262 vulgatis
2823 4189 2978 4245 libris
3008 4186 3349 4279 coniiciunt,
3382 4183 3476 4239 tle-

1876 4276 2208 4354 siderentnr.
2238 4292 2473 4348 Omnino
2511 4296 2691 4341 autem
2740 4284 2808 4340 de
2866 4282 2950 4336 his
2996 4278 3264 4349 judicant,
3310 4276 3476 4332 colle-

1876 4393 2112 4447 ctionem
2165 4386 2391 4443 Ciesarii
2442 4379 2776 4451 temporibus
2826 4390 2931 4429 non
2972 4383 3136 4443 posse
3179 4368 3285 4422 dici
3336 4368 3476 4421 anti-

1877 4483 2125 4556 quiorem
2154 4485 2473 4549 pr0pterea,
2502 4472 2642 4543 quod
2669 4470 2844 4525 eidem
2874 4471 2953 4521 tot.
2980 4460 3225 4517 humilia:
3251 4456 3473 4556 ali-ipso

196 4546 507 4656 bitiesscnt,
528 4546 752 4660 propius
779 4607 806 4643 a
833 4546 1154 4645 ti'actatibus
1176 4546 1318 4644 tiartii
1343 4597 1397 4645 et
1416 4588 1592 4659 quarti
1618 4589 1768 4655 tomi,
1800 4565 1853 4625 Ῑ)
1879 4577 2099 4655 Seriphi?
2143 4572 2454 4660 ίηδθνειημπ
2486 4577 2541 4621 El
2580 4562 2855 4660 ρὶετίείιιιθ
2887 4546 3476 4660 ξξίοτυᾞξμτᾷθφξδξξίξ-ξδξ

198 4679 379 4746 quibus
428 4680 620 4737 eadem
677 4684 767 4737 illa
818 4682 1129 4751 exponitur,
1183 4698 1430 4752 quosque
1482 4682 1769 4736 maximam

195 4779 392 4839 partem
443 4774 768 4829 concinnum
822 4774 1050 4829 formam
1106 4790 1217 4846 pra:
1262 4790 1323 4830 se
1372 4775 1515 4829 ferre
1544 4774 1771 4841 dicunt,

198 4862 463 4921 abessent.
508 4864 660 4921 Novo
706 4875 969 4937 praeterea
1012 4882 1077 4922 ac
1125 4867 1342 4921 diverso
1391 4882 1420 4921 a
1451 4867 1731 4936 superiore
1759 4908 1773 4934 ,

199 4967 346 5024 quem
380 4958 434 5012 in
465 4958 711 5028 generali
744 4973 972 5014 recensu
1022 4958 1352 5028 scriptorum
1402 4959 1685 5029 Augustini
1717 4974 1772 5012 n.

198 5044 293 5103 116
314 5049 594 5119 dedimus,
619 5051 809 5107 ordine
831 5067 926 5108 eos
949 5051 1343 5116 astrinxerant,
1371 5067 1477 5120 quo
1505 5062 1557 5106 et
1582 5066 1778 5107 secun—

194 5138 311 5197 dum
349 5146 639 5214 genuinam
678 5158 833 5217 suam
880 5146 1079 5202 seriem
1119 5145 1561 5215 disponerentur,
1608 5152 1663 5198 ct
1710 5145 1777 5200 ab

194 5234 511 5293 adulterinis
550 5247 604 5295 et
651 5239 1014 5310 supposititiis
1046 5239 1295 5294 omnibus
1335 5237 1772 5307 sejungerentur.

194 5325 314 5385 Erat
344 5343 480 5387 sane
510 5328 566 5386 in
596 5330 684 5388 bis
714 5339 869 5389 tanto
897 5331 1021 5401 plus
1046 5330 1254 5388 arbitrii
1284 5372 1297 5398 ,
1328 5329 1471 5399 quod
1504 5345 1679 5400 neque
1710 5331 1777 5386 ab

257 5516 335 5597 ia)
363 5515 448 5571 Ex
480 5514 818 5571 lectionariis
848 5513 1181 5598 casul‘uisse.
1206 5513 1485 5598 digestas,
1536 5511 1778 5598 aliosque

192 5582 760 5670 deincepsfermones
791 5602 857 5641 ex
888 5584 1395 5670 aliishleclionariis
1434 5582 1776 5670 descriptos,

195 5652 600 5728 Augttstittianis
620 5659 864 5726 adjectus
894 5657 946 5710 in
978 5656 1312 5709 editionibus
1338 5700 1350 5719 ,
1388 5670 1507 5723 quae
1552 5652 1779 5707 subinde

195 5740 580 5794 apparuerunt,
603 5731 799 5784 docent
827 5726 1107 5782 Ballerinii
1130 5727 1182 5780 in
1218 5724 1374 5794 Ρηεῇ
1410 5725 1478 5777 ad
1506 5725 1780 5779 Sermones

197 5742 580 5797 apparuerunt,
603 5742 799 5784 docent
827 5742 1107 5782 uatterum
1130 5742 1182 5780 tn
1218 5742 1374 5794 rma].
1410 5742 1476 5777 aa
1506 5742 1778 5779 eermones

197 5796 253 5852 S.
274 5798 476 5859 Leonis.
493 5802 559 5857 Τ.
587 5801 607 5857 l
637 5802 775 5871 Opp.
795 5807 935 5869 part.
963 5796 1048 5865 t,§
1067 5796 1157 5854 64.
1182 5795 1404 5854 Addunt
1427 5794 1648 5856 ibidem,
1674 5808 1778 5849 non

1879 4652 2053 4725 tiones
2106 4663 2174 4719 ab
2229 4658 2471 4733 ejusdem
2520 4657 2662 4728 stylo
2723 4667 2828 4708 non
2864 4647 3225 4733 abhorrentes
3274 4648 3475 4733 assuta:

1879 4758 2423 4820 iuerint.Truncatos
2451 4765 2612 4822 porro
2643 4762 2766 4804 esse
2797 4752 2855 4799 ut
2881 4736 3169 4810 plurimum
3194 4730 3249 4785 in
3274 4746 3335 4786 ea
3359 4730 3473 4786 An-

1888 4855 2086 4931 guslini
2118 4865 2423 4916 sermones,
2467 4860 2533 4901 ac
2581 4841 2838 4898 brevibus
2863 4832 3184 4931 quibusdam
3235 4824 3476 4931 exordiis

1881 4920 2041 5023 atque
2070 4946 2302 5017 epilogis
2329 4942 2475 4997 omni
2507 4936 2813 4991 auditorum
2840 4927 3025 4999 generi
3055 4920 3480 4982 accommodatis

1886 5020 2236 5113 intﬁerpolatos
2296 5036 2423 5089 Haec
2468 5031 2585 5085 fere
2628 5028 2698 5081 de
2730 5024 2903 5080 tribus
2928 5020 3325 5094 antiquioribus
3357 5027 3477 5070 ser-

1886 5150 2103 5192 monum
2126 5125 2408 5198 Augustini
2432 5119 2842 5178 collectionibus
2869 5116 3207 5175 Benedictini
3227 5116 3476 5169 censent.

1885 5233 2001 5289 Jam
2034 5229 2421 5293 insequentes,
2479 5216 2723 5288 exceptis
2770 5212 3120 5272 sermonibus
3176 5209 3245 5263 ad
3293 5209 3479 5275 fratres

1884 5328 1938 5381 in
1980 5334 2171 5389 eremo,
2204 5330 2342 5387 quos
2392 5327 2627 5384 sequens
2660 5319 2840 5368 tomus
2871 5308 3072 5375 habet,
3109 5311 3354 5372 tempore
3390 5295 3474 5349 in-

1888 5507 2047 5563 desse
2079 5503 2237 5569 alios,
2272 5501 2362 5571 qui
2392 5499 2571 5554 adhuc
2610 5494 2920 5571 ex‘iisdem
2969 5483 3227 5571 fontibus
3241 5477 3478 5571 derivat-3

1889 5588 2091 5648 queant
2119 5563 2364 5648 ejusdem
2399 5572 2458 5626 S.
2491 5566 2741 5648 Doctoris
2767 5563 3480 5648 ειαπιηοιξεῖεᾋεξιῌειξεέθΔ

1889 5624 2341 5718 amplius
2366 5624 2787 5718 genuinosij
2815 5642 3104 5687 sermones
3124 5630 3177 5684 in
3203 5624 3475 5681 Anecdotis

1894 5706 2241 5775 Miscellaneis
2271 5706 2564 5786 aliq'uando
2590 5706 2835 5765 edituros
2860 5717 3007 5761 esse.
