3882 6362
465 329 532 386 95
1355 319 1916 383 SUPPLEMENTUM
1954 318 2046 377 AD
2084 317 2315 377 OPERA
2354 320 2413 377 S.
2454 320 2841 378 AUGUSTINI.
3656 320 3709 381 96

465 447 641 493 ventre
667 438 780 509 jam
813 436 1195 511 typographize
1223 444 1427 492 exortae
1467 437 1644 492 multo
1678 436 1863 491 minus
1892 448 2053 489 accu-
2080 438 2131 498 Α
2159 436 2623 506 ριάξΐδιίοηειοῐηί
2654 440 2828 509 quarti
2853 439 2921 495 de
2940 437 3313 497 Transiatione
3335 438 3561 510 Vulgata
3586 440 3702 496 Psal-

465 531 703 587 ratiores
740 543 899 599 sunt,
933 532 1131 602 quippe
1162 546 1192 585 e
1224 528 1504 585 codicibus
1532 530 1693 598 longe
1725 528 1969 597 pluribus
2000 536 2055 582 et

464 624 638 692 magis
665 624 894 679 invicem
919 623 1149 678 diversis
1178 632 1380 687 erutae;
1407 621 1607 691 quique
1634 620 1831 674 dehinc
1855 618 2051 688 passim

463 713 517 768 in
543 714 878 770 editionibus
921 716 1082 770 variis
1112 715 1280 770 additi
1327 715 1545 770 fuerunt
1587 727 1874 768 sermones
1902 752 1917 774 ,
1958 724 2052 766 eos

464 808 600 861 nulli
624 816 774 861 certo
800 808 983 877 generi
1003 807 1271 877 ascriptos
1298 822 1423 862 esse
1444 814 1674 861 constat.
1694 804 1892 858 Harum
1922 816 2053 871 ergo

461 900 718 956 classium
748 917 870 956 cum
902 902 1137 957 maxime
1169 902 1461 957 arbitraria
1494 900 1685 954 fuisset
1714 896 2013 965 descriptio
2033 937 2049 964 ,

461 992 759 1071 eademque
792 1004 999 1050 tantum
1034 995 1376 1050 confusionis
1426 1008 1489 1048 ac
1534 988 1828 1046 turbarum’
1862 1004 2047 1044 secum

458 1083 718 1157 ferret(a)
739 1127 753 1151 ,
783 1088 1001 1156 penitus
1029 1102 1149 1142 eam
1179 1087 1438 1142 abolitam
1471 1093 1525 1140 et
1557 1099 1679 1138 cum
1711 1084 2079 1138 accuratiore.

457 1189 510 1232 et
548 1182 905 1237 concinniore
938 1191 1301 1252 permutatam
1332 1195 1453 1235 esse
1486 1193 1647 1234 nemo
1688 1192 1818 1246 non,
1845 1176 1935 1245 qui
1968 1175 2051 1229 lu-

453 1271 653 1328 benter
676 1274 844 1330 hocce
876 1275 934 1331 S.
964 1277 1217 1331 Doctoris
1248 1275 1443 1345 pabttlo
1474 1273 1695 1339 fruitur,
1720 1271 1902 1327 debita
1922 1284 2045 1324 cum

456 1362 617 1418 laude
646 1366 915 1422 editorum
944 1377 1226 1437 agnoscet.

524 1455 789 1522 Alterum,
846 1460 987 1527 quod
1030 1459 1084 1514 in
1134 1460 1456 1515 Sermonum
1504 1457 1743 1514 editione
1787 1462 2047 1526 praestare

449 1555 575 1600 sunt
604 1550 838 1616 connisi,
866 1562 949 1605 est
976 1552 1281 1621 spuriorum
1311 1566 1340 1605 a
1370 1550 1620 1621 genuinis
1662 1547 1945 1617 separatio.
1988 1544 2044 1598 In

449 1654 556 1708 quo
590 1643 807 1710 negotio
835 1641 948 1698 haec
981 1645 1316 1714 potissimum
1345 1643 1412 1697 ad
1452 1641 1716 1712 judicium
1748 1637 2041 1709 regendum

448 1724 685 1792 valuisse
716 1738 815 1793 sibi
849 1748 1122 1795 momenta
1167 1738 1404 1793 fatentur
1432 1753 1447 1793 :
1485 1736 1540 1788 1ο
1574 1736 1778 1807 Stylus,
1830 1747 1924 1787 seu
1951 1745 2043 1786 co-

2159 531 2276 585 terii
2332 532 2731 587 disseruerunt.
2764 534 2827 587 3°
2861 534 3150 600 Doctrina,
3184 544 3241 588 ut
3292 534 3505 589 scilicet
3528 532 3574 588 in
3600 549 3705 589 una-

2154 636 2366 692 quaque
2400 624 2793 690 examinarent,
2824 634 3006 679 utrum
3051 640 3173 681 cum
3213 625 3592 694 Augustiniana
3616 626 3705 680 sive

2155 713 2208 767 in
2243 713 2367 769 fidei
2388 729 2450 769 ac
2482 729 2691 769 morum
2715 715 3005 786 dogmatis,
3038 716 3155 771 sive
3176 717 3228 770 in
3254 716 3549 785 Scriptura:
3572 730 3707 787 expc.

2153 806 2351 861 sitione
2377 822 2441 861 ac
2471 822 2573 862 usu
2596 818 2946 878 congrueret,
2993 825 3102 863 non
3134 808 3515 879 praetermissis
3563 808 3638 871 iis,
3667 810 3707 863 in

2152 900 2346 969 quibus
2371 908 2468 953 aut
2496 902 2840 967 sententiam,
2887 910 2977 956 aut
3006 900 3267 971 loquendi
3308 900 3568 955 rationem
3612 914 3710 953 eum

2152 1001 2388 1045 mutasse
2410 1001 2747 1061 compertum
2775 1002 2913 1047 erat.
2955 992 3011 1044 4ο
3041 990 3359 1047 Observatio
3409 998 3709 1058 temporum,

2152 1083 2417 1154 locorum,
2450 1101 2837 1154 personarum,
2867 1087 3233 1156 negotiorum,
3264 1084 3554 1151 factorum,
3592 1098 3713 1139 erro-

2149 1190 2291 1242 rum,
2327 1176 2667 1247 aliorumque
2697 1178 2977 1245 similium,
3007 1178 3074 1233 de
3090 1178 3286 1247 quibus
3313 1176 3366 1230 in
3395 1176 3713 1231 sermonibus

2150 1269 2477 1338 disputatur,
2531 1270 2674 1325 unde
2724 1270 2956 1339 plurima
3012 1270 3078 1324 ad
3121 1268 3463 1324 statuendam
3511 1268 3715 1324 criticen

2148 1373 2462 1432 argumenta
2495 1362 2599 1417 sibi
2628 1362 2950 1433 deprompta
2975 1378 3096 1419 esse
3120 1364 3410 1417 affirmant.
3439 1362 3495 1418 5°
3526 1362 3715 1417 Indicu-

2147 1455 2231 1509 lus
2258 1454 2513 1521 Possidii,
2544 1469 2650 1509 non
2678 1455 2819 1524 quod
2838 1470 3119 1511 sermones
3163 1470 3377 1522 omnes,
3402 1470 3633 1524 quorum
3651 1453 3720 1508 in-

2146 1548 2473 1618 scriptiones
2503 1548 2576 1603 ibi
2610 1548 2885 1618 leguntur,
2913 1549 3207 1619 Augustino
3239 1548 3550 1619 putaverint
3575 1548 3720 1602 ascri-

2145 1640 2378 1708 bendos,
2410 1643 2563 1712 quasi
2593 1657 2703 1696 non
2748 1644 3064 1711 potnisseta
3117 1642 3299 1696 multis
3337 1640 3722 1696 coneionatori-

2145 1734 2244 1789 bus
2272 1735 2462 1791 eadem
2493 1736 2717 1790 materia
2752 1736 2969 1789 tractari
2995 1752 3009 1800 ;
3036 1735 3132 1789 sed
3162 1743 3220 1788 ut
3250 1734 3299 1789 ei
3326 1749 3433 1788 non
3464 1734 3554 1788 ita.
3582 1732 3720 1788 facile

446 1824 553 1890 lor.
606 1835 699 1881 aut
750 1832 964 1897 propria
1004 1829 1404 1899 quodammodo
1458 1827 1720 1882 orationis
1771 1824 1935 1878 facies
1986 1822 2037 1876 in
2068 1811 2425 1881 Bsermones
2449 1826 2556 1881 illic
2586 1827 2809 1881 minime
2838 1826 3149 1895 designatos
3194 1826 3552 1880 ascriberent.
3602 1824 3722 1879 liuic

445 1913 734 1985 Augustini
762 1935 916 1989 aeque
944 1935 1008 1975 ac
1030 1923 1082 1975 in
1116 1922 1344 1976 aliorum
1374 1919 1667 1990 insignium
1712 1917 2035 1986 scriptorum

444 2006 888 2063 meditationibus
906 2009 1063 2066 facile
1080 2012 1392 2081 conspicua,
1417 2025 1479 2065 ea
1508 2009 1779 2073 cautione,
1808 2015 1864 2060 ut
1886 2019 2039 2061 eum-

442 2096 563 2151 dem
619 2114 717 2168 pro
771 2103 945 2156 aetatis
989 2104 1220 2169 ratione,
1251 2112 1305 2158 et
1334 2118 1539 2169 rerum,
1569 2116 1701 2171 quas
1743 2097 1955 2169 juvenis
1982 2105 2036 2152 et

440 2192 737 2247 maturiore
767 2193 961 2250 deinde
987 2206 1150 2251 aetate
1188 2196 1462 2263 tractavit,
1510 2194 1848 2259 diversitate,
1880 2193 2033 2247 item-

440 2296 544 2349 que
572 2286 975 2341 commentandi
1025 2289 1304 2353 metbodo,
1352 2289 1479 2343 dum
1520 2288 1660 2342 alios
1700 2296 1951 2341 accurate
1978 2292 2032 2339 et

438 2384 561 2425 cum
593 2375 945 2432 meditatione
972 2380 1337 2446 elucubratas,
1363 2377 1498 2433 alios
1518 2394 1584 2432 ex
1616 2388 1857 2447 tempore
1879 2376 2030 2431 fusos

436 2476 558 2517 esse
574 2474 809 2531 constet,
834 2469 1048 2523 variare
1068 2469 1398 2539 aliquantum
1422 2468 1676 2523 debuisse
1706 2468 2027 2538 cogitarent.

440 2569 460 2603 ‹
507 2554 589 2609 Ad
647 2556 959 2626 hujusmodi
1013 2575 1175 2631 ergo,
1207 2561 1487 2630 inquiunt,
1539 2573 1827 2616 censuram
1877 2565 2027 2614 recte

434 2642 762 2713 obeundam,
787 2657 1155 2721 praeterquam
1198 2652 1343 2721 quod
1374 2652 1549 2722 stylus
1581 2652 1761 2721 operis
1788 2652 1938 2707 dubii
1959 2650 2026 2706 ad

431 2735 641 2807 singula
675 2740 979 2800 indubitata
1006 2760 1169 2815 opera
1200 2745 1501 2817 exigendus
1553 2754 1655 2815 est,
1687 2761 2024 2818 nequaquam

432 2830 648 2897 visilla,
689 2834 803 2889 sive
846 2836 1092 2905 spiritus,
1146 2853 1253 2907 quo
1306 2839 1479 2909 stylus
1528 2838 1681 2907 quasi
1725 2839 2022 2903 animatur,

432 2921 740 2989 posthaberi
796 2925 977 2982 debet.
1041 2929 1251 2996 Ubique
1298 2930 1444 2981 enim
1496 2928 1806 2995 agnoscitur
1844 2930 2023 2996 Augu-

428 3013 605 3069 stinus
630 3017 848 3083 proprio
879 3017 1113 3086 quodam
1163 3017 1487 3085 eloquentiae
1531 3017 1710 3085 gravis
1748 3031 1811 3071 ac
1863 3017 2021 3072 seriae

425 3118 650 3175 genere,
683 3106 826 3173 quod
875 3108 977 3162 sibi
1037 3109 1304 3162 lectorum
1355 3107 1573 3162 animos
1624 3106 1863 3176 subjicit,
1910 3121 2018 3161 non

428 3210 613 3265 .epore
638 3174 874 3265 comptae
903 3208 1067 3268 atque
1098 3199 1361 3255 affectatae
1400 3174 1753 3269 elocutionis,
1789 3201 1882 3256 sed
1906 3200 2019 3256 efii-
2047 3174 2094 3240 C

424 3288 572 3341 cacia
620 3288 857 3359 'quadam
898 3289 1117 3360 judicii,
1170 3291 1509 3362 prudentiae,
1560 3293 1798 3363 pietatis,
1851 3293 2021 3350 hone-

424 3382 614 3448 statis,
648 3381 969 3449 modestiae.
1003 3387 1308 3459 comitatis,
1357 3387 1698 3459 aliorumque
1726 3388 1980 3445 virtutum
2001 3429 2017 3456 ,

423 3492 549 3545 quae
578 3477 779 3547 passim
827 3480 880 3534 in
932 3479 1048 3550 ejus
1103 3481 1353 3538 oratione
1409 3483 1545 3540 adeo
1600 3482 1807 3555 fulgent
1856 3495 2018 3555 atque

422 3570 678 3637 emicant,
712 3580 770 3626 ttt
799 3572 941 3644 ipius
970 3575 1169 3645 stylum
1204 3591 1367 3632 nemo
1414 3576 1724 3633 imitatione
1754 3591 2015 3648 assequa-

422 3672 528 3718 tur.
560 3664 659 3719 ilic
685 3675 770 3720 est
802 3668 1070 3739 przeeipue
1110 3668 1313 3740 Lydius
1354 3670 1524 3739 lapis,
1580 3685 1686 3741 quo
1735 3685 2016 3729 sermones

419 3772 546 3813 vere
564 3760 943 3829 Augustiniani
965 3765 1288 3831 probantur;
1315 3773 1371 3821 et
1391 3766 1459 3820 ad
1477 3782 1638 3836 quem
1657 3770 2013 3837 appendicem

419 3851 463 3903 si
493 3851 611 3917 quis
643 3849 920 3915 adhibeat,
953 3853 1007 3907 in
1038 3870 1153 3908 eam
1179 3871 1347 3926 prepe
1372 3858 1683 3914 universam
1725 3874 2015 3932 cognoscet

419 3939 611 3993 cadere
635 3939 766 3995 illud
793 3958 974 4012 posse,
1019 3947 1163 4014 quod
1196 3947 1264 4002 de
1313 3949 1722 4021 liypognostico
1766 3972 2011 4024 pronun-

420 4031 611 4084 tiatum
642 4040 727 4086 est
758 4050 770 4085 :
799 4034 867 4087 Et
888 4052 1065 4092 sensus
1091 4038 1155 4091 ab
1185 4038 1329 4094 illius
1356 4058 1507 4097 sensu
1535 4046 1750 4115 inferior
1773 4048 2008 4118 habetur,

421 4131 467 4175 et
500 4124 748 4178 modestia
774 4136 925 4196 atque
956 4130 1220 4187 humilitas
1257 4151 1458 4189 morum
1490 4146 1536 4189 et
1566 4153 1857 4193 sermonum
1896 4144 2010 4213 ejus

417 4232 522 4269 non
553 4217 623 4271 ibi
662 4233 946 4276 servatur.»
982 4226 1040 4280 2°
1076 4227 1281 4297 Versio,
1308 4247 1415 4301 qua
1445 4232 1640 4303 singuli
1673 4233 1725 4289 in
1754 4238 2006 4293 testimo-

415 4311 520 4365 niis
545 4314 827 4384 scripturae
859 4320 1056 4375 veteris
1077 4322 1411 4379 Tcstamenti
1432 4335 1671 4381 utantur.
1696 4326 1828 4383 Cum
1859 4332 2003 4387 enim

412 4404 742 4476 Augustinus
768 4411 921 4479 sequi
949 4414 1089 4469 solet
1115 4417 1519 4473 translationem
1552 4421 1861 4490 antiquam,
1902 4439 2003 4479 no-

2141 1919 2380 1974 indieulo
2402 1921 2645 1989 priscum
2674 1916 3136 1999 Carthaginiensis
3178 1918 3439 1973 Ecelesite
3463 1915 3721 1972 Kalenda-

2138 2012 2371 2080 rium,in
2398 2013 2466 2067 lli
2498 2022 2645 2068 tomo
2672 2013 3055 2069 Analectorum
3070 2010 3366 2067 Mabilionii
3390 2026 3587 2067 recens
3610 2021 3725 2065 tunc

2137 2109 2437 2179 vulgatum,
2472 2110 2855 2180 adjungentes,
2914 2109 3160 2165 censoria
3216 2118 3342 2163 nota
3386 2107 3725 2164 conﬁxerunt

2135 2201 2428 2257 conciones
2442 2203 2702 2274 quasdam
2719 2203 2783 2258 ad
2799 2204 3190 2269 solemnitates,
3216 2202 3381 2257 veluti
3398 2201 3726 2255 Lttaniarum

2134 2308 2232 2349 seu
2259 2294 2627 2367 Rogationum,
2660 2294 3020 2350 Conversiom's
3042 2295 3107 2350 S.
3138 2293 3318 2359 Pauli,
3347 2293 3628 2350 Cathedra:
3668 2290 3727 2346 S.

2132 2389 2313 2458 Petri,
2371 2390 2793 2444 Annuntiationis
2842 2389 3169 2454 Dominicte,
3219 2388 3611 2458 Assumptionis
3670 2384 3732 2439 Β.

2133 2480 2338 2546 Marite,
2372 2491 2499 2547 etc.,
2525 2496 2759 2551 quarum
2784 2481 2840 2535 in
2868 2491 3061 2536 neutro
3093 2480 3299 2535 mentio
3323 2479 3735 2549 reperiebatur.

2131 2574 2193 2629 6°
2226 2573 2387 2628 Bede
2414 2587 2478 2629 ac
2513 2573 2554 2627 F
2562 2573 2659 2627 lori
2680 2572 3030 2627 collectiones
3056 2572 3112 2627 in
3142 2569 3392 2626 Paulum.
3447 2569 3549 2624 Hic
3610 2568 3739 2639 qui-

2129 2669 2250 2725 dem
2283 2668 2577 2725 tenendum
2623 2675 2730 2738 est,
2759 2667 2917 2723 Beda:
2953 2666 3333 2723 collectionem
3383 2677 3481 2718 eos
3528 2663 3739 2732 appel-

2129 2762 2241 2819 lare
2265 2763 2523 2818 ineditam
2554 2761 2810 2831 aliquam,
2848 2774 2969 2827 quae
2989 2760 3110 2812 sine
3147 2754 3522 2811 controversia
3582 2753 3735 2808 illius

2129 2859 2203 2912 sit
2232 2865 2287 2911 et
2314 2857 2533 2912 nomine
2563 2853 2680 2924 ejus
2704 2853 2757 2908 in
2785 2866 2916 2907 mss.
2940 2848 3346 2919 exemplaribus
3372 2845 3731 2909 inscribatur;

2126 2961 2243 3001 eam
2284 2962 2434 3008 vero,
2460 2962 2581 3013 quae
2612 2946 2753 2998 inter
2783 2943 3001 3011 vulgata
3030 2941 3149 3009 ejus
3175 2952 3341 3009 opera
3380 2938 3481 3007 ipsi
3508 2937 3731 3007 adjudio

2124 3042 2235 3096 cari
2260 3040 2420 3104 solet,
2448 3040 2635 3101 Floro,
2659 3037 2888 3092 diacono
2908 3034 3281 3105 Lugdunensi,
3300 3034 3556 3088 tribuunt
3579 3047 3729 3087 eam-

2125 3131 2357 3201 demque
2383 3129 2711 3184 sententiam
2760 3142 2915 3182 suam
2967 3125 3215 3196 pluribus
3263 3132 3630 3180 astruxerunt
3680 3123 3729 3179 in

2128 3221 2192 3275 lll
2223 3220 2534 3277 Analector.
2564 3218 2994 3275 Mabillonianor.
3029 3226 3203 3273 tomo.
3234 3216 3297 3270 7°
3322 3216 3449 3272 Mss.
3478 3216 3726 3281 codices,

2123 3329 2353 3386 quorum
2380 3315 2696 3369 immensam
2724 3311 2935 3381 copiam
2979 3323 3266 3365 recensere
3296 3323 3403 3364 non
3434 3309 3728 3364 sustinue-

2120 3416 2269 3462 runt.
2295 3407 2497 3462 Horum
2517 3413 2696 3460 autem
2728 3402 2972 3460 subsidio
2998 3404 3193 3473 partim
3230 3402 3378 3458 locos
3421 3400 3726 3472 quosdam,

2120 3501 2315 3573 quibus
2345 3498 2582 3570 permoti
2606 3495 2855 3552 nonnulli
2882 3494 3198 3550 criticorum
3236 3494 3613 3563 Augustinum
3661 3491 3729 3545 de

2118 3590 2469 3663 possessione
2498 3602 2813 3644 sermonum
2841 3585 3046 3656 aliquot
3102 3599 3234 3641 vere
3286 3584 3728 3654 Augustiniano-

2118 3700 2239 3741 rum
2270 3691 2587 3754 exegerant,
2620 3681 2675 3736 in
2707 3679 2926 3736 excusis
2981 3686 3197 3748 compte
3248 3677 3355 3748 legi
3396 3675 3725 3748 deprehen-

2117 3778 2265 3835 disse
2288 3792 2347 3833 se
2369 3783 2711 3844 asseverant,
2726 3771 2922 3843 partim
2956 3770 3185 3825 aliorum
3201 3767 3576 3839 quorumdam
3595 3810 3612 3835 ,
3632 3767 3724 3837 qui

2117 3870 2289 3941 ipsius
2309 3884 2430 3924 esse
2460 3866 2791 3929 ferebantur,
2825 3870 3077 3919 auctores
3108 3860 3403 3916 detexisse.
3456 3861 3550 3915 Ad
3604 3861 3722 3914 hac

2113 3965 2342 4020 aliorum
2366 3963 2585 4018 Patrum
2613 3974 2777 4031 opera
2830 3957 3119 4027 diligenter
3144 3955 3250 4010 sibi
3299 3954 3436 4009 lecta
3466 3962 3531 4009 et
3561 3970 3724 4009 com-

2114 4066 2303 4126 parata
2336 4054 2504 4111 fuisse
2526 4053 2867 4124 profitentur,
2891 4058 2950 4105 ut
2971 4047 3180 4104 scilicet
3206 4062 3274 4102 ex
3301 4046 3443 4117 Stylo
3467 4055 3527 4101 et
3553 4061 3722 4117 argu-

2112 4149 2331 4215 mentis,
2360 4162 2479 4217 qutc
2504 4153 2756 4210 tractant,
2789 4142 3197 4211 dignoscerent,
3229 4138 3445 4209 quinam
3494 4151 3723 4195 sermo-

2112 4257 2208 4296 nes
2237 4241 2369 4310 ipsis
2396 4235 2670 4293 tribuendi
2702 4242 2908 4302 esscnt,
2937 4242 2993 4289 et
3030 4232 3256 4287 lacinias
3282 4230 3716 4301 investigarent,

2109 4348 2175 4387 ex
2205 4330 2398 4401 quibus
2439 4328 2730 4383 adulterini
2776 4334 3035 4381 tractatus
3085 4323 3445 4379 consarcinati
3495 4328 3719 4378 essent.

2108 4423 2247 4479 Esse
2265 4431 2442 4477 autem
2467 4422 2608 4476 inter
2628 4434 2747 4487 eos,
2772 4418 2863 4489 qui
2889 4434 2955 4474 ex
2971 4416 3223 4487 Origene,
3248 4414 3538 4486 Cypriane,
3571 4416 3721 4469 Am-

412 4511 533 4551 vam
564 4508 771 4564 autem,
805 4502 856 4555 id
903 4513 987 4557 est
1014 4503 1487 4577 liieronymianam
1517 4524 1587 4563 ex
1618 4510 1845 4566 Hebraeo
1873 4527 2005 4568 con-
2028 4552 2084 4614 Β
2109 4515 2313 4583 brosio,
2346 4515 2600 4580 Maximo,
2637 4513 2861 4576 Fausto,
2894 4509 3156 4580 Gregorio
3203 4508 3409 4577 Magno,
3437 4504 3721 4573 Aieuino,

412 4591 677 4614 ..εκ-.-ηιμ
741 4592 844 4614 :-_-
880 4595 995 4614 !_J_
1036 4612 1049 4614 _
1099 4613 1134 4614 ,,
1183 4613 1188 4614 ,
1240 4599 1252 4614 ι
1398 4600 1410 4612 ι
1461 4610 1469 4614 Α
1541 4602 1572 4614 η
1615 4602 1626 4614 ι
1673 4603 1684 4614 ι
1873 4604 1919 4614 -.
2111 4609 2124 4614 -
2300 4606 2332 4614 ι.
2602 4605 2613 4614 .
2883 4600 2937 4614 ιν·
3043 4600 3056 4614 1
3236 4599 3290 4614 ,.-
3333 4594 3523 4614 l,-__'_.
3608 4595 3625 4614 I
3662 4609 3720 4614 -4

408 4591 705 4662 cinnatam,
735 4592 849 4663 jam
877 4595 1002 4651 inde
1029 4612 1058 4650 a
1091 4599 1291 4655 szeculo
1322 4600 1510 4670 quinto
1540 4602 1849 4659 Salvianum
1872 4604 2004 4661 Mas-

405 4685 700 4753 siliensem,
730 4688 1060 4746 Eucherium
1081 4691 1773 4767 Lugdunensem,Leonem
1796 4701 1999 4761 Roma-

405 4791 533 4829 nutu
564 4782 807 4853 aliosque
829 4787 1111 4856 amplexos
1143 4804 1264 4845 esse
1285 4800 1519 4860 constet,
1558 4794 1714 4852 facile
1742 4796 2002 4871 intelligi-
2040 4818 2043 4821 ·

406 4876 509 4932 tur,
559 4884 717 4938 quam
751 4875 854 4932 late
886 4878 1047 4951 hujus
1089 4880 1279 4952 judicii
1324 4900 1454 4940 usus
1497 4898 1657 4957 atque
1705 4892 1998 4960 applicatio

408 4968 606 5027 pateat.
639 4962 755 5019 Hoc
778 4968 900 5024 loco
946 4984 1231 5046 notamus,
1285 4978 1667 5039 Benedictinos
1718 4986 1991 5047 addidisse

2109 4609 2270 4664 lvone
2293 4605 2614 4662 Carnutensi
2647 4614 2809 4674 atque
2849 4600 2971 4656 aliis
3025 4599 3294 4669 desumpti
3332 4594 3557 4661 fuerint,
3608 4595 3723 4651 hac

2106 4717 2270 4772 Opera
2304 4697 2515 4769 experti
2543 4704 2687 4751 sunt.
2722 4696 2971 4765 Magnam
3002 4702 3182 4748 autem
3235 4698 3447 4763 partem
3479 4706 3721 4758 eorum,

2104 4794 2195 4865 qui
2226 4788 2583 4863 Augustinum
2620 4796 2892 4844 auctorem
2923 4784 3142 4842 mentiri
3192 4782 3717 4853 deprehenderunt,

2103 4888 2396 4944 Caesarium
2443 4885 2813 4941 Arelatensem
2857 4895 3151 4953 agnoscere
3198 4879 3609 4948 demonstrant,
3644 4877 3719 4933 de

2102 4983 2298 5052 quibus
2326 4980 2461 5036 adeo
2490 4979 2739 5050 pluribus
2776 4976 2930 5033 nobis
2983 4976 3037 5031 in
3089 4982 3237 5030 torno
3284 4974 3444 5031 tertio
3491 4979 3715 5027 nostra:

2099 5074 2449 5132 Bibliotheca:
2477 5072 2708 5129 dicetur.

402 5067 539 5146 nova
564 5056 808 5121 quaedam
838 5066 1032 5129 partim
1059 5070 1123 5123 ad
1144 5073 1463 5142 supplenda,
1488 5078 1685 5146 partim
1713 5080 1874 5135 etiam
1894 5082 1989 5140 de-

2169 5170 2453 5228 Postremo
2478 5174 2699 5222 monent
2729 5178 2939 5232 eorum,
2962 5165 3071 5241 .qui
3100 5180 3130 5220 a
3158 5179 3217 5221 se
3245 5163 3439 5233 rejecti
3464 5162 3711 5228 fuerint,

403 5144 726 5204 fendendaa
777 5158 1132 5221 quorumdam
1185 5144 1583 5233 obje‘ctionibus
1631 5187 1726 5241 ea,
1780 5190 1899 5246 quae
1928 5177 1984 5233 in

2091 5336 2147 5383 et
2167 5328 2229 5382 de
2255 5324 2460 5381 Sanctis
2491 5330 2709 5379 coactos
2738 5325 3090 5393 oportuisset,
3117 5324 3170 5379 in
3192 5323 3331 5379 alias
3362 5330 3574 5393 septem
3607 5312 3713 5374 an‘

2094 5408 2218 5454 octo
2248 5397 2563 5466 dissipatos,
2602 5402 2658 5466 et
2682 5410 2749 5450 ex
2779 5396 3126 5451 sermonibus
3157 5396 3394 5465 amplius
3428 5393 3665 5462 triginta
3688 5432 3706 5453 ,

2094 5471 2185 5539 qni
2211 5468 2277 5522 dc
2306 5465 2458 5522 festis
2496 5465 2865 5539 Paschalibus,
2917 5472 2977 5520 ut
3026 5467 3127 5521 hoc
3164 5467 3422 5539 exemplo
3450 5474 3708 5539 utamur,

2094 5535 2486 5599 inscribuntur,
2514 5537 2727 5593 nonnisi
2765 5538 2949 5593 decem
2976 5538 3026 5592 in
3064 5538 3209 5593 serie
3235 5536 3303 5591 de
3324 5535 3581 5604 Tempore
3620 5536 3711 5587 in-

2091 5610 2296 5675 veniri,
2323 5612 2455 5664 alios
2489 5625 2642 5679 vero,
2670 5612 2713 5663 si
2745 5610 2867 5678 quis
2898 5624 3087 5664 omnes
3126 5608 3467 5679 evolvere‘in
3498 5608 3711 5679 animo

2094 5656 2338 5743 haberet,
2364 5681 2575 5735 interL.
2607 5656 2877 5748 liorniilias,
2902 5656 3615 5740 a'Parisiensibus’a’dditas,
3651 5676 3713 5731 in

2094 5763 2321 5822 ntraquc
2370 5752 2528 5806 classi
2560 5753 2622 5805 de
2647 5752 2870 5806 Diversis
2892 5790 2908 5818 ,
2937 5767 2999 5807 ac
3028 5751 3081 5808 in
3115 5751 3505 5823 posterioribus
3535 5749 3713 5802 clas-

2092 5825 2241 5882 sibus
2263 5823 2726 5894 pervestigandos.
2755 5841 2774 5875 ι

466 5298 542 5373 (α)
581 5320 601 5355 ‹
640 5303 1049 5389 Animadvertet
1076 5311 1300 5389 aliquis,
1337 5316 1588 5387 inquiunt
1613 5323 1841 5381 Maurini
1873 5326 1978 5383 Pa-

393 5382 536 5461 tres,
570 5389 872 5461 sermones,
894 5382 1373 5461 _qui_co_mmodius
1412 5382 1464 5443 in
1517 5406 1747 5458 quatuor
1777 5382 1982 5454 classes

391 5458 743 5514 revocantur,
776 5449 828 5504 in
875 5449 1196 5526 duodecim,
1230 5471 1457 5526 quarum
1498 5449 1614 5517 aiis:
1646 5449 1981 5525 debitawali‘is

391 5527 707 5608 argumenta
743 5523 1126 5608 continebant,
1165 5523 1333 5608 fuisse
1364 5530 1677 5589 distractos.
1707 5523 1983 5608 Agnoscet

392 5583 593 5682 ii'brps,‘
610 5604 746 5682 qu‘os
766 5606 963 5682 voca'nt
988 5594 1050 5649 de
1072 5583 1233 5652 verbis
1252 5583 1467 5655 Domini
1480 5583 1821 5663 ei'dé'ieiTti’i's'
1831 5583 1984 5682 17,333

389 5654 509 5740 stoli
529 5697 543 5721 ,
578 5654 949 5740 tantummodo
983 5677 1187 5735 partem
1222 5654 1984 5740 completedsermonum-eo-

382 5732 1013 5821 fjl‘llijifdnbosce
1058 5741 1246 5797 titulos
1298 5732 1681 5821 pertinebant;
1717 5732 1983 5821 intelliget

381 5810 666 5858 sermones
692 5800 761 5858 de
787 5801 983 5867 Festis.
1030 5824 1151 5867 cum
1180 5827 1276 5870 eos
1299 5800 1361 5870 'in
1394 5800 1603 5875 classes
1632 5800 1697 5875 de
1718 5800 1984 5884 r5553;
