  <div class='ocr_page' id='page_1' title='image "/cluster/home/n/w/nwhite01/storage/ocr_20150623/47/uva.x000827107/056.png"; bbox 0 0 3882 6300; ppageno 0'>
   <div class='ocr_carea' id='block_1_1' title="bbox 104 266 3388 343">
    <p class='ocr_par' dir='ltr' id='par_1_1' title="bbox 104 266 3388 343">
     <span class='ocr_line' id='line_1_1' title="bbox 104 266 3388 343; baseline -0.004 -4"><span class='ocrx_word' id='word_1_1' title='bbox 104 284 170 340; x_wconf 80' lang='lat'><strong>97</strong></span> <span class='ocrx_word' id='word_1_2' title='bbox 1046 275 1321 332; x_wconf 79' lang='lat' dir='ltr'><strong>NOTI&#39;I&#39;IA</strong></span> <span class='ocrx_word' id='word_1_3' title='bbox 1359 266 1784 329; x_wconf 75' lang='lat' dir='ltr'><strong>LITTERARIA</strong></span> <span class='ocrx_word' id='word_1_4' title='bbox 1825 269 1891 325; x_wconf 85' lang='lat' dir='ltr'><strong>IN</strong></span> <span class='ocrx_word' id='word_1_5' title='bbox 1930 270 1992 327; x_wconf 88' lang='lat' dir='ltr'><strong>S.</strong></span> <span class='ocrx_word' id='word_1_6' title='bbox 2033 270 2499 330; x_wconf 86' lang='lat' dir='ltr'><strong>AUGUSTINUM.</strong></span> <span class='ocrx_word' id='word_1_7' title='bbox 3315 285 3388 343; x_wconf 72' lang='lat'><strong>93</strong></span> 
     </span>
    </p>
   </div>
   <div class='ocr_carea' id='block_1_2' title="bbox 105 382 3384 469">
    <p class='ocr_par' dir='ltr' id='par_1_2' title="bbox 105 382 3384 469">
     <span class='ocr_line' id='line_1_2' title="bbox 105 382 3384 469; baseline 0 -15"><span class='ocrx_word' id='word_1_8' title='bbox 105 404 266 469; x_wconf 85' lang='lat' dir='ltr'><strong>longe</strong></span> <span class='ocrx_word' id='word_1_9' title='bbox 292 394 571 467; x_wconf 89' lang='lat' dir='ltr'><strong>plurimos</strong></span> <span class='ocrx_word' id='word_1_10' title='bbox 605 405 673 447; x_wconf 84' lang='lat' dir='ltr'><strong>ex</strong></span> <span class='ocrx_word' id='word_1_11' title='bbox 699 391 801 445; x_wconf 89' lang='lat' dir='ltr'><strong>illis</strong></span> <span class='ocrx_word' id='word_1_12' title='bbox 825 404 964 459; x_wconf 90' lang='lat' dir='ltr'><strong>esse,</strong></span> <span class='ocrx_word' id='word_1_13' title='bbox 987 397 1112 460; x_wconf 80' lang='lat' dir='ltr'><strong>quos</strong></span> <span class='ocrx_word' id='word_1_14' title='bbox 1142 406 1242 443; x_wconf 84' lang='lat' dir='ltr'><strong>non</strong></span> <span class='ocrx_word' id='word_1_15' title='bbox 1271 390 1397 443; x_wconf 89' lang='lat' dir='ltr'><strong>satis</strong></span> <span class='ocrx_word' id='word_1_16' title='bbox 1420 388 1694 451; x_wconf 77' lang='lat' dir='ltr'><strong>discussos,</strong></span> <span class='ocrx_word' id='word_1_17' title='bbox 1725 384 1779 443; x_wconf 84' lang='lat' dir='ltr'><strong>A</strong></span> <span class='ocrx_word' id='word_1_18' title='bbox 1802 382 1878 438; x_wconf 85' lang='lat' dir='ltr'><strong>De</strong></span> <span class='ocrx_word' id='word_1_19' title='bbox 1906 384 2139 439; x_wconf 88' lang='lat' dir='ltr'><strong>vanitate</strong></span> <span class='ocrx_word' id='word_1_20' title='bbox 2167 386 2391 452; x_wconf 73' lang='lat' dir='ltr'><strong>saeculi;</strong></span> <span class='ocrx_word' id='word_1_21' title='bbox 2436 387 2509 442; x_wconf 93' lang='lat' dir='ltr'><strong>De</strong></span> <span class='ocrx_word' id='word_1_22' title='bbox 2546 398 2856 461; x_wconf 90' lang='lat' dir='ltr'><strong>contemptu</strong></span> <span class='ocrx_word' id='word_1_23' title='bbox 2887 394 3104 461; x_wconf 90' lang='lat' dir='ltr'><strong>mundi;</strong></span> <span class='ocrx_word' id='word_1_24' title='bbox 3136 396 3211 452; x_wconf 92' lang='lat' dir='ltr'><strong>De</strong></span> <span class='ocrx_word' id='word_1_25' title='bbox 3240 398 3384 454; x_wconf 87' lang='lat' dir='ltr'><strong>bono</strong></span> 
     </span>
    </p>
   </div>
   <div class='ocr_carea' id='block_1_3' title="bbox 103 479 1699 551">
    <p class='ocr_par' dir='ltr' id='par_1_3' title="bbox 103 479 1699 551">
     <span class='ocr_line' id='line_1_3' title="bbox 103 479 1699 551; baseline -0.009 -3"><span class='ocrx_word' id='word_1_26' title='bbox 103 504 193 548; x_wconf 88' lang='lat' dir='ltr'><strong>aut</strong></span> <span class='ocrx_word' id='word_1_27' title='bbox 226 491 397 545; x_wconf 78' lang='lat' dir='ltr'><strong>dubia:</strong></span> <span class='ocrx_word' id='word_1_28' title='bbox 425 486 764 540; x_wconf 79' lang='lat' dir='ltr'><strong>auctoritatis</strong></span> <span class='ocrx_word' id='word_1_29' title='bbox 814 483 1096 551; x_wconf 68' lang='lat' dir='ltr'><strong>vocaverint</strong></span> <span class='ocrx_word' id='word_1_30' title='bbox 1133 482 1496 536; x_wconf 81' lang='lat' dir='ltr'><strong>Lovanienses</strong></span> <span class='ocrx_word' id='word_1_31' title='bbox 1548 479 1699 535; x_wconf 88' lang='lat' dir='ltr'><strong>theo-</strong></span> 
     </span>
    </p>
   </div>
   <div class='ocr_carea' id='block_1_4' title="bbox 105 569 1700 655">
    <p class='ocr_par' dir='ltr' id='par_1_4' title="bbox 105 569 1700 655">
     <span class='ocr_line' id='line_1_4' title="bbox 105 569 1700 655; baseline -0.009 -16"><span class='ocrx_word' id='word_1_32' title='bbox 105 585 235 655; x_wconf 88' lang='lat' dir='ltr'><strong>logi.</strong></span> <span class='ocrx_word' id='word_1_33' title='bbox 267 578 559 637; x_wconf 85' lang='lat' dir='ltr'><strong>Consultas</strong></span> <span class='ocrx_word' id='word_1_34' title='bbox 590 576 698 630; x_wconf 87' lang='lat' dir='ltr'><strong>sibi</strong></span> <span class='ocrx_word' id='word_1_35' title='bbox 728 574 887 630; x_wconf 89' lang='lat' dir='ltr'><strong>etiam</strong></span> <span class='ocrx_word' id='word_1_36' title='bbox 923 588 1044 629; x_wconf 91' lang='lat' dir='ltr'><strong>esse</strong></span> <span class='ocrx_word' id='word_1_37' title='bbox 1068 572 1294 627; x_wconf 91' lang='lat' dir='ltr'><strong>aliorum</strong></span> <span class='ocrx_word' id='word_1_38' title='bbox 1343 572 1398 626; x_wconf 93' lang='lat' dir='ltr'><strong>in</strong></span> <span class='ocrx_word' id='word_1_39' title='bbox 1446 569 1700 640; x_wconf 87' lang='lat' dir='ltr'><strong>Augusti-</strong></span> 
     </span>
    </p>
   </div>
   <div class='ocr_carea' id='block_1_5' title="bbox 110 665 1700 736">
    <p class='ocr_par' dir='ltr' id='par_1_5' title="bbox 110 665 1700 736">
     <span class='ocr_line' id='line_1_5' title="bbox 110 665 1700 736; baseline -0.01 -1"><span class='ocrx_word' id='word_1_40' title='bbox 110 681 299 735; x_wconf 88' lang='lat' dir='ltr'><strong>nianos</strong></span> <span class='ocrx_word' id='word_1_41' title='bbox 327 685 621 730; x_wconf 87' lang='lat' dir='ltr'><strong>sermones</strong></span> <span class='ocrx_word' id='word_1_42' title='bbox 652 682 932 736; x_wconf 87' lang='lat' dir='ltr'><strong>censuras,</strong></span> <span class='ocrx_word' id='word_1_43' title='bbox 959 666 1100 722; x_wconf 89' lang='lat' dir='ltr'><strong>inter</strong></span> <span class='ocrx_word' id='word_1_44' title='bbox 1128 680 1261 735; x_wconf 90' lang='lat' dir='ltr'><strong>quas</strong></span> <span class='ocrx_word' id='word_1_45' title='bbox 1313 666 1448 719; x_wconf 89' lang='lat' dir='ltr'><strong>duas</strong></span> <span class='ocrx_word' id='word_1_46' title='bbox 1507 665 1700 733; x_wconf 69' lang='grc' dir='ltr'><strong>ιπωοί-</strong></span> 
     </span>
    </p>
   </div>
   <div class='ocr_carea' id='block_1_6' title="bbox 111 755 1697 840">
    <p class='ocr_par' dir='ltr' id='par_1_6' title="bbox 111 755 1697 840">
     <span class='ocr_line' id='line_1_6' title="bbox 111 755 1697 840; baseline -0.009 -17"><span class='ocrx_word' id='word_1_47' title='bbox 111 784 258 840; x_wconf 83' lang='lat' dir='ltr'><strong>puas,</strong></span> <span class='ocrx_word' id='word_1_48' title='bbox 293 777 454 819; x_wconf 89' lang='lat' dir='ltr'><strong>unam</strong></span> <span class='ocrx_word' id='word_1_49' title='bbox 483 759 723 816; x_wconf 77' lang='lat' dir='ltr'><strong>Simonis</strong></span> <span class='ocrx_word' id='word_1_50' title='bbox 754 757 973 822; x_wconf 83' lang='lat' dir='ltr'><strong>Verlini,</strong></span> <span class='ocrx_word' id='word_1_51' title='bbox 997 756 1193 811; x_wconf 92' lang='lat' dir='ltr'><strong>editam</strong></span> <span class='ocrx_word' id='word_1_52' title='bbox 1214 771 1264 810; x_wconf 88' lang='lat' dir='ltr'><strong>a.</strong></span> <span class='ocrx_word' id='word_1_53' title='bbox 1292 755 1448 821; x_wconf 86' lang='grc'><strong>1618,</strong></span> <span class='ocrx_word' id='word_1_54' title='bbox 1473 756 1697 811; x_wconf 84' lang='lat' dir='ltr'><strong>alteram</strong></span> 
     </span>
    </p>
   </div>
   <div class='ocr_carea' id='block_1_7' title="bbox 114 847 1698 920">
    <p class='ocr_par' dir='ltr' id='par_1_7' title="bbox 114 847 1698 920">
     <span class='ocr_line' id='line_1_7' title="bbox 114 847 1698 920; baseline -0.008 -7"><span class='ocrx_word' id='word_1_55' title='bbox 114 855 368 914; x_wconf 79' lang='lat' dir='ltr'><strong>Bernardi</strong></span> <span class='ocrx_word' id='word_1_56' title='bbox 404 850 701 920; x_wconf 82' lang='lat' dir='ltr'><strong>Vindingii,</strong></span> <span class='ocrx_word' id='word_1_57' title='bbox 734 863 785 902; x_wconf 90' lang='lat' dir='ltr'><strong>a.</strong></span> <span class='ocrx_word' id='word_1_58' title='bbox 821 847 959 903; x_wconf 67' lang='lat' dir='ltr'><strong>I622</strong></span> <span class='ocrx_word' id='word_1_59' title='bbox 990 864 1004 913; x_wconf 91' lang='lat'><strong>;</strong></span> <span class='ocrx_word' id='word_1_60' title='bbox 1031 856 1085 902; x_wconf 90' lang='lat' dir='ltr'><strong>et</strong></span> <span class='ocrx_word' id='word_1_61' title='bbox 1113 861 1233 902; x_wconf 90' lang='lat' dir='ltr'><strong>cum</strong></span> <span class='ocrx_word' id='word_1_62' title='bbox 1267 847 1351 901; x_wconf 91' lang='lat' dir='ltr'><strong>his</strong></span> <span class='ocrx_word' id='word_1_63' title='bbox 1380 862 1593 916; x_wconf 88' lang='lat' dir='ltr'><strong>quoque</strong></span> <span class='ocrx_word' id='word_1_64' title='bbox 1618 847 1698 902; x_wconf 88' lang='lat' dir='ltr'><strong>vi-</strong></span> 
     </span>
    </p>
   </div>
   <div class='ocr_carea' id='block_1_8' title="bbox 114 936 1695 1014">
    <p class='ocr_par' dir='ltr' id='par_1_8' title="bbox 114 936 1695 1014">
     <span class='ocr_line' id='line_1_8' title="bbox 114 936 1695 1014; baseline -0.009 -10"><span class='ocrx_word' id='word_1_65' title='bbox 114 950 210 1014; x_wconf 85' lang='lat' dir='ltr'><strong>ris,</strong></span> <span class='ocrx_word' id='word_1_66' title='bbox 236 955 355 1001; x_wconf 88' lang='lat' dir='ltr'><strong>utut</strong></span> <span class='ocrx_word' id='word_1_67' title='bbox 378 940 745 1013; x_wconf 81' lang='lat' dir='ltr'><em>sagacissimis</em></span> <span class='ocrx_word' id='word_1_68' title='bbox 784 938 1055 992; x_wconf 85' lang='lat' dir='ltr'><strong>interdum</strong></span> <span class='ocrx_word' id='word_1_69' title='bbox 1095 937 1414 992; x_wconf 88' lang='lat' dir='ltr'><strong>hallucinari</strong></span> <span class='ocrx_word' id='word_1_70' title='bbox 1462 936 1695 1005; x_wconf 84' lang='lat' dir='ltr'><strong>licuerit,</strong></span> 
     </span>
    </p>
   </div>
   <div class='ocr_carea' id='block_1_9' title="bbox 119 1029 1697 1103">
    <p class='ocr_par' dir='ltr' id='par_1_9' title="bbox 119 1029 1697 1103">
     <span class='ocr_line' id='line_1_9' title="bbox 119 1029 1697 1103; baseline -0.008 -8"><span class='ocrx_word' id='word_1_71' title='bbox 119 1041 260 1095; x_wconf 89' lang='lat' dir='ltr'><strong>idem</strong></span> <span class='ocrx_word' id='word_1_72' title='bbox 288 1037 409 1103; x_wconf 84' lang='lat' dir='ltr'><em>sibi,</em></span> <span class='ocrx_word' id='word_1_73' title='bbox 437 1036 480 1089; x_wconf 86' lang='lat' dir='ltr'><strong>si</strong></span> <span class='ocrx_word' id='word_1_74' title='bbox 513 1044 916 1100; x_wconf 82' lang='lat' dir='ltr'><strong>nonnumquam</strong></span> <span class='ocrx_word' id='word_1_75' title='bbox 942 1029 1148 1099; x_wconf 88' lang='lat' dir='ltr'><strong>judicio</strong></span> <span class='ocrx_word' id='word_1_76' title='bbox 1172 1029 1510 1095; x_wconf 83' lang='lat' dir='ltr'><strong>fallerentur,</strong></span> <span class='ocrx_word' id='word_1_77' title='bbox 1563 1042 1697 1084; x_wconf 86' lang='lat' dir='ltr'><strong>con-</strong></span> 
     </span>
    </p>
   </div>
   <div class='ocr_carea' id='block_1_10' title="bbox 120 1120 1699 1196">
    <p class='ocr_par' dir='ltr' id='par_1_10' title="bbox 120 1120 1699 1196">
     <span class='ocr_line' id='line_1_10' title="bbox 120 1120 1699 1196; baseline -0.009 -8"><span class='ocrx_word' id='word_1_78' title='bbox 120 1144 326 1189; x_wconf 88' lang='lat' dir='ltr'><strong>cessum</strong></span> <span class='ocrx_word' id='word_1_79' title='bbox 348 1128 411 1182; x_wconf 91' lang='lat' dir='ltr'><strong>iri</strong></span> <span class='ocrx_word' id='word_1_80' title='bbox 439 1132 688 1196; x_wconf 84' lang='lat' dir='ltr'><strong>sperant.</strong></span> <span class='ocrx_word' id='word_1_81' title='bbox 716 1120 1104 1178; x_wconf 85' lang='lat' dir='ltr'><strong>Severissimos</strong></span> <span class='ocrx_word' id='word_1_82' title='bbox 1132 1120 1364 1189; x_wconf 88' lang='lat' dir='ltr'><strong>denique</strong></span> <span class='ocrx_word' id='word_1_83' title='bbox 1395 1134 1454 1176; x_wconf 93' lang='lat' dir='ltr'><strong>se</strong></span> <span class='ocrx_word' id='word_1_84' title='bbox 1484 1121 1536 1174; x_wconf 92' lang='lat' dir='ltr'><strong>in</strong></span> <span class='ocrx_word' id='word_1_85' title='bbox 1586 1135 1699 1175; x_wconf 90' lang='lat' dir='ltr'><strong>ser-</strong></span> 
     </span>
    </p>
   </div>
   <div class='ocr_carea' id='block_1_11' title="bbox 118 1210 1701 1282">
    <p class='ocr_par' dir='ltr' id='par_1_11' title="bbox 118 1210 1701 1282">
     <span class='ocr_line' id='line_1_11' title="bbox 118 1210 1701 1282; baseline -0.008 -5"><span class='ocrx_word' id='word_1_86' title='bbox 118 1221 360 1277; x_wconf 89' lang='lat' dir='ltr'><strong>monibus</strong></span> <span class='ocrx_word' id='word_1_87' title='bbox 408 1216 657 1272; x_wconf 88' lang='lat' dir='ltr'><strong>nondum</strong></span> <span class='ocrx_word' id='word_1_88' title='bbox 702 1211 899 1278; x_wconf 82' lang='lat' dir='ltr'><strong>editis,</strong></span> <span class='ocrx_word' id='word_1_89' title='bbox 943 1211 1033 1281; x_wconf 89' lang='lat' dir='ltr'><strong>qui</strong></span> <span class='ocrx_word' id='word_1_90' title='bbox 1075 1210 1380 1282; x_wconf 81' lang='lat' dir='ltr'><strong>Augustino</strong></span> <span class='ocrx_word' id='word_1_91' title='bbox 1417 1211 1473 1266; x_wconf 91' lang='lat' dir='ltr'><strong>in</strong></span> <span class='ocrx_word' id='word_1_92' title='bbox 1511 1227 1701 1266; x_wconf 84' lang='lat' dir='ltr'><strong>manu-</strong></span> 
     </span>
    </p>
   </div>
   <div class='ocr_carea' id='block_1_12' title="bbox 120 1302 1697 1383">
    <p class='ocr_par' dir='ltr' id='par_1_12' title="bbox 120 1302 1697 1383">
     <span class='ocr_line' id='line_1_12' title="bbox 120 1302 1697 1383; baseline -0.01 -13"><span class='ocrx_word' id='word_1_93' title='bbox 120 1312 325 1383; x_wconf 89' lang='lat' dir='ltr'><strong>scriptis</strong></span> <span class='ocrx_word' id='word_1_94' title='bbox 345 1308 635 1366; x_wconf 90' lang='lat' dir='ltr'><strong>codicibus</strong></span> <span class='ocrx_word' id='word_1_95' title='bbox 655 1304 1083 1368; x_wconf 89' lang='lat' dir='ltr'><strong>ascriberentur,</strong></span> <span class='ocrx_word' id='word_1_96' title='bbox 1108 1302 1409 1373; x_wconf 76' lang='lat' dir='ltr'><strong>praebuisse</strong></span> <span class='ocrx_word' id='word_1_97' title='bbox 1456 1317 1516 1357; x_wconf 92' lang='lat' dir='ltr'><strong>se</strong></span> <span class='ocrx_word' id='word_1_98' title='bbox 1547 1303 1697 1357; x_wconf 82' lang='lat' dir='ltr'><strong>al‘ﬁr-</strong></span> 
     </span>
    </p>
   </div>
   <div class='ocr_carea' id='block_1_13' title="bbox 119 1393 1696 1472">
    <p class='ocr_par' dir='ltr' id='par_1_13' title="bbox 119 1393 1696 1472">
     <span class='ocr_line' id='line_1_13' title="bbox 119 1393 1696 1472; baseline -0.007 -11"><span class='ocrx_word' id='word_1_99' title='bbox 119 1413 279 1471; x_wconf 86' lang='lat' dir='ltr'><strong>mant,</strong></span> <span class='ocrx_word' id='word_1_100' title='bbox 304 1419 373 1458; x_wconf 81' lang='lat' dir='ltr'><strong>ex</strong></span> <span class='ocrx_word' id='word_1_101' title='bbox 392 1414 633 1472; x_wconf 89' lang='lat' dir='ltr'><strong>quorum</strong></span> <span class='ocrx_word' id='word_1_102' title='bbox 660 1410 887 1452; x_wconf 88' lang='lat' dir='ltr'><strong>numero</strong></span> <span class='ocrx_word' id='word_1_103' title='bbox 916 1395 1077 1464; x_wconf 89' lang='lat' dir='ltr'><strong>longe</strong></span> <span class='ocrx_word' id='word_1_104' title='bbox 1115 1394 1350 1449; x_wconf 78' lang='lat' dir='ltr'><strong>maxime</strong></span> <span class='ocrx_word' id='word_1_105' title='bbox 1398 1393 1696 1450; x_wconf 86' lang='lat' dir='ltr'><strong>octodecim</strong></span> 
     </span>
    </p>
   </div>
   <div class='ocr_carea' id='block_1_14' title="bbox 120 1487 1693 1563">
    <p class='ocr_par' dir='ltr' id='par_1_14' title="bbox 120 1487 1693 1563">
     <span class='ocr_line' id='line_1_14' title="bbox 120 1487 1693 1563; baseline -0.01 -7"><span class='ocrx_word' id='word_1_106' title='bbox 120 1510 314 1556; x_wconf 83' lang='lat' dir='ltr'><strong>tantum</strong></span> <span class='ocrx_word' id='word_1_107' title='bbox 339 1511 466 1553; x_wconf 89' lang='lat' dir='ltr'><strong>cum</strong></span> <span class='ocrx_word' id='word_1_108' title='bbox 496 1492 819 1563; x_wconf 76' lang='lat' dir='ltr'><strong>fragmentis</strong></span> <span class='ocrx_word' id='word_1_109' title='bbox 840 1489 1047 1558; x_wconf 85' lang='lat' dir='ltr'><strong>aliquot</strong></span> <span class='ocrx_word' id='word_1_110' title='bbox 1066 1487 1396 1557; x_wconf 86' lang='lat' dir='ltr'><strong>adjiciendos</strong></span> <span class='ocrx_word' id='word_1_111' title='bbox 1415 1495 1693 1557; x_wconf 84' lang='lat' dir='ltr'><strong>curarpnt,</strong></span> 
     </span>
    </p>
   </div>
   <div class='ocr_carea' id='block_1_15' title="bbox 121 1578 1696 1662">
    <p class='ocr_par' dir='ltr' id='par_1_15' title="bbox 121 1578 1696 1662">
     <span class='ocr_line' id='line_1_15' title="bbox 121 1578 1696 1662; baseline -0.009 -15"><span class='ocrx_word' id='word_1_112' title='bbox 121 1599 297 1662; x_wconf 86' lang='lat' dir='ltr'><strong>utpote</strong></span> <span class='ocrx_word' id='word_1_113' title='bbox 321 1590 373 1643; x_wconf 91' lang='lat' dir='ltr'><strong>in</strong></span> <span class='ocrx_word' id='word_1_114' title='bbox 406 1585 615 1657; x_wconf 87' lang='lat' dir='ltr'><strong>quibus</strong></span> <span class='ocrx_word' id='word_1_115' title='bbox 646 1582 790 1637; x_wconf 91' lang='lat' dir='ltr'><strong>illius</strong></span> <span class='ocrx_word' id='word_1_116' title='bbox 816 1579 1120 1647; x_wconf 80' lang='lat' dir='ltr'><strong>character,</strong></span> <span class='ocrx_word' id='word_1_117' title='bbox 1161 1579 1436 1651; x_wconf 87' lang='lat' dir='ltr'><strong>ingenium</strong></span> <span class='ocrx_word' id='word_1_118' title='bbox 1478 1592 1542 1633; x_wconf 90' lang='lat' dir='ltr'><strong>ac</strong></span> <span class='ocrx_word' id='word_1_119' title='bbox 1565 1578 1696 1634; x_wconf 87' lang='lat' dir='ltr'><strong>doc-</strong></span> 
     </span>
    </p>
   </div>
   <div class='ocr_carea' id='block_1_16' title="bbox 122 1673 917 1737">
    <p class='ocr_par' dir='ltr' id='par_1_16' title="bbox 122 1673 917 1737">
     <span class='ocr_line' id='line_1_16' title="bbox 122 1673 917 1737; baseline -0.013 0"><span class='ocrx_word' id='word_1_120' title='bbox 122 1681 260 1737; x_wconf 80' lang='lat' dir='ltr'><strong>trina</strong></span> <span class='ocrx_word' id='word_1_121' title='bbox 282 1678 612 1734; x_wconf 86' lang='lat' dir='ltr'><strong>lucidissime</strong></span> <span class='ocrx_word' id='word_1_122' title='bbox 638 1673 917 1730; x_wconf 82' lang='lat' dir='ltr'><strong>emicaret.</strong></span> 
     </span>
    </p>
   </div>
   <div class='ocr_carea' id='block_1_17' title="bbox 1803 474 3381 559">
    <p class='ocr_par' dir='ltr' id='par_1_17' title="bbox 1803 474 3381 559">
     <span class='ocr_line' id='line_1_17' title="bbox 1803 474 3381 559; baseline 0.01 -31"><span class='ocrx_word' id='word_1_123' title='bbox 1803 474 2134 543; x_wconf 87' lang='lat' dir='ltr'><strong>disciplinac;</strong></span> <span class='ocrx_word' id='word_1_124' title='bbox 2187 477 2263 530; x_wconf 89' lang='lat' dir='ltr'><strong>De</strong></span> <span class='ocrx_word' id='word_1_125' title='bbox 2309 477 2611 534; x_wconf 85' lang='lat' dir='ltr'><strong>obedientia</strong></span> <span class='ocrx_word' id='word_1_126' title='bbox 2662 490 2717 535; x_wconf 88' lang='lat' dir='ltr'><strong>et</strong></span> <span class='ocrx_word' id='word_1_127' title='bbox 2768 481 3092 539; x_wconf 67' lang='lat' dir='ltr'><strong>humilitate.</strong></span> <span class='ocrx_word' id='word_1_128' title='bbox 3146 474 3381 559; x_wconf 76' lang='lat' dir='ltr'><strong>(Lovan.</strong></span> 
     </span>
    </p>
   </div>
   <div class='ocr_carea' id='block_1_18' title="bbox 1800 566 3380 649">
    <p class='ocr_par' dir='ltr' id='par_1_18' title="bbox 1800 566 3380 649">
     <span class='ocr_line' id='line_1_18' title="bbox 1800 566 3380 649; baseline 0.01 -28"><span class='ocrx_word' id='word_1_129' title='bbox 1800 566 1863 623; x_wconf 88' lang='grc' dir='ltr'><strong>Τ.</strong></span> <span class='ocrx_word' id='word_1_130' title='bbox 1896 567 1966 621; x_wconf 88' lang='lat' dir='ltr'><strong>IX</strong></span> <span class='ocrx_word' id='word_1_131' title='bbox 1996 567 2161 638; x_wconf 91' lang='lat' dir='ltr'><strong>App.)</strong></span> <span class='ocrx_word' id='word_1_132' title='bbox 2196 568 2487 624; x_wconf 88' lang='lat' dir='ltr'><strong>Sermones</strong></span> <span class='ocrx_word' id='word_1_133' title='bbox 2528 571 2620 625; x_wconf 85' lang='lat' dir='ltr'><strong>alii</strong></span> <span class='ocrx_word' id='word_1_134' title='bbox 2662 574 2728 626; x_wconf 87' lang='lat' dir='ltr'><strong>ad</strong></span> <span class='ocrx_word' id='word_1_135' title='bbox 2775 576 3049 643; x_wconf 86' lang='lat' dir='ltr'><strong>populum.</strong></span> <span class='ocrx_word' id='word_1_136' title='bbox 3097 576 3207 647; x_wconf 78' lang='lat' dir='ltr'><strong>(Ea:</strong></span> <span class='ocrx_word' id='word_1_137' title='bbox 3240 579 3380 649; x_wconf 88' lang='lat' dir='ltr'><strong>App.</strong></span> 
     </span>
    </p>
   </div>
   <div class='ocr_carea' id='block_1_19' title="bbox 1799 658 3385 739">
    <p class='ocr_par' dir='ltr' id='par_1_19' title="bbox 1799 658 3385 739">
     <span class='ocr_line' id='line_1_19' title="bbox 1799 658 3385 739; baseline 0.008 -26"><span class='ocrx_word' id='word_1_138' title='bbox 1799 658 1860 713; x_wconf 92' lang='lat' dir='ltr'><strong>T.</strong></span> <span class='ocrx_word' id='word_1_139' title='bbox 1896 659 1941 713; x_wconf 85' lang='lat' dir='ltr'><strong>X</strong></span> <span class='ocrx_word' id='word_1_140' title='bbox 1970 658 2116 713; x_wconf 85' lang='lat' dir='ltr'><strong>Edit.</strong></span> <span class='ocrx_word' id='word_1_141' title='bbox 2154 660 2284 716; x_wconf 87' lang='lat' dir='ltr'><strong>Par.</strong></span> <span class='ocrx_word' id='word_1_142' title='bbox 2316 672 2405 715; x_wconf 85' lang='lat' dir='ltr'><strong>aut</strong></span> <span class='ocrx_word' id='word_1_143' title='bbox 2428 678 2491 716; x_wconf 78' lang='lat' dir='ltr'><strong>ea:</strong></span> <span class='ocrx_word' id='word_1_144' title='bbox 2518 662 2760 733; x_wconf 81' lang='lat' dir='ltr'><strong>Vignerio</strong></span> <span class='ocrx_word' id='word_1_145' title='bbox 2782 676 2872 719; x_wconf 87' lang='lat' dir='ltr'><strong>aut</strong></span> <span class='ocrx_word' id='word_1_146' title='bbox 2901 666 3229 739; x_wconf 85' lang='lat' dir='ltr'><strong>Sirmondo.)</strong></span> <span class='ocrx_word' id='word_1_147' title='bbox 3257 669 3385 725; x_wconf 87' lang='lat' dir='ltr'><strong>Scr-</strong></span> 
     </span>
    </p>
   </div>
   <div class='ocr_carea' id='block_1_20' title="bbox 1801 755 3381 835">
    <p class='ocr_par' dir='ltr' id='par_1_20' title="bbox 1801 755 3381 835">
     <span class='ocr_line' id='line_1_20' title="bbox 1801 755 3381 835; baseline 0.006 -27"><span class='ocrx_word' id='word_1_148' title='bbox 1801 769 1990 810; x_wconf 90' lang='lat' dir='ltr'><strong>mones</strong></span> <span class='ocrx_word' id='word_1_149' title='bbox 2033 755 2101 810; x_wconf 82' lang='lat' dir='ltr'><strong>ad</strong></span> <span class='ocrx_word' id='word_1_150' title='bbox 2144 756 2343 812; x_wconf 81' lang='lat' dir='ltr'><strong>fratres</strong></span> <span class='ocrx_word' id='word_1_151' title='bbox 2371 756 2425 811; x_wconf 92' lang='lat' dir='ltr'><strong>in</strong></span> <span class='ocrx_word' id='word_1_152' title='bbox 2463 758 2677 814; x_wconf 86' lang='lat' dir='ltr'><strong>Eremo.</strong></span> <span class='ocrx_word' id='word_1_153' title='bbox 2712 759 2925 827; x_wconf 88' lang='lat' dir='ltr'><strong>(Lovan.</strong></span> <span class='ocrx_word' id='word_1_154' title='bbox 2957 761 3019 816; x_wconf 90' lang='lat' dir='ltr'><strong>T.</strong></span> <span class='ocrx_word' id='word_1_155' title='bbox 3054 762 3101 816; x_wconf 86' lang='lat' dir='ltr'><strong>X</strong></span> <span class='ocrx_word' id='word_1_156' title='bbox 3128 764 3290 835; x_wconf 89' lang='lat' dir='ltr'><strong>App.)</strong></span> <span class='ocrx_word' id='word_1_157' title='bbox 3313 794 3381 805; x_wconf 92' lang='lat'><strong>—-</strong></span> 
     </span>
    </p>
   </div>
   <div class='ocr_carea' id='block_1_21' title="bbox 1801 848 3379 926">
    <p class='ocr_par' dir='ltr' id='par_1_21' title="bbox 1801 848 3379 926">
     <span class='ocr_line' id='line_1_21' title="bbox 1801 848 3379 926; baseline 0.01 -24"><span class='ocrx_word' id='word_1_158' title='bbox 1801 848 1926 903; x_wconf 60' lang='lat' dir='ltr'><strong>Ilaec</strong></span> <span class='ocrx_word' id='word_1_159' title='bbox 1959 864 2175 921; x_wconf 86' lang='lat' dir='ltr'><strong>quoque</strong></span> <span class='ocrx_word' id='word_1_160' title='bbox 2208 853 2484 919; x_wconf 84' lang='lat' dir='ltr'><strong>opuscula,</strong></span> <span class='ocrx_word' id='word_1_161' title='bbox 2528 862 2587 908; x_wconf 90' lang='lat' dir='ltr'><strong>ut</strong></span> <span class='ocrx_word' id='word_1_162' title='bbox 2628 869 2694 909; x_wconf 81' lang='lat' dir='ltr'><strong>ex</strong></span> <span class='ocrx_word' id='word_1_163' title='bbox 2733 856 2993 926; x_wconf 91' lang='lat' dir='ltr'><strong>appositis</strong></span> <span class='ocrx_word' id='word_1_164' title='bbox 3033 873 3379 917; x_wconf 90' lang='lat' dir='ltr'><strong>numerorum</strong></span> 
     </span>
    </p>
   </div>
   <div class='ocr_carea' id='block_1_22' title="bbox 1800 941 3382 1015">
    <p class='ocr_par' dir='ltr' id='par_1_22' title="bbox 1800 941 3382 1015">
     <span class='ocr_line' id='line_1_22' title="bbox 1800 941 3382 1015; baseline 0.006 -19"><span class='ocrx_word' id='word_1_165' title='bbox 1800 941 1943 996; x_wconf 90' lang='lat' dir='ltr'><strong>notis</strong></span> <span class='ocrx_word' id='word_1_166' title='bbox 1982 949 2148 1011; x_wconf 88' lang='lat' dir='ltr'><strong>patet,</strong></span> <span class='ocrx_word' id='word_1_167' title='bbox 2191 944 2245 997; x_wconf 92' lang='lat' dir='ltr'><strong>in</strong></span> <span class='ocrx_word' id='word_1_168' title='bbox 2283 942 2527 1000; x_wconf 87' lang='lat' dir='ltr'><strong>diversos</strong></span> <span class='ocrx_word' id='word_1_169' title='bbox 2561 960 2589 998; x_wconf 91' lang='lat' dir='ltr'><strong>a</strong></span> <span class='ocrx_word' id='word_1_170' title='bbox 2630 945 3052 1004; x_wconf 89' lang='lat' dir='ltr'><strong>Lovaniensibus</strong></span> <span class='ocrx_word' id='word_1_171' title='bbox 3087 958 3264 1005; x_wconf 90' lang='lat' dir='ltr'><strong>tomos</strong></span> <span class='ocrx_word' id='word_1_172' title='bbox 3298 952 3382 1015; x_wconf 50' lang='lat' dir='ltr'><strong>die</strong></span> 
     </span>
    </p>
   </div>
   <div class='ocr_carea' id='block_1_23' title="bbox 1799 1017 3382 1108">
    <p class='ocr_par' dir='ltr' id='par_1_23' title="bbox 1799 1017 3382 1108">
     <span class='ocr_line' id='line_1_23' title="bbox 1799 1017 3382 1108; baseline 0.006 -21"><span class='ocrx_word' id='word_1_173' title='bbox 1799 1039 1999 1087; x_wconf 88' lang='lat' dir='ltr'><strong>stracta</strong></span> <span class='ocrx_word' id='word_1_174' title='bbox 2027 1017 2202 1099; x_wconf 83' lang='lat' dir='ltr'><strong>erant,</strong></span> <span class='ocrx_word' id='word_1_175' title='bbox 2236 1040 2290 1089; x_wconf 88' lang='lat' dir='ltr'><strong>et</strong></span> <span class='ocrx_word' id='word_1_176' title='bbox 2320 1038 2512 1102; x_wconf 85' lang='lat' dir='ltr'><strong>partim</strong></span> <span class='ocrx_word' id='word_1_177' title='bbox 2543 1036 2678 1090; x_wconf 85' lang='lat' dir='ltr'><strong>inter</strong></span> <span class='ocrx_word' id='word_1_178' title='bbox 2716 1040 3042 1108; x_wconf 84' lang='lat' dir='ltr'><strong>exegeticos,</strong></span> <span class='ocrx_word' id='word_1_179' title='bbox 3076 1042 3267 1108; x_wconf 87' lang='lat' dir='ltr'><strong>partim</strong></span> <span class='ocrx_word' id='word_1_180' title='bbox 3297 1043 3382 1097; x_wconf 88' lang='lat' dir='ltr'><strong>in-</strong></span> 
     </span>
    </p>
   </div>
   <div class='ocr_carea' id='block_1_24' title="bbox 1799 1125 3380 1200">
    <p class='ocr_par' dir='ltr' id='par_1_24' title="bbox 1799 1125 3380 1200">
     <span class='ocr_line' id='line_1_24' title="bbox 1799 1125 3380 1200; baseline 0.007 -22"><span class='ocrx_word' id='word_1_181' title='bbox 1799 1131 1883 1178; x_wconf 80' lang='lat' dir='ltr'><strong>ter</strong></span> <span class='ocrx_word' id='word_1_182' title='bbox 1904 1125 2203 1193; x_wconf 90' lang='lat' dir='ltr'><strong>polemicos</strong></span> <span class='ocrx_word' id='word_1_183' title='bbox 2232 1125 2418 1191; x_wconf 90' lang='lat' dir='ltr'><strong>libros,</strong></span> <span class='ocrx_word' id='word_1_184' title='bbox 2446 1128 2706 1182; x_wconf 90' lang='lat' dir='ltr'><strong>nonnulla</strong></span> <span class='ocrx_word' id='word_1_185' title='bbox 2735 1145 2864 1185; x_wconf 89' lang='lat' dir='ltr'><strong>vero</strong></span> <span class='ocrx_word' id='word_1_186' title='bbox 2894 1140 3015 1200; x_wconf 87' lang='lat' dir='ltr'><strong>post</strong></span> <span class='ocrx_word' id='word_1_187' title='bbox 3043 1141 3298 1189; x_wconf 90' lang='lat' dir='ltr'><strong>tractatus</strong></span> <span class='ocrx_word' id='word_1_188' title='bbox 3324 1135 3380 1189; x_wconf 90' lang='lat' dir='ltr'><strong>in</strong></span> 
     </span>
    </p>
   </div>
   <div class='ocr_carea' id='block_1_25' title="bbox 1797 1214 3379 1292">
    <p class='ocr_par' dir='ltr' id='par_1_25' title="bbox 1797 1214 3379 1292">
     <span class='ocr_line' id='line_1_25' title="bbox 1797 1214 3379 1292; baseline 0.008 -22"><span class='ocrx_word' id='word_1_189' title='bbox 1797 1214 2061 1271; x_wconf 84' lang='lat' dir='ltr'><strong>Joannem</strong></span> <span class='ocrx_word' id='word_1_190' title='bbox 2088 1216 2427 1292; x_wconf 78' lang='lat' dir='ltr'><strong>legebantur.</strong></span> <span class='ocrx_word' id='word_1_191' title='bbox 2459 1218 2892 1275; x_wconf 87' lang='lat' dir='ltr'><strong>Fundamentum</strong></span> <span class='ocrx_word' id='word_1_192' title='bbox 2919 1224 3124 1278; x_wconf 82' lang='lat' dir='ltr'><strong>ordinis</strong></span> <span class='ocrx_word' id='word_1_193' title='bbox 3148 1225 3274 1279; x_wconf 86' lang='lat' dir='ltr'><strong>novi</strong></span> <span class='ocrx_word' id='word_1_194' title='bbox 3298 1236 3379 1282; x_wconf 90' lang='lat' dir='ltr'><strong>est</strong></span> 
     </span>
    </p>
   </div>
   <div class='ocr_carea' id='block_1_26' title="bbox 1799 1296 3379 1383">
    <p class='ocr_par' dir='ltr' id='par_1_26' title="bbox 1799 1296 3379 1383">
     <span class='ocr_line' id='line_1_26' title="bbox 1799 1296 3379 1383; baseline 0.008 -24"><span class='ocrx_word' id='word_1_195' title='bbox 1799 1306 2015 1375; x_wconf 82' lang='lat' dir='ltr'><strong>generis</strong></span> <span class='ocrx_word' id='word_1_196' title='bbox 2045 1314 2205 1376; x_wconf 86' lang='lat' dir='ltr'><strong>atque</strong></span> <span class='ocrx_word' id='word_1_197' title='bbox 2234 1296 2535 1377; x_wconf 78' lang='lat' dir='ltr'><strong>argumenti</strong></span> <span class='ocrx_word' id='word_1_198' title='bbox 2564 1309 2883 1378; x_wconf 87' lang='lat' dir='ltr'><strong>similitudo,</strong></span> <span class='ocrx_word' id='word_1_199' title='bbox 2908 1315 3290 1383; x_wconf 80' lang='lat' dir='ltr'><strong>qua-cﬂ’ectum</strong></span> <span class='ocrx_word' id='word_1_200' title='bbox 3315 1318 3379 1373; x_wconf 91' lang='lat' dir='ltr'><strong>iri</strong></span> 
     </span>
    </p>
   </div>
   <div class='ocr_carea' id='block_1_27' title="bbox 1798 1398 3378 1473">
    <p class='ocr_par' dir='ltr' id='par_1_27' title="bbox 1798 1398 3378 1473">
     <span class='ocr_line' id='line_1_27' title="bbox 1798 1398 3378 1473; baseline 0.007 -21"><span class='ocrx_word' id='word_1_201' title='bbox 1798 1398 2107 1467; x_wconf 88' lang='lat' dir='ltr'><strong>sperabant,</strong></span> <span class='ocrx_word' id='word_1_202' title='bbox 2156 1406 2215 1452; x_wconf 91' lang='lat' dir='ltr'><strong>ut</strong></span> <span class='ocrx_word' id='word_1_203' title='bbox 2259 1400 2602 1455; x_wconf 90' lang='lat' dir='ltr'><strong>continenter</strong></span> <span class='ocrx_word' id='word_1_204' title='bbox 2648 1415 2710 1455; x_wconf 91' lang='lat' dir='ltr'><strong>ac</strong></span> <span class='ocrx_word' id='word_1_205' title='bbox 2759 1402 3006 1458; x_wconf 87' lang='lat' dir='ltr'><strong>ordinate</strong></span> <span class='ocrx_word' id='word_1_206' title='bbox 3046 1406 3277 1473; x_wconf 87' lang='lat' dir='ltr'><strong>perlecta</strong></span> <span class='ocrx_word' id='word_1_207' title='bbox 3324 1417 3378 1463; x_wconf 90' lang='lat' dir='ltr'><strong>et</strong></span> 
     </span>
    </p>
   </div>
   <div class='ocr_carea' id='block_1_28' title="bbox 1798 1491 3379 1566">
    <p class='ocr_par' dir='ltr' id='par_1_28' title="bbox 1798 1491 3379 1566">
     <span class='ocr_line' id='line_1_28' title="bbox 1798 1491 3379 1566; baseline 0.007 -21"><span class='ocrx_word' id='word_1_208' title='bbox 1798 1491 1994 1546; x_wconf 89' lang='lat' dir='ltr'><strong>melius</strong></span> <span class='ocrx_word' id='word_1_209' title='bbox 2025 1492 2476 1562; x_wconf 90' lang='lat' dir='ltr'><strong>intelligerentur,</strong></span> <span class='ocrx_word' id='word_1_210' title='bbox 2519 1504 2572 1549; x_wconf 90' lang='lat' dir='ltr'><strong>et</strong></span> <span class='ocrx_word' id='word_1_211' title='bbox 2601 1495 2761 1550; x_wconf 88' lang='lat' dir='ltr'><strong>altius</strong></span> <span class='ocrx_word' id='word_1_212' title='bbox 2790 1496 3140 1566; x_wconf 78' lang='lat' dir='ltr'><strong>iungerentur</strong></span> <span class='ocrx_word' id='word_1_213' title='bbox 3173 1501 3379 1556; x_wconf 85' lang='lat' dir='ltr'><strong>studio-</strong></span> 
     </span>
    </p>
   </div>
   <div class='ocr_carea' id='block_1_29' title="bbox 1798 1583 3379 1656">
    <p class='ocr_par' dir='ltr' id='par_1_29' title="bbox 1798 1583 3379 1656">
     <span class='ocr_line' id='line_1_29' title="bbox 1798 1583 3379 1656; baseline 0.006 -19"><span class='ocrx_word' id='word_1_214' title='bbox 1798 1596 1980 1638; x_wconf 87' lang='lat' dir='ltr'><strong>sorum</strong></span> <span class='ocrx_word' id='word_1_215' title='bbox 2007 1583 2219 1638; x_wconf 90' lang='lat' dir='ltr'><strong>animis.</strong></span> <span class='ocrx_word' id='word_1_216' title='bbox 2251 1583 2400 1651; x_wconf 86' lang='lat' dir='ltr'><strong>Quod</strong></span> <span class='ocrx_word' id='word_1_217' title='bbox 2441 1586 2639 1640; x_wconf 75' lang='lat' dir='ltr'><strong>critica:</strong></span> <span class='ocrx_word' id='word_1_218' title='bbox 2672 1597 2854 1656; x_wconf 87' lang='lat' dir='ltr'><strong>partes</strong></span> <span class='ocrx_word' id='word_1_219' title='bbox 2887 1588 3099 1652; x_wconf 84' lang='lat' dir='ltr'><strong>attinet,</strong></span> <span class='ocrx_word' id='word_1_220' title='bbox 3140 1606 3379 1647; x_wconf 89' lang='lat' dir='ltr'><strong>recesse-</strong></span> 
     </span>
    </p>
   </div>
   <div class='ocr_carea' id='block_1_30' title="bbox 1798 1673 3380 1750">
    <p class='ocr_par' dir='ltr' id='par_1_30' title="bbox 1798 1673 3380 1750">
     <span class='ocr_line' id='line_1_30' title="bbox 1798 1673 3380 1750; baseline 0.008 -25"><span class='ocrx_word' id='word_1_221' title='bbox 1798 1680 1924 1727; x_wconf 86' lang='lat' dir='ltr'><strong>runt</strong></span> <span class='ocrx_word' id='word_1_222' title='bbox 1947 1673 2176 1728; x_wconf 84' lang='lat' dir='ltr'><strong>subinde</strong></span> <span class='ocrx_word' id='word_1_223' title='bbox 2197 1673 2263 1727; x_wconf 86' lang='lat' dir='ltr'><strong>ab</strong></span> <span class='ocrx_word' id='word_1_224' title='bbox 2283 1674 2516 1730; x_wconf 90' lang='lat' dir='ltr'><strong>aliorum</strong></span> <span class='ocrx_word' id='word_1_225' title='bbox 2538 1675 2758 1745; x_wconf 89' lang='lat' dir='ltr'><strong>judiciis</strong></span> <span class='ocrx_word' id='word_1_226' title='bbox 2779 1687 2832 1733; x_wconf 90' lang='lat' dir='ltr'><strong>et</strong></span> <span class='ocrx_word' id='word_1_227' title='bbox 2856 1681 3113 1734; x_wconf 89' lang='lat' dir='ltr'><strong>nonnulla</strong></span> <span class='ocrx_word' id='word_1_228' title='bbox 3134 1683 3380 1750; x_wconf 80' lang='lat' dir='ltr'><strong>genuinis</strong></span> 
     </span>
    </p>
   </div>
   <div class='ocr_carea' id='block_1_31' title="bbox 191 1757 3379 1838">
    <p class='ocr_par' dir='ltr' id='par_1_31' title="bbox 191 1757 3379 1838">
     <span class='ocr_line' id='line_1_31' title="bbox 191 1757 3379 1838; baseline 0 -11"><span class='ocrx_word' id='word_1_229' title='bbox 191 1772 343 1828; x_wconf 84' lang='lat' dir='ltr'><strong>Temo</strong></span> <span class='ocrx_word' id='word_1_230' title='bbox 362 1779 695 1838; x_wconf 26' lang='lat' dir='ltr'><strong>sexto‘opera</strong></span> <span class='ocrx_word' id='word_1_231' title='bbox 719 1764 943 1820; x_wconf 89' lang='lat' dir='ltr'><strong>moralia</strong></span> <span class='ocrx_word' id='word_1_232' title='bbox 968 1777 1090 1818; x_wconf 92' lang='lat' dir='ltr'><strong>cum</strong></span> <span class='ocrx_word' id='word_1_233' title='bbox 1109 1763 1315 1833; x_wconf 88' lang='lat' dir='ltr'><strong>aliquot</strong></span> <span class='ocrx_word' id='word_1_234' title='bbox 1334 1762 1695 1833; x_wconf 71' lang='lat' dir='ltr'><strong>quaestionum</strong></span> <span class='ocrx_word' id='word_1_235' title='bbox 1725 1757 1774 1817; x_wconf 89' lang='lat' dir='ltr'><strong>B</strong></span> <span class='ocrx_word' id='word_1_236' title='bbox 1800 1773 2148 1819; x_wconf 88' lang='lat' dir='ltr'><strong>asseruerunt</strong></span> <span class='ocrx_word' id='word_1_237' title='bbox 2175 1780 2201 1817; x_wconf 92' lang='lat' dir='ltr'><strong>a</strong></span> <span class='ocrx_word' id='word_1_238' title='bbox 2235 1764 2668 1822; x_wconf 87' lang='lat' dir='ltr'><strong>Lovaniensibus</strong></span> <span class='ocrx_word' id='word_1_239' title='bbox 2698 1769 2926 1837; x_wconf 86' lang='lat' dir='ltr'><strong>rejecta,</strong></span> <span class='ocrx_word' id='word_1_240' title='bbox 2954 1778 3008 1825; x_wconf 90' lang='lat' dir='ltr'><strong>et</strong></span> <span class='ocrx_word' id='word_1_241' title='bbox 3034 1772 3379 1827; x_wconf 88' lang='lat' dir='ltr'><strong>eliminarunt</strong></span> 
     </span>
    </p>
   </div>
   <div class='ocr_carea' id='block_1_32' title="bbox 122 1854 1693 1931">
    <p class='ocr_par' dir='ltr' id='par_1_32' title="bbox 122 1854 1693 1931">
     <span class='ocr_line' id='line_1_32' title="bbox 122 1854 1693 1931; baseline -0.006 -13"><span class='ocrx_word' id='word_1_242' title='bbox 122 1862 270 1919; x_wconf 90' lang='lat' dir='ltr'><strong>libris</strong></span> <span class='ocrx_word' id='word_1_243' title='bbox 312 1856 870 1931; x_wconf 68' lang='lat' dir='ltr'><strong>comprehenduntur,</strong></span> <span class='ocrx_word' id='word_1_244' title='bbox 905 1854 1006 1909; x_wconf 90' lang='lat' dir='ltr'><strong>hoc</strong></span> <span class='ocrx_word' id='word_1_245' title='bbox 1052 1854 1275 1910; x_wconf 90' lang='lat' dir='ltr'><strong>ordine:</strong></span> <span class='ocrx_word' id='word_1_246' title='bbox 1335 1854 1412 1909; x_wconf 91' lang='lat' dir='ltr'><strong>De</strong></span> <span class='ocrx_word' id='word_1_247' title='bbox 1463 1854 1693 1909; x_wconf 87' lang='lat' dir='ltr'><strong>diversis</strong></span> 
     </span>
    </p>
   </div>
   <div class='ocr_carea' id='block_1_33' title="bbox 122 1945 1694 2026">
    <p class='ocr_par' dir='ltr' id='par_1_33' title="bbox 122 1945 1694 2026">
     <span class='ocr_line' id='line_1_33' title="bbox 122 1945 1694 2026; baseline -0.008 -15"><span class='ocrx_word' id='word_1_248' title='bbox 122 1955 501 2026; x_wconf 74' lang='lat' dir='ltr'><strong>quaesﬁonibus</strong></span> <span class='ocrx_word' id='word_1_249' title='bbox 532 1948 799 2006; x_wconf 79' lang='lat' dir='ltr'><strong>LXXXIII</strong></span> <span class='ocrx_word' id='word_1_250' title='bbox 827 1947 921 2003; x_wconf 92' lang='lat' dir='ltr'><strong>lib.</strong></span> <span class='ocrx_word' id='word_1_251' title='bbox 945 1947 998 2012; x_wconf 91' lang='lat' dir='ltr'><strong>I;</strong></span> <span class='ocrx_word' id='word_1_252' title='bbox 1026 1947 1101 2002; x_wconf 87' lang='lat' dir='ltr'><strong>De</strong></span> <span class='ocrx_word' id='word_1_253' title='bbox 1128 1945 1357 2001; x_wconf 87' lang='lat' dir='ltr'><strong>diversis</strong></span> <span class='ocrx_word' id='word_1_254' title='bbox 1380 1946 1694 2016; x_wconf 76' lang='lat' dir='ltr'><strong>quaestioni-</strong></span> 
     </span>
    </p>
   </div>
   <div class='ocr_carea' id='block_1_34' title="bbox 120 2037 1694 2113">
    <p class='ocr_par' dir='ltr' id='par_1_34' title="bbox 120 2037 1694 2113">
     <span class='ocr_line' id='line_1_34' title="bbox 120 2037 1694 2113; baseline -0.008 -10"><span class='ocrx_word' id='word_1_255' title='bbox 120 2048 212 2103; x_wconf 90' lang='lat' dir='ltr'><strong>bus</strong></span> <span class='ocrx_word' id='word_1_256' title='bbox 235 2047 302 2101; x_wconf 89' lang='lat' dir='ltr'><strong>ad</strong></span> <span class='ocrx_word' id='word_1_257' title='bbox 327 2042 738 2113; x_wconf 89' lang='lat' dir='ltr'><strong>Simplicianum</strong></span> <span class='ocrx_word' id='word_1_258' title='bbox 766 2038 861 2093; x_wconf 93' lang='lat' dir='ltr'><strong>lib.</strong></span> <span class='ocrx_word' id='word_1_259' title='bbox 886 2038 933 2103; x_wconf 94' lang='lat' dir='ltr'><strong>I;</strong></span> <span class='ocrx_word' id='word_1_260' title='bbox 956 2038 1031 2092; x_wconf 90' lang='lat' dir='ltr'><strong>De</strong></span> <span class='ocrx_word' id='word_1_261' title='bbox 1051 2047 1177 2092; x_wconf 92' lang='lat' dir='ltr'><strong>octo</strong></span> <span class='ocrx_word' id='word_1_262' title='bbox 1199 2037 1410 2091; x_wconf 88' lang='lat' dir='ltr'><strong>Dulcitii</strong></span> <span class='ocrx_word' id='word_1_263' title='bbox 1442 2037 1694 2105; x_wconf 86' lang='lat' dir='ltr'><strong>quaestio-</strong></span> 
     </span>
    </p>
   </div>
   <div class='ocr_carea' id='block_1_35' title="bbox 120 2130 1692 2205">
    <p class='ocr_par' dir='ltr' id='par_1_35' title="bbox 120 2130 1692 2205">
     <span class='ocr_line' id='line_1_35' title="bbox 120 2130 1692 2205; baseline -0.006 -10"><span class='ocrx_word' id='word_1_264' title='bbox 120 2141 298 2205; x_wconf 85' lang='lat' dir='ltr'><strong>nibus,</strong></span> <span class='ocrx_word' id='word_1_265' title='bbox 320 2138 413 2194; x_wconf 86' lang='lat' dir='ltr'><strong>lib.</strong></span> <span class='ocrx_word' id='word_1_266' title='bbox 442 2136 486 2191; x_wconf 94' lang='grc'><strong>1.</strong></span> <span class='ocrx_word' id='word_1_267' title='bbox 513 2134 726 2205; x_wconf 83' lang='lat' dir='ltr'><strong>(Lovan.</strong></span> <span class='ocrx_word' id='word_1_268' title='bbox 751 2132 813 2186; x_wconf 93' lang='lat' dir='ltr'><strong>T.</strong></span> <span class='ocrx_word' id='word_1_269' title='bbox 838 2131 955 2199; x_wconf 88' lang='lat' dir='ltr'><strong>IV.)</strong></span> <span class='ocrx_word' id='word_1_270' title='bbox 977 2131 1050 2186; x_wconf 89' lang='lat' dir='ltr'><strong>De</strong></span> <span class='ocrx_word' id='word_1_271' title='bbox 1080 2130 1184 2186; x_wconf 85' lang='lat' dir='ltr'><strong>ﬁde</strong></span> <span class='ocrx_word' id='word_1_272' title='bbox 1214 2147 1417 2197; x_wconf 85' lang='lat' dir='ltr'><strong>rerum,</strong></span> <span class='ocrx_word' id='word_1_273' title='bbox 1446 2145 1564 2200; x_wconf 88' lang='lat' dir='ltr'><strong>quae</strong></span> <span class='ocrx_word' id='word_1_274' title='bbox 1587 2146 1692 2186; x_wconf 92' lang='lat' dir='ltr'><strong>non</strong></span> 
     </span>
    </p>
   </div>
   <div class='ocr_carea' id='block_1_36' title="bbox 120 2220 1694 2295">
    <p class='ocr_par' dir='ltr' id='par_1_36' title="bbox 120 2220 1694 2295">
     <span class='ocr_line' id='line_1_36' title="bbox 120 2220 1694 2295; baseline -0.007 -10"><span class='ocrx_word' id='word_1_275' title='bbox 120 2230 383 2292; x_wconf 90' lang='lat' dir='ltr'><strong>videntur,</strong></span> <span class='ocrx_word' id='word_1_276' title='bbox 409 2226 507 2282; x_wconf 90' lang='lat' dir='ltr'><strong>lib.</strong></span> <span class='ocrx_word' id='word_1_277' title='bbox 538 2224 577 2278; x_wconf 93' lang='grc'><strong>1.</strong></span> <span class='ocrx_word' id='word_1_278' title='bbox 604 2222 817 2295; x_wconf 80' lang='lat' dir='ltr'><strong>(Lovan.</strong></span> <span class='ocrx_word' id='word_1_279' title='bbox 837 2221 1011 2276; x_wconf 91' lang='grc' dir='ltr'><strong>Τ.111.</strong></span> <span class='ocrx_word' id='word_1_280' title='bbox 1041 2220 1205 2290; x_wconf 89' lang='lat' dir='ltr'><strong>App.)</strong></span> <span class='ocrx_word' id='word_1_281' title='bbox 1236 2221 1312 2275; x_wconf 88' lang='lat' dir='ltr'><strong>De</strong></span> <span class='ocrx_word' id='word_1_282' title='bbox 1335 2220 1440 2275; x_wconf 86' lang='lat' dir='ltr'><strong>Iide</strong></span> <span class='ocrx_word' id='word_1_283' title='bbox 1465 2229 1519 2275; x_wconf 89' lang='lat' dir='ltr'><strong>et</strong></span> <span class='ocrx_word' id='word_1_284' title='bbox 1539 2221 1694 2291; x_wconf 61' lang='lat' dir='ltr'><strong>Symo</strong></span> 
     </span>
    </p>
   </div>
   <div class='ocr_carea' id='block_1_37' title="bbox 122 2309 1689 2385">
    <p class='ocr_par' dir='ltr' id='par_1_37' title="bbox 122 2309 1689 2385">
     <span class='ocr_line' id='line_1_37' title="bbox 122 2309 1689 2385; baseline -0.008 -9"><span class='ocrx_word' id='word_1_285' title='bbox 122 2321 237 2376; x_wconf 89' lang='lat' dir='ltr'><strong>bolo</strong></span> <span class='ocrx_word' id='word_1_286' title='bbox 262 2318 355 2374; x_wconf 88' lang='lat' dir='ltr'><strong>lib.</strong></span> <span class='ocrx_word' id='word_1_287' title='bbox 388 2317 428 2372; x_wconf 94' lang='lat' dir='ltr'><strong>I.</strong></span> <span class='ocrx_word' id='word_1_288' title='bbox 464 2316 688 2385; x_wconf 84' lang='lat' dir='ltr'><strong>(Lovan.</strong></span> <span class='ocrx_word' id='word_1_289' title='bbox 719 2313 781 2367; x_wconf 88' lang='grc' dir='ltr'><strong>Τ.</strong></span> <span class='ocrx_word' id='word_1_290' title='bbox 818 2310 932 2370; x_wconf 75' lang='grc' dir='ltr'><strong>ιν.)</strong></span> <span class='ocrx_word' id='word_1_291' title='bbox 963 2311 1039 2364; x_wconf 91' lang='lat' dir='ltr'><strong>De</strong></span> <span class='ocrx_word' id='word_1_292' title='bbox 1062 2309 1167 2364; x_wconf 84' lang='lat' dir='ltr'><strong>ﬁde</strong></span> <span class='ocrx_word' id='word_1_293' title='bbox 1196 2318 1251 2364; x_wconf 88' lang='lat' dir='ltr'><strong>et</strong></span> <span class='ocrx_word' id='word_1_294' title='bbox 1294 2309 1547 2380; x_wconf 87' lang='lat' dir='ltr'><strong>operibus</strong></span> <span class='ocrx_word' id='word_1_295' title='bbox 1593 2310 1689 2364; x_wconf 92' lang='lat' dir='ltr'><strong>lib.</strong></span> 
     </span>
    </p>
   </div>
   <div class='ocr_carea' id='block_1_38' title="bbox 124 2400 1693 2479">
    <p class='ocr_par' dir='ltr' id='par_1_38' title="bbox 124 2400 1693 2479">
     <span class='ocr_line' id='line_1_38' title="bbox 124 2400 1693 2479; baseline -0.006 -15"><span class='ocrx_word' id='word_1_296' title='bbox 124 2410 163 2465; x_wconf 92' lang='lat' dir='ltr'><strong>I.</strong></span> <span class='ocrx_word' id='word_1_297' title='bbox 198 2408 403 2479; x_wconf 75' lang='lat' dir='ltr'><strong>(Lovan.</strong></span> <span class='ocrx_word' id='word_1_298' title='bbox 433 2407 498 2461; x_wconf 90' lang='lat' dir='ltr'><strong>T.</strong></span> <span class='ocrx_word' id='word_1_299' title='bbox 530 2405 648 2473; x_wconf 87' lang='lat' dir='ltr'><strong>IV.)</strong></span> <span class='ocrx_word' id='word_1_300' title='bbox 674 2402 1017 2459; x_wconf 84' lang='lat' dir='ltr'><strong>Enchiridion</strong></span> <span class='ocrx_word' id='word_1_301' title='bbox 1046 2401 1114 2455; x_wconf 87' lang='lat' dir='ltr'><strong>de</strong></span> <span class='ocrx_word' id='word_1_302' title='bbox 1143 2400 1271 2467; x_wconf 83' lang='lat' dir='ltr'><strong>ﬁde,</strong></span> <span class='ocrx_word' id='word_1_303' title='bbox 1305 2416 1399 2469; x_wconf 86' lang='lat' dir='ltr'><strong>Spe</strong></span> <span class='ocrx_word' id='word_1_304' title='bbox 1424 2416 1486 2456; x_wconf 85' lang='lat' dir='ltr'><strong>ac</strong></span> <span class='ocrx_word' id='word_1_305' title='bbox 1513 2400 1693 2455; x_wconf 83' lang='lat' dir='ltr'><strong>chari-</strong></span> 
     </span>
    </p>
   </div>
   <div class='ocr_carea' id='block_1_39' title="bbox 128 2493 1693 2567">
    <p class='ocr_par' dir='ltr' id='par_1_39' title="bbox 128 2493 1693 2567">
     <span class='ocr_line' id='line_1_39' title="bbox 128 2493 1693 2567; baseline -0.006 -9"><span class='ocrx_word' id='word_1_306' title='bbox 128 2511 228 2558; x_wconf 86' lang='lat' dir='ltr'><strong>tate</strong></span> <span class='ocrx_word' id='word_1_307' title='bbox 276 2503 362 2557; x_wconf 89' lang='lat' dir='ltr'><strong>lib.</strong></span> <span class='ocrx_word' id='word_1_308' title='bbox 435 2500 507 2566; x_wconf 93' lang='lat' dir='ltr'><strong>I;</strong></span> <span class='ocrx_word' id='word_1_309' title='bbox 570 2499 648 2554; x_wconf 91' lang='lat' dir='ltr'><strong>De</strong></span> <span class='ocrx_word' id='word_1_310' title='bbox 700 2510 873 2567; x_wconf 90' lang='lat' dir='ltr'><strong>agone</strong></span> <span class='ocrx_word' id='word_1_311' title='bbox 926 2493 1236 2549; x_wconf 89' lang='lat' dir='ltr'><strong>Christiano</strong></span> <span class='ocrx_word' id='word_1_312' title='bbox 1301 2493 1393 2548; x_wconf 91' lang='lat' dir='ltr'><strong>lib.</strong></span> <span class='ocrx_word' id='word_1_313' title='bbox 1462 2494 1502 2548; x_wconf 96' lang='lat' dir='ltr'><strong>l.</strong></span> <span class='ocrx_word' id='word_1_314' title='bbox 1569 2493 1693 2564; x_wconf 83' lang='lat' dir='ltr'><strong>(Lo-</strong></span> 
     </span>
    </p>
   </div>
   <div class='ocr_carea' id='block_1_40' title="bbox 126 2586 1689 2662">
    <p class='ocr_par' dir='ltr' id='par_1_40' title="bbox 126 2586 1689 2662">
     <span class='ocr_line' id='line_1_40' title="bbox 126 2586 1689 2662; baseline -0.004 -14"><span class='ocrx_word' id='word_1_315' title='bbox 126 2610 232 2648; x_wconf 69' lang='lat' dir='ltr'><strong>vari.</strong></span> <span class='ocrx_word' id='word_1_316' title='bbox 292 2590 500 2662; x_wconf 87' lang='lat' dir='ltr'><strong>T.III.)</strong></span> <span class='ocrx_word' id='word_1_317' title='bbox 579 2590 657 2645; x_wconf 92' lang='lat' dir='ltr'><strong>De</strong></span> <span class='ocrx_word' id='word_1_318' title='bbox 723 2586 1125 2644; x_wconf 75' lang='lat' dir='ltr'><strong>cateclﬁzandis</strong></span> <span class='ocrx_word' id='word_1_319' title='bbox 1179 2586 1402 2642; x_wconf 89' lang='lat' dir='ltr'><strong>rudibus</strong></span> <span class='ocrx_word' id='word_1_320' title='bbox 1475 2586 1568 2643; x_wconf 91' lang='lat' dir='ltr'><strong>lib.</strong></span> <span class='ocrx_word' id='word_1_321' title='bbox 1629 2588 1689 2653; x_wconf 93' lang='lat' dir='ltr'><strong>I;</strong></span> 
     </span>
    </p>
   </div>
   <div class='ocr_carea' id='block_1_41' title="bbox 124 2680 1689 2753">
    <p class='ocr_par' dir='ltr' id='par_1_41' title="bbox 124 2680 1689 2753">
     <span class='ocr_line' id='line_1_41' title="bbox 124 2680 1689 2753; baseline -0.006 -10"><span class='ocrx_word' id='word_1_322' title='bbox 124 2687 193 2742; x_wconf 89' lang='lat' dir='ltr'><strong>De</strong></span> <span class='ocrx_word' id='word_1_323' title='bbox 216 2686 549 2742; x_wconf 88' lang='lat' dir='ltr'><strong>continentia</strong></span> <span class='ocrx_word' id='word_1_324' title='bbox 578 2683 675 2736; x_wconf 91' lang='lat' dir='ltr'><strong>lib.</strong></span> <span class='ocrx_word' id='word_1_325' title='bbox 705 2682 748 2735; x_wconf 90' lang='lat' dir='ltr'><strong>I.</strong></span> <span class='ocrx_word' id='word_1_326' title='bbox 783 2680 995 2753; x_wconf 84' lang='lat' dir='ltr'><strong>(Lovan.</strong></span> <span class='ocrx_word' id='word_1_327' title='bbox 1030 2680 1096 2735; x_wconf 94' lang='lat' dir='ltr'><strong>T.</strong></span> <span class='ocrx_word' id='word_1_328' title='bbox 1130 2680 1244 2751; x_wconf 90' lang='lat' dir='ltr'><strong>IV.)</strong></span> <span class='ocrx_word' id='word_1_329' title='bbox 1278 2682 1352 2734; x_wconf 87' lang='lat' dir='ltr'><strong>De</strong></span> <span class='ocrx_word' id='word_1_330' title='bbox 1384 2682 1528 2735; x_wconf 91' lang='lat' dir='ltr'><strong>bono</strong></span> <span class='ocrx_word' id='word_1_331' title='bbox 1558 2696 1689 2735; x_wconf 87' lang='lat' dir='ltr'><strong>con-</strong></span> 
     </span>
    </p>
   </div>
   <div class='ocr_carea' id='block_1_42' title="bbox 123 2771 1690 2848">
    <p class='ocr_par' dir='ltr' id='par_1_42' title="bbox 123 2771 1690 2848">
     <span class='ocr_line' id='line_1_42' title="bbox 123 2771 1690 2848; baseline -0.003 -16"><span class='ocrx_word' id='word_1_332' title='bbox 123 2779 268 2848; x_wconf 78' lang='lat' dir='ltr'><strong>jugali</strong></span> <span class='ocrx_word' id='word_1_333' title='bbox 291 2778 388 2832; x_wconf 91' lang='lat' dir='ltr'><strong>lib.</strong></span> <span class='ocrx_word' id='word_1_334' title='bbox 415 2776 468 2841; x_wconf 90' lang='lat' dir='ltr'><strong>I;</strong></span> <span class='ocrx_word' id='word_1_335' title='bbox 496 2775 576 2828; x_wconf 91' lang='lat' dir='ltr'><strong>De</strong></span> <span class='ocrx_word' id='word_1_336' title='bbox 600 2781 781 2827; x_wconf 89' lang='lat' dir='ltr'><strong>sancta</strong></span> <span class='ocrx_word' id='word_1_337' title='bbox 813 2772 1115 2842; x_wconf 82' lang='lat' dir='ltr'><strong>virginitate</strong></span> <span class='ocrx_word' id='word_1_338' title='bbox 1137 2772 1231 2825; x_wconf 91' lang='lat' dir='ltr'><strong>lib.</strong></span> <span class='ocrx_word' id='word_1_339' title='bbox 1266 2772 1303 2826; x_wconf 94' lang='lat' dir='ltr'><strong>l.</strong></span> <span class='ocrx_word' id='word_1_340' title='bbox 1330 2771 1548 2843; x_wconf 86' lang='lat' dir='ltr'><strong>(Lovan.</strong></span> <span class='ocrx_word' id='word_1_341' title='bbox 1572 2773 1690 2843; x_wconf 87' lang='lat' dir='ltr'><strong>VI.)</strong></span> 
     </span>
    </p>
   </div>
   <div class='ocr_carea' id='block_1_43' title="bbox 125 2860 1692 2932">
    <p class='ocr_par' dir='ltr' id='par_1_43' title="bbox 125 2860 1692 2932">
     <span class='ocr_line' id='line_1_43' title="bbox 125 2860 1692 2932; baseline -0.004 -9"><span class='ocrx_word' id='word_1_342' title='bbox 125 2867 187 2923; x_wconf 88' lang='lat' dir='ltr'><strong>De</strong></span> <span class='ocrx_word' id='word_1_343' title='bbox 217 2868 365 2923; x_wconf 89' lang='lat' dir='ltr'><strong>bono</strong></span> <span class='ocrx_word' id='word_1_344' title='bbox 396 2864 670 2920; x_wconf 81' lang='lat' dir='ltr'><strong>viduitatis</strong></span> <span class='ocrx_word' id='word_1_345' title='bbox 700 2862 792 2916; x_wconf 91' lang='lat' dir='ltr'><strong>lib.</strong></span> <span class='ocrx_word' id='word_1_346' title='bbox 823 2862 863 2915; x_wconf 92' lang='grc' dir='ltr'><strong>Ι.</strong></span> <span class='ocrx_word' id='word_1_347' title='bbox 907 2862 1127 2932; x_wconf 83' lang='lat' dir='ltr'><strong>(Lovan.</strong></span> <span class='ocrx_word' id='word_1_348' title='bbox 1165 2860 1277 2930; x_wconf 89' lang='lat' dir='ltr'><strong>IV.)</strong></span> <span class='ocrx_word' id='word_1_349' title='bbox 1319 2862 1394 2915; x_wconf 90' lang='lat' dir='ltr'><strong>De</strong></span> <span class='ocrx_word' id='word_1_350' title='bbox 1429 2862 1692 2932; x_wconf 74' lang='lat' dir='ltr'><strong>coniugiis</strong></span> 
     </span>
    </p>
   </div>
   <div class='ocr_carea' id='block_1_44' title="bbox 125 2950 1686 3022">
    <p class='ocr_par' dir='ltr' id='par_1_44' title="bbox 125 2950 1686 3022">
     <span class='ocr_line' id='line_1_44' title="bbox 125 2950 1686 3022; baseline -0.003 -10"><span class='ocrx_word' id='word_1_351' title='bbox 125 2956 423 3013; x_wconf 80' lang='lat' dir='ltr'><strong>adulterinis</strong></span> <span class='ocrx_word' id='word_1_352' title='bbox 462 2955 563 3009; x_wconf 89' lang='lat' dir='ltr'><strong>lib.</strong></span> <span class='ocrx_word' id='word_1_353' title='bbox 594 2954 658 3009; x_wconf 94' lang='lat' dir='ltr'><strong>II.</strong></span> <span class='ocrx_word' id='word_1_354' title='bbox 692 2952 909 3022; x_wconf 84' lang='lat' dir='ltr'><strong>(Lovan.</strong></span> <span class='ocrx_word' id='word_1_355' title='bbox 943 2950 1055 3022; x_wconf 90' lang='lat' dir='ltr'><strong>Vl.)</strong></span> <span class='ocrx_word' id='word_1_356' title='bbox 1090 2952 1163 3007; x_wconf 93' lang='lat' dir='ltr'><strong>De</strong></span> <span class='ocrx_word' id='word_1_357' title='bbox 1195 2952 1471 3007; x_wconf 90' lang='lat' dir='ltr'><strong>mendacio</strong></span> <span class='ocrx_word' id='word_1_358' title='bbox 1499 2953 1592 3009; x_wconf 92' lang='lat' dir='ltr'><strong>lib.</strong></span> <span class='ocrx_word' id='word_1_359' title='bbox 1627 2953 1686 3017; x_wconf 90' lang='lat' dir='ltr'><strong>I;</strong></span> 
     </span>
    </p>
   </div>
   <div class='ocr_carea' id='block_1_45' title="bbox 128 3042 1689 3115">
    <p class='ocr_par' dir='ltr' id='par_1_45' title="bbox 128 3042 1689 3115">
     <span class='ocr_line' id='line_1_45' title="bbox 128 3042 1689 3115; baseline -0.003 -11"><span class='ocrx_word' id='word_1_360' title='bbox 128 3047 300 3104; x_wconf 87' lang='lat' dir='ltr'><strong>Contra</strong></span> <span class='ocrx_word' id='word_1_361' title='bbox 321 3047 670 3103; x_wconf 85' lang='lat' dir='ltr'><strong>mendacium</strong></span> <span class='ocrx_word' id='word_1_362' title='bbox 699 3045 791 3100; x_wconf 94' lang='lat' dir='ltr'><strong>lib.</strong></span> <span class='ocrx_word' id='word_1_363' title='bbox 819 3044 858 3099; x_wconf 94' lang='lat' dir='ltr'><strong>I.</strong></span> <span class='ocrx_word' id='word_1_364' title='bbox 887 3044 1103 3115; x_wconf 83' lang='lat' dir='ltr'><strong>(Lovan.</strong></span> <span class='ocrx_word' id='word_1_365' title='bbox 1136 3042 1249 3114; x_wconf 88' lang='lat' dir='ltr'><strong>IV.)</strong></span> <span class='ocrx_word' id='word_1_366' title='bbox 1281 3044 1357 3098; x_wconf 86' lang='lat' dir='ltr'><strong>De</strong></span> <span class='ocrx_word' id='word_1_367' title='bbox 1386 3059 1550 3113; x_wconf 83' lang='lat' dir='ltr'><strong>Opere</strong></span> <span class='ocrx_word' id='word_1_368' title='bbox 1576 3060 1689 3100; x_wconf 91' lang='lat' dir='ltr'><strong>mo-</strong></span> 
     </span>
    </p>
   </div>
   <div class='ocr_carea' id='block_1_46' title="bbox 1798 1860 3376 1927">
    <p class='ocr_par' dir='ltr' id='par_1_46' title="bbox 1798 1860 3376 1927">
     <span class='ocr_line' id='line_1_46' title="bbox 1798 1860 3376 1927; baseline 0.007 -18"><span class='ocrx_word' id='word_1_369' title='bbox 1798 1864 2007 1924; x_wconf 88' lang='lat' dir='ltr'><strong>contra,</strong></span> <span class='ocrx_word' id='word_1_370' title='bbox 2048 1872 2168 1927; x_wconf 85' lang='lat' dir='ltr'><strong>quae</strong></span> <span class='ocrx_word' id='word_1_371' title='bbox 2200 1874 2298 1927; x_wconf 89' lang='lat' dir='ltr'><strong>pro</strong></span> <span class='ocrx_word' id='word_1_372' title='bbox 2336 1860 2565 1915; x_wconf 88' lang='lat' dir='ltr'><strong>sinceris</strong></span> <span class='ocrx_word' id='word_1_373' title='bbox 2605 1862 2867 1916; x_wconf 88' lang='lat' dir='ltr'><strong>venditari</strong></span> <span class='ocrx_word' id='word_1_374' title='bbox 2914 1871 3069 1918; x_wconf 89' lang='lat' dir='ltr'><strong>antea</strong></span> <span class='ocrx_word' id='word_1_375' title='bbox 3112 1865 3376 1920; x_wconf 84' lang='lat' dir='ltr'><strong>solebant.</strong></span> 
     </span>
    </p>
   </div>
   <div class='ocr_carea' id='block_1_47' title="bbox 1797 1948 3379 2025">
    <p class='ocr_par' dir='ltr' id='par_1_47' title="bbox 1797 1948 3379 2025">
     <span class='ocr_line' id='line_1_47' title="bbox 1797 1948 3379 2025; baseline 0.006 -24"><span class='ocrx_word' id='word_1_376' title='bbox 1797 1948 2126 2017; x_wconf 89' lang='lat' dir='ltr'><strong>Appendicis</strong></span> <span class='ocrx_word' id='word_1_377' title='bbox 2166 1950 2489 2018; x_wconf 68' lang='lat' dir='ltr'><strong>praecipuam</strong></span> <span class='ocrx_word' id='word_1_378' title='bbox 2531 1966 2714 2006; x_wconf 79' lang='lat' dir='ltr'><strong>coram</strong></span> <span class='ocrx_word' id='word_1_379' title='bbox 2754 1953 3076 2021; x_wconf 89' lang='lat' dir='ltr'><strong>habuerunt,</strong></span> <span class='ocrx_word' id='word_1_380' title='bbox 3118 1956 3379 2025; x_wconf 85' lang='lat' dir='ltr'><strong>imprimis</strong></span> 
     </span>
    </p>
   </div>
   <div class='ocr_carea' id='block_1_48' title="bbox 1795 2039 3378 2117">
    <p class='ocr_par' dir='ltr' id='par_1_48' title="bbox 1795 2039 3378 2117">
     <span class='ocr_line' id='line_1_48' title="bbox 1795 2039 3378 2117; baseline 0.008 -26"><span class='ocrx_word' id='word_1_381' title='bbox 1795 2039 2050 2093; x_wconf 87' lang='lat' dir='ltr'><strong>cruendis</strong></span> <span class='ocrx_word' id='word_1_382' title='bbox 2096 2048 2150 2093; x_wconf 90' lang='lat' dir='ltr'><strong>et</strong></span> <span class='ocrx_word' id='word_1_383' title='bbox 2196 2040 2536 2095; x_wconf 89' lang='lat' dir='ltr'><strong>declarandis</strong></span> <span class='ocrx_word' id='word_1_384' title='bbox 2586 2042 2731 2098; x_wconf 88' lang='lat' dir='ltr'><strong>veris</strong></span> <span class='ocrx_word' id='word_1_385' title='bbox 2772 2043 3029 2099; x_wconf 89' lang='lat' dir='ltr'><strong>librorum</strong></span> <span class='ocrx_word' id='word_1_386' title='bbox 3081 2050 3378 2117; x_wconf 87' lang='lat' dir='ltr'><strong>Augustino</strong></span> 
     </span>
    </p>
   </div>
   <div class='ocr_carea' id='block_1_49' title="bbox 1795 2128 2487 2186">
    <p class='ocr_par' dir='ltr' id='par_1_49' title="bbox 1795 2128 2487 2186">
     <span class='ocr_line' id='line_1_49' title="bbox 1795 2128 2487 2186; baseline 0.004 -3"><span class='ocrx_word' id='word_1_387' title='bbox 1795 2128 2130 2184; x_wconf 89' lang='lat' dir='ltr'><strong>subditorum</strong></span> <span class='ocrx_word' id='word_1_388' title='bbox 2159 2132 2487 2186; x_wconf 88' lang='lat' dir='ltr'><strong>auctoribus.</strong></span> 
     </span>
    </p>
   </div>
   <div class='ocr_carea' id='block_1_50' title="bbox 1872 2220 3379 2301">
    <p class='ocr_par' dir='ltr' id='par_1_50' title="bbox 1872 2220 3379 2301">
     <span class='ocr_line' id='line_1_50' title="bbox 1872 2220 3379 2301; baseline 0.011 -29"><span class='ocrx_word' id='word_1_389' title='bbox 1872 2220 2029 2274; x_wconf 87' lang='lat' dir='ltr'><strong>Tomo</strong></span> <span class='ocrx_word' id='word_1_390' title='bbox 2061 2222 2279 2291; x_wconf 80' lang='lat' dir='ltr'><strong>septimo</strong></span> <span class='ocrx_word' id='word_1_391' title='bbox 2308 2241 2326 2276; x_wconf 88' lang='lat'><strong><em>:</em></strong></span> <span class='ocrx_word' id='word_1_392' title='bbox 2351 2254 2421 2262; x_wconf 91' lang='lat'>-</span> <span class='ocrx_word' id='word_1_393' title='bbox 2448 2224 2523 2278; x_wconf 90' lang='lat' dir='ltr'><strong>De</strong></span> <span class='ocrx_word' id='word_1_394' title='bbox 2550 2223 2779 2282; x_wconf 88' lang='lat' dir='ltr'><strong>Civitate</strong></span> <span class='ocrx_word' id='word_1_395' title='bbox 2808 2227 2902 2283; x_wconf 91' lang='lat' dir='ltr'><strong>Dei</strong></span> <span class='ocrx_word' id='word_1_396' title='bbox 2925 2240 3111 2285; x_wconf 87' lang='lat' dir='ltr'><strong>contra</strong></span> <span class='ocrx_word' id='word_1_397' title='bbox 3139 2233 3379 2301; x_wconf 83' lang='lat' dir='ltr'><strong>Paganos</strong></span> 
     </span>
    </p>
   </div>
   <div class='ocr_carea' id='block_1_51' title="bbox 1796 2312 3377 2392">
    <p class='ocr_par' dir='ltr' id='par_1_51' title="bbox 1796 2312 3377 2392">
     <span class='ocr_line' id='line_1_51' title="bbox 1796 2312 3377 2392; baseline 0.009 -25"><span class='ocrx_word' id='word_1_398' title='bbox 1796 2312 1889 2367; x_wconf 88' lang='lat' dir='ltr'><strong>lib.</strong></span> <span class='ocrx_word' id='word_1_399' title='bbox 1932 2312 2107 2377; x_wconf 85' lang='lat' dir='ltr'><strong>XXII;</strong></span> <span class='ocrx_word' id='word_1_400' title='bbox 2137 2345 2207 2353; x_wconf 87' lang='lat'><strong><em>——</em></strong></span> <span class='ocrx_word' id='word_1_401' title='bbox 2238 2313 2305 2367; x_wconf 87' lang='lat' dir='ltr'><strong>In</strong></span> <span class='ocrx_word' id='word_1_402' title='bbox 2343 2316 2638 2387; x_wconf 84' lang='lat' dir='ltr'><strong>Appendice</strong></span> <span class='ocrx_word' id='word_1_403' title='bbox 2681 2320 3008 2376; x_wconf 84' lang='lat' dir='ltr'><strong>exhibentur</strong></span> <span class='ocrx_word' id='word_1_404' title='bbox 3053 2326 3377 2392; x_wconf 82' lang='lat' dir='ltr'><strong>scriptiones</strong></span> 
     </span>
    </p>
   </div>
   <div class='ocr_carea' id='block_1_52' title="bbox 1794 2403 3379 2478">
    <p class='ocr_par' dir='ltr' id='par_1_52' title="bbox 1794 2403 3379 2478">
     <span class='ocr_line' id='line_1_52' title="bbox 1794 2403 3379 2478; baseline 0.01 -22"><span class='ocrx_word' id='word_1_405' title='bbox 1794 2403 1996 2473; x_wconf 88' lang='lat' dir='ltr'><strong>aliquot</strong></span> <span class='ocrx_word' id='word_1_406' title='bbox 2017 2404 2085 2458; x_wconf 88' lang='lat' dir='ltr'><strong>de</strong></span> <span class='ocrx_word' id='word_1_407' title='bbox 2110 2404 2371 2473; x_wconf 83' lang='lat' dir='ltr'><strong>Stephani</strong></span> <span class='ocrx_word' id='word_1_408' title='bbox 2398 2406 2652 2478; x_wconf 87' lang='lat' dir='ltr'><strong>martyris</strong></span> <span class='ocrx_word' id='word_1_409' title='bbox 2677 2410 3001 2477; x_wconf 88' lang='lat' dir='ltr'><strong>delectione,</strong></span> <span class='ocrx_word' id='word_1_410' title='bbox 3031 2417 3379 2472; x_wconf 87' lang='lat' dir='ltr'><strong>translatione</strong></span> 
     </span>
    </p>
   </div>
   <div class='ocr_carea' id='block_1_53' title="bbox 1795 2495 3378 2576">
    <p class='ocr_par' dir='ltr' id='par_1_53' title="bbox 1795 2495 3378 2576">
     <span class='ocr_line' id='line_1_53' title="bbox 1795 2495 3378 2576; baseline 0.009 -27"><span class='ocrx_word' id='word_1_411' title='bbox 1795 2502 1850 2549; x_wconf 88' lang='lat' dir='ltr'><strong>et</strong></span> <span class='ocrx_word' id='word_1_412' title='bbox 1871 2495 2165 2563; x_wconf 88' lang='lat' dir='ltr'><strong>miraculis,</strong></span> <span class='ocrx_word' id='word_1_413' title='bbox 2195 2496 2401 2551; x_wconf 87' lang='lat' dir='ltr'><strong>scilicet</strong></span> <span class='ocrx_word' id='word_1_414' title='bbox 2427 2498 2568 2553; x_wconf 85' lang='lat' dir='ltr'><strong>Aviti</strong></span> <span class='ocrx_word' id='word_1_415' title='bbox 2591 2498 2658 2552; x_wconf 89' lang='lat' dir='ltr'><strong>ad</strong></span> <span class='ocrx_word' id='word_1_416' title='bbox 2685 2500 3034 2558; x_wconf 89' lang='lat' dir='ltr'><strong>Palchonium</strong></span> <span class='ocrx_word' id='word_1_417' title='bbox 3064 2508 3288 2576; x_wconf 87' lang='lat' dir='ltr'><strong>epistola</strong></span> <span class='ocrx_word' id='word_1_418' title='bbox 3310 2510 3378 2564; x_wconf 88' lang='lat' dir='ltr'><strong>de</strong></span> 
     </span>
    </p>
   </div>
   <div class='ocr_carea' id='block_1_54' title="bbox 1794 2586 3379 2664">
    <p class='ocr_par' dir='ltr' id='par_1_54' title="bbox 1794 2586 3379 2664">
     <span class='ocr_line' id='line_1_54' title="bbox 1794 2586 3379 2664; baseline 0.011 -25"><span class='ocrx_word' id='word_1_419' title='bbox 1794 2586 2035 2655; x_wconf 84' lang='lat' dir='ltr'><strong>reliquiis</strong></span> <span class='ocrx_word' id='word_1_420' title='bbox 2074 2586 2132 2641; x_wconf 92' lang='lat' dir='ltr'><strong>S.</strong></span> <span class='ocrx_word' id='word_1_421' title='bbox 2173 2586 2453 2656; x_wconf 85' lang='lat' dir='ltr'><strong>Stephani,</strong></span> <span class='ocrx_word' id='word_1_422' title='bbox 2488 2598 2542 2644; x_wconf 92' lang='lat' dir='ltr'><strong>et</strong></span> <span class='ocrx_word' id='word_1_423' title='bbox 2584 2590 2651 2646; x_wconf 93' lang='lat' dir='ltr'><strong>de</strong></span> <span class='ocrx_word' id='word_1_424' title='bbox 2692 2592 2913 2649; x_wconf 89' lang='lat' dir='ltr'><strong>Luciani</strong></span> <span class='ocrx_word' id='word_1_425' title='bbox 2946 2596 3171 2664; x_wconf 89' lang='lat' dir='ltr'><strong>epistola</strong></span> <span class='ocrx_word' id='word_1_426' title='bbox 3201 2616 3230 2654; x_wconf 88' lang='lat' dir='ltr'><strong>a</strong></span> <span class='ocrx_word' id='word_1_427' title='bbox 3261 2616 3319 2656; x_wconf 91' lang='lat' dir='ltr'><strong>se</strong></span> <span class='ocrx_word' id='word_1_428' title='bbox 3348 2588 3379 2657; x_wconf 86' lang='lat' dir='ltr'><strong>e</strong></span> 
     </span>
    </p>
   </div>
   <div class='ocr_carea' id='block_1_55' title="bbox 1794 2678 3378 2753">
    <p class='ocr_par' dir='ltr' id='par_1_55' title="bbox 1794 2678 3378 2753">
     <span class='ocr_line' id='line_1_55' title="bbox 1794 2678 3378 2753; baseline 0.009 -21"><span class='ocrx_word' id='word_1_429' title='bbox 1794 2678 1982 2732; x_wconf 70' lang='lat' dir='ltr'><strong>Grzcco</strong></span> <span class='ocrx_word' id='word_1_430' title='bbox 2022 2680 2075 2732; x_wconf 90' lang='lat' dir='ltr'><strong>in</strong></span> <span class='ocrx_word' id='word_1_431' title='bbox 2115 2679 2362 2733; x_wconf 89' lang='lat' dir='ltr'><strong>Latinum</strong></span> <span class='ocrx_word' id='word_1_432' title='bbox 2403 2697 2595 2747; x_wconf 87' lang='lat' dir='ltr'><strong>versa;</strong></span> <span class='ocrx_word' id='word_1_433' title='bbox 2638 2683 2860 2740; x_wconf 88' lang='lat' dir='ltr'><strong>Luciaui</strong></span> <span class='ocrx_word' id='word_1_434' title='bbox 2905 2690 3130 2753; x_wconf 85' lang='lat' dir='ltr'><strong>epistola</strong></span> <span class='ocrx_word' id='word_1_435' title='bbox 3163 2693 3229 2745; x_wconf 91' lang='lat' dir='ltr'><strong>ad</strong></span> <span class='ocrx_word' id='word_1_436' title='bbox 3259 2696 3378 2747; x_wconf 89' lang='lat' dir='ltr'><strong>uni-</strong></span> 
     </span>
    </p>
   </div>
   <div class='ocr_carea' id='block_1_56' title="bbox 1794 2769 3376 2846">
    <p class='ocr_par' dir='ltr' id='par_1_56' title="bbox 1794 2769 3376 2846">
     <span class='ocr_line' id='line_1_56' title="bbox 1794 2769 3376 2846; baseline 0.008 -23"><span class='ocrx_word' id='word_1_437' title='bbox 1794 2784 2002 2823; x_wconf 89' lang='lat' dir='ltr'><strong>versam</strong></span> <span class='ocrx_word' id='word_1_438' title='bbox 2037 2769 2332 2824; x_wconf 88' lang='lat' dir='ltr'><strong>Ecclesiam</strong></span> <span class='ocrx_word' id='word_1_439' title='bbox 2378 2770 2446 2825; x_wconf 89' lang='lat' dir='ltr'><strong>de</strong></span> <span class='ocrx_word' id='word_1_440' title='bbox 2474 2772 2806 2827; x_wconf 88' lang='lat' dir='ltr'><strong>revelatione</strong></span> <span class='ocrx_word' id='word_1_441' title='bbox 2842 2778 3085 2843; x_wconf 80' lang='lat' dir='ltr'><strong>corporis</strong></span> <span class='ocrx_word' id='word_1_442' title='bbox 3114 2780 3376 2846; x_wconf 83' lang='lat' dir='ltr'><strong>Stephani</strong></span> 
     </span>
    </p>
   </div>
   <div class='ocr_carea' id='block_1_57' title="bbox 1794 2861 3377 2935">
    <p class='ocr_par' dir='ltr' id='par_1_57' title="bbox 1794 2861 3377 2935">
     <span class='ocr_line' id='line_1_57' title="bbox 1794 2861 3377 2935; baseline 0.008 -19"><span class='ocrx_word' id='word_1_443' title='bbox 1794 2862 2080 2932; x_wconf 89' lang='lat' dir='ltr'><strong>martyris;</strong></span> <span class='ocrx_word' id='word_1_444' title='bbox 2119 2861 2388 2916; x_wconf 85' lang='lat' dir='ltr'><strong>Anastasii</strong></span> <span class='ocrx_word' id='word_1_445' title='bbox 2420 2862 2484 2916; x_wconf 90' lang='lat' dir='ltr'><strong>ad</strong></span> <span class='ocrx_word' id='word_1_446' title='bbox 2518 2862 2848 2919; x_wconf 87' lang='lat' dir='ltr'><strong>Landuleum</strong></span> <span class='ocrx_word' id='word_1_447' title='bbox 2879 2868 3100 2935; x_wconf 86' lang='lat' dir='ltr'><strong>epistola</strong></span> <span class='ocrx_word' id='word_1_448' title='bbox 3135 2870 3201 2925; x_wconf 89' lang='lat' dir='ltr'><strong>de</strong></span> <span class='ocrx_word' id='word_1_449' title='bbox 3250 2874 3377 2928; x_wconf 88' lang='lat' dir='ltr'><strong>sub-</strong></span> 
     </span>
    </p>
   </div>
   <div class='ocr_carea' id='block_1_58' title="bbox 1793 2952 3376 3022">
    <p class='ocr_par' dir='ltr' id='par_1_58' title="bbox 1793 2952 3376 3022">
     <span class='ocr_line' id='line_1_58' title="bbox 1793 2952 3376 3022; baseline 0.009 -15"><span class='ocrx_word' id='word_1_450' title='bbox 1793 2962 2054 3021; x_wconf 89' lang='lat' dir='ltr'><strong>sequente</strong></span> <span class='ocrx_word' id='word_1_451' title='bbox 2082 2952 2379 3019; x_wconf 88' lang='lat' dir='ltr'><strong>scriptura;</strong></span> <span class='ocrx_word' id='word_1_452' title='bbox 2423 2952 2698 3022; x_wconf 87' lang='lat' dir='ltr'><strong>Scriptura</strong></span> <span class='ocrx_word' id='word_1_453' title='bbox 2741 2954 2809 3009; x_wconf 91' lang='lat' dir='ltr'><strong>de</strong></span> <span class='ocrx_word' id='word_1_454' title='bbox 2848 2958 2952 3011; x_wconf 89' lang='lat' dir='ltr'><strong>alia</strong></span> <span class='ocrx_word' id='word_1_455' title='bbox 2982 2958 3285 3017; x_wconf 85' lang='lat' dir='ltr'><strong>delectione</strong></span> <span class='ocrx_word' id='word_1_456' title='bbox 3314 2980 3376 3021; x_wconf 80' lang='lat' dir='ltr'><strong>ac</strong></span> 
     </span>
    </p>
   </div>
   <div class='ocr_carea' id='block_1_59' title="bbox 1795 3042 3374 3123">
    <p class='ocr_par' dir='ltr' id='par_1_59' title="bbox 1795 3042 3374 3123">
     <span class='ocr_line' id='line_1_59' title="bbox 1795 3042 3374 3123; baseline 0.008 -27"><span class='ocrx_word' id='word_1_457' title='bbox 1795 3043 2145 3098; x_wconf 86' lang='lat' dir='ltr'><strong>translatione</strong></span> <span class='ocrx_word' id='word_1_458' title='bbox 2174 3042 2233 3097; x_wconf 89' lang='lat' dir='ltr'><strong>S.</strong></span> <span class='ocrx_word' id='word_1_459' title='bbox 2261 3043 2519 3113; x_wconf 89' lang='lat' dir='ltr'><strong>Stephani</strong></span> <span class='ocrx_word' id='word_1_460' title='bbox 2554 3045 2604 3097; x_wconf 90' lang='lat' dir='ltr'><strong>in</strong></span> <span class='ocrx_word' id='word_1_461' title='bbox 2638 3046 2824 3101; x_wconf 85' lang='lat' dir='ltr'><strong>urbem</strong></span> <span class='ocrx_word' id='word_1_462' title='bbox 2852 3048 3190 3118; x_wconf 85' lang='lat' dir='ltr'><strong>Byzantium,</strong></span> <span class='ocrx_word' id='word_1_463' title='bbox 3214 3070 3374 3123; x_wconf 89' lang='lat' dir='ltr'><strong>quam</strong></span> 
     </span>
    </p>
   </div>
   <div class='ocr_carea' id='block_1_60' title="bbox 124 3124 3375 3211">
    <p class='ocr_par' dir='ltr' id='par_1_60' title="bbox 124 3124 3375 3211">
     <span class='ocr_line' id='line_1_60' title="bbox 124 3124 3375 3211; baseline 0.002 -17"><span class='ocrx_word' id='word_1_464' title='bbox 124 3141 389 3196; x_wconf 82' lang='lat' dir='ltr'><strong>nachorum</strong></span> <span class='ocrx_word' id='word_1_465' title='bbox 435 3139 541 3194; x_wconf 85' lang='lat' dir='ltr'><strong>lib.</strong></span> <span class='ocrx_word' id='word_1_466' title='bbox 594 3138 643 3202; x_wconf 92' lang='lat' dir='ltr'><strong>I;</strong></span> <span class='ocrx_word' id='word_1_467' title='bbox 691 3138 767 3193; x_wconf 91' lang='lat' dir='ltr'><strong>De</strong></span> <span class='ocrx_word' id='word_1_468' title='bbox 811 3137 1141 3192; x_wconf 87' lang='lat' dir='ltr'><strong>divinatione</strong></span> <span class='ocrx_word' id='word_1_469' title='bbox 1176 3136 1481 3192; x_wconf 84' lang='lat' dir='ltr'><strong>daemonum</strong></span> <span class='ocrx_word' id='word_1_470' title='bbox 1512 3138 1607 3193; x_wconf 93' lang='lat' dir='ltr'><strong>lib.</strong></span> <span class='ocrx_word' id='word_1_471' title='bbox 1649 3138 1687 3191; x_wconf 92' lang='lat' dir='ltr'><strong>I.</strong></span> <span class='ocrx_word' id='word_1_472' title='bbox 1718 3124 1763 3186; x_wconf 87' lang='lat' dir='ltr'><strong><em>C</em></strong></span> <span class='ocrx_word' id='word_1_473' title='bbox 1793 3133 2112 3188; x_wconf 87' lang='lat' dir='ltr'><strong>Anastasius</strong></span> <span class='ocrx_word' id='word_1_474' title='bbox 2159 3132 2449 3188; x_wconf 86' lang='lat' dir='ltr'><strong>Latinitate</strong></span> <span class='ocrx_word' id='word_1_475' title='bbox 2491 3134 2740 3203; x_wconf 88' lang='lat' dir='ltr'><strong>donavit;</strong></span> <span class='ocrx_word' id='word_1_476' title='bbox 2789 3136 2975 3193; x_wconf 88' lang='lat' dir='ltr'><strong>Severi</strong></span> <span class='ocrx_word' id='word_1_477' title='bbox 3030 3142 3264 3211; x_wconf 90' lang='lat' dir='ltr'><strong>Epistola</strong></span> <span class='ocrx_word' id='word_1_478' title='bbox 3309 3145 3375 3199; x_wconf 89' lang='lat' dir='ltr'><strong>ad</strong></span> 
     </span>
    </p>
   </div>
   <div class='ocr_carea' id='block_1_61' title="bbox 123 3228 1693 3305">
    <p class='ocr_par' dir='ltr' id='par_1_61' title="bbox 123 3228 1693 3305">
     <span class='ocr_line' id='line_1_61' title="bbox 123 3228 1693 3305; baseline -0.003 -17"><span class='ocrx_word' id='word_1_479' title='bbox 123 3233 315 3305; x_wconf 78' lang='lat' dir='ltr'><strong>(Lovan.</strong></span> <span class='ocrx_word' id='word_1_480' title='bbox 346 3233 479 3303; x_wconf 91' lang='lat' dir='ltr'><strong>III.)</strong></span> <span class='ocrx_word' id='word_1_481' title='bbox 513 3233 586 3286; x_wconf 89' lang='lat' dir='ltr'><strong>De</strong></span> <span class='ocrx_word' id='word_1_482' title='bbox 621 3247 747 3287; x_wconf 89' lang='lat' dir='ltr'><strong>cura</strong></span> <span class='ocrx_word' id='word_1_483' title='bbox 781 3246 876 3301; x_wconf 89' lang='lat' dir='ltr'><strong>pro</strong></span> <span class='ocrx_word' id='word_1_484' title='bbox 900 3231 1126 3284; x_wconf 90' lang='lat' dir='ltr'><strong>mortuis</strong></span> <span class='ocrx_word' id='word_1_485' title='bbox 1151 3229 1385 3298; x_wconf 88' lang='lat' dir='ltr'><strong>gerenda</strong></span> <span class='ocrx_word' id='word_1_486' title='bbox 1416 3228 1511 3282; x_wconf 87' lang='lat' dir='ltr'><strong>lib.</strong></span> <span class='ocrx_word' id='word_1_487' title='bbox 1534 3228 1585 3296; x_wconf 94' lang='lat' dir='ltr'><strong>I;</strong></span> <span class='ocrx_word' id='word_1_488' title='bbox 1618 3230 1693 3284; x_wconf 88' lang='lat' dir='ltr'><strong>De</strong></span> 
     </span>
    </p>
   </div>
   <div class='ocr_carea' id='block_1_62' title="bbox 124 3320 1691 3394">
    <p class='ocr_par' dir='ltr' id='par_1_62' title="bbox 124 3320 1691 3394">
     <span class='ocr_line' id='line_1_62' title="bbox 124 3320 1691 3394; baseline -0.004 -15"><span class='ocrx_word' id='word_1_489' title='bbox 124 3326 351 3394; x_wconf 83' lang='lat' dir='ltr'><strong>patientia</strong></span> <span class='ocrx_word' id='word_1_490' title='bbox 390 3325 501 3379; x_wconf 89' lang='lat' dir='ltr'><strong>lib.</strong></span> <span class='ocrx_word' id='word_1_491' title='bbox 543 3324 581 3379; x_wconf 93' lang='grc'><strong>1.</strong></span> <span class='ocrx_word' id='word_1_492' title='bbox 619 3321 765 3387; x_wconf 85' lang='lat' dir='ltr'><strong>(Lov.</strong></span> <span class='ocrx_word' id='word_1_493' title='bbox 800 3321 914 3390; x_wconf 91' lang='lat' dir='ltr'><strong>IV.)</strong></span> <span class='ocrx_word' id='word_1_494' title='bbox 960 3321 1037 3375; x_wconf 90' lang='lat' dir='ltr'><strong>De</strong></span> <span class='ocrx_word' id='word_1_495' title='bbox 1068 3320 1311 3389; x_wconf 86' lang='lat' dir='ltr'><strong>symbolo</strong></span> <span class='ocrx_word' id='word_1_496' title='bbox 1343 3320 1407 3375; x_wconf 87' lang='lat' dir='ltr'><strong>ad</strong></span> <span class='ocrx_word' id='word_1_497' title='bbox 1436 3321 1691 3376; x_wconf 84' lang='lat' dir='ltr'><strong>catechu-</strong></span> 
     </span>
    </p>
   </div>
   <div class='ocr_carea' id='block_1_63' title="bbox 127 3410 1691 3480">
    <p class='ocr_par' dir='ltr' id='par_1_63' title="bbox 127 3410 1691 3480">
     <span class='ocr_line' id='line_1_63' title="bbox 127 3410 1691 3480; baseline -0.004 -9"><span class='ocrx_word' id='word_1_498' title='bbox 127 3430 290 3471; x_wconf 88' lang='lat' dir='ltr'><strong>menos</strong></span> <span class='ocrx_word' id='word_1_499' title='bbox 329 3423 601 3470; x_wconf 87' lang='lat' dir='ltr'><strong>tractatus</strong></span> <span class='ocrx_word' id='word_1_500' title='bbox 632 3413 732 3477; x_wconf 92' lang='lat' dir='ltr'><strong>IV;</strong></span> <span class='ocrx_word' id='word_1_501' title='bbox 776 3413 850 3466; x_wconf 91' lang='lat' dir='ltr'><strong>De</strong></span> <span class='ocrx_word' id='word_1_502' title='bbox 890 3411 1169 3480; x_wconf 86' lang='lat' dir='ltr'><strong>disciplina</strong></span> <span class='ocrx_word' id='word_1_503' title='bbox 1200 3410 1505 3465; x_wconf 88' lang='lat' dir='ltr'><strong>Christiana</strong></span> <span class='ocrx_word' id='word_1_504' title='bbox 1538 3420 1607 3466; x_wconf 89' lang='lat' dir='ltr'><strong>tr.</strong></span> <span class='ocrx_word' id='word_1_505' title='bbox 1639 3411 1691 3476; x_wconf 94' lang='lat' dir='ltr'><strong>I;</strong></span> 
     </span>
    </p>
   </div>
   <div class='ocr_carea' id='block_1_64' title="bbox 127 3505 1691 3575">
    <p class='ocr_par' dir='ltr' id='par_1_64' title="bbox 127 3505 1691 3575">
     <span class='ocr_line' id='line_1_64' title="bbox 127 3505 1691 3575; baseline -0.001 -14"><span class='ocrx_word' id='word_1_506' title='bbox 127 3508 190 3563; x_wconf 86' lang='lat' dir='ltr'><strong>De</strong></span> <span class='ocrx_word' id='word_1_507' title='bbox 213 3509 413 3563; x_wconf 91' lang='lat' dir='ltr'><strong>cantico</strong></span> <span class='ocrx_word' id='word_1_508' title='bbox 454 3521 600 3561; x_wconf 82' lang='lat' dir='ltr'><strong>novo</strong></span> <span class='ocrx_word' id='word_1_509' title='bbox 631 3515 699 3562; x_wconf 87' lang='lat' dir='ltr'><strong>tr.</strong></span> <span class='ocrx_word' id='word_1_510' title='bbox 733 3505 783 3570; x_wconf 90' lang='lat' dir='ltr'><strong>I;</strong></span> <span class='ocrx_word' id='word_1_511' title='bbox 819 3505 892 3559; x_wconf 92' lang='lat' dir='ltr'><strong>De</strong></span> <span class='ocrx_word' id='word_1_512' title='bbox 929 3514 1115 3575; x_wconf 89' lang='lat' dir='ltr'><strong>quarta</strong></span> <span class='ocrx_word' id='word_1_513' title='bbox 1141 3505 1272 3559; x_wconf 83' lang='lat' dir='ltr'><strong>feria</strong></span> <span class='ocrx_word' id='word_1_514' title='bbox 1305 3514 1372 3559; x_wconf 89' lang='lat' dir='ltr'><strong>tr.</strong></span> <span class='ocrx_word' id='word_1_515' title='bbox 1408 3505 1462 3571; x_wconf 93' lang='lat' dir='ltr'><strong>I;</strong></span> <span class='ocrx_word' id='word_1_516' title='bbox 1498 3505 1571 3560; x_wconf 92' lang='lat' dir='ltr'><strong>De</strong></span> <span class='ocrx_word' id='word_1_517' title='bbox 1599 3520 1691 3560; x_wconf 89' lang='lat' dir='ltr'><strong>ca-</strong></span> 
     </span>
    </p>
   </div>
   <div class='ocr_carea' id='block_1_65' title="bbox 129 3598 1693 3674">
    <p class='ocr_par' dir='ltr' id='par_1_65' title="bbox 129 3598 1693 3674">
     <span class='ocr_line' id='line_1_65' title="bbox 129 3598 1693 3674; baseline -0.001 -19"><span class='ocrx_word' id='word_1_518' title='bbox 129 3603 356 3674; x_wconf 81' lang='lat' dir='ltr'><strong>taclysmo</strong></span> <span class='ocrx_word' id='word_1_519' title='bbox 383 3614 465 3657; x_wconf 88' lang='lat' dir='ltr'><strong>tr.</strong></span> <span class='ocrx_word' id='word_1_520' title='bbox 504 3601 559 3666; x_wconf 91' lang='lat' dir='ltr'><strong>I;</strong></span> <span class='ocrx_word' id='word_1_521' title='bbox 594 3601 671 3655; x_wconf 90' lang='lat' dir='ltr'><strong>De</strong></span> <span class='ocrx_word' id='word_1_522' title='bbox 703 3610 949 3668; x_wconf 88' lang='lat' dir='ltr'><strong>tempore</strong></span> <span class='ocrx_word' id='word_1_523' title='bbox 977 3598 1258 3653; x_wconf 90' lang='lat' dir='ltr'><strong>barbarico</strong></span> <span class='ocrx_word' id='word_1_524' title='bbox 1290 3608 1356 3653; x_wconf 92' lang='lat' dir='ltr'><strong>tr.</strong></span> <span class='ocrx_word' id='word_1_525' title='bbox 1390 3599 1437 3665; x_wconf 91' lang='lat' dir='ltr'><strong>I;</strong></span> <span class='ocrx_word' id='word_1_526' title='bbox 1466 3599 1544 3654; x_wconf 93' lang='lat' dir='ltr'><strong>De</strong></span> <span class='ocrx_word' id='word_1_527' title='bbox 1584 3601 1693 3653; x_wconf 85' lang='lat' dir='ltr'><strong>uti-</strong></span> 
     </span>
    </p>
   </div>
   <div class='ocr_carea' id='block_1_66' title="bbox 126 3689 1693 3764">
    <p class='ocr_par' dir='ltr' id='par_1_66' title="bbox 126 3689 1693 3764">
     <span class='ocr_line' id='line_1_66' title="bbox 126 3689 1693 3764; baseline -0.001 -17"><span class='ocrx_word' id='word_1_528' title='bbox 126 3693 473 3764; x_wconf 81' lang='lat' dir='ltr'><strong>Iitatejejunii</strong></span> <span class='ocrx_word' id='word_1_529' title='bbox 502 3702 566 3746; x_wconf 91' lang='lat' dir='ltr'><strong>tr.</strong></span> <span class='ocrx_word' id='word_1_530' title='bbox 592 3692 641 3758; x_wconf 94' lang='lat' dir='ltr'><strong>I;</strong></span> <span class='ocrx_word' id='word_1_531' title='bbox 670 3692 748 3744; x_wconf 89' lang='lat' dir='ltr'><strong>De</strong></span> <span class='ocrx_word' id='word_1_532' title='bbox 771 3690 915 3745; x_wconf 89' lang='lat' dir='ltr'><strong>urbis</strong></span> <span class='ocrx_word' id='word_1_533' title='bbox 936 3689 1150 3745; x_wconf 85' lang='lat' dir='ltr'><strong>excidio</strong></span> <span class='ocrx_word' id='word_1_534' title='bbox 1173 3698 1239 3744; x_wconf 90' lang='lat' dir='ltr'><strong>tr.</strong></span> <span class='ocrx_word' id='word_1_535' title='bbox 1263 3690 1303 3744; x_wconf 93' lang='grc'><strong>1.</strong></span> <span class='ocrx_word' id='word_1_536' title='bbox 1334 3689 1547 3761; x_wconf 84' lang='lat' dir='ltr'><strong>(Lovan.</strong></span> <span class='ocrx_word' id='word_1_537' title='bbox 1572 3690 1693 3761; x_wconf 93' lang='lat' dir='ltr'><strong>IX.)</strong></span> 
     </span>
    </p>
   </div>
   <div class='ocr_carea' id='block_1_67' title="bbox 127 3780 1695 3854">
    <p class='ocr_par' dir='ltr' id='par_1_67' title="bbox 127 3780 1695 3854">
     <span class='ocr_line' id='line_1_67' title="bbox 127 3780 1695 3854; baseline -0.001 -16"><span class='ocrx_word' id='word_1_538' title='bbox 127 3812 186 3824; x_wconf 93' lang='lat'><strong><em>—</em></strong></span> <span class='ocrx_word' id='word_1_539' title='bbox 209 3783 267 3839; x_wconf 85' lang='lat' dir='ltr'><strong>In</strong></span> <span class='ocrx_word' id='word_1_540' title='bbox 293 3783 631 3854; x_wconf 81' lang='lat' dir='ltr'><strong>Appendice:</strong></span> <span class='ocrx_word' id='word_1_541' title='bbox 660 3780 823 3836; x_wconf 90' lang='lat' dir='ltr'><strong>Liber</strong></span> <span class='ocrx_word' id='word_1_542' title='bbox 844 3780 962 3835; x_wconf 87' lang='lat' dir='ltr'><strong>XXI</strong></span> <span class='ocrx_word' id='word_1_543' title='bbox 993 3781 1412 3843; x_wconf 85' lang='lat' dir='ltr'><strong>sententiarum;</strong></span> <span class='ocrx_word' id='word_1_544' title='bbox 1442 3782 1695 3852; x_wconf 90' lang='lat' dir='ltr'><strong>Dialogus</strong></span> 
     </span>
    </p>
   </div>
   <div class='ocr_carea' id='block_1_68' title="bbox 126 3872 1695 3947">
    <p class='ocr_par' dir='ltr' id='par_1_68' title="bbox 126 3872 1695 3947">
     <span class='ocr_line' id='line_1_68' title="bbox 126 3872 1695 3947; baseline -0.001 -17"><span class='ocrx_word' id='word_1_545' title='bbox 126 3875 243 3930; x_wconf 86' lang='lat' dir='ltr'><strong>LXV</strong></span> <span class='ocrx_word' id='word_1_546' title='bbox 268 3876 653 3947; x_wconf 63' lang='lat' dir='ltr'><strong>quaestionum.</strong></span> <span class='ocrx_word' id='word_1_547' title='bbox 690 3872 906 3943; x_wconf 86' lang='lat' dir='ltr'><strong>(Lovan.</strong></span> <span class='ocrx_word' id='word_1_548' title='bbox 931 3873 994 3927; x_wconf 90' lang='lat' dir='ltr'><strong>T.</strong></span> <span class='ocrx_word' id='word_1_549' title='bbox 1027 3873 1094 3927; x_wconf 87' lang='lat' dir='ltr'><strong>IV</strong></span> <span class='ocrx_word' id='word_1_550' title='bbox 1122 3873 1286 3943; x_wconf 88' lang='lat' dir='ltr'><strong>App.)</strong></span> <span class='ocrx_word' id='word_1_551' title='bbox 1310 3873 1469 3927; x_wconf 87' lang='lat' dir='ltr'><strong>Liber</strong></span> <span class='ocrx_word' id='word_1_552' title='bbox 1496 3873 1562 3928; x_wconf 88' lang='lat' dir='ltr'><strong>de</strong></span> <span class='ocrx_word' id='word_1_553' title='bbox 1591 3874 1695 3928; x_wconf 88' lang='lat' dir='ltr'><strong>Iide</strong></span> 
     </span>
    </p>
   </div>
   <div class='ocr_carea' id='block_1_69' title="bbox 128 3965 1691 4037">
    <p class='ocr_par' dir='ltr' id='par_1_69' title="bbox 128 3965 1691 4037">
     <span class='ocr_line' id='line_1_69' title="bbox 128 3965 1691 4037; baseline 0 -17"><span class='ocrx_word' id='word_1_554' title='bbox 128 3969 182 4021; x_wconf 89' lang='lat' dir='ltr'><strong>ad</strong></span> <span class='ocrx_word' id='word_1_555' title='bbox 200 3968 444 4033; x_wconf 88' lang='lat' dir='ltr'><strong>Petrum;</strong></span> <span class='ocrx_word' id='word_1_556' title='bbox 476 3969 552 4023; x_wconf 89' lang='lat' dir='ltr'><strong>De</strong></span> <span class='ocrx_word' id='word_1_557' title='bbox 574 3967 767 4037; x_wconf 79' lang='lat' dir='ltr'><strong>Spiritu</strong></span> <span class='ocrx_word' id='word_1_558' title='bbox 790 3976 846 4021; x_wconf 90' lang='lat' dir='ltr'><strong>et</strong></span> <span class='ocrx_word' id='word_1_559' title='bbox 875 3967 1075 4020; x_wconf 89' lang='lat' dir='ltr'><strong>anima.</strong></span> <span class='ocrx_word' id='word_1_560' title='bbox 1104 3966 1321 4034; x_wconf 88' lang='lat' dir='ltr'><strong>(Lovan.</strong></span> <span class='ocrx_word' id='word_1_561' title='bbox 1346 3966 1408 4019; x_wconf 88' lang='lat'><strong>&#39;1‘.</strong></span> <span class='ocrx_word' id='word_1_562' title='bbox 1438 3966 1504 4021; x_wconf 95' lang='lat' dir='ltr'><strong>III</strong></span> <span class='ocrx_word' id='word_1_563' title='bbox 1529 3965 1691 4035; x_wconf 89' lang='lat' dir='ltr'><strong>App.)</strong></span> 
     </span>
    </p>
   </div>
   <div class='ocr_carea' id='block_1_70' title="bbox 126 4054 1695 4119">
    <p class='ocr_par' dir='ltr' id='par_1_70' title="bbox 126 4054 1695 4119">
     <span class='ocr_line' id='line_1_70' title="bbox 126 4054 1695 4119; baseline -0.003 -6"><span class='ocrx_word' id='word_1_564' title='bbox 126 4058 195 4114; x_wconf 91' lang='lat' dir='ltr'><strong>De</strong></span> <span class='ocrx_word' id='word_1_565' title='bbox 226 4062 489 4119; x_wconf 85' lang='lat' dir='ltr'><strong>amicitia;</strong></span> <span class='ocrx_word' id='word_1_566' title='bbox 517 4060 595 4114; x_wconf 89' lang='lat' dir='ltr'><strong>De</strong></span> <span class='ocrx_word' id='word_1_567' title='bbox 617 4057 917 4112; x_wconf 88' lang='lat' dir='ltr'><strong>substantia</strong></span> <span class='ocrx_word' id='word_1_568' title='bbox 938 4056 1261 4111; x_wconf 88' lang='lat' dir='ltr'><strong>dilectionis.</strong></span> <span class='ocrx_word' id='word_1_569' title='bbox 1298 4055 1512 4118; x_wconf 87' lang='lat' dir='ltr'><strong>(Lovan.</strong></span> <span class='ocrx_word' id='word_1_570' title='bbox 1542 4056 1603 4109; x_wconf 88' lang='lat' dir='ltr'><strong>T.</strong></span> <span class='ocrx_word' id='word_1_571' title='bbox 1630 4054 1695 4109; x_wconf 92' lang='lat' dir='ltr'><strong>IV</strong></span> 
     </span>
    </p>
   </div>
   <div class='ocr_carea' id='block_1_71' title="bbox 128 4146 1698 4221">
    <p class='ocr_par' dir='ltr' id='par_1_71' title="bbox 128 4146 1698 4221">
     <span class='ocr_line' id='line_1_71' title="bbox 128 4146 1698 4221; baseline -0.001 -17"><span class='ocrx_word' id='word_1_572' title='bbox 128 4151 273 4221; x_wconf 81' lang='lat' dir='ltr'><strong>App.)</strong></span> <span class='ocrx_word' id='word_1_573' title='bbox 295 4152 369 4207; x_wconf 87' lang='lat' dir='ltr'><strong>De</strong></span> <span class='ocrx_word' id='word_1_574' title='bbox 388 4150 666 4220; x_wconf 84' lang='lat' dir='ltr'><strong>diligendo</strong></span> <span class='ocrx_word' id='word_1_575' title='bbox 686 4149 827 4214; x_wconf 91' lang='lat' dir='ltr'><strong>Deo;</strong></span> <span class='ocrx_word' id='word_1_576' title='bbox 854 4148 1175 4218; x_wconf 88' lang='lat' dir='ltr'><strong>Soliloquia;</strong></span> <span class='ocrx_word' id='word_1_577' title='bbox 1200 4146 1596 4212; x_wconf 80' lang='lat' dir='ltr'><strong>IIeditationes;</strong></span> <span class='ocrx_word' id='word_1_578' title='bbox 1624 4147 1698 4203; x_wconf 90' lang='lat' dir='ltr'><strong>De</strong></span> 
     </span>
    </p>
   </div>
   <div class='ocr_carea' id='block_1_72' title="bbox 128 4237 1695 4308">
    <p class='ocr_par' dir='ltr' id='par_1_72' title="bbox 128 4237 1695 4308">
     <span class='ocr_line' id='line_1_72' title="bbox 128 4237 1695 4308; baseline -0.002 -14"><span class='ocrx_word' id='word_1_579' title='bbox 128 4242 448 4296; x_wconf 84' lang='lat' dir='ltr'><strong>contritione</strong></span> <span class='ocrx_word' id='word_1_580' title='bbox 482 4241 684 4305; x_wconf 91' lang='lat' dir='ltr'><strong>cordis;</strong></span> <span class='ocrx_word' id='word_1_581' title='bbox 725 4240 999 4298; x_wconf 79' lang='lat' dir='ltr'><strong>Manuale:</strong></span> <span class='ocrx_word' id='word_1_582' title='bbox 1044 4239 1362 4308; x_wconf 88' lang='lat' dir='ltr'><strong>Speculum:</strong></span> <span class='ocrx_word' id='word_1_583' title='bbox 1410 4237 1695 4306; x_wconf 89' lang='lat' dir='ltr'><strong>Speculum</strong></span> 
     </span>
    </p>
   </div>
   <div class='ocr_carea' id='block_1_73' title="bbox 126 4330 1694 4402">
    <p class='ocr_par' dir='ltr' id='par_1_73' title="bbox 126 4330 1694 4402">
     <span class='ocr_line' id='line_1_73' title="bbox 126 4330 1694 4402; baseline -0.001 -16"><span class='ocrx_word' id='word_1_584' title='bbox 126 4332 266 4387; x_wconf 83' lang='lat' dir='ltr'><strong>aliud</strong></span> <span class='ocrx_word' id='word_1_585' title='bbox 294 4333 437 4401; x_wconf 91' lang='lat' dir='ltr'><strong>quod</strong></span> <span class='ocrx_word' id='word_1_586' title='bbox 464 4331 649 4387; x_wconf 88' lang='lat' dir='ltr'><strong>dicitur</strong></span> <span class='ocrx_word' id='word_1_587' title='bbox 677 4332 1008 4402; x_wconf 86' lang='lat' dir='ltr'><strong>peccatoris;</strong></span> <span class='ocrx_word' id='word_1_588' title='bbox 1036 4330 1112 4384; x_wconf 93' lang='lat' dir='ltr'><strong>De</strong></span> <span class='ocrx_word' id='word_1_589' title='bbox 1134 4330 1328 4399; x_wconf 86' lang='lat' dir='ltr'><strong>triplici</strong></span> <span class='ocrx_word' id='word_1_590' title='bbox 1355 4330 1694 4396; x_wconf 85' lang='lat' dir='ltr'><strong>habitaculo;</strong></span> 
     </span>
    </p>
   </div>
   <div class='ocr_carea' id='block_1_74' title="bbox 126 4423 1697 4496">
    <p class='ocr_par' dir='ltr' id='par_1_74' title="bbox 126 4423 1697 4496">
     <span class='ocr_line' id='line_1_74' title="bbox 126 4423 1697 4496; baseline -0.001 -17"><span class='ocrx_word' id='word_1_591' title='bbox 126 4426 198 4480; x_wconf 90' lang='lat' dir='ltr'><strong>De</strong></span> <span class='ocrx_word' id='word_1_592' title='bbox 223 4428 360 4481; x_wconf 86' lang='lat' dir='ltr'><strong>scala</strong></span> <span class='ocrx_word' id='word_1_593' title='bbox 394 4426 661 4496; x_wconf 90' lang='lat' dir='ltr'><strong>paradisi;</strong></span> <span class='ocrx_word' id='word_1_594' title='bbox 694 4427 769 4481; x_wconf 91' lang='lat' dir='ltr'><strong>De</strong></span> <span class='ocrx_word' id='word_1_595' title='bbox 795 4424 1102 4493; x_wconf 87' lang='lat' dir='ltr'><strong>cognitione</strong></span> <span class='ocrx_word' id='word_1_596' title='bbox 1124 4438 1266 4478; x_wconf 65' lang='lat' dir='ltr'><strong>verte</strong></span> <span class='ocrx_word' id='word_1_597' title='bbox 1305 4423 1460 4489; x_wconf 84' lang='lat' dir='ltr'><strong>vitae;</strong></span> <span class='ocrx_word' id='word_1_598' title='bbox 1490 4423 1569 4477; x_wconf 91' lang='lat' dir='ltr'><strong>De</strong></span> <span class='ocrx_word' id='word_1_599' title='bbox 1587 4424 1697 4477; x_wconf 90' lang='lat' dir='ltr'><strong>vita</strong></span> 
     </span>
    </p>
   </div>
   <div class='ocr_carea' id='block_1_75' title="bbox 1793 3224 3375 3289">
    <p class='ocr_par' dir='ltr' id='par_1_75' title="bbox 1793 3224 3375 3289">
     <span class='ocr_line' id='line_1_75' title="bbox 1793 3224 3375 3289; baseline 0.007 -11"><span class='ocrx_word' id='word_1_600' title='bbox 1793 3240 2009 3279; x_wconf 84' lang='lat' dir='ltr'><strong>onmem</strong></span> <span class='ocrx_word' id='word_1_601' title='bbox 2038 3224 2335 3279; x_wconf 42' lang='lat' dir='ltr'><strong>Irlcclcsiam</strong></span> <span class='ocrx_word' id='word_1_602' title='bbox 2356 3226 2423 3281; x_wconf 91' lang='lat' dir='ltr'><strong>de</strong></span> <span class='ocrx_word' id='word_1_603' title='bbox 2446 3226 2730 3281; x_wconf 87' lang='lat' dir='ltr'><strong>virtutibus</strong></span> <span class='ocrx_word' id='word_1_604' title='bbox 2756 3229 2807 3281; x_wconf 90' lang='lat' dir='ltr'><strong>iu</strong></span> <span class='ocrx_word' id='word_1_605' title='bbox 2830 3229 3173 3286; x_wconf 81' lang='lat' dir='ltr'><strong>Minoricensi</strong></span> <span class='ocrx_word' id='word_1_606' title='bbox 3202 3234 3375 3289; x_wconf 85' lang='lat' dir='ltr'><strong>insula</strong></span> 
     </span>
    </p>
   </div>
   <div class='ocr_carea' id='block_1_76' title="bbox 1793 3314 3375 3388">
    <p class='ocr_par' dir='ltr' id='par_1_76' title="bbox 1793 3314 3375 3388">
     <span class='ocr_line' id='line_1_76' title="bbox 1793 3314 3375 3388; baseline 0.008 -19"><span class='ocrx_word' id='word_1_607' title='bbox 1793 3314 1947 3369; x_wconf 81' lang='lat' dir='ltr'><strong>factis</strong></span> <span class='ocrx_word' id='word_1_608' title='bbox 1996 3331 2091 3383; x_wconf 88' lang='lat' dir='ltr'><strong>per</strong></span> <span class='ocrx_word' id='word_1_609' title='bbox 2133 3316 2388 3386; x_wconf 87' lang='lat' dir='ltr'><strong>reliquias</strong></span> <span class='ocrx_word' id='word_1_610' title='bbox 2426 3319 2595 3371; x_wconf 89' lang='lat' dir='ltr'><strong>sancti</strong></span> <span class='ocrx_word' id='word_1_611' title='bbox 2641 3318 2936 3388; x_wconf 80' lang='lat' dir='ltr'><strong>Stephani;</strong></span> <span class='ocrx_word' id='word_1_612' title='bbox 2980 3322 3054 3375; x_wconf 92' lang='lat' dir='ltr'><strong>De</strong></span> <span class='ocrx_word' id='word_1_613' title='bbox 3103 3325 3375 3381; x_wconf 89' lang='lat' dir='ltr'><strong>miraculis</strong></span> 
     </span>
    </p>
   </div>
   <div class='ocr_carea' id='block_1_77' title="bbox 1794 3407 3376 3481">
    <p class='ocr_par' dir='ltr' id='par_1_77' title="bbox 1794 3407 3376 3481">
     <span class='ocr_line' id='line_1_77' title="bbox 1794 3407 3376 3481; baseline 0.005 -18"><span class='ocrx_word' id='word_1_614' title='bbox 1794 3409 1964 3463; x_wconf 80' lang='lat' dir='ltr'><strong>sancti</strong></span> <span class='ocrx_word' id='word_1_615' title='bbox 1995 3407 2254 3477; x_wconf 88' lang='lat' dir='ltr'><strong>Stephani</strong></span> <span class='ocrx_word' id='word_1_616' title='bbox 2292 3409 2387 3462; x_wconf 93' lang='lat' dir='ltr'><strong>lib.</strong></span> <span class='ocrx_word' id='word_1_617' title='bbox 2432 3409 2497 3475; x_wconf 92' lang='lat' dir='ltr'><strong>II,</strong></span> <span class='ocrx_word' id='word_1_618' title='bbox 2541 3410 2607 3464; x_wconf 88' lang='lat' dir='ltr'><strong>ad</strong></span> <span class='ocrx_word' id='word_1_619' title='bbox 2654 3412 2934 3466; x_wconf 79' lang='lat' dir='ltr'><strong>Evodium.</strong></span> <span class='ocrx_word' id='word_1_620' title='bbox 2968 3413 3186 3481; x_wconf 84' lang='lat' dir='ltr'><strong>(Lovan.</strong></span> <span class='ocrx_word' id='word_1_621' title='bbox 3228 3416 3294 3469; x_wconf 88' lang='lat' dir='ltr'><strong>T.</strong></span> <span class='ocrx_word' id='word_1_622' title='bbox 3327 3416 3376 3472; x_wconf 84' lang='lat' dir='ltr'><strong>X</strong></span> 
     </span>
    </p>
   </div>
   <div class='ocr_carea' id='block_1_78' title="bbox 1793 3497 3376 3574">
    <p class='ocr_par' dir='ltr' id='par_1_78' title="bbox 1793 3497 3376 3574">
     <span class='ocr_line' id='line_1_78' title="bbox 1793 3497 3376 3574; baseline 0.005 -21"><span class='ocrx_word' id='word_1_623' title='bbox 1793 3497 1961 3569; x_wconf 87' lang='lat' dir='ltr'><strong>App.)</strong></span> <span class='ocrx_word' id='word_1_624' title='bbox 1993 3528 2064 3538; x_wconf 92' lang='lat'><strong>-—</strong></span> <span class='ocrx_word' id='word_1_625' title='bbox 2093 3498 2363 3567; x_wconf 88' lang='lat' dir='ltr'><strong>Insignem</strong></span> <span class='ocrx_word' id='word_1_626' title='bbox 2397 3500 2551 3567; x_wconf 89' lang='lat' dir='ltr'><strong>plane</strong></span> <span class='ocrx_word' id='word_1_627' title='bbox 2579 3505 3069 3570; x_wconf 88' lang='lat' dir='ltr'><strong>tnanuscriptorum</strong></span> <span class='ocrx_word' id='word_1_628' title='bbox 3104 3508 3376 3574; x_wconf 82' lang='lat' dir='ltr'><strong>exempla-</strong></span> 
     </span>
    </p>
   </div>
   <div class='ocr_carea' id='block_1_79' title="bbox 1794 3588 3375 3659">
    <p class='ocr_par' dir='ltr' id='par_1_79' title="bbox 1794 3588 3375 3659">
     <span class='ocr_line' id='line_1_79' title="bbox 1794 3588 3375 3659; baseline 0.005 -15"><span class='ocrx_word' id='word_1_629' title='bbox 1794 3590 1932 3644; x_wconf 88' lang='lat' dir='ltr'><strong>rium</strong></span> <span class='ocrx_word' id='word_1_630' title='bbox 1977 3588 2211 3657; x_wconf 90' lang='lat' dir='ltr'><strong>copiam,</strong></span> <span class='ocrx_word' id='word_1_631' title='bbox 2253 3601 2411 3655; x_wconf 90' lang='lat' dir='ltr'><strong>quam</strong></span> <span class='ocrx_word' id='word_1_632' title='bbox 2453 3588 2557 3642; x_wconf 91' lang='lat' dir='ltr'><strong>hoc</strong></span> <span class='ocrx_word' id='word_1_633' title='bbox 2597 3604 2732 3657; x_wconf 88' lang='lat' dir='ltr'><strong>opus</strong></span> <span class='ocrx_word' id='word_1_634' title='bbox 2780 3601 2998 3659; x_wconf 87' lang='lat' dir='ltr'><strong>prepter</strong></span> <span class='ocrx_word' id='word_1_635' title='bbox 3031 3594 3375 3652; x_wconf 84' lang='lat' dir='ltr'><strong>multifariam</strong></span> 
     </span>
    </p>
   </div>
   <div class='ocr_carea' id='block_1_80' title="bbox 1795 3677 3377 3753">
    <p class='ocr_par' dir='ltr' id='par_1_80' title="bbox 1795 3677 3377 3753">
     <span class='ocr_line' id='line_1_80' title="bbox 1795 3677 3377 3753; baseline 0.004 -20"><span class='ocrx_word' id='word_1_636' title='bbox 1795 3679 2074 3734; x_wconf 90' lang='lat' dir='ltr'><strong>historiam</strong></span> <span class='ocrx_word' id='word_1_637' title='bbox 2109 3685 2165 3732; x_wconf 87' lang='lat' dir='ltr'><strong>et</strong></span> <span class='ocrx_word' id='word_1_638' title='bbox 2200 3677 2618 3733; x_wconf 87' lang='lat' dir='ltr'><strong>recouditiorem</strong></span> <span class='ocrx_word' id='word_1_639' title='bbox 2661 3679 2958 3736; x_wconf 86' lang='lat' dir='ltr'><strong>doctrinam</strong></span> <span class='ocrx_word' id='word_1_640' title='bbox 3001 3684 3314 3753; x_wconf 88' lang='lat' dir='ltr'><strong>postularet,</strong></span> <span class='ocrx_word' id='word_1_641' title='bbox 3347 3704 3377 3745; x_wconf 86' lang='lat' dir='ltr'><strong>a</strong></span> 
     </span>
    </p>
   </div>
   <div class='ocr_carea' id='block_1_81' title="bbox 1797 3770 3378 3846">
    <p class='ocr_par' dir='ltr' id='par_1_81' title="bbox 1797 3770 3378 3846">
     <span class='ocr_line' id='line_1_81' title="bbox 1797 3770 3378 3846; baseline 0.008 -21"><span class='ocrx_word' id='word_1_642' title='bbox 1797 3785 1856 3825; x_wconf 89' lang='lat' dir='ltr'><strong>se</strong></span> <span class='ocrx_word' id='word_1_643' title='bbox 1879 3771 2129 3826; x_wconf 87' lang='lat' dir='ltr'><strong>collatam</strong></span> <span class='ocrx_word' id='word_1_644' title='bbox 2155 3770 2321 3824; x_wconf 82' lang='lat' dir='ltr'><strong>fuisse</strong></span> <span class='ocrx_word' id='word_1_645' title='bbox 2351 3780 2617 3826; x_wconf 87' lang='lat' dir='ltr'><strong>testantur</strong></span> <span class='ocrx_word' id='word_1_646' title='bbox 2639 3773 2996 3830; x_wconf 89' lang='lat' dir='ltr'><strong>Benedictini.</strong></span> <span class='ocrx_word' id='word_1_647' title='bbox 3025 3777 3378 3846; x_wconf 85' lang='lat' dir='ltr'><strong>Repetierunt</strong></span> 
     </span>
    </p>
   </div>
   <div class='ocr_carea' id='block_1_82' title="bbox 1794 3864 3379 3939">
    <p class='ocr_par' dir='ltr' id='par_1_82' title="bbox 1794 3864 3379 3939">
     <span class='ocr_line' id='line_1_82' title="bbox 1794 3864 3379 3939; baseline 0.005 -20"><span class='ocrx_word' id='word_1_648' title='bbox 1794 3881 2008 3936; x_wconf 88' lang='lat' dir='ltr'><strong>quoque</strong></span> <span class='ocrx_word' id='word_1_649' title='bbox 2055 3864 2413 3935; x_wconf 76' lang='lat' dir='ltr'><strong>(.apimlorum</strong></span> <span class='ocrx_word' id='word_1_650' title='bbox 2450 3882 2566 3919; x_wconf 87' lang='lat' dir='ltr'><strong>cum</strong></span> <span class='ocrx_word' id='word_1_651' title='bbox 2601 3869 2913 3939; x_wconf 83' lang='lat' dir='ltr'><strong>argumentis</strong></span> <span class='ocrx_word' id='word_1_652' title='bbox 2949 3872 3057 3924; x_wconf 86' lang='lat' dir='ltr'><strong>suis</strong></span> <span class='ocrx_word' id='word_1_653' title='bbox 3093 3872 3379 3928; x_wconf 82' lang='lat' dir='ltr'><strong>distinctio-</strong></span> 
     </span>
    </p>
   </div>
   <div class='ocr_carea' id='block_1_83' title="bbox 1798 3956 3380 4031">
    <p class='ocr_par' dir='ltr' id='par_1_83' title="bbox 1798 3956 3380 4031">
     <span class='ocr_line' id='line_1_83' title="bbox 1798 3956 3380 4031; baseline 0.007 -22"><span class='ocrx_word' id='word_1_654' title='bbox 1798 3973 1933 4020; x_wconf 82' lang='lat' dir='ltr'><strong>nem,</strong></span> <span class='ocrx_word' id='word_1_655' title='bbox 1967 3965 2236 4025; x_wconf 86' lang='lat' dir='ltr'><strong>tamquam</strong></span> <span class='ocrx_word' id='word_1_656' title='bbox 2263 3956 2433 4024; x_wconf 89' lang='lat' dir='ltr'><strong>ipsius</strong></span> <span class='ocrx_word' id='word_1_657' title='bbox 2459 3958 2745 4028; x_wconf 88' lang='lat' dir='ltr'><strong>Augustini</strong></span> <span class='ocrx_word' id='word_1_658' title='bbox 2772 3974 2935 4028; x_wconf 89' lang='lat' dir='ltr'><strong>opera</strong></span> <span class='ocrx_word' id='word_1_659' title='bbox 2960 3971 3052 4016; x_wconf 91' lang='lat' dir='ltr'><strong>aut</strong></span> <span class='ocrx_word' id='word_1_660' title='bbox 3076 3963 3227 4031; x_wconf 88' lang='lat' dir='ltr'><strong>jussu</strong></span> <span class='ocrx_word' id='word_1_661' title='bbox 3252 3978 3380 4021; x_wconf 91' lang='lat' dir='ltr'><strong>con-</strong></span> 
     </span>
    </p>
   </div>
   <div class='ocr_carea' id='block_1_84' title="bbox 1798 4046 3379 4123">
    <p class='ocr_par' dir='ltr' id='par_1_84' title="bbox 1798 4046 3379 4123">
     <span class='ocr_line' id='line_1_84' title="bbox 1798 4046 3379 4123; baseline 0.01 -24"><span class='ocrx_word' id='word_1_662' title='bbox 1798 4046 2065 4101; x_wconf 89' lang='lat' dir='ltr'><strong>cinnatam</strong></span> <span class='ocrx_word' id='word_1_663' title='bbox 2092 4048 2350 4115; x_wconf 84' lang='lat' dir='ltr'><strong>Operique</strong></span> <span class='ocrx_word' id='word_1_664' title='bbox 2377 4049 2624 4104; x_wconf 90' lang='lat' dir='ltr'><strong>absoluto</strong></span> <span class='ocrx_word' id='word_1_665' title='bbox 2645 4050 2929 4119; x_wconf 86' lang='lat' dir='ltr'><strong>adjectam,</strong></span> <span class='ocrx_word' id='word_1_666' title='bbox 2962 4055 3105 4123; x_wconf 88' lang='lat' dir='ltr'><strong>quod</strong></span> <span class='ocrx_word' id='word_1_667' title='bbox 3131 4058 3379 4115; x_wconf 91' lang='lat' dir='ltr'><strong>codicum</strong></span> 
     </span>
    </p>
   </div>
   <div class='ocr_carea' id='block_1_85' title="bbox 1800 4147 3379 4209">
    <p class='ocr_par' dir='ltr' id='par_1_85' title="bbox 1800 4147 3379 4209">
     <span class='ocr_line' id='line_1_85' title="bbox 1800 4147 3379 4209; baseline 0.009 -18"><span class='ocrx_word' id='word_1_668' title='bbox 1800 4147 1921 4192; x_wconf 87' lang='lat' dir='ltr'><strong>ante</strong></span> <span class='ocrx_word' id='word_1_669' title='bbox 1962 4152 2135 4193; x_wconf 88' lang='lat' dir='ltr'><strong>annos</strong></span> <span class='ocrx_word' id='word_1_670' title='bbox 2179 4150 2480 4209; x_wconf 87' lang='lat' dir='ltr'><strong>nongentos</strong></span> <span class='ocrx_word' id='word_1_671' title='bbox 2510 4150 2850 4198; x_wconf 86' lang='lat' dir='ltr'><strong>cxaratorum</strong></span> <span class='ocrx_word' id='word_1_672' title='bbox 2883 4148 3194 4204; x_wconf 88' lang='lat' dir='ltr'><strong>testimonio</strong></span> <span class='ocrx_word' id='word_1_673' title='bbox 3225 4167 3379 4207; x_wconf 89' lang='lat' dir='ltr'><strong>com-</strong></span> 
     </span>
    </p>
   </div>
   <div class='ocr_carea' id='block_1_86' title="bbox 1800 4232 3377 4312">
    <p class='ocr_par' dir='ltr' id='par_1_86' title="bbox 1800 4232 3377 4312">
     <span class='ocr_line' id='line_1_86' title="bbox 1800 4232 3377 4312; baseline 0.008 -27"><span class='ocrx_word' id='word_1_674' title='bbox 1800 4232 2015 4300; x_wconf 87' lang='lat' dir='ltr'><strong>probari</strong></span> <span class='ocrx_word' id='word_1_675' title='bbox 2046 4232 2251 4286; x_wconf 89' lang='lat' dir='ltr'><strong>dicuut.</strong></span> <span class='ocrx_word' id='word_1_676' title='bbox 2286 4233 2364 4286; x_wconf 83' lang='lat' dir='ltr'><strong>Ex</strong></span> <span class='ocrx_word' id='word_1_677' title='bbox 2392 4233 2627 4289; x_wconf 89' lang='lat' dir='ltr'><strong>virorum</strong></span> <span class='ocrx_word' id='word_1_678' title='bbox 2657 4236 2922 4301; x_wconf 78' lang='lat' dir='ltr'><strong>dictorum</strong></span> <span class='ocrx_word' id='word_1_679' title='bbox 2952 4246 3377 4312; x_wconf 88' lang='lat' dir='ltr'><strong>commentariis,</strong></span> 
     </span>
    </p>
   </div>
   <div class='ocr_carea' id='block_1_87' title="bbox 1800 4321 3380 4401">
    <p class='ocr_par' dir='ltr' id='par_1_87' title="bbox 1800 4321 3380 4401">
     <span class='ocr_line' id='line_1_87' title="bbox 1800 4321 3380 4401; baseline 0.008 -27"><span class='ocrx_word' id='word_1_680' title='bbox 1800 4337 1918 4391; x_wconf 87' lang='lat' dir='ltr'><strong>quae</strong></span> <span class='ocrx_word' id='word_1_681' title='bbox 1965 4322 2017 4375; x_wconf 91' lang='lat' dir='ltr'><strong>in</strong></span> <span class='ocrx_word' id='word_1_682' title='bbox 2058 4321 2155 4377; x_wconf 92' lang='lat' dir='ltr'><strong>hos</strong></span> <span class='ocrx_word' id='word_1_683' title='bbox 2187 4323 2353 4379; x_wconf 90' lang='lat' dir='ltr'><strong>libros</strong></span> <span class='ocrx_word' id='word_1_684' title='bbox 2392 4334 2606 4380; x_wconf 82' lang='lat' dir='ltr'><strong>exstant</strong></span> <span class='ocrx_word' id='word_1_685' title='bbox 2646 4327 3010 4396; x_wconf 89' lang='lat' dir='ltr'><strong>uberioribus,</strong></span> <span class='ocrx_word' id='word_1_686' title='bbox 3044 4346 3149 4385; x_wconf 91' lang='lat' dir='ltr'><strong>non</strong></span> <span class='ocrx_word' id='word_1_687' title='bbox 3180 4333 3380 4401; x_wconf 80' lang='lat' dir='ltr'><strong>impro-</strong></span> 
     </span>
    </p>
   </div>
   <div class='ocr_carea' id='block_1_88' title="bbox 1800 4411 3379 4491">
    <p class='ocr_par' dir='ltr' id='par_1_88' title="bbox 1800 4411 3379 4491">
     <span class='ocr_line' id='line_1_88' title="bbox 1800 4411 3379 4491; baseline 0.009 -27"><span class='ocrx_word' id='word_1_688' title='bbox 1800 4411 1999 4475; x_wconf 90' lang='lat' dir='ltr'><strong>bando,</strong></span> <span class='ocrx_word' id='word_1_689' title='bbox 2030 4421 2090 4465; x_wconf 92' lang='lat' dir='ltr'><strong>ut</strong></span> <span class='ocrx_word' id='word_1_690' title='bbox 2125 4412 2278 4468; x_wconf 90' lang='lat' dir='ltr'><strong>nobis</strong></span> <span class='ocrx_word' id='word_1_691' title='bbox 2309 4415 2526 4484; x_wconf 90' lang='lat' dir='ltr'><strong>quidem</strong></span> <span class='ocrx_word' id='word_1_692' title='bbox 2556 4416 2790 4484; x_wconf 84' lang='lat' dir='ltr'><strong>videtur,</strong></span> <span class='ocrx_word' id='word_1_693' title='bbox 2828 4421 3080 4486; x_wconf 90' lang='lat' dir='ltr'><strong>consilio,</strong></span> <span class='ocrx_word' id='word_1_694' title='bbox 3112 4437 3379 4491; x_wconf 89' lang='lat' dir='ltr'><strong>perpauca</strong></span> 
     </span>
    </p>
   </div>
   <div class='ocr_carea' id='block_1_89' title="bbox 129 4490 3380 4588">
    <p class='ocr_par' dir='ltr' id='par_1_89' title="bbox 129 4490 3380 4588">
     <span class='ocr_line' id='line_1_89' title="bbox 129 4490 3380 4588; baseline 0.003 -30"><span class='ocrx_word' id='word_1_695' title='bbox 129 4490 437 4574; x_wconf 50' lang='grc' dir='ltr'><strong>ειη-ξειίαηᾷ,</strong></span> <span class='ocrx_word' id='word_1_696' title='bbox 475 4490 698 4588; x_wconf 42' lang='lat' dir='ltr'><strong>(Lamp,</strong></span> <span class='ocrx_word' id='word_1_697' title='bbox 733 4517 797 4572; x_wconf 72' lang='grc' dir='ltr'><strong>Τ,</strong></span> <span class='ocrx_word' id='word_1_698' title='bbox 837 4490 909 4571; x_wconf 59' lang='grc' dir='ltr'><strong>ἡ(</strong></span> <span class='ocrx_word' id='word_1_699' title='bbox 939 4516 1103 4587; x_wconf 56' lang='lat' dir='ltr'><strong>App.)</strong></span> <span class='ocrx_word' id='word_1_700' title='bbox 1137 4517 1211 4571; x_wconf 70' lang='lat' dir='ltr'><strong>De</strong></span> <span class='ocrx_word' id='word_1_701' title='bbox 1245 4515 1574 4570; x_wconf 59' lang='lat' dir='ltr'><strong>salutaribus</strong></span> <span class='ocrx_word' id='word_1_702' title='bbox 1602 4514 1699 4570; x_wconf 75' lang='lat' dir='ltr'><strong>do-</strong></span> <span class='ocrx_word' id='word_1_703' title='bbox 1723 4490 1777 4550; x_wconf 84' lang='lat' dir='ltr'><strong>D</strong></span> <span class='ocrx_word' id='word_1_704' title='bbox 1801 4502 2088 4558; x_wconf 89' lang='lat' dir='ltr'><strong>admodum</strong></span> <span class='ocrx_word' id='word_1_705' title='bbox 2130 4514 2386 4575; x_wconf 84' lang='lat' dir='ltr'><strong>excerpta</strong></span> <span class='ocrx_word' id='word_1_706' title='bbox 2431 4517 2578 4576; x_wconf 90' lang='lat' dir='ltr'><strong>sunt,</strong></span> <span class='ocrx_word' id='word_1_707' title='bbox 2618 4520 2674 4566; x_wconf 88' lang='lat' dir='ltr'><strong>et</strong></span> <span class='ocrx_word' id='word_1_708' title='bbox 2722 4513 2925 4568; x_wconf 87' lang='lat' dir='ltr'><strong>criticis</strong></span> <span class='ocrx_word' id='word_1_709' title='bbox 2973 4490 3173 4568; x_wconf 89' lang='lat' dir='ltr'><strong>notulis</strong></span> <span class='ocrx_word' id='word_1_710' title='bbox 3215 4490 3380 4568; x_wconf 86' lang='lat' dir='ltr'><strong>inter-</strong></span> 
     </span>
    </p>
   </div>
   <div class='ocr_carea' id='block_1_90' title="bbox 128 4606 1696 4679">
    <p class='ocr_par' dir='ltr' id='par_1_90' title="bbox 128 4606 1696 4679">
     <span class='ocr_line' id='line_1_90' title="bbox 128 4606 1696 4679; baseline -0.001 -18"><span class='ocrx_word' id='word_1_711' title='bbox 128 4610 392 4664; x_wconf 87' lang='lat' dir='ltr'><strong>cumentis.</strong></span> <span class='ocrx_word' id='word_1_712' title='bbox 428 4608 649 4679; x_wconf 84' lang='lat' dir='ltr'><strong>(Lovan.</strong></span> <span class='ocrx_word' id='word_1_713' title='bbox 678 4607 746 4663; x_wconf 90' lang='lat' dir='ltr'><strong>IV</strong></span> <span class='ocrx_word' id='word_1_714' title='bbox 769 4606 935 4677; x_wconf 90' lang='lat' dir='ltr'><strong>App.)</strong></span> <span class='ocrx_word' id='word_1_715' title='bbox 964 4607 1041 4662; x_wconf 91' lang='lat' dir='ltr'><strong>De</strong></span> <span class='ocrx_word' id='word_1_716' title='bbox 1070 4606 1350 4661; x_wconf 90' lang='lat' dir='ltr'><strong>duodecim</strong></span> <span class='ocrx_word' id='word_1_717' title='bbox 1378 4606 1696 4660; x_wconf 90' lang='lat' dir='ltr'><strong>abusionum</strong></span> 
     </span>
    </p>
   </div>
   <div class='ocr_carea' id='block_1_91' title="bbox 130 4698 1699 4771">
    <p class='ocr_par' dir='ltr' id='par_1_91' title="bbox 130 4698 1699 4771">
     <span class='ocr_line' id='line_1_91' title="bbox 130 4698 1699 4771; baseline 0.001 -19"><span class='ocrx_word' id='word_1_718' title='bbox 130 4699 381 4766; x_wconf 79' lang='lat' dir='ltr'><strong>gradibus.</strong></span> <span class='ocrx_word' id='word_1_719' title='bbox 435 4699 661 4771; x_wconf 80' lang='lat' dir='ltr'><strong>(Lovan.</strong></span> <span class='ocrx_word' id='word_1_720' title='bbox 695 4699 757 4753; x_wconf 92' lang='lat' dir='ltr'><strong>T.</strong></span> <span class='ocrx_word' id='word_1_721' title='bbox 790 4698 865 4754; x_wconf 87' lang='lat' dir='ltr'><strong>IX</strong></span> <span class='ocrx_word' id='word_1_722' title='bbox 903 4698 1069 4769; x_wconf 91' lang='lat' dir='ltr'><strong>App.)</strong></span> <span class='ocrx_word' id='word_1_723' title='bbox 1117 4699 1190 4753; x_wconf 90' lang='lat' dir='ltr'><strong>De</strong></span> <span class='ocrx_word' id='word_1_724' title='bbox 1218 4708 1425 4767; x_wconf 90' lang='lat' dir='ltr'><strong>septem</strong></span> <span class='ocrx_word' id='word_1_725' title='bbox 1470 4699 1613 4753; x_wconf 89' lang='lat' dir='ltr'><strong>vitiis</strong></span> <span class='ocrx_word' id='word_1_726' title='bbox 1645 4708 1699 4754; x_wconf 90' lang='lat' dir='ltr'><strong>et</strong></span> 
     </span>
    </p>
   </div>
   <div class='ocr_carea' id='block_1_92' title="bbox 129 4786 1699 4859">
    <p class='ocr_par' dir='ltr' id='par_1_92' title="bbox 129 4786 1699 4859">
     <span class='ocr_line' id='line_1_92' title="bbox 129 4786 1699 4859; baseline 0 -18"><span class='ocrx_word' id='word_1_727' title='bbox 129 4799 313 4859; x_wconf 88' lang='lat' dir='ltr'><strong>septem</strong></span> <span class='ocrx_word' id='word_1_728' title='bbox 353 4791 518 4846; x_wconf 93' lang='lat' dir='ltr'><strong>donis</strong></span> <span class='ocrx_word' id='word_1_729' title='bbox 556 4789 789 4859; x_wconf 90' lang='lat' dir='ltr'><strong>Spiritus</strong></span> <span class='ocrx_word' id='word_1_730' title='bbox 828 4789 1020 4843; x_wconf 83' lang='lat' dir='ltr'><strong>sancti.</strong></span> <span class='ocrx_word' id='word_1_731' title='bbox 1066 4786 1174 4859; x_wconf 78' lang='lat' dir='ltr'><strong>(Ea:</strong></span> <span class='ocrx_word' id='word_1_732' title='bbox 1207 4787 1561 4859; x_wconf 85' lang='lat' dir='ltr'><strong>supplemento</strong></span> <span class='ocrx_word' id='word_1_733' title='bbox 1604 4788 1699 4842; x_wconf 81' lang='lat' dir='ltr'><strong>Vi-</strong></span> 
     </span>
    </p>
   </div>
   <div class='ocr_carea' id='block_1_93' title="bbox 128 4881 1703 4955">
    <p class='ocr_par' dir='ltr' id='par_1_93' title="bbox 128 4881 1703 4955">
     <span class='ocr_line' id='line_1_93' title="bbox 128 4881 1703 4955; baseline 0.004 -23"><span class='ocrx_word' id='word_1_734' title='bbox 128 4885 321 4955; x_wconf 81' lang='lat' dir='ltr'><strong>gnerii.)</strong></span> <span class='ocrx_word' id='word_1_735' title='bbox 345 4886 425 4941; x_wconf 90' lang='lat' dir='ltr'><strong>De</strong></span> <span class='ocrx_word' id='word_1_736' title='bbox 443 4884 701 4940; x_wconf 86' lang='lat' dir='ltr'><strong>conﬂictu</strong></span> <span class='ocrx_word' id='word_1_737' title='bbox 726 4884 975 4939; x_wconf 89' lang='lat' dir='ltr'><strong>vitiorum</strong></span> <span class='ocrx_word' id='word_1_738' title='bbox 994 4892 1047 4937; x_wconf 89' lang='lat' dir='ltr'><strong>et</strong></span> <span class='ocrx_word' id='word_1_739' title='bbox 1076 4883 1360 4947; x_wconf 81' lang='lat' dir='ltr'><strong>virtutum;</strong></span> <span class='ocrx_word' id='word_1_740' title='bbox 1388 4882 1463 4936; x_wconf 89' lang='lat' dir='ltr'><strong>De</strong></span> <span class='ocrx_word' id='word_1_741' title='bbox 1484 4881 1703 4938; x_wconf 85' lang='lat' dir='ltr'><strong>Sobrie-</strong></span> 
     </span>
    </p>
   </div>
   <div class='ocr_carea' id='block_1_94' title="bbox 125 4971 1700 5044">
    <p class='ocr_par' dir='ltr' id='par_1_94' title="bbox 125 4971 1700 5044">
     <span class='ocr_line' id='line_1_94' title="bbox 125 4971 1700 5044; baseline 0.001 -19"><span class='ocrx_word' id='word_1_742' title='bbox 125 4980 224 5029; x_wconf 86' lang='lat' dir='ltr'><strong>tate</strong></span> <span class='ocrx_word' id='word_1_743' title='bbox 246 4986 295 5030; x_wconf 89' lang='lat' dir='ltr'><strong>et</strong></span> <span class='ocrx_word' id='word_1_744' title='bbox 320 4975 591 5031; x_wconf 88' lang='lat' dir='ltr'><strong>castitate.</strong></span> <span class='ocrx_word' id='word_1_745' title='bbox 626 4973 841 5044; x_wconf 86' lang='lat' dir='ltr'><strong>(Lovan.</strong></span> <span class='ocrx_word' id='word_1_746' title='bbox 868 4973 931 5029; x_wconf 85' lang='grc' dir='ltr'><strong>Τ.</strong></span> <span class='ocrx_word' id='word_1_747' title='bbox 964 4973 1035 5028; x_wconf 85' lang='lat' dir='ltr'><strong>IX</strong></span> <span class='ocrx_word' id='word_1_748' title='bbox 1055 4972 1221 5043; x_wconf 83' lang='lat' dir='ltr'><strong>App.)</strong></span> <span class='ocrx_word' id='word_1_749' title='bbox 1252 4971 1327 5026; x_wconf 91' lang='lat' dir='ltr'><strong>De</strong></span> <span class='ocrx_word' id='word_1_750' title='bbox 1347 4986 1471 5026; x_wconf 91' lang='lat' dir='ltr'><strong>vera</strong></span> <span class='ocrx_word' id='word_1_751' title='bbox 1494 4980 1547 5026; x_wconf 91' lang='lat' dir='ltr'><strong>et</strong></span> <span class='ocrx_word' id='word_1_752' title='bbox 1569 4972 1700 5027; x_wconf 82' lang='lat' dir='ltr'><strong>falsa</strong></span> 
     </span>
    </p>
   </div>
   <div class='ocr_carea' id='block_1_95' title="bbox 126 5060 1697 5135">
    <p class='ocr_par' dir='ltr' id='par_1_95' title="bbox 126 5060 1697 5135">
     <span class='ocr_line' id='line_1_95' title="bbox 126 5060 1697 5135; baseline 0 -17"><span class='ocrx_word' id='word_1_753' title='bbox 126 5066 451 5129; x_wconf 83' lang='lat' dir='ltr'><strong>poenitentia.</strong></span> <span class='ocrx_word' id='word_1_754' title='bbox 504 5064 723 5135; x_wconf 87' lang='lat' dir='ltr'><strong>(Lovan.</strong></span> <span class='ocrx_word' id='word_1_755' title='bbox 771 5064 835 5117; x_wconf 88' lang='grc' dir='ltr'><strong>Τ.</strong></span> <span class='ocrx_word' id='word_1_756' title='bbox 881 5063 949 5118; x_wconf 91' lang='lat' dir='ltr'><strong>IV</strong></span> <span class='ocrx_word' id='word_1_757' title='bbox 997 5062 1161 5133; x_wconf 87' lang='lat' dir='ltr'><strong>App.)</strong></span> <span class='ocrx_word' id='word_1_758' title='bbox 1208 5062 1286 5118; x_wconf 89' lang='lat' dir='ltr'><strong>De</strong></span> <span class='ocrx_word' id='word_1_759' title='bbox 1337 5060 1697 5130; x_wconf 88' lang='lat' dir='ltr'><strong>Antichristo;</strong></span> 
     </span>
    </p>
   </div>
   <div class='ocr_carea' id='block_1_96' title="bbox 126 5152 1699 5225">
    <p class='ocr_par' dir='ltr' id='par_1_96' title="bbox 126 5152 1699 5225">
     <span class='ocr_line' id='line_1_96' title="bbox 126 5152 1699 5225; baseline 0.002 -18"><span class='ocrx_word' id='word_1_760' title='bbox 126 5152 457 5221; x_wconf 82' lang='lat' dir='ltr'><strong>Psalterium,</strong></span> <span class='ocrx_word' id='word_1_761' title='bbox 480 5155 624 5225; x_wconf 88' lang='lat' dir='ltr'><strong>quod</strong></span> <span class='ocrx_word' id='word_1_762' title='bbox 650 5154 982 5223; x_wconf 87' lang='lat' dir='ltr'><strong>Augustinus</strong></span> <span class='ocrx_word' id='word_1_763' title='bbox 1009 5155 1165 5209; x_wconf 91' lang='lat' dir='ltr'><strong>matri</strong></span> <span class='ocrx_word' id='word_1_764' title='bbox 1188 5168 1300 5209; x_wconf 87' lang='lat' dir='ltr'><strong>suae</strong></span> <span class='ocrx_word' id='word_1_765' title='bbox 1327 5153 1699 5223; x_wconf 88' lang='lat' dir='ltr'><strong>composuisse</strong></span> 
     </span>
    </p>
   </div>
   <div class='ocr_carea' id='block_1_97' title="bbox 126 5245 1698 5318">
    <p class='ocr_par' dir='ltr' id='par_1_97' title="bbox 126 5245 1698 5318">
     <span class='ocr_line' id='line_1_97' title="bbox 126 5245 1698 5318; baseline 0.002 -18"><span class='ocrx_word' id='word_1_766' title='bbox 126 5245 318 5315; x_wconf 78' lang='lat' dir='ltr'><strong>fertur;</strong></span> <span class='ocrx_word' id='word_1_767' title='bbox 366 5248 650 5318; x_wconf 77' lang='lat' dir='ltr'><strong>Expositio</strong></span> <span class='ocrx_word' id='word_1_768' title='bbox 689 5246 888 5301; x_wconf 88' lang='lat' dir='ltr'><strong>cantici</strong></span> <span class='ocrx_word' id='word_1_769' title='bbox 934 5246 1263 5315; x_wconf 76' lang='lat' dir='ltr'><strong>Magniﬁcat;</strong></span> <span class='ocrx_word' id='word_1_770' title='bbox 1304 5247 1591 5303; x_wconf 84' lang='lat' dir='ltr'><strong>Tractatus</strong></span> <span class='ocrx_word' id='word_1_771' title='bbox 1632 5247 1698 5303; x_wconf 88' lang='lat' dir='ltr'><strong>de</strong></span> 
     </span>
    </p>
   </div>
   <div class='ocr_carea' id='block_1_98' title="bbox 125 5337 1695 5410">
    <p class='ocr_par' dir='ltr' id='par_1_98' title="bbox 125 5337 1695 5410">
     <span class='ocr_line' id='line_1_98' title="bbox 125 5337 1695 5410; baseline 0.003 -19"><span class='ocrx_word' id='word_1_772' title='bbox 125 5338 495 5410; x_wconf 83' lang='lat' dir='ltr'><strong>Assumptione</strong></span> <span class='ocrx_word' id='word_1_773' title='bbox 527 5340 587 5393; x_wconf 88' lang='grc' dir='ltr'><strong>Β.</strong></span> <span class='ocrx_word' id='word_1_774' title='bbox 621 5339 837 5404; x_wconf 69' lang='lat' dir='ltr'><strong>Marias;</strong></span> <span class='ocrx_word' id='word_1_775' title='bbox 888 5337 969 5392; x_wconf 92' lang='lat' dir='ltr'><strong>De</strong></span> <span class='ocrx_word' id='word_1_776' title='bbox 1012 5339 1316 5395; x_wconf 89' lang='lat' dir='ltr'><strong>visitatione</strong></span> <span class='ocrx_word' id='word_1_777' title='bbox 1359 5341 1695 5396; x_wconf 84' lang='lat' dir='ltr'><strong>inﬁrmorum</strong></span> 
     </span>
    </p>
   </div>
   <div class='ocr_carea' id='block_1_99' title="bbox 128 5429 1700 5506">
    <p class='ocr_par' dir='ltr' id='par_1_99' title="bbox 128 5429 1700 5506">
     <span class='ocr_line' id='line_1_99' title="bbox 128 5429 1700 5506; baseline 0.003 -23"><span class='ocrx_word' id='word_1_778' title='bbox 128 5429 211 5485; x_wconf 89' lang='lat' dir='ltr'><strong>lib.</strong></span> <span class='ocrx_word' id='word_1_779' title='bbox 234 5432 308 5499; x_wconf 93' lang='lat' dir='ltr'><strong>II;</strong></span> <span class='ocrx_word' id='word_1_780' title='bbox 339 5434 414 5489; x_wconf 87' lang='lat' dir='ltr'><strong>De</strong></span> <span class='ocrx_word' id='word_1_781' title='bbox 440 5432 764 5488; x_wconf 90' lang='lat' dir='ltr'><strong>rectitudine</strong></span> <span class='ocrx_word' id='word_1_782' title='bbox 792 5430 1075 5486; x_wconf 54' lang='lat' dir='ltr'><strong>catholica</strong></span> <span class='ocrx_word' id='word_1_783' title='bbox 1099 5434 1542 5489; x_wconf 89' lang='lat' dir='ltr'><strong>conversationis.</strong></span> <span class='ocrx_word' id='word_1_784' title='bbox 1572 5435 1700 5506; x_wconf 87' lang='lat' dir='ltr'><strong>(Lo-</strong></span> 
     </span>
    </p>
   </div>
   <div class='ocr_carea' id='block_1_100' title="bbox 126 5523 1698 5597">
    <p class='ocr_par' dir='ltr' id='par_1_100' title="bbox 126 5523 1698 5597">
     <span class='ocr_line' id='line_1_100' title="bbox 126 5523 1698 5597; baseline 0.007 -24"><span class='ocrx_word' id='word_1_785' title='bbox 126 5537 232 5578; x_wconf 71' lang='lat' dir='ltr'><strong>van.</strong></span> <span class='ocrx_word' id='word_1_786' title='bbox 254 5525 321 5579; x_wconf 82' lang='grc' dir='ltr'><strong>Τ.</strong></span> <span class='ocrx_word' id='word_1_787' title='bbox 340 5525 411 5579; x_wconf 86' lang='lat' dir='ltr'><strong>IX</strong></span> <span class='ocrx_word' id='word_1_788' title='bbox 429 5524 593 5596; x_wconf 83' lang='lat' dir='ltr'><strong>App.)</strong></span> <span class='ocrx_word' id='word_1_789' title='bbox 617 5524 693 5580; x_wconf 84' lang='lat' dir='ltr'><strong>De</strong></span> <span class='ocrx_word' id='word_1_790' title='bbox 715 5524 997 5596; x_wconf 84' lang='lat' dir='ltr'><strong>Symbolo.</strong></span> <span class='ocrx_word' id='word_1_791' title='bbox 1026 5523 1243 5595; x_wconf 85' lang='lat' dir='ltr'><strong>(Lovan.</strong></span> <span class='ocrx_word' id='word_1_792' title='bbox 1269 5526 1331 5581; x_wconf 91' lang='lat' dir='ltr'><strong>T.</strong></span> <span class='ocrx_word' id='word_1_793' title='bbox 1358 5526 1404 5581; x_wconf 89' lang='lat' dir='ltr'><strong>X</strong></span> <span class='ocrx_word' id='word_1_794' title='bbox 1425 5525 1590 5597; x_wconf 88' lang='lat' dir='ltr'><strong>App.)</strong></span> <span class='ocrx_word' id='word_1_795' title='bbox 1622 5528 1698 5584; x_wconf 91' lang='lat' dir='ltr'><strong>De</strong></span> 
     </span>
    </p>
   </div>
   <div class='ocr_carea' id='block_1_101' title="bbox 125 5615 1696 5690">
    <p class='ocr_par' dir='ltr' id='par_1_101' title="bbox 125 5615 1696 5690">
     <span class='ocr_line' id='line_1_101' title="bbox 125 5615 1696 5690; baseline 0.004 -22"><span class='ocrx_word' id='word_1_796' title='bbox 125 5628 213 5669; x_wconf 86' lang='lat' dir='ltr'><strong>esu</strong></span> <span class='ocrx_word' id='word_1_797' title='bbox 233 5616 400 5683; x_wconf 74' lang='lat' dir='ltr'><strong>Agni&#39;</strong></span> <span class='ocrx_word' id='word_1_798' title='bbox 427 5618 721 5673; x_wconf 88' lang='lat' dir='ltr'><strong>Sermones</strong></span> <span class='ocrx_word' id='word_1_799' title='bbox 737 5616 803 5672; x_wconf 89' lang='lat' dir='ltr'><strong>ad</strong></span> <span class='ocrx_word' id='word_1_800' title='bbox 824 5615 1150 5687; x_wconf 87' lang='lat' dir='ltr'><strong>Neophytos.</strong></span> <span class='ocrx_word' id='word_1_801' title='bbox 1177 5615 1303 5689; x_wconf 89' lang='lat' dir='ltr'><strong>(Ed.</strong></span> <span class='ocrx_word' id='word_1_802' title='bbox 1331 5616 1455 5673; x_wconf 87' lang='lat' dir='ltr'><strong>Par.</strong></span> <span class='ocrx_word' id='word_1_803' title='bbox 1484 5618 1533 5673; x_wconf 89' lang='lat' dir='ltr'><strong>X</strong></span> <span class='ocrx_word' id='word_1_804' title='bbox 1557 5619 1696 5690; x_wconf 90' lang='lat' dir='ltr'><strong>App.</strong></span> 
     </span>
    </p>
   </div>
   <div class='ocr_carea' id='block_1_102' title="bbox 123 5706 1695 5781">
    <p class='ocr_par' dir='ltr' id='par_1_102' title="bbox 123 5706 1695 5781">
     <span class='ocr_line' id='line_1_102' title="bbox 123 5706 1695 5781; baseline 0.001 -14"><span class='ocrx_word' id='word_1_805' title='bbox 123 5706 163 5767; x_wconf 75' lang='grc' dir='ltr'><strong><em>Δ</em></strong></span> <span class='ocrx_word' id='word_1_806' title='bbox 188 5709 309 5765; x_wconf 81' lang='lat' dir='ltr'><strong>Jac.</strong></span> <span class='ocrx_word' id='word_1_807' title='bbox 336 5710 612 5769; x_wconf 79' lang='lat' dir='ltr'><strong>Simondo</strong></span> <span class='ocrx_word' id='word_1_808' title='bbox 638 5708 808 5779; x_wconf 83' lang='lat' dir='ltr'><strong>editi.)</strong></span> <span class='ocrx_word' id='word_1_809' title='bbox 841 5711 917 5769; x_wconf 85' lang='lat' dir='ltr'><strong>De</strong></span> <span class='ocrx_word' id='word_1_810' title='bbox 937 5709 1213 5768; x_wconf 83' lang='lat' dir='ltr'><strong>creatione</strong></span> <span class='ocrx_word' id='word_1_811' title='bbox 1238 5711 1392 5781; x_wconf 87' lang='lat' dir='ltr'><strong>primi</strong></span> <span class='ocrx_word' id='word_1_812' title='bbox 1423 5711 1695 5778; x_wconf 89' lang='lat' dir='ltr'><strong>hominis;</strong></span> 
     </span>
    </p>
   </div>
   <div class='ocr_carea' id='block_1_103' title="bbox 1386 5806 1480 5835">
    <p class='ocr_par' dir='ltr' id='par_1_103' title="bbox 1386 5806 1480 5835">
     <span class='ocr_line' id='line_1_103' title="bbox 1386 5806 1480 5835; baseline 0 0"><span class='ocrx_word' id='word_1_813' title='bbox 1386 5806 1393 5835; x_wconf 79' lang='lat' dir='ltr'><strong>l</strong></span> <span class='ocrx_word' id='word_1_814' title='bbox 1475 5829 1480 5835; x_wconf 90' lang='lat'><strong>.</strong></span> 
     </span>
    </p>
   </div>
   <div class='ocr_carea' id='block_1_104' title="bbox 1799 4608 2011 4664">
    <p class='ocr_par' dir='ltr' id='par_1_104' title="bbox 1799 4608 2011 4664">
     <span class='ocr_line' id='line_1_104' title="bbox 1799 4608 2011 4664; baseline 0 -17"><span class='ocrx_word' id='word_1_815' title='bbox 1799 4608 2011 4664; x_wconf 87' lang='lat' dir='ltr'><strong>spersa.</strong></span> 
     </span>
    </p>
   </div>
   <div class='ocr_carea' id='block_1_105' title="bbox 1877 4688 3377 4764">
    <p class='ocr_par' dir='ltr' id='par_1_105' title="bbox 1877 4688 3377 4764">
     <span class='ocr_line' id='line_1_105' title="bbox 1877 4688 3377 4764; baseline 0.008 -23"><span class='ocrx_word' id='word_1_816' title='bbox 1877 4688 2035 4742; x_wconf 86' lang='lat' dir='ltr'><strong>Tomo</strong></span> <span class='ocrx_word' id='word_1_817' title='bbox 2085 4698 2260 4745; x_wconf 80' lang='lat' dir='ltr'><strong>octavo</strong></span> <span class='ocrx_word' id='word_1_818' title='bbox 2310 4705 2473 4761; x_wconf 89' lang='lat' dir='ltr'><strong>opera</strong></span> <span class='ocrx_word' id='word_1_819' title='bbox 2517 4693 2783 4763; x_wconf 88' lang='lat' dir='ltr'><strong>polemica</strong></span> <span class='ocrx_word' id='word_1_820' title='bbox 2832 4696 3094 4749; x_wconf 87' lang='lat' dir='ltr'><strong>adversus</strong></span> <span class='ocrx_word' id='word_1_821' title='bbox 3143 4695 3377 4764; x_wconf 80' lang='lat' dir='ltr'><strong>Iudaeos,</strong></span> 
     </span>
    </p>
   </div>
   <div class='ocr_carea' id='block_1_106' title="bbox 1802 4781 3381 4859">
    <p class='ocr_par' dir='ltr' id='par_1_106' title="bbox 1802 4781 3381 4859">
     <span class='ocr_line' id='line_1_106' title="bbox 1802 4781 3381 4859; baseline 0.007 -23"><span class='ocrx_word' id='word_1_822' title='bbox 1802 4781 2149 4854; x_wconf 67' lang='lat' dir='ltr'><strong>Manichaaos,</strong></span> <span class='ocrx_word' id='word_1_823' title='bbox 2182 4782 2621 4843; x_wconf 86' lang='lat' dir='ltr'><strong>Priscillianistas</strong></span> <span class='ocrx_word' id='word_1_824' title='bbox 2648 4799 2703 4842; x_wconf 92' lang='lat' dir='ltr'><strong>et</strong></span> <span class='ocrx_word' id='word_1_825' title='bbox 2725 4787 2977 4852; x_wconf 88' lang='lat' dir='ltr'><strong>Arianos,</strong></span> <span class='ocrx_word' id='word_1_826' title='bbox 3010 4801 3129 4842; x_wconf 91' lang='lat' dir='ltr'><strong>cum</strong></span> <span class='ocrx_word' id='word_1_827' title='bbox 3160 4793 3381 4859; x_wconf 81' lang='lat' dir='ltr'><strong>praeﬁxo</strong></span> 
     </span>
    </p>
   </div>
   <div class='ocr_carea' id='block_1_107' title="bbox 1806 4873 3382 4944">
    <p class='ocr_par' dir='ltr' id='par_1_107' title="bbox 1806 4873 3382 4944">
     <span class='ocr_line' id='line_1_107' title="bbox 1806 4873 3382 4944; baseline 0.006 -17"><span class='ocrx_word' id='word_1_828' title='bbox 1806 4873 1858 4927; x_wconf 89' lang='lat' dir='ltr'><strong>in</strong></span> <span class='ocrx_word' id='word_1_829' title='bbox 1888 4875 2065 4943; x_wconf 85' lang='lat' dir='ltr'><strong>capite</strong></span> <span class='ocrx_word' id='word_1_830' title='bbox 2093 4876 2234 4930; x_wconf 90' lang='lat' dir='ltr'><strong>libro</strong></span> <span class='ocrx_word' id='word_1_831' title='bbox 2262 4877 2329 4931; x_wconf 90' lang='lat' dir='ltr'><strong>de</strong></span> <span class='ocrx_word' id='word_1_832' title='bbox 2360 4878 2655 4932; x_wconf 63' lang='lat' dir='ltr'><strong>haeresibus</strong></span> <span class='ocrx_word' id='word_1_833' title='bbox 2683 4887 2737 4930; x_wconf 90' lang='lat' dir='ltr'><strong>et</strong></span> <span class='ocrx_word' id='word_1_834' title='bbox 2766 4875 3033 4944; x_wconf 86' lang='lat' dir='ltr'><strong>adjunctis</strong></span> <span class='ocrx_word' id='word_1_835' title='bbox 3057 4879 3110 4933; x_wconf 90' lang='lat' dir='ltr'><strong>iu</strong></span> <span class='ocrx_word' id='word_1_836' title='bbox 3144 4883 3289 4936; x_wconf 84' lang='lat' dir='ltr'><strong>calce</strong></span> <span class='ocrx_word' id='word_1_837' title='bbox 3320 4883 3382 4936; x_wconf 91' lang='lat' dir='ltr'><strong>li-</strong></span> 
     </span>
    </p>
   </div>
   <div class='ocr_carea' id='block_1_108' title="bbox 1803 4965 3382 5041">
    <p class='ocr_par' dir='ltr' id='par_1_108' title="bbox 1803 4965 3382 5041">
     <span class='ocr_line' id='line_1_108' title="bbox 1803 4965 3382 5041; baseline 0.006 -20"><span class='ocrx_word' id='word_1_838' title='bbox 1803 4965 1917 5021; x_wconf 90' lang='lat' dir='ltr'><strong>bris</strong></span> <span class='ocrx_word' id='word_1_839' title='bbox 1942 4966 2010 5019; x_wconf 90' lang='lat' dir='ltr'><strong>de</strong></span> <span class='ocrx_word' id='word_1_840' title='bbox 2039 4965 2325 5032; x_wconf 89' lang='lat' dir='ltr'><strong>Trinitate,</strong></span> <span class='ocrx_word' id='word_1_841' title='bbox 2354 4967 2676 5021; x_wconf 80' lang='lat' dir='ltr'><strong>exhibentur</strong></span> <span class='ocrx_word' id='word_1_842' title='bbox 2712 4983 2726 5022; x_wconf 92' lang='lat'>:</span> <span class='ocrx_word' id='word_1_843' title='bbox 2764 4996 2833 5005; x_wconf 95' lang='lat'><strong>—</strong></span> <span class='ocrx_word' id='word_1_844' title='bbox 2864 4967 2937 5025; x_wconf 92' lang='lat' dir='ltr'><strong>De</strong></span> <span class='ocrx_word' id='word_1_845' title='bbox 2968 4969 3283 5041; x_wconf 84' lang='lat' dir='ltr'><strong>haeresibus,</strong></span> <span class='ocrx_word' id='word_1_846' title='bbox 3316 4976 3382 5029; x_wconf 86' lang='lat' dir='ltr'><strong>ad</strong></span> 
     </span>
    </p>
   </div>
   <div class='ocr_carea' id='block_1_109' title="bbox 1803 5055 3380 5130">
    <p class='ocr_par' dir='ltr' id='par_1_109' title="bbox 1803 5055 3380 5130">
     <span class='ocr_line' id='line_1_109' title="bbox 1803 5055 3380 5130; baseline 0.008 -21"><span class='ocrx_word' id='word_1_847' title='bbox 1803 5055 2252 5123; x_wconf 86' lang='lat' dir='ltr'><strong>Quoldvultdeum</strong></span> <span class='ocrx_word' id='word_1_848' title='bbox 2288 5055 2381 5108; x_wconf 88' lang='lat' dir='ltr'><strong>lib.</strong></span> <span class='ocrx_word' id='word_1_849' title='bbox 2424 5056 2472 5121; x_wconf 93' lang='lat' dir='ltr'><strong>I;</strong></span> <span class='ocrx_word' id='word_1_850' title='bbox 2517 5056 2799 5113; x_wconf 88' lang='lat' dir='ltr'><strong>Tractatus</strong></span> <span class='ocrx_word' id='word_1_851' title='bbox 2838 5061 3096 5118; x_wconf 89' lang='lat' dir='ltr'><strong>adversus</strong></span> <span class='ocrx_word' id='word_1_852' title='bbox 3135 5065 3380 5130; x_wconf 68' lang='lat' dir='ltr'><strong>Iudaeos;</strong></span> 
     </span>
    </p>
   </div>
   <div class='ocr_carea' id='block_1_110' title="bbox 1802 5146 3374 5221">
    <p class='ocr_par' dir='ltr' id='par_1_110' title="bbox 1802 5146 3374 5221">
     <span class='ocr_line' id='line_1_110' title="bbox 1802 5146 3374 5221; baseline 0.006 -18"><span class='ocrx_word' id='word_1_853' title='bbox 1802 5148 1879 5205; x_wconf 91' lang='lat' dir='ltr'><strong>De</strong></span> <span class='ocrx_word' id='word_1_854' title='bbox 1902 5148 2133 5203; x_wconf 90' lang='lat' dir='ltr'><strong>utilitate</strong></span> <span class='ocrx_word' id='word_1_855' title='bbox 2159 5146 2448 5214; x_wconf 89' lang='lat' dir='ltr'><strong>credendi;</strong></span> <span class='ocrx_word' id='word_1_856' title='bbox 2480 5149 2547 5204; x_wconf 89' lang='lat' dir='ltr'><strong>ad</strong></span> <span class='ocrx_word' id='word_1_857' title='bbox 2576 5149 2906 5208; x_wconf 85' lang='lat' dir='ltr'><strong>Honoratum</strong></span> <span class='ocrx_word' id='word_1_858' title='bbox 2938 5154 3037 5211; x_wconf 86' lang='lat' dir='ltr'><strong>lib.</strong></span> <span class='ocrx_word' id='word_1_859' title='bbox 3066 5155 3115 5221; x_wconf 92' lang='lat' dir='ltr'><strong>I;</strong></span> <span class='ocrx_word' id='word_1_860' title='bbox 3148 5158 3223 5211; x_wconf 93' lang='lat' dir='ltr'><strong>De</strong></span> <span class='ocrx_word' id='word_1_861' title='bbox 3253 5160 3374 5212; x_wconf 88' lang='lat' dir='ltr'><strong>dua-</strong></span> 
     </span>
    </p>
   </div>
   <div class='ocr_carea' id='block_1_111' title="bbox 1774 5241 3384 5314">
    <p class='ocr_par' dir='ltr' id='par_1_111' title="bbox 1774 5241 3384 5314">
     <span class='ocr_line' id='line_1_111' title="bbox 1774 5241 3384 5314; baseline 0.004 -16"><span class='ocrx_word' id='word_1_862' title='bbox 1774 5243 1903 5299; x_wconf 75' lang='lat' dir='ltr'><strong>‘bus</strong></span> <span class='ocrx_word' id='word_1_863' title='bbox 1949 5241 2229 5297; x_wconf 89' lang='lat' dir='ltr'><strong>animabus</strong></span> <span class='ocrx_word' id='word_1_864' title='bbox 2267 5250 2457 5297; x_wconf 91' lang='lat' dir='ltr'><strong>contra</strong></span> <span class='ocrx_word' id='word_1_865' title='bbox 2505 5243 2827 5300; x_wconf 83' lang='lat' dir='ltr'><strong>Manichaeos</strong></span> <span class='ocrx_word' id='word_1_866' title='bbox 2868 5248 2959 5303; x_wconf 89' lang='lat' dir='ltr'><strong>lib.</strong></span> <span class='ocrx_word' id='word_1_867' title='bbox 3009 5249 3057 5314; x_wconf 93' lang='lat' dir='ltr'><strong>I;</strong></span> <span class='ocrx_word' id='word_1_868' title='bbox 3106 5248 3239 5303; x_wconf 87' lang='lat' dir='ltr'><strong>Acta</strong></span> <span class='ocrx_word' id='word_1_869' title='bbox 3288 5264 3384 5305; x_wconf 60' lang='lat' dir='ltr'><strong>seu</strong></span> 
     </span>
    </p>
   </div>
   <div class='ocr_carea' id='block_1_112' title="bbox 1801 5328 3381 5406">
    <p class='ocr_par' dir='ltr' id='par_1_112' title="bbox 1801 5328 3381 5406">
     <span class='ocr_line' id='line_1_112' title="bbox 1801 5328 3381 5406; baseline 0.002 -17"><span class='ocrx_word' id='word_1_870' title='bbox 1801 5328 2107 5405; x_wconf 88' lang='lat' dir='ltr'><strong>Disputatio</strong></span> <span class='ocrx_word' id='word_1_871' title='bbox 2149 5343 2336 5390; x_wconf 89' lang='lat' dir='ltr'><strong>contra</strong></span> <span class='ocrx_word' id='word_1_872' title='bbox 2384 5335 2741 5393; x_wconf 89' lang='lat' dir='ltr'><strong>Fortunatum</strong></span> <span class='ocrx_word' id='word_1_873' title='bbox 2784 5339 3133 5396; x_wconf 80' lang='lat' dir='ltr'><strong>Manichacum</strong></span> <span class='ocrx_word' id='word_1_874' title='bbox 3182 5340 3277 5393; x_wconf 92' lang='lat' dir='ltr'><strong>lib.</strong></span> <span class='ocrx_word' id='word_1_875' title='bbox 3329 5338 3381 5406; x_wconf 90' lang='lat' dir='ltr'><strong>I;</strong></span> 
     </span>
    </p>
   </div>
   <div class='ocr_carea' id='block_1_113' title="bbox 1799 5428 3382 5502">
    <p class='ocr_par' dir='ltr' id='par_1_113' title="bbox 1799 5428 3382 5502">
     <span class='ocr_line' id='line_1_113' title="bbox 1799 5428 3382 5502; baseline 0.002 -17"><span class='ocrx_word' id='word_1_876' title='bbox 1799 5430 2000 5485; x_wconf 88' lang='lat' dir='ltr'><strong>Contra</strong></span> <span class='ocrx_word' id='word_1_877' title='bbox 2024 5428 2367 5485; x_wconf 89' lang='lat' dir='ltr'><strong>Adimantum</strong></span> <span class='ocrx_word' id='word_1_878' title='bbox 2390 5430 2666 5486; x_wconf 68' lang='lat' dir='ltr'><strong>Manichaai</strong></span> <span class='ocrx_word' id='word_1_879' title='bbox 2687 5432 3016 5502; x_wconf 90' lang='lat' dir='ltr'><strong>discipulum</strong></span> <span class='ocrx_word' id='word_1_880' title='bbox 3038 5431 3132 5484; x_wconf 93' lang='lat' dir='ltr'><strong>lib.</strong></span> <span class='ocrx_word' id='word_1_881' title='bbox 3163 5431 3211 5494; x_wconf 81' lang='lat' dir='ltr'><strong>I;</strong></span> <span class='ocrx_word' id='word_1_882' title='bbox 3242 5428 3382 5487; x_wconf 85' lang='lat' dir='ltr'><strong>Con-</strong></span> 
     </span>
    </p>
   </div>
   <div class='ocr_carea' id='block_1_114' title="bbox 1802 5521 3385 5594">
    <p class='ocr_par' dir='ltr' id='par_1_114' title="bbox 1802 5521 3385 5594">
     <span class='ocr_line' id='line_1_114' title="bbox 1802 5521 3385 5594; baseline 0.003 -18"><span class='ocrx_word' id='word_1_883' title='bbox 1802 5522 2205 5591; x_wconf 62' lang='lat' dir='ltr'><strong>tra,epistolam</strong></span> <span class='ocrx_word' id='word_1_884' title='bbox 2242 5522 2541 5590; x_wconf 70' lang='lat' dir='ltr'><strong>Maniebazi,</strong></span> <span class='ocrx_word' id='word_1_885' title='bbox 2589 5540 2747 5594; x_wconf 89' lang='lat' dir='ltr'><strong>quam</strong></span> <span class='ocrx_word' id='word_1_886' title='bbox 2792 5530 2989 5577; x_wconf 87' lang='lat' dir='ltr'><strong>vocant</strong></span> <span class='ocrx_word' id='word_1_887' title='bbox 3026 5521 3385 5586; x_wconf 60' lang='lat' dir='ltr'><strong>Fundamentf</strong></span> 
     </span>
    </p>
   </div>
   <div class='ocr_carea' id='block_1_115' title="bbox 1801 5613 3384 5683">
    <p class='ocr_par' dir='ltr' id='par_1_115' title="bbox 1801 5613 3384 5683">
     <span class='ocr_line' id='line_1_115' title="bbox 1801 5613 3384 5683; baseline 0.003 -12"><span class='ocrx_word' id='word_1_888' title='bbox 1801 5616 1897 5674; x_wconf 88' lang='lat' dir='ltr'><strong>lib.</strong></span> <span class='ocrx_word' id='word_1_889' title='bbox 1927 5616 1981 5683; x_wconf 92' lang='lat' dir='ltr'><strong>I;</strong></span> <span class='ocrx_word' id='word_1_890' title='bbox 2005 5616 2204 5673; x_wconf 90' lang='lat' dir='ltr'><strong>Contra</strong></span> <span class='ocrx_word' id='word_1_891' title='bbox 2232 5615 2490 5672; x_wconf 85' lang='lat' dir='ltr'><strong>Faustum</strong></span> <span class='ocrx_word' id='word_1_892' title='bbox 2523 5618 2878 5672; x_wconf 76' lang='lat' dir='ltr'><strong>Manichaeum</strong></span> <span class='ocrx_word' id='word_1_893' title='bbox 2903 5614 2999 5670; x_wconf 91' lang='lat' dir='ltr'><strong>lib.</strong></span> <span class='ocrx_word' id='word_1_894' title='bbox 3030 5613 3278 5683; x_wconf 78' lang='lat' dir='ltr'><strong>XXXIII;</strong></span> <span class='ocrx_word' id='word_1_895' title='bbox 3309 5618 3384 5675; x_wconf 79' lang='lat' dir='ltr'><strong>De</strong></span> 
     </span>
    </p>
   </div>
   <div class='ocr_carea' id='block_1_116' title="bbox 1802 5707 3385 5779">
    <p class='ocr_par' dir='ltr' id='par_1_116' title="bbox 1802 5707 3385 5779">
     <span class='ocr_line' id='line_1_116' title="bbox 1802 5707 3385 5779; baseline -0.001 -9"><span class='ocrx_word' id='word_1_896' title='bbox 1802 5713 1953 5770; x_wconf 85' lang='lat' dir='ltr'><strong>Actis</strong></span> <span class='ocrx_word' id='word_1_897' title='bbox 1981 5725 2104 5767; x_wconf 91' lang='lat' dir='ltr'><strong>cum</strong></span> <span class='ocrx_word' id='word_1_898' title='bbox 2143 5709 2326 5767; x_wconf 87' lang='lat' dir='ltr'><strong>Felice</strong></span> <span class='ocrx_word' id='word_1_899' title='bbox 2365 5709 2659 5768; x_wconf 80' lang='lat' dir='ltr'><strong>Manichaee</strong></span> <span class='ocrx_word' id='word_1_900' title='bbox 2700 5708 2796 5766; x_wconf 92' lang='lat' dir='ltr'><strong>lib.</strong></span> <span class='ocrx_word' id='word_1_901' title='bbox 2829 5707 2902 5779; x_wconf 92' lang='lat' dir='ltr'><strong>Il;</strong></span> <span class='ocrx_word' id='word_1_902' title='bbox 2936 5708 3014 5768; x_wconf 87' lang='lat' dir='ltr'><strong>De</strong></span> <span class='ocrx_word' id='word_1_903' title='bbox 3042 5717 3232 5770; x_wconf 69' lang='lat' dir='ltr'><strong>natura</strong></span> <span class='ocrx_word' id='word_1_904' title='bbox 3259 5709 3385 5769; x_wconf 83' lang='lat' dir='ltr'><strong>boni</strong></span> 
     </span>
    </p>
   </div>
  </div>
