3882 6336
460 342 530 406 99
1337 324 1898 390 SUPPLEMENTUM
1944 323 2031 382 ao
2069 321 2303 380 OPERA
2342 322 2399 383 s.
2442 321 2835 382 AUGUSTINI.
2987 291 2995 298 ’
3636 328 3717 383 ιω

463 466 652 515 contra
684 452 1009 511 Manichacus
1038 449 1136 506 lib.
1176 447 1229 513 l;
1262 443 1461 501 Contra
1492 442 1862 500 Secundinum
1891 438 2050 496 Manl-
2087 436 2141 501 Α
2165 452 2284 492 rum
2309 437 2375 492 ad
2400 438 2724 508 Prosperum
2755 448 2807 493 et
2837 438 3094 495 Hilarium
3128 439 3162 494 l.
3199 438 3251 508 l;
3288 439 3365 495 De
3389 438 3527 493 dono
3552 454 3706 508 perse-

464 555 672 608 chaeum
708 550 802 604 lib.
840 548 887 614 I;
922 547 1118 601 Contra
1147 540 1517 597 adversarium
1549 538 1709 606 Legis
1739 547 1792 591 et
1821 535 2063 607 Prophe-

466 652 640 699 tarum
670 642 767 696 lib.
800 638 879 705 ll;
911 636 991 692 Ad
1019 634 1273 690 Orosium
1313 640 1503 686 contra
1534 628 1980 683 Priscilliauistas
2007 636 2061 681 et

464 734 808 805 Origenistas
848 730 941 785 lib.
988 727 1043 793 l;
1089 726 1280 781 Sermo
1312 723 1669 785 Arianorum;
1703 720 1904 775 Contra
1937 718 2064 773 Ser-

467 841 685 883 monem
734 821 1057 878 Arianorum
1101 818 1196 873 lib.
1240 817 1291 882 I;
1340 814 1569 871 Collatio
1598 828 1719 867 eum
1749 808 2061 879 Maximino,

466 919 797 976 Arianorum
840 915 1131 983 episcopo;
1178 909 1379 965 Contra
1424 906 1674 962 eumdem
1715 903 2063 957 Maximinum

467 1010 731 1065 Arianum
760 1007 851 1060 lib.
877 1004 945 1060 ll.
973 1002 1195 1073 (Louan.
1218 1001 1281 1055 Τ.
1307 999 1419 1070 VI.)
1448 1000 1521 1053 De
1535 996 1799 1052 Trinitate
1823 994 1919 1049 lib.
1943 993 2061 1048 XV.

468 1102 687 1171 (Lavan.
721 1098 785 1153 T.
822 1096 939 1168 lll.)
969 1125 1041 1136 ——
1070 1092 1137 1147 In
1183 1090 1482 1163 Appendicc
1514 1104 1530 1141 :
1560 1087 1848 1142 Tractatus
1878 1093 2066 1140 contra

467 1196 706 1266 quinque
734 1191 1007 1254 hzereses;
1037 1186 1232 1242 Sermo
1260 1191 1447 1237 contra
1477 1179 1718 1246 Judaeos,
1748 1176 1990 1248 Paganos
2013 1186 2067 1232 et

467 1286 724 1341 Arianos.
778 1279 1001 1352 (Louan.
1044 1276 1108 1333 T.
1150 1274 1267 1345 VI.)
1307 1272 1563 1342 Dialogus
1606 1271 1673 1325 de
1717 1270 2069 1325 altercatione

470 1372 732 1430 Ecclesiae
764 1378 819 1425 et
856 1371 1178 1439 Synagogae.
1215 1362 1435 1434 (Lovan.
1473 1361 1535 1415 Τ.
1570 1359 1635 1415 Vl
1665 1358 1828 1431 App.)
1860 1359 1933 1413 De
1965 1358 2070 1414 lide

470 1478 660 1524 contra
717 1464 1048 1519 Manichaaos
1104 1460 1242 1515 liber
1290 1456 1496 1511 Evodio
1548 1455 1798 1510 tributus.
1846 1452 2063 1525 (Lovan.

469 1560 532 1615 T.
565 1557 683 1629 Vl.)
716 1554 1209 1612 Commonitorium
1251 1550 1435 1621 (vulgo
1471 1547 1785 1619 Augustini)
1825 1547 1892 1601 de
1934 1546 2072 1600 reci-

471 1650 683 1722 piendis
712 1645 1045 1711 Manichzeis,
1078 1643 1169 1713 qui
1199 1650 1611 1698 convertuntur.
1651 1640 1778 1713 (Ed.
1822 1637 1952 1693 Par.
2000 1637 2065 1693 T.

473 1743 519 1797 Χ
553 1739 719 1811 App.)
744 1738 943 1794 Contra
976 1736 1305 1792 Feliciauum
1331 1737 1589 1790 Arianum
1617 1734 1683 1788 de
1710 1733 1813 1788 fide
1835 1732 2068 1787 Trinita-

472 1838 541 1889 tis
582 1808 720 1887 liber
748 1831 945 1902 Vigilio
979 1829 1274 1900 Tapsitano
1315 1830 1575 1898 episcopo
1605 1828 1904 1883 restitutus.
1949 1826 2073 1895 (ιο.
2101 1808 2148 1867 Β

472 1942 590 1980 van.
625 1924 691 1979 T.
726 1921 792 1976 VI
826 1920 992 1992 App.)
1025 1920 1367 1988 Quazstiones
1398 1919 1465 1975 de
1497 1919 1757 1974 Trinitate
1786 1929 1839 1973 et
1869 1919 1935 1972 de
1962 1918 2071 1973 Ge-

474 2019 612 2084 nesi,
648 2030 712 2072 ex
746 2014 974 2069 Alcuiuo
1006 2012 1319 2083 descriptae.
1356 2012 1574 2084 (Lovan.
1610 2012 1673 2066 T.
1707 2012 1769 2066 Ill
1802 2009 1967 2082 App.)
1997 2012 2075 2066 De

474 2111 856 2166 lncarnatione
887 2107 1052 2165 Verbi
1102 2110 1168 2163 ad
1212 2107 1525 2162 Januarium
1558 2106 1676 2160 libri
1711 2105 1821 2159 duo
1850 2120 1916 2159 ex
1960 2104 2076 2159 Ori-

476 2205 600 2275 gine
632 2202 866 2257 collecti.
899 2201 1121 2271 (Lovau.
1152 2201 1215 2255 T.
1251 2200 1319 2257 1V
1351 2198 1516 2272 App.)
1550 2198 1666 2253 Lib.
1702 2198 1767 2252 de
1810 2196 2074 2252 Triuitatc

480 2304 536 2350 et
565 2294 774 2349 unitate
805 2293 920 2348 Dei.
958 2292 1181 2365 (Lovan.
1228 2292 1292 2346 T.
1328 2291 1393 2347 IV
1426 2291 1593 2362 App.)
1624 2291 1698 2345 De
1726 2289 1963 2344 essentia
1992 2289 2075 2344 di-

478 2386 743 2441 vinitatis.
778 2384 995 2454 (Lovan.
1026 2384 1089 2438 T.
1120 2383 1237 2456 IV.)
1265 2384 1518 2454 Dialogus
1546 2382 1615 2438 de
1646 2383 1847 2437 unitate
1872 2389 2074 2436 sanctae

482 2476 787 2535 Trinitatis.
821 2474 949 2546 (Ed.
982 2474 1110 2528 Par.
1145 2474 1211 2529 T.
1241 2474 1289 2529 X
1316 2473 1481 2545 App.)
1509 2473 1674 2530 Liber
1703 2472 1772 2529 de
1797 2470 2075 2528 ecclesias-

482 2571 607 2625 ticis
638 2568 995 2638 dogmatibus.
1031 2567 1251 2639 (Louan.
1284 2568 1349 2622 T.
1380 2566 1449 2622 Ill
1475 2564 1644 2637 App.)

555 2658 719 2714 Temo
766 2676 924 2726 nono,
968 2674 1135 2731 Opera
1179 2659 1444 2729 polemica
1490 2668 1679 2714 contra
1727 2656 2074 2713 Donatistas:

481 2783 552 2796 —
576 2750 823 2809 Psalmus
864 2763 1049 2808 contra
1084 2752 1304 2808 Partem
1345 2752 1571 2812 Donati;
1615 2751 1818 2807 Contra
1857 2749 2081 2806 Parme-

480 2848 703 2901 nianum
732 2847 822 2901 lib.
856 2846 954 2911 lll;
992 2846 1065 2899 De
1105 2847 1378 2913 baptismo
1422 2855 1609 2897 contra
1644 2843 1952 2896 Donatistas
1981 2842 2078 2895 lib.

481 2934 610 3004 Vll;
658 2935 858 2990 Contra
899 2934 1107 2987 litteras
1159 2930 1411 2985 Petiliani
1455 2931 1551 2983 lib.
1593 2928 1690 2992 Ill;
1738 2928 1980 2993 Epistola
2012 2929 2080 2979 ad

479 3028 794 3085 Catholicos
825 3037 1017 3081 contra
1063 3023 1398 3085 Donatistas,
1428 3020 1591 3088 vulgo
1622 3019 1691 3074 de
1733 3017 1943 3071 unitate
1974 3015 2079 3071 Ec-

481 3119 664 3173 clesiae
730 3117 820 3170 lib.
880 3116 940 3180 l;
981 3114 1186 3169 Contra
1240 3110 1603 3165 Cresconium
1660 3108 2078 3179 grammaticum

482 3206 822 3264 Donatistam
872 3206 995 3265 libri
1051 3204 1157 3270 IV;
1220 3205 1298 3258 De
1355 3203 1514 3258 unico
1562 3204 1833 3273 baptismo
1888 3213 2081 3258 contra

483 3297 851 3363 Petilianum;
895 3296 1210 3352 Breviculus
1241 3295 1565 3352 Collationis
1591 3310 1714 3351 cum
1751 3296 2077 3363 Donatistis;

483 3391 617 3446 Post
666 3387 1029 3444 Collationem
1076 3389 1143 3445 ad
1195 3390 1511 3445 Donatistas
1548 3389 1646 3445 lib.
1679 3389 1728 3456 l;
1774 3387 1969 3445 Sermo
2012 3389 2082 3445 ad

481 3480 853 3539 Caasareeusis
886 3481 1152 3537 Ecclesiae
1176 3482 1393 3552 plebem
1425 3481 1667 3537 Emerito
1694 3489 1965 3551 praesente
1995 3482 2081 3536 di-

486 3588 635 3632 etus:
670 3574 748 3630 De
793 3573 966 3645 gestis
996 3587 1121 3629 cum
1163 3572 1434 3639 Emerito;
1482 3570 1681 3626 Contra
1720 3571 2080 3627 Gaudentium

483 3668 823 3724 Donatistam
878 3665 1215 3737 episcopum.
1269 3665 1367 3721 lib.
1426 3664 1493 3723 ll.
1547 3664 1767 3736 (Lovan.
1830 3663 1892 3719 T.
1944 3664 2079 3736 VII.)

481 3761 679 3817 Sermo
709 3760 777 3813 de
807 3758 1126 3812 Rusticiano
1156 3756 1523 3821 subdiacono,
1572 3771 1604 3810 a
1649 3756 1948 3813 Donatistis
1998 3773 2083 3813 re-

485 3853 758 3920 baptizato
785 3858 840 3904 et
871 3850 923 3903 in
956 3849 1249 3903 diaconum
1278 3847 1553 3902 ordinato.
1590 3847 1699 3918 (Ea:
1727 3850 2081 3922 supplemento

496 3940 773 4013 Vignerii.)
804 3968 875 3980 ——
900 3939 968 3992 In
999 3939 1301 4011 Appendice
1336 3938 1580 3994 :Coutra
1608 3940 1950 4009 Fulgentium
1980 3941 2083 3996 Do-

485 4034 765 4097 natistam,
793 4030 989 4085 incerti
1018 4029 1256 4085 auctoris
1299 4028 1468 4097 liber;
1510 4030 1772 4101 Excerpta
1794 4026 1853 4086 et
1880 4033 2083 4102 scripta

488 4133 674 4180 vetera
703 4124 770 4179 ad
800 4123 1202 4181 Donatistarum
1244 4123 1529 4179 historiam
1572 4124 1925 4195 pertinentia.
1956 4123 2085 4188 (La-

486 4232 603 4271 van.
632 4215 696 4272 Τ.
728 4215 816 4272 VII
843 4216 1011 4288 App.)

558 4310 723 4367 Temo
754 4311 972 4379 decimo,
1005 4326 1168 4381 opera
1202 4310 1468 4381 polemica
1498 4319 1687 4367 contra
1720 4311 2039 4383 Pelagianos
2066 4330 2078 4365 :

488 4433 558 4445 —
582 4403 660 4458 De
693 4413 1041 4472 peccatorum
1078 4404 1289 4459 meritis
1323 4413 1379 4460 et
1420 4404 1749 4461 remissione
1786 4415 1841 4460 et
1872 4406 1939 4460 de
1984 4405 2080 4460 ba-

2166 532 2423 586 verantia:
2472 531 2538 585 ad
2571 531 2790 587 eosdem
2823 532 2919 587 lib.
2952 531 2995 587 Ι.
3034 530 3251 602 (Lavan.
3279 531 3343 586 Τ.
3379 530 3510 600 VII.)
3538 530 3705 586 Contra

2166 625 2455 678 secundam
2487 621 2685 676 Juliani
2725 623 3143 692 responsionem
3168 619 3543 690 imperfectum
3574 636 3708 691 opus,

2166 732 2261 772 sex
2290 716 2459 771 libros
2505 715 2892 785 complectens.
2925 714 3035 787 (Ea:
3078 714 3311 785 Vignerii
3350 713 3713 784 Supplem.)—

2169 808 2236 863 In
2278 808 2598 877 Appendice,
2639 807 2817 861 Prima
2848 817 2995 879 parte
3022 824 3040 861 :
3071 806 3527 877 Hypomuesticou
3557 816 3715 862 contra

2169 899 2490 971 Pelagianos
2536 908 2590 955 et
2618 900 2964 964 C(elestinos,
3020 898 3181 969 vulgo
3211 898 3336 952 libri
3384 898 3717 967 Ilypognosti-

2170 1008 2303 1051 con;
2351 992 2514 1048 Liber
2555 994 2790 1063 suspecti
2819 996 3062 1047 auctoris
3088 991 3156 1047 de
3184 991 3649 1061 praedestinatione
3679 1000 3721 1047 et

2171 1085 2376 1155 gratia;
2410 1084 2648 1138 Libellus
2680 1084 2871 1140 incerti
2914 1083 3151 1140 auctoris
3177 1082 3246 1139 de
3277 1082 3724 1153 praedestinatione

2174 1175 2291 1230 Dei.
2342 1174 2562 1245 (Lovan.
2616 1175 2679 1229 Τ.
2736 1175 2828 1231 VII
2868 1175 3033 1248 App.)
3083 1175 3328 1231 Secunda
3374 1175 3727 1247 parte:Varia

2173 1269 2372 1339 scripta
2403 1278 2457 1324 et
2483 1277 2828 1324 monumenta
2859 1270 2924 1325 ad
2954 1269 3301 1339 Pelagianam
3330 1267 3611 1325 historiam
3633 1284 3731 1339 per-

2175 1358 2421 1414 tinentia.
2473 1358 2648 1413 Tertia
2689 1370 2879 1432 parte:
2911 1360 3166 1431 Prosperi
3215 1362 3471 1432 Aquitani
3518 1377 3608 1431 pro
3643 1363 3733 1415 Au-

2174 1452 2391 1519 gustino
2433 1460 2619 1506 contra
2652 1452 2867 1523 iniquos
2895 1452 3156 1509 doctrinae
3186 1454 3360 1524 ipsius
3390 1454 3458 1511 de
3505 1456 3662 1525 gratia
3694 1460 3737 1509 et

2175 1542 2651 1613 prmdestinatione
2682 1544 3106 1614 reprehensores
3132 1546 3469 1617 apologetiea
3509 1545 3736 1617 opuscula

2174 1636 2413 1703 scilicet;
2441 1637 2679 1706 Epistola
2708 1637 2776 1693 ad
2806 1638 3060 1693 Rufinum
3085 1637 3153 1694 de
3181 1640 3349 1709 gratia
3390 1648 3445 1695 et
3472 1641 3646 1696 libero
3667 1654 3739 1693 ar-

2175 1729 2367 1787 bitrio:
2402 1730 2565 1785 Liber
2602 1739 2791 1785 contra
2841 1731 3203 1797 Collatorem;
3254 1731 3657 1801 Responsiones
3689 1730 3739 1786 ad

2177 1824 2411 1893 capitula
2480 1824 2922 1879 calumniantium
2980 1824 3290 1889 Gallorum;
3358 1825 3743 1897 Responsiones

2179 1915 2247 1969 ad
2295 1914 2534 1985 capitula
2582 1914 2946 1985 objectionum
2998 1915 3502 1972 Vincentianarum.
3548 1917 3743 1988 (Lavan.

2178 2004 2241 2060 Τ.
2272 2005 2357 2060 VII
2388 2007 2553 2078 App.)
2581 2008 2983 2077 ReSponsiones
3005 2008 3071 2062 ad
3105 2019 3378 2079 excerpta,
3416 2025 3539 2078 qure
3571 2010 3636 2064 de
3656 2007 3747 2062 Ce-

2180 2100 2373 2153 nuensi
2424 2100 2643 2154 civitate
2690 2109 2816 2155 sunt
2869 2102 3054 2156 missa.
3113 2099 3331 2171 (Lemn.
3390 2100 3454 2155 T.
3512 2100 3552 2151 V
3600 2095 3749 2169 App.)

2180 2189 2441 2259 Ejusdem
2475 2191 2612 2245 liber
2642 2193 3038 2246 sententiarum
3070 2206 3134 2246 ex
3164 2191 3464 2261 Augustino
3493 2209 3505 2245 :
3544 2191 3752 2261 (Loran.

2180 2281 2242 2335 Τ.
2275 2281 2340 2336 V.
2373 2282 2541 2351 App.)
2570 2284 2856 2352 Augustini
2886 2284 3026 2350 Vita,
3064 2293 3285 2338 auctore
3311 2285 3601 2349 Possidio;
3633 2281 3757 2337 Indi-

2179 2372 2331 2427 culus
2377 2372 2661 2441 librorum,
2714 2382 3039 2427 tractatuum
3084 2384 3136 2428 ct
3188 2375 3550 2443 epistolarum
3592 2376 3761 2445 Augtb

2180 2464 2330 2529 stini,
2363 2478 2487 2519 cura
2518 2465 2750 2519 Possidii
2779 2465 2977 2520 editus.
3013 2464 3229 2535 (Loran.
3262 2466 3325 2521 T.
3361 2468 3427 2538 I.)

2252 2555 2391 2610 Cum
2439 2556 2602 2611 trium
2644 2556 3001 2627 posteriorum
3048 2557 3384 2611 voluminum
3432 2557 3617 2612 series
3669 2558 3769 2612 fere

2180 2656 2293 2702 tota
2323 2661 2447 2701 cum
2480 2647 2900 2702 Lovaniensium
2928 2647 3119 2703 ordine
3148 2650 3481 2711 consentiat,
3505 2649 3703 2702 minor
3726 2647 3764 2701 in

2185 2740 2269 2793 his
2303 2738 2458 2793 labor
2486 2740 2847 2794 exantlandus
2883 2738 3000 2790 luit.
3034 2738 3377 2805 Quapropter
3426 2736 3480 2790 in
3511 2737 3669 2807 ipsas
3699 2751 3765 2792 re-

2186 2848 2306 2887 rum
2337 2842 2694 2887 tractatarum
2735 2830 2977 2900 origines
3008 2837 3063 2884 et
3094 2842 3287 2885 causas
3312 2829 3492 2882 acrius
3520 2828 3765 2883 incubue-

2184 2935 2332 2987 runt,
2364 2940 2425 2976 ac
2458 2925 2914 2977 Donatisticarum
2949 2933 3005 2977 et
3046 2920 3459 2991 Pelagianarum
3492 2922 3672 2976 litium
3703 2920 3764 2975 hl~

2185 3012 2413 3067 storiam
2447 3014 2501 3066 in
2534 3015 2760 3069 introitu
2790 3015 3030 3083 cujusvis
3061 3014 3192 3069 tumi
3222 3024 3476 3071 accurate
3505 3014 3764 3071 enucleari

2186 3106 2531 3162 studuerunt.
2589 3108 2685 3162 Cui
2719 3108 3004 3191 industriae
3054 3109 3283 3165 debetur
3325 3111 3515 3178 etiam,
3549 3111 3692 3182 quod
3726 3109 3765 3163 In

2188 3200 2502 3271 Appendice
2547 3201 2726 3256 ultimi
2756 3203 2886 3257 torni
2917 3204 3164 3275 quaedam
3202 3204 3374 3259 aliena
3409 3204 3626 3259 incerta
3656 3203 3766 3267 sint,

2187 3310 2293 3364 quo
2323 3294 2537 3364 plenior
2566 3294 2778 3350 scilicet
2808 3310 2992 3351 rerum
3026 3295 3259 3351 istarum
3279 3297 3556 3353 memoria
3583 3295 3769 3367 exjun~

2185 3387 2287 3440 etis
2316 3388 2684 3443 monumentis
2721 3388 2928 3444 hauriri
2956 3399 3165 3459 posset.

2267 3483 2426 3537 Tomo
2470 3482 2742 3536 undecimo
2782 3482 2989 3549 insunt,
3034 3484 3214 3553 primo
3255 3481 3397 3549 loco,
3431 3481 3769 3553 praefationes

2184 3575 2466 3650 generales
2495 3576 2638 3642 duae,
2664 3591 2770 3630 una
2800 3575 2853 3629 in
2876 3588 3013 3645 opus
3043 3575 3380 3641 universum,
3405 3591 3538 3647 qua:
3564 3577 3634 3633 de
3658 3589 3768 3631 eon-

2185 3671 2341 3736 silio,
2404 3670 2708 3735 occasione,
2764 3666 3003 3731 auxiliis,
3054 3668 3301 3723 laborum
3356 3668 3769 3735 distributione,

2186 3774 2464 3829 successu,
2498 3759 2860 3824 oll‘endiculis,
2895 3759 3140 3829 patronis
3167 3758 3284 3828 ejus
3316 3761 3580 3831 exponit,
3621 3761 3768 3815 altera

2187 3852 2406 3907 brevior
2448 3853 2501 3907 in
2531 3852 2877 3923 Appendices
2926 3851 3153 3920 singulis
3202 3853 3363 3907 tomis
3388 3852 3701 3922 adiunctas,
3727 3858 3768 3907 et

2188 3945 2303 4013 ipsa
2334 3943 2569 4013 denique
2596 3942 2753 4012 hujus
2782 3941 3361 3997 undecimivolumrnis
3389 3955 3675 4002 contenta.
3703 3940 3768 3997 Ad

2186 4036 2326 4092 hanc
2363 4038 2722 4106 posteriorem
2772 4038 3024 4106 proxime
3080 4047 3291 4106 spectat
3335 4038 3617 4096 indiculus
3656 4034 3769 4092 scri-

2190 4140 2402 4200 ptorum
2432 4172 2446 4195 ,
2491 4130 2688 4198 quibus
2731 4116 3010 4201 tamquam
3064 4130 3211 4185 veris
3262 4132 3583 4189 auctoribus
3638 4128 3768 4184 varia

2186 4225 2447 4292 opuscula
2488 4224 2791 4291 Augustino
2831 4239 3119 4293 perperam
3163 4224 3363 4281 tributa
3402 4224 3591 4283 denuo
3632 4238 3768 4279 asse-

2187 4321 2435 4368 ruerunt.
2465 4313 2590 4369 Haec
2621 4314 2821 4384 exeipit
2854 4313 2973 4368 Vita
3001 4315 3062 4370 S.
3091 4314 3367 4388 Augustini
3390 4332 3453 4371 ex
3484 4317 3771 4373 Tillemom

2190 4405 2249 4461 tii
2280 4405 2698 4476 ~schedis,~quas
2744 4406 2921 4462 adhuc
2967 4415 3080 4462 tum
3124 4407 3359 4463 ineditas
3403 4417 3599 4462 auctor
3652 4403 3769 4477 ipsis

486 4495 692 4565 ptismo
733 4493 1111 4564 parvulorum,
1155 4495 1224 4550 ad
1269 4495 1669 4564 Marcellinum,
1717 4497 1813 4555 lib.
1859 4496 1966 4562 III;
2008 4496 2709 4597 DeDeomrnunieaverat,
2736 4498 2850 4554 fere
2882 4500 3149 4554 traducta.
3186 4498 3335 4554 Hanc
3363 4512 3503 4568 pone
3531 4512 3770 4568 sequun-

487 4587 682 4657 spiritu
722 4595 777 4642 et
826 4586 1007 4641 littera
1051 4585 1116 4640 ad
1150 4587 1401 4642 eumdem
1450 4588 1543 4642 lib.
1577 4588 1633 4654 l;
1668 4588 1748 4643 De
1800 4599 1992 4644 natura
2028 4597 2083 4644 et

485 4682 661 4751 gratia
703 4689 893 4738 contra
939 4680 1240 4751 Pelagium,
1282 4681 1348 4735 ad
1381 4681 1679 4734 Timasium
1723 4690 1777 4737 et
1818 4683 2079 4737 Iacobum

487 4772 588 4825 lib.
620 4772 673 4837 I;
698 4774 776 4830 De
811 4772 1150 4844 perfectione
1173 4771 1400 4843 justitiae
1434 4771 1669 4827 hominis
1701 4772 1951 4842 epistola,
1984 4788 2080 4830 seu

490 4864 630 4918 liber
652 4865 719 4917 ad
748 4867 1069 4939 Eutropium
1102 4875 1158 4922 et
1185 4867 1444 4933 Paulum;
1476 4868 1549 4921 De
1578 4868 1744 4937 gestis
1779 4866 1980 4937 Pelagii
2011 4868 2080 4925 ad

438 4950 447 4973 ³
491 4957 771 5013 Aurelium
813 4962 907 5017 lib.
950 4964 1014 5030 l;
1050 4966 1128 5021 De
1174 4970 1347 5036 gratia
1391 4964 1592 5021 Christi
1642 4974 1698 5021 et
1740 4966 1810 5021 de
1859 4973 2080 5037 peccato

489 5050 746 5120 originali
766 5063 958 5108 contra
988 5056 1291 5125 Pelagium,
1325 5059 1389 5115 ad
1413 5059 1691 5128 Albinam,
1718 5058 2005 5115 Piniauum
2026 5066 2081 5114 et

491 5141 779 5201 Melaniam
820 5145 911 5199 lib.
961 5145 1034 5208 Il;
1083 5148 1160 5201 De
1202 5151 1405 5219 nuptiis
1434 5160 1491 5207 et
1524 5152 1968 5222 concupiscentia
2011 5151 2081 5208 ad

490 5235 768 5291 Valerium
798 5237 895 5292 lib.
928 5236 1001 5303 II;
1051 5238 1129 5295 De
1156 5241 1334 5296 anima
1383 5252 1439 5297 et
1481 5245 1601 5311 ejus
1641 5247 1850 5316 origine
1891 5254 2081 5301 contra

491 5328 764 5384 Vincentii
812 5328 1084 5385 Victorem
1112 5331 1207 5387 lib.
1253 5332 1356 5397 IV;
1399 5334 1603 5390 Contra
1644 5338 1779 5392 duas
1823 5336 2083 5407 epistolas

490 5424 925 5495 Pelagianorum.
956 5423 1052 5479 lib.
1078 5425 1145 5481 ad
1175 5426 1528 5482 Bonitacium.
1559 5428 1596 5483 l.
1630 5430 1734 5496 Vl;
1766 5432 1969 5487 Contra
1986 5430 2079 5487 Ju-

491 5516 699 5572 lianum
740 5518 969 5576 haeresis
1018 5516 1323 5590 Pelagianae
1353 5520 1697 5578 defensorem
1740 5523 1837 5581 lib.
1868 5524 1970 5589 IV;
2003 5522 2078 5580 De

492 5610 665 5680 gratia
696 5619 751 5665 et
776 5612 950 5669 libero
999 5612 1229 5670 arbitrio
1271 5614 1335 5669 ad
1367 5615 1710 5672 Valentinum
1747 5626 1800 5674 et
1830 5633 1953 5673 eum
1985 5617 2078 5683 illo

493 5704 793 5761 monachos
843 5707 1230 5766 Adrumetinos
1276 5709 1370 5765 lib.
1406 5709 1458 5777 I;
1512 5711 1590 5768 De
1636 5712 1979 5781 correptione
2024 5719 2080 5767 et

491 5800 665 5872 gratia
696 5799 761 5854 ad
798 5802 1014 5857 eosdem
1045 5803 1137 5859 lib.
1174 5802 1225 5869 I;
1258 5803 1335 5859 De
1358 5804 1835 5874 praedestinatione
1864 5812 2079 5862 saneto-

2190 4602 2273 4645 tur
2301 4592 2507 4647 indices
2536 4592 2815 4655 librorum,
2843 4605 3036 4661 nempe
3066 4608 3230 4658 unus,
3271 4592 3363 4663 qui
3384 4591 3585 4646 seriem
3614 4590 3769 4646 libro—

2186 4700 2306 4739 rum
2351 4684 2483 4739 tomi
2530 4684 2791 4754 cujusque
2822 4698 2975 4740 nova:
3014 4685 3303 4751 editionis;
3354 4684 3652 4751 secundus,
3690 4680 3769 4752 qui

2186 4776 2541 4831 Lovaniensis
2571 4775 2817 4832 ordinem
2861 4776 3132 4844 ostendit;
3169 4777 3365 4832 tertius
3400 4770 3766 4847 alphabeticus

2185 4869 2522 4941 singulorum
2563 4870 2972 4941 opusculorum.
3004 4868 3248 4925 Proximi
3290 4876 3422 4923 sunt
3451 4867 3667 4923 indices
3697 4880 3767 4920 re-

2186 4980 2309 5019 rum
2335 4983 2348 5017 :
2375 4966 2582 5035 primus
2610 4964 2934 5020 universalis
2964 4965 3015 5018 in
3054 4964 3237 5019 omnia
3280 4963 3469 5020 decem
3499 4972 3765 5017 tomorum

2154 5065 2441 5114 contenta
2486 5057 2896 5127 copiosissimus
2944 5067 2997 5113 et
3046 5057 3189 5137 mole
3231 5072 3330 5114 sua
3368 5056 3771 5129 amplissimus;

2185 5156 2323 5207 alter
2350 5150 2627 5221 generalis
2667 5150 3070 5221 Scripturarum
3109 5166 3421 5219 sacrarum;
3455 5151 3652 5208 tertius
3682 5148 3765 5203 de-

2186 5245 2348 5315 nique
2395 5244 2638 5299 omnium
2691 5244 2995 5314 spuriorum
3049 5245 3459 5316 opusculorum,
3513 5259 3642 5317 quae
3687 5254 3770 5311 per

2188 5337 2376 5394 decem
2411 5336 2741 5392 voluminum
2765 5337 3096 5409 appendices
3125 5338 3375 5409 dispersa
3404 5347 3552 5394 sunt.
3794 5368 3797 5395 ε

2260 5429 2539 5499 Superest,
2575 5436 2633 5484 ut
2653 5427 2721 5485 de
2746 5428 2812 5484 iis
2846 5428 3022 5486 adhuc
3060 5430 3223 5486 verba
3251 5430 3528 5495 faciamus,
3557 5440 3685 5499 quae
3712 5416 3807 5503 ex;

2188 5536 2320 5577 mss.
2341 5520 2739 5591 exemplaribus
2762 5520 2874 5592 jam
2903 5522 3132 5593 primum
3181 5522 3396 5578 excusis
3442 5522 3769 5579 incrementa

2187 5625 2345 5688 atque
2372 5625 2687 5672 ornamenta
2709 5615 2922 5671 duxerit
2942 5615 3182 5673 Maurina
3223 5615 3409 5672 editio.
3439 5615 3556 5671 Non
3599 5612 3771 5669 levem

2190 5726 2320 5769 sane
2342 5709 2711 5767 Lovanienses
2739 5710 2973 5781 theologi
2994 5707 3610 5783 c0ngesserantcopiam
3627 5702 3769 5762 codi-

2190 5819 2311 5861 cum
2357 5819 2520 5859 manu
2550 5810 2901 5859 exaratorum
2928 5810 2984 5857 et
3014 5813 3193 5861 tamen
3239 5816 3432 5858 omnes
3456 5801 3572 5857 fere
3605 5809 3771 5855 unum
