3882 6316
447 274 551 329 103

1340 255 1904 319 SUPPLEMENTUM
1943 254 2037 309 AD
2075 252 2312 312 OPERA
2352 256 2407 311 S.
2458 256 2851 314 AUGUSTINI.

3643 258 3663 309 f
3670 260 3731 311 01»

442 390 649 461 integro
676 386 1015 448 recensitum,
1048 387 1103 436 et
1142 379 1197 434 in
1224 378 1340 447 ipso
1366 373 1675 443 Augustino
1705 370 1883 425 simile
1918 371 2039 424 lau-
2067 370 2118 427 A
2147 369 2351 424 stimati
2376 382 2527 438 sunt,
2561 369 3174 440 qumqueinAugnstino
3192 384 3322 425 sane
3347 384 3455 425 non
3481 371 3724 438 postremi

441 480 692 536 davimus
733 491 897 546 supra
943 474 1355 544 supplementum
1406 466 1656 537 Vignerii.
1715 464 1887 528 Quam
1943 461 2045 515 viri

439 572 584 629 docti
654 584 808 639 aeque
875 582 939 621 ac
1006 562 1213 633 sagacis
1267 559 1591 614 sententiam
1652 555 1811 610 nobis
1881 552 2043 607 etiam

442 664 586 721 baud
627 661 915 730 diSplicere
962 658 1219 721 fatemur,
1252 652 1469 706 tametsi
1502 663 1687 705 veram
1724 647 1945 701 omnino
1992 652 2047 699 et

443 760 643 829 justam
685 770 791 810 non
848 763 1192 807 censeamus.
1264 744 1477 800 Etenim
1534 743 1589 796 in
1641 755 1700 795 re
1754 738 2042 829 litteraria,

445 828 904 919 quemadmodum
930 844 984 896 in
1006 840 1116 895 vita
1145 836 1423 893 communi
1450 832 1689 889 dandum
1720 839 1809 886 est
1836 828 2037 900 aliquid

446 943 685 1015 tempori
733 950 788 996 et
829 938 1217 995 delicatiorum
1267 941 1362 989 aut
1410 934 1817 986 nummatorum
1871 924 2046 979 homi-

446 1057 575 1096 num
608 1036 1047 1095 oblectamentis.
1083 1034 1390 1089 Rarescunt
1419 1039 1587 1097 porro
1626 1024 1746 1092 ipso
1782 1020 2046 1091 temporis

447 1135 599 1204 lapsu
633 1141 687 1187 et
726 1146 828 1185 usu
858 1126 1229 1197 antiquiorum
1254 1120 1557 1175 editionum
1587 1114 1923 1183 exemplaria
1948 1154 1961 1178 ,
1993 1121 2048 1165 et

446 1226 491 1280 si
524 1225 582 1279 in
614 1224 795 1293 plures
824 1219 1079 1289 regiones
1107 1210 1428 1285 perferenda
1454 1216 1601 1275 sunt,
1622 1204 1871 1276 quamvis
1899 1217 2046 1274 saepe

446 1316 703 1385 repetita,
763 1310 903 1365 haud
962 1307 1121 1361 facile
1178 1302 1500 1359 obveniunt.
1549 1296 1710 1366 Quod
1763 1297 1818 1350 in
1873 1295 2049 1349 Lova-

448 1405 627 1461 niensi
658 1401 901 1457 editione
933 1396 1306 1458 manifestum,
1339 1392 1495 1461 cujus
1516 1386 1933 1458 Antuerpiensis
1955 1385 2048 1441 de-

448 1495 768 1565 scriptionis
790 1492 1042 1563 exempla
1078 1506 1173 1561 per
1197 1487 1548 1544 Germaniam
1580 1492 1706 1537 sunt
1727 1481 2010 1536 rarissima
2030 1520 2045 1546 ,

448 1605 512 1643 ex
545 1586 847 1642 Gallicanis
872 1583 1087 1638 nonnisi
1122 1595 1293 1651 pauca
1318 1587 1372 1633 et
1401 1577 1560 1631 unius
1587 1574 1700 1629 fere
1730 1574 2049 1642 impressio-

451 1680 559 1745 nis,
589 1679 782 1749 prima:
824 1675 1032 1731 scilicet
1067 1688 1119 1728 a.
1156 1670 1297 1728 1586
1328 1667 1547 1725 ostendi
1580 1667 1780 1721 solent.
1812 1664 1883 1721 Ut
1912 1664 2046 1718 nihil

2148 462 2352 516 laboris
2379 460 2501 530 fuit,
2534 477 2693 531 quam
2720 472 2899 517 tamen
2926 462 3209 517 Simonius
3239 477 3308 517 ne
3337 461 3507 516 verbo
3529 461 3726 531 quidem

2148 556 2347 625 attigit,
2382 555 2509 624 quis
2540 571 2725 625 :cquus
2752 557 2943 624 judex,
2973 557 3062 610 ubi
3090 556 3157 610 ad
3189 556 3513 611 sententiam
3538 555 3604 611 de
3627 565 3727 613 toto

2147 660 2315 717 opere
2334 646 2616 702 ferendam
2643 648 2981 713 consederit,
3017 648 3441 717 prmtermittere
3468 648 3645 703 ausit?

2779 739 3111 795 “00-1705.

2219 832 2519 902 Antuerpia:
2548 830 2840 901 sumptibus
2873 830 3152 886 Societalis
3170 848 3189 897 ;
3212 832 3413 903 ἔνι-[01η
3433 830 3557 885 XII
3579 836 3732 889 tomis.

2148 923 2334 980 Sancti
2384 924 2715 995 Augustini,
2773 924 3011 994 episcopi
3073 924 3439 995 ilipponensis
3512 924 3733 994 Operam

2148 1015 2211 1071 T.
2235 1016 2373 1073 l-Xl.
2392 1015 2954 1071 PostLovaniensium
2976 1015 3353 1086 theologorum
3371 1015 3736 1072 recensionem

2148 1109 2444 1178 castigatus
2467 1108 2669 1176 denuo,
2700 1118 2807 1163 etc.
2828 1149 2843 1173 ,
2876 1116 2933 1162 ut
2956 1108 3008 1162 in
3037 1109 3363 1181 pra’cedenli.
3399 1108 3587 1163 Editio
3616 1125 3737 1164 nova

2149 1216 2177 1254 a
2204 1202 2389 1256 multis
2417 1201 2630 1256 mendis
2656 1210 2902 1270 purgata.
2934 1200 3249 1255 Prodierunt
3280 1200 3344 1253 T.
3378 1198 3495 1254 I-V
3519 1219 3571 1256 α.
3596 1202 3735 1268 1700,

2152 1292 2306 1346 Τ.γι
2334 1293 2495 1358 1701,
2513 1292 2573 1346 Τ.
2600 1291 2968 1357 VII-X1700,
2987 1291 3049 1347 Τ.
3070 1291 3157 1345 XI
3180 1292 3741 1359 1702;1andem-1705,

2151 1386 2451 1458 Antuerpiw
2477 1387 2618 1457 apud
2650 1386 2865 1441 Petrum
2892 1385 3111 1441 Mortier
3129 1404 3147 1441 :
3172 1386 3470 1457 Appendix
3502 1387 3743 1457 Augusti—

2150 1478 2332 1547 niana,
2357 1480 2409 1533 in
2437 1494 2540 1549 qua
2582 1488 2710 1533 sunt
2740 1479 2803 1535 S.
2849 1478 3093 1549 Prosperi
3123 1493 3341 1533 carmen
3383 1479 3458 1535 de
3494 1480 3741 1549 Ingratis,

2149 1583 2270 1623 cum
2304 1570 2445 1624 notis
2493 1570 2858 1625 Lovaniensis
2898 1570 3174 1640 theologi;
3219 1568 3447 1625 Jrannis
3483 1569 3743 1634 Carnerii,

2151 1662 2441 1719 Societatis
2470 1663 2598 1718 Jesu
2627 1664 2933 1736 presbyteri
2960 1708 2975 1735 ,
3010 1664 3449 1720 Dissertationes
3485 1666 3747 1735 pertinen-

448 1746 627 1827 dicant
655 1770 724 1823 de
761 1767 998 1840 Vignerii
1042 1762 1421 1834 Supplementa
1446 1801 1464 1827 ,
1514 1757 1658 1828 quod
1705 1772 1802 1827 per
1847 1755 2049 1811 multas
2076 1746 2128 1809 Β
2157 1764 2238 1813 tes
2264 1757 2332 1811 ad
2362 1757 2651 1812 Historiam
2684 1756 3060 1828 Pelagianam;
3089 1758 3295 1829 Pelagii
3322 1758 3571 1815 Britanni
3598 1760 3746 1815 Com-

448 1874 578 1936 puto
606 1861 969 1917 biblimhecas
1027 1858 1230 1913 frustra
1275 1854 1615 1926 qumsiveris,
1663 1851 1784 1906 sine
1824 1864 1930 1919 quo
1967 1858 2051 1903 ta.

452 1972 577 2012 men
606 1955 789 2011 omnia
821 1950 1184 2007 Lovaniensis
1204 1948 1368 2017 hujus
1394 1944 1730 2001 recensionis
1744 1940 2051 2012 apographa

452 2064 644 2106 manca
670 2062 792 2103 esse
834 2053 1071 2101 constat.
1101 2042 1236 2097 Illud
1268 2049 1451 2095 autem
1482 2038 1707 2093 omnino
1735 2043 1935 2106 praeter
1961 2048 2053 2089 ve-

451 2144 670 2199 ritatem
704 2137 990 2195 contendit
1020 2136 1304 2192 Simonius
1327 2175 1341 2198 ,
1382 2146 1574 2186 novam
1607 2127 1896 2199 Augustini
1938 2125 2056 2181 edi-

456 2237 663 2291 tionem
709 2242 828 2302 post
872 2230 1271 2286 Lovaniensem
1323 2226 1503 2280 locum
1550 2237 1658 2277 non
1709 2220 1965 2274 habuisse
2001 2227 2057 2273 et

460 2328 702 2397 iniquius
731 2324 947 2388 statuit,
976 2320 1376 2377 Lovaniensem
1407 2314 1761 2371 Benidictinre
1785 2310 1971 2367 multis
1991 2325 2057 2364 ex

464 2420 645 2477 causis
674 2432 795 2473 esse
830 2414 1221 2486 prmferendam
1244 2452 1259 2479 ,
1293 2411 1549 2479 idemque
1588 2407 1864 2470 dicemus,
1898 2404 1943 2457 si
1974 2402 2059 2470 ju-

463 2510 667 2566 dicium
717 2507 891 2562 hocce
937 2519 1093 2559 suum
1151 2502 1219 2557 ad
1276 2500 1515 2569 reliquas
1573 2494 2056 2551 Benedictinorum

456 2603 679 2660 Patrum
722 2599 1043 2654 Latinorum
1079 2594 1169 2651 vel
1210 2594 1531 2650 Graecorum
1572 2589 1840 2645 editiones
1870 2593 2059 2640 exten-

458 2693 588 2749 dere
638 2691 793 2757 velit,
846 2705 877 2745 e
927 2688 1125 2760 quibus
1155 2688 1247 2740 vix
1277 2684 1424 2739 ullus
1455 2691 1573 2747 est,
1625 2678 1892 2734 ililarium
1941 2675 2058 2744 ipse

458 2784 677 2855 excipit,
706 2783 843 2854 quin
871 2789 1156 2837 recentem
1186 2788 1315 2833 tunc
1354 2777 1421 2831 ab
1454 2774 1691 2844 ingeniis
1723 2769 2061 2825 eruditorum

461 2887 519 2935 et
545 2852 686 2946 preli
716 2852 975 2927 munditis
1006 2871 1219 2924 cultum
1244 2867 1637 2921 desiderasset.
1666 2862 1734 2914 Ut
1757 2875 1888 2913 vero
1908 2858 1974 2946 ad
2002 2872 2065 2946 ea

462 2944 679 3024 tan—dem
708 2962 1051 3023 accedamus,
1085 2972 1209 3026 qua:
1244 2956 1298 3007 in
1334 2955 1451 3021 ipsa
1482 2954 1583 3002 hac
1605 2948 1832 2999 Patrum
1864 2944 2065 2997 Mauri-

462 3074 657 3117 norum
689 3068 854 3125 opera
891 3052 977 3106 vel
1010 3059 1296 3118 perperam
1319 3084 1331 3106 ,
1361 3042 1448 3095 vel
1479 3038 1734 3108 imperite
1764 3036 1904 3089 facta
1940 3046 2063 3087 esse

2156 1848 2409 1903 mcntarii
2436 1850 2486 1903 in
2516 1849 2788 1918 Epistolas
2814 1850 2870 1904 S.
2892 1849 3045 1904 Pauli
3071 1866 3086 1916 ;
3120 1864 3182 1904 ac
3208 1850 3442 1921 denique
3473 1850 3600 1905 Des.
3626 1847 3746 1904 Era-

2155 1942 2277 2006 smi,
2302 1938 2392 1993 Jo.
2426 1939 2564 1994 Lud.
2608 1939 2772 2007 Vivis,
2804 1938 2989 1994 Jacobi
3018 1940 3285 1995 Sirmondi
3304 1984 3318 2009 ,
3352 1940 3575 1995 llenrici
3605 1940 3751 1995 Nori-

2159 2034 2255 2101 sii,
2288 2032 2510 2088 Joannis
2538 2032 2838 2105 Phereponi
2869 2041 2924 2089 et
2950 2034 3182 2089 aliorum
3214 2034 3569 2104 praefationes
3591 2076 3606 2102 ,
3637 2049 3753 2089 cen-

2159 2140 2332 2192 surae,
2372 2133 2513 2181 nota:
2554 2135 2609 2180 et
2651 2125 3154 2181 animadversiones
3194 2124 3249 2180 in
3277 2126 3457 2180 omnia
3487 2126 3548 2181 S.
3583 2126 3755 2195 Augu—

2161 2219 2290 2273 stini
2317 2234 2502 2289 Opera.
2529 2218 2758 2285 T.XI!,
2787 2220 2875 2289 qui
2904 2219 3029 2273 huic
3059 2218 3286 2276 editioni
3319 2219 3642 2289 peculiaris,
3676 2232 3758 2272 un-
3834 2290 3839 2297 _

2158 2314 2335 2369 decim
2361 2313 2639 2382 prioribus
2666 2328 2732 2367 ex
2760 2312 2877 2368 sola
2897 2312 3139 2369 editione
3166 2310 3458 2368 Parisiensi
3485 2314 3617 2369 sine
3642 2326 3756 2368 mu-

2162 2404 2365 2458 tatione
2389 2404 2684 2474 expressis.

2231 2494 2458 2550 Constat
2502 2497 2641 2551 hanc
2672 2496 2965 2552 editionem
3007 2510 3119 2552 non
3146 2497 3480 2565 Antuerpiae,
3508 2498 3612 2551 sed
3636 2499 3765 2552 Am-

2162 2588 2445 2644 stelodami
2486 2604 2581 2660 per
2624 2588 2845 2646 Petrum
2885 2589 3130 2658 Mortier,
3160 2589 3510 2659 bibliopolam
3542 2589 3763 2644 Amste-

2165 2681 2556 2746 lodamensem,
2589 2684 2679 2750 qui
2710 2698 2818 2735 non
2847 2682 3023 2736 solum
3052 2696 3246 2735 nomen
3275 2695 3433 2733 suum
3461 2680 3519 2732 in
3545 2679 3761 2750 Appen~

2166 2774 2301 2829 dicis
2328 2788 2425 2828 seu
2458 2772 2586 2828 torni
2616 2771 2711 2826 Xll
2742 2771 2898 2827 titulo
2926 2765 3202 2839 professus
3239 2778 3361 2836 est,
3398 2769 3494 2823 sed
3536 2771 3609 2825 ad
3654 2773 3757 2827 cal-

2167 2878 2285 2918 cem
2309 2864 2380 2916 XI
2407 2865 2536 2917 tomi
2560 2878 2775 2932 quoque
2804 2862 3058 2931 ascripsit
3079 2901 3095 2927 ,
3130 2874 3251 2916 esse
3292 2860 3592 2931 perfectam
3615 2903 3630 2929 ,
3663 2878 3757 2933 qua

2168 2952 2358 3006 fraude
2385 2954 2437 3004 in
2467 2962 2856 3005 consecuturos
2887 2967 3012 3006 sese
3035 2953 3333 3021 sperabant
3358 2962 3647 3011 curatores
3666 2997 3681 3020 ,
3707 2965 3756 3009 ut

2168 3040 2219 3093 in
2266 3042 2424 3094 terris
2468 3040 2739 3110 pontificis
2780 3040 3063 3095 formulam
3093 3040 3405 3097 colentibus
3437 3045 3756 3099 vendibilior

460 3115 744 3222 qlieritllri.
768 3115 1124 3212 reprellelldil
1157 3136 1390 3205 Primum
1414 3178 1427 3202 ,
1464 3132 1696 3187 omissas
1743 3141 1869 3183 0550
1908 3133 2066 3179 "0135
2094 3115 2140 3179 (ἶ
2174 3141 2360 3198 esset,
2389 3132 2435 3186 si
2475 3147 2537 3187 ex
2581 3132 2715 3188 urbe
2759 3132 3049 3203 pontificize
3078 3133 3342 3190 doctrinae
3374 3136 3596 3192 addicta
3623 3138 3756 3193 exire

460 3219 887 3299 Lovaniensium
969 3231 1351 3299 theologorum
1436 3223 1701 3281 Ecclesia:
1776 3219 2061 3275 catholica:

464 3345 643 3389 causae
674 3338 780 3382 tam
807 3326 968 3381 utiles
994 3324 1139 3395 (naut
1165 3322 1217 3377 id
1247 3320 1354 3376 sibi
1384 3317 1505 3375 vult
1528 3316 1572 3370 si
1598 3317 1938 3384 importantes
1960 3311 1991 3363 ὰ
2010 3311 2063 3364 la

467 3420 734 3497 religion).
768 3420 878 3477 Nec
904 3432 1037 3476 vero
1068 3432 1190 3473 eam
1215 3414 1626 3471 excusationem
1671 3403 2062 3497 admittendam

467 3496 682 3583 censet,
729 3527 835 3583 qua
868 3512 933 3567 ab
975 3508 1229 3564 omnibus
1274 3504 1501 3560 omnino
1553 3498 1876 3570 theologicis
1924 3496 2067 3552 notis

469 3622 595 3663 sese
619 3606 948 3662 abstinuisse
972 3600 1268 3657 affirmant.
1310 3598 1524 3667 Quippe
1568 3594 1715 3665 quod
1759 3592 1954 3663 partim
1998 3591 2067 3646 ab

466 3702 533 3756 iis
553 3694 755 3755 factum
784 3713 907 3753 esse
949 3702 1140 3763 negat,
1168 3690 1365 3761 partim
1390 3689 1637 3755 damnat,
1676 3684 1819 3755 quod
1861 3682 2066 3738 criticis

468 3791 945 3849 observationibus
976 3800 1129 3854 mque
1162 3784 1216 3836 in
1263 3778 1535 3847 theologia
1573 3792 1637 3831 ac
1689 3778 1741 3830 in
1776 3776 2064 3832 Gramma‘

468 3887 595 3947 tica,
621 3895 779 3950 quam
809 3879 979 3933 solam
1006 3873 1380 3935 exercuerim,
1407 3870 1563 3924 locus
1590 3868 1771 3923 fuerit.
1805 3870 1873 3923 At
1893 3868 2068 3939 majus

475 3976 563 4031 his
594 3971 845 4025 omnibus
892 3965 1243 4037 opprobrium
1282 3971 1401 4030 est,
1438 3970 1490 4017 et
1536 3961 1679 4031 quod
1727 3976 1831 4016 non
1873 3976 2065 4031 parum

471 4068 633 4134 hujus
661 4061 922 4118 editionis
947 4060 1177 4130 pretium
1201 4057 1464 4125 elevaret,
1498 4057 1543 4109 si
1565 4056 1696 4110 satis
1720 4056 1809 4110 ille
1834 4056 2065 4126 probas-

469 4166 587 4225 set,
619 4154 863 4210 defuisse
907 4152 1193 4207 monachis
1250 4150 1332 4205 eis
1380 4163 1572 4206 omnes
1602 4190 1615 4215 ,
1667 4163 1800 4219 quas
1847 4148 2067 4205 critices

469 4262 668 4303 munus
697 4245 799 4301 sibi
830 4244 1087 4316 postulet,
1112 4241 1425 4307 facultates,
1446 4240 1773 4305 doctrinam,
1801 4238 2064 4310 judicium

470 4350 802 4397 etacumen.
838 4337 1055 4393 Praebet
1081 4335 1333 4404 exempla
1366 4334 1611 4404 aliquot,
1646 4336 1699 4388 in
1733 4332 1928 4404 quibus
1959 4348 2067 4389 non

467 4450 664 4506 neges,
698 4448 808 4489 non
846 4430 1143 4487 admodum
1187 4430 1324 4485 scite
1355 4444 1450 4484 eos
1484 4443 1607 4485 esse
1640 4438 1883 4485 versatos
1906 4470 1921 4495 ,
1966 4429 2063 4485 sed

2167 3224 2461 3292 videretur,
2492 3239 2652 3293 quam
2683 3226 2726 3278 si
2757 3239 2953 3279 nomen
2988 3226 3139 3280 urbis
3162 3227 3528 3283 heterodoxze
3552 3229 3758 3299 prcher—

2168 3326 2270 3372 ret.
2301 3316 2409 3371 Nec
2442 3317 2620 3371 minus
2644 3317 3023 3388 pervulgatum
3055 3327 3160 3384 est,
3184 3319 3451 3375 editorem
3480 3319 3659 3377 fuisse
3681 3336 3756 3377 εει

2166 3408 2369 3464 lcbrem
2397 3408 2566 3474 illum,
2590 3408 2685 3463 sed
2713 3407 2854 3478 apud
2886 3408 3189 3466 catholicos
3216 3411 3356 3465 male
3382 3412 3661 3483 imprimis
3681 3429 3757 3468 au-

2168 3500 2405 3555 dientem
2437 3497 2690 3553 Joannem
2727 3498 2984 3555 Clericum
3008 3541 3023 3568 ,
3056 3503 3150 3571 qui
3179 3501 3280 3557 sub
3306 3500 3544 3558 Joannis
3573 3504 3751 3559 Phere-

2170 3595 2292 3664 poni
2321 3594 2468 3649 larva
2498 3594 2672 3650 latere
2700 3593 2893 3649 voluit.

2240 3686 2377 3742 Sunt
2397 3696 2578 3741 autem
2603 3687 2711 3741 duo
2732 3700 2931 3755 genera
2953 3686 3281 3756 scriptorum
3315 3688 3369 3743 in
3397 3687 3549 3745 hanc
3575 3705 3752 3761 appen-

2169 3779 2343 3835 dicem
2374 3794 2401 3833 a
2432 3779 2651 3835 Clerico
2681 3779 2949 3848 conjecta,
2983 3778 3105 3834 libri
3137 3778 3345 3834 scilicet
3372 3788 3483 3835 tum
3519 3794 3747 3839 veterum

2169 3875 2373 3946 aliquot
2402 3883 2687 3930 auctorum
2710 3916 2723 3940 ,
2756 3882 2871 3928 tum
2900 3873 3262 3943 recentiorum
3290 3874 3628 3944 scriptorum
3652 3875 3748 3931 dis-

2170 3970 2496 4024 sertationes
2521 3968 2919 4040 Augustiniana
2944 3968 3147 4038 scripta
3176 3968 3539 4037 illustrantes,
3571 3970 3745 4041 quibus

2170 4070 2224 4118 et
2256 4063 2605 4133 praefationes
2634 4070 2689 4117 et
2718 4076 2964 4116 censurae
2997 4061 3341 4130 superiorum
3372 4062 3646 4119 editorum
3670 4076 3743 4117 ae-

2170 4157 2387 4212 censcri
2414 4166 2714 4224 merentur,
2748 4164 2803 4209 et
2832 4155 3001 4225 ipsius
3027 4164 3173 4209 notae
3204 4168 3393 4211 recens
3424 4155 3479 4210 in
3510 4155 3739 4227 singulos

2170 4256 2347 4302 tomos
2385 4262 2607 4317 Operum
2651 4248 2995 4315 conscriptae.
3037 4247 3118 4301 Ad
3157 4247 3308 4317 prius
3347 4257 3594 4317 spectant
3623 4248 3741 4301 Pio-

2170 4342 2305 4414 speri
2335 4341 2550 4395 Carmen
2592 4349 2646 4396 et
2676 4341 2883 4413 Pelagii
2906 4341 3275 4395 Commentarii
3297 4381 3313 4407 ,
3346 4342 3410 4395 de
3436 4342 3636 4410 quibus
3659 4340 3739 4410 ju-

2171 4433 2328 4499 stior,
2350 4432 2441 4487 ubi
2472 4433 2539 4487 ad
2564 4434 2712 4503 ipsos
2735 4433 2899 4489 hosce
2929 4444 3180 4489 auctores
3205 4433 3622 4503 pervenerimus,
3648 4444 3740 4485 no-

467 4530 726 4601 pleraque
781 4525 964 4582 omnia
1027 4524 1337 4579 versionem
1388 4524 1636 4579 locorum
1704 4523 1906 4579 veteris
1973 4492 2144 4577 autD
2168 4524 2251 4579 bis
2289 4524 2503 4580 dicendi
2546 4526 2698 4580 locus
2737 4526 2878 4589 erit;
2920 4523 3162 4579 Garnerii
3198 4524 3599 4592 dissertationes,
3630 4538 3740 4594 quze

469 4622 594 4677 novi
625 4617 965 4677 Testamcuti
1013 4626 1375 4683 concernunt,
1408 4617 1462 4672 in
1490 4616 1687 4688 quibus
1727 4616 1774 4670 si
1820 4615 2064 4672 timidius

466 4715 749 4769 autetiam
783 4728 891 4769 non
939 4711 1099 4769 docte
1124 4710 1262 4765 satis
1293 4709 1498 4779 aliquid
1532 4709 1736 4765 elocuti
1760 4708 1899 4776 sint,
1943 4709 2063 4779 quis

472 4812 622 4858 tanto
648 4805 931 4860 stomacho
962 4803 1147 4861 ferat?
1179 4802 1452 4858 Praeterea
1479 4815 1652 4873 pauca
1681 4808 1829 4867 sunt,
1860 4810 1914 4857 et
1935 4800 2064 4859 licet

465 4898 530 4953 de
561 4896 746 4950 multis
789 4914 853 4952 ea
897 4898 1218 4968 speciminis
1265 4898 1421 4968 quasi
1453 4898 1574 4953 loco
1603 4895 1861 4952 exhibere
1888 4910 1949 4951 se
1980 4897 2058 4952 si-

2167 4617 2309 4673 inter
2333 4617 2586 4687 Prosperi
2627 4625 2681 4673 et
2722 4617 2925 4689 Pelagii
2965 4621 3221 4689 opuscula
3263 4621 3441 4675 locum
3481 4620 3734 4686 obtinent,

2166 4724 2395 4781 qumque
2438 4710 2689 4765 similiter
2733 4709 2801 4765 ad
2850 4710 3081 4766 Marium
3130 4712 3476 4768 Mercatorem
3520 4729 3547 4767 a
3594 4712 3736 4767 nobis

2166 4802 2761 4858 commemorabuntur.
2800 4802 2880 4857 Ad
2910 4817 3000 4859 eas
3025 4812 3205 4859 autem
3238 4805 3511 4874 pertinent
3540 4802 3734 4859 Henrici

2169 4895 2369 4949 Norisii
2412 4896 2694 4950 cardinalis
2736 4897 2962 4967 episwpi
3002 4896 3259 4967 epistolis,
3299 4897 3486 4968 quibus
3516 4894 3733 4952 Garnerii

462 4990 711 5061 gnificat,
744 4992 876 5045 etin
904 4992 1071 5048 altera
1111 4993 1331 5063 quidem
1376 4993 1567 5049 harum
1599 5007 1953 5049 censurarum
1993 4992 2062 5049 ad
2168 5005 2363 5044 errores
2403 4989 2456 5042 in
2494 4987 2822 5059 Geographie
2860 5004 3008 5042 sacra
3046 4989 3273 5059 Africa,
3313 4988 3441 5044 dum
3482 4986 3731 5058 episcopis

464 5082 661 5135 librum
706 5080 870 5149 justae
896 5082 1292 5150 magnitudinis
1324 5083 1728 5140 conficiendum
1772 5084 2061 5140 materiam

440 5174 530 5251 de
563 5171 946 5244 prtetermissis
995 5180 1049 5227 et
1080 5186 1371 5243 perperam
1416 5177 1579 5233 dictis
1619 5178 1725 5233 sibi
1765 5186 2060 5250 suppetere

432 5265 777 5336 "scripserit;
807 5274 988 5319 tamen
1027 5265 1289 5334 quoniam
1334 5264 1475 5321 hunc
1506 5268 1667 5323 talem
1712 5270 1909 5326 librum
1946 5286 2055 5327 non

461 5360 705 5431 scrimit,
738 5372 841 5414 nec
868 5358 1249 5427 exemplorum
1281 5373 1567 5415 numerum
1607 5377 1832 5431 usquam
1867 5366 2052 5433 auxit,

463 5452 594 5506 illud
624 5452 723 5507 viri
756 5450 916 5522 hujus
942 5449 1207 5521 judicium
1232 5465 1341 5505 non
1363 5458 1565 5508 temere
1588 5455 2055 5525 quisquamsusci-

466 5546 596 5613 piat.
625 5545 775 5599 illam
806 5562 941 5602 vero
968 5544 1189 5600 critices
1215 5552 1448 5615 partem,
1475 5562 1597 5617 qua:
1626 5547 1692 5603 ad
1725 5549 2055 5619 genuitatem

465 5648 515 5694 et
549 5638 909 5708 integritatem
945 5639 1209 5696 librorum
1242 5637 1445 5708 tendit,
1476 5640 1545 5695 de
1577 5656 1679 5713 qua
1708 5655 1928 5712 semper
1955 5642 2052 5698 hu-

456 5730 545 5797 jus
577 5729 1020 5802 congregationis
1045 5732 1298 5791 monachi
1341 5733 1606 5805 praeclare
1644 5734 1911 5792 meruisse
1939 5735 2052 5792 exi-

2166 5084 2432 5155 synodum
2458 5081 2729 5137 Africana:
2759 5089 2816 5136 et
2844 5080 3147 5137 Numidicae
3176 5082 3325 5138 sedis
3349 5082 3725 5154 assignaverat,

2164 5180 2581 5249 perstringuntur
2623 5185 2677 5232 et
2716 5177 3076 5243 emendantur,
3109 5177 3663 5235 animadversionibus
3684 5173 3727 5228 in

2164 5283 2368 5331 tomum
2385 5272 2426 5328 ll
2447 5272 2726 5342 subjectae.
2752 5271 2835 5327 Ad
2857 5272 3133 5343 Pelagium
3157 5275 3413 5331 observat
3433 5275 3626 5343 editor,
3647 5268 3728 5326 ade

2165 5364 2401 5421 diturum
2431 5378 2493 5419 se
2519 5363 2684 5419 fuisse
2715 5366 2943 5419 seorsim
2979 5380 3168 5420 omnes
3195 5365 3312 5435 ejus
3342 5367 3616 5437 reliquias,
3637 5358 3725 5418 nisi

2164 5472 2280 5528 quae
2312 5464 2509 5524 przeter
2535 5454 2820 5525 epistolam
2856 5456 2921 5510 ad
2954 5456 3353 5513 Demetriadem
3385 5463 3653 5513 exstarent
3679 5453 3724 5505 in

2163 5548 2294 5619 ipsis
2323 5547 2675 5604 Garneriauis
2702 5546 3180 5604 dissertationibus
3199 5548 3314 5619 jam
3343 5549 3585 5604 collecta:
3614 5544 3724 5597 fuis-

2161 5648 2310 5705 sent,
2341 5639 2429 5694 illa
2452 5652 2583 5695 vero
2611 5639 2663 5694 in
2689 5647 2837 5695 tomo
2862 5639 2905 5693 ll
2935 5638 3320 5710 Antuerpiana:
3357 5640 3519 5710 hujus
3546 5634 3723 5693 editio-

2160 5732 2246 5790 nis
2274 5732 2416 5790 inter
2446 5732 2860 5809 Augustinianas
2900 5731 3154 5804 epistolas
3185 5732 3362 5792 locum
3397 5729 3718 5789 obtinuisset.
