3882 6370
128 369 222 425 105

1064 369 1336 427 ΝΟἸΊΤΙᾹ
1377 371 1799 428 LIT'l'ERARlA
1840 372 1903 426 ΙΝ
1947 373 2002 428 S.
2047 371 2512 430 AUGUSTINUM.

3307 371 3411 432 106

134 483 283 553 Quod
312 486 691 554 prafationes
713 487 926 554 attinet,
953 487 1121 554 prima
1144 495 1224 541 est
1245 486 1450 540 Erasmi
1468 488 1730 542 dedicatio
1756 490 1805 549 Α
1834 503 1954 543 esse
1982 499 2221 544 censent.
2256 489 2482 543 Necesse
2513 499 2591 542 est
2623 489 2859 558 profecto
2896 507 3327 565 unumquemque
3364 500 3414 551 id

148 578 213 633 ad
239 576 528 648 Alfansum
564 577 876 644 Fomecam,
899 579 1364 648 archiepiscopum
1393 580 1737 646 Toletanum,

155 669 274 725 dein
305 671 563 739 przefatio
593 671 816 725 Joannis
838 669 1119 727 V‘limmerii
1136 712 1150 735 ,
1169 671 1514 728 sermonibus
1539 687 1568 727 a
1597 663 1657 728 se
1685 687 1739 728 a.

160 761 290 817 9564
311 760 478 815 editis
503 761 794 830 praemissa
817 771 870 815 et
901 761 953 814 in
985 763 1229 830 sequenti
1259 762 1557 817 Basileensi
1587 777 1745 832 rcpe—

165 854 277 912 tita,
300 861 410 904 tum
452 850 572 918 ipsa
611 850 728 904 haec
755 850 1078 906 Basileensis
1106 866 1159 906 a.
1191 850 1327 907 1569
1356 852 1598 921 praefatio
1626 867 1744 907 ver-

161 941 308 994 sibus
331 948 593 1008 concepta
621 956 686 994 ac
708 940 939 1010 denique
962 940 1173 995 Erasmi
1204 942 1256 995 in
1280 942 1451 997 libros
1468 942 1746 998 Retracta-

165 1030 378 1083 tionum
404 1038 460 1083 et
485 1027 901 1084 Confessionum
921 1044 1175 1084 censura.
1207 1031 1545 1087 Postremam
1569 1033 1739 1098 hanc,

163 1135 266 1174 cur
310 1123 534 1175 seorsim
569 1135 599 1174 a
649 1121 879 1191 reliquis
921 1123 1166 1177 censuris
1210 1124 1568 1191 Erasmianis,
1613 1140 1746 1194 quas

163 1209 278 1264 suis
306 1211 874 1265 animadversionibus
911 1212 1277 1281 interposuit,
1320 1213 1409 1269 hic
1431 1215 1747 1270 exscriben-

159 1300 284 1354 dam
315 1301 553 1365 dederit,
582 1302 784 1355 nullam
813 1303 966 1358 video
983 1318 1224 1357 causam.
1259 1305 1368 1359 Nec
1391 1306 1559 1373 magis
1590 1305 1749 1360 intel-

158 1391 288 1458 ligo,
320 1404 418 1445 cur
449 1403 608 1444 unam
639 1391 937 1446 Vlitnmcrii
964 1392 1330 1460 pra-fationem
1349 1395 1414 1448 ad
1439 1395 1744 1460 Pamelium,

163 1499 285 1550 qua:
329 1483 554 1550 proprie
604 1492 815 1536 tantum
868 1483 1097 1536 Possidii
1149 1485 1448 1538 indiculum
1479 1501 1582 1538 una
1625 1498 1746 1538 cum

158 1574 530 1627 Sermonibus
554 1573 864 1642 evulgatum
888 1576 1102 1638 attinet,
1134 1574 1238 1628 huc
1264 1577 1584 1642 reposuerit,
1617 1575 1750 1628 alte-

161 1679 278 1716 ram
326 1647 397 1716 ad
445 1663 738 1717 Martinam
788 1664 1117 1729 Ilii/torium,
1167 1666 1400 1733 primum
1449 1664 1746 1735 Yprensem

163 1756 514 1823 episcopum,
551 1765 655 1808 una
687 1771 808 1808 cum
849 1755 1120 1809 Sirmondi
1164 1756 1481 1823 prmfatione
1524 1757 1747 1812 Sermo-

1840 577 2038 645 faccre,
2083 579 2224 648 quod
2269 580 2527 644 Optimum
2560 573 2699 631 factu
2725 581 2772 633 ei
2804 581 3028 636 videtur.
3066 584 3172 639 Sed
3196 586 3298 639 erit
3323 602 3417 655 po-

1841 674 1956 720 stea
1979 669 2214 721 omnium
2237 669 2406 723 Judcx
2431 683 2732 736 supremus,
2757 669 2844 738 qui
2867 671 3152 740 aliquando
3180 675 3416 742 tandem,

1843 759 2058 827 quinam
2090 761 2286 814 rectius
2315 763 2600 826 senserint,
2630 773 2777 816 certo
2804 765 3037 818 docebit.
3070 766 3206 832 Quin
3238 779 3291 822 et
3319 785 3421 823 no-

1842 857 1952 903 stra
1973 858 2123 915 aetas,
2152 865 2218 904 ne
2238 860 2486 918 posteros
2506 852 2698 913 dicam.
2720 852 2977 920 judicium
3001 858 3098 908 hac
3116 856 3181 910 de
3201 873 3259 911 re
3281 860 3423 911 ferre

1843 941 2072 1008 poterit;
2106 955 2224 1008 nec,
2253 944 2297 995 si
2341 942 2635 996 ratiOnibus
2684 944 2820 998 meis
2864 952 3124 1001 assentire
3169 960 3421 1017 nequeat,

1845 1031 2163 1084 anetoritate
2194 1046 2334 1094 mea,
2359 1046 2477 1098 qua:
2504 1033 2646 1085 nulla
2676 1034 2829 1101 plane
2853 1039 2956 1100 est,
2984 1046 3290 1091 transversa
3317 1040 3427 1091 sal-

1846 1119 1941 1172 tim
1969 1121 2051 1188 agi
2082 1120 2296 1188 poterit.
2330 1119 2482 1187 Erat,
2529 1126 2627 1175 cur
2676 1120 2942 1189 timerem,
2991 1140 3061 1180 ne
3109 1129 3426 1182 auctoritate

1848 1210 1910 1265 S.
1954 1209 2225 1281 Augustini
2274 1209 2559 1276 obruerer,
2613 1215 2859 1280 quamvis
2905 1215 3201 1271 rationibus
3247 1234 3425 1273 essem

1849 1306 2120 1370 superiOr;
2153 1313 2207 1355 at
2238 1301 2367 1356 nihil
2396 1303 2571 1357 simile
2615 1319 2645 1357 a
2689 1319 2774 1357 me
2824 1317 3044 1372 possunt
3093 1311 3287 1374 vereri,
3337 1313 3428 1379 qui

1851 1397 1948 1449 nisi
1980 1395 2298 1450 firmissimis
2326 1399 2654 1465 argumentis
2684 1414 2870 1452 verum
2899 1413 3022 1454 esse
3045 1401 3258 1455 cvicero
3284 1405 3428 1471 quod

1850 1485 2100 1551 defendo,
2133 1488 2250 1541 sine
2278 1486 2441 1541 dubio
2473 1486 2790 1542 damnabor.
2824 1505 2843 1540 ι

1920 1575 2229 1629 Generatim
2284 1576 2554 1644 diximus,
2617 1592 2874 1633 censuras
2930 1588 2984 1636 et
3037 1581 3432 1640 admonitiones

1855 1665 2058 1719 Erasmi
2087 1667 2314 1720 insertas
2340 1681 2458 1721 esse
2496 1668 3076 1737 animadversionibus,
3120 1672 3213 1726 sed
3252 1688 3434 1728 acces-

1854 1759 1922 1810 sit
1949 1759 2107 1812 etiam
2137 1758 2202 1812 ad
2235 1767 2436 1812 tomum
2462 1759 2506 1813 li
2549 1760 2665 1829 ejus
2714 1761 2955 1830 prasfatio
3003 1764 3248 1832 epistolis
3298 1782 3435 1832 prm-

164 1844 330 1897 nibus
358 1844 446 1897 XL
490 1844 712 1898 Parisiis
745 1859 792 1897 a.
833 1843 957 1898 ιυὸι
995 1845 1279 1912 publicatis
1323 1845 1529 1914 adjecta
1556 1883 1571 1910 ,
1618 1855 1746 1900 ante
1776 1847 1822 1906 B
1850 1847 2028 1913 missa,
2050 1863 2181 1916 quas
2204 1849 2325 1902 ideo
2356 1857 2634 1916 tantOperc
2661 1850 2730 1904 ab
2751 1865 2818 1905 eo
2842 1852 3080 1906 laudatas
3103 1868 3221 1906 esse
3248 1857 3437 1908 scribit

162 1936 668 1989 animadversiones
721 1935 773 1990 in
827 1935 890 1989 T.
937 1935 975 1987 ν
1022 1935 1386 1990 recudendam
1445 1935 1746 1991 tradiderit.

159 2027 254 2080 Cet
271 2035 324 2081 te
355 2030 409 2081 in
434 2028 518 2083 bis
537 2027 943 2083 feStinationem
963 2029 1251 2098 quamdam
1274 2043 1603 2098 cognoscere
1616 2029 1750 2083 mihi

160 2118 698 2187 videoncnjusmodi
719 2134 825 2174 non
850 2135 972 2173 raro
998 2118 1289 2186 Clericum,
1313 2122 1358 2175 si
1385 2122 1530 2190 typis
1552 2120 1750 2189 aliquid

159 2211 478 2278 parandum
507 2220 663 2274 esset,
695 2210 922 2280 urgebat
955 2210 1058 2282 (ιι).
1090 2211 1198 2267 Sed
1247 2221 1306 2266 ut
1334 2212 1501 2282 ipsius
1533 2213 1749 2268 tandem

164 2299 646 2353 Aniumdrersiones
672 2302 1018 2370 attingamus,
1043 2300 1109 2356 de
1136 2301 1324 2356 iisdem
1355 2303 1604 2358 universe
1629 2317 1752 2372 pro-

168 2389 467 2457 nuntiavit,
514 2404 575 2445 se
621 2405 725 2445 non
775 2405 1083 2460 aggressum
1132 2407 1254 2448 esse
1296 2393 1750 2449 Conimentarium

166 2490 267 2533 aut
296 2489 447 2534 notas
474 2491 754 2551 perpetuas
784 2482 837 2536 in
867 2481 927 2538 S.
959 2482 1313 2553 Augustinum
1353 2485 1614 2552 scribere,
1658 2483 1752 2540 sed

171 2581 378 2625 tantum
427 2574 652 2642 sparsim
700 2575 941 2644 quzrdam
989 2576 1039 2629 in
1073 2577 1217 2630 varia
1254 2575 1368 2645 ejus
1395 2592 1557 2646 opera
1587 2591 1755 2633 anno-

170 2670 307 2726 tare,
335 2676 588 2732 quorum,
617 2665 661 2718 si
704 2660 820 2734 qua:
863 2665 982 2720 aliis
1029 2665 1297 2734 debuerit,
1338 2678 1616 2723 auctorum
1661 2685 1756 2723 no-

166 2753 311 2807 mina
341 2769 404 2808 se
427 2754 717 2824 diligenter
748 2757 939 2826 ubique
977 2760 1312 2826 apposuisse,
1362 2769 1422 2813 ut
1469 2760 1756 2828 unicuique

167 2845 283 2899 laus
314 2859 418 2899 sua
446 2855 752 2913 eunstaret;
781 2849 881 2902 alia
910 2850 1126 2916 intacta,
1161 2858 1252 2902 aut
1274 2864 1414 2917 quas.
1449 2865 1514 2902 an
1547 2849 1638 2904 alii
1673 2859 1753 2904 at-

167 2936 443 3006 tigissent,
478 2939 776 3001 nesciverit,
809 2954 906 2994 suo
934 2940 1150 2995 numine
1173 2940 1479 3010 protulisse.
1505 2939 1758 2994 Esse’au-

169 3037 272 3083 tem
308 3039 423 3083 tum
447 3032 777 3099 grammatici
806 3043 896 3086 aut
927 3031 1100 3087 critici
1151 3032 1383 3101 generis,
1433 3040 1546 3086 tum
1591 3032 1758 3086 multa

171 3121 540 3190 philosophica
587 3138 648 3177 ae
694 3123 993 3192 theologica
1020 3123 1317 3193 permistim
1345 3137 1374 3176 a
1406 3138 1465 3178 se
1494 3123 1754 3186 exhibita.

1849 1933 2106 2003 Clericus,
2134 1938 2270 1990 nein
2293 1938 2733 1992 consuetudinem
2766 1948 3032 2006 peccaret.
3076 1941 3230 1994 Varia
3275 1958 3437 2009 porro

1851 2024 1935 2079 his
1962 2026 2517 2080 animadversionibus
2541 2027 2724 2080 insunt
2751 2029 2816 2081 ad
2846 2029 3149 2083 versionem
3181 2032 3319 2085 LXX
3353 2034 3437 2086 ln-

1853 2125 2168 2184 terpretum,
2202 2117 2544 2170 vexationem
2575 2118 2989 2183 Donatistarum,
3014 2121 3240 2174 aliorum
3269 2124 3439 2176 Incre-

1854 2207 2082 2261 ticorum
2114 2217 2169 2262 et
2192 2207 2585 2263 damnationem
2609 2209 2948 2280 Pelagianam
2971 2214 3289 2280 spectantia,
3320 2231 3440 2284 qua:

1855 2299 2108 2354 lectorem
2157 2300 2586 2369 praejndiciurum
2635 2317 2864 2357 vacuum
2913 2307 3218 2373 expendere
3264 2307 3436 2377 jubet.

1854 2388 2365 2444 Animadversiones
2394 2389 2460 2442 ad
2490 2390 2550 2443 T.
2591 2390 2677 2459 ill,
2704 2392 2794 2460 qui
2822 2393 2984 2447 libros
3012 2395 3078 2449 de
3116 2394 3440 2465 interpreta-

1856 2479 1997 2533 tione
2023 2477 2314 2548 Seripturte
2349 2479 2410 2533 S.
2465 2481 2860 2548 complectitur,
2909 2484 3215 2554 frequentes
3259 2487 3441 2556 Augu-

1855 2572 1979 2625 stini
2026 2579 2242 2640 propter
2279 2570 2481 2625 Graecae
2509 2582 2558 2624 et
2584 2572 2860 2627 liebraicas
2888 2575 3079 2643 lingua:
3113 2577 3439 2645 imperitiam

1857 2663 1908 2716 in
1937 2661 2335 2729 interpretando
2358 2661 2537 2729 lapsus
2558 2664 2866 2725 ostendunt,
2891 2680 2997 2733 quo
3019 2665 3441 2735 Castigationum

1857 2766 2054 2821 genere
2083 2760 2136 2804 et
2166 2752 2492 2816 Hieronymo
2522 2763 2736 2817 gravem
2767 2768 2826 2806 se
2856 2755 3148 2820 prmbuisse
3177 2758 3444 2814 Clericum

1859 2843 2123 2898 novimus.
2153 2841 2229 2895 De
2258 2849 2440 2904 quarto
2487 2849 2649 2905 tomo,
2698 2843 2787 2913 qui
2835 2858 3114 2900 sermones
3157 2850 3444 2919 Augustini

1859 2931 1912 2987 in
1963 2932 2203 2987 Psalmus
2246 2930 2425 2998 habet,
2461 2929 2627 2999 ipsius
2657 2931 2852 2987 Clerici
2885 2936 3045 2989 verba
3073 2938 3309 3006 proferre
3338 2957 3443 2997 non

1861 3027 2058 3097 pigeat,
2088 3024 2443 3090 verissimum,
2479 3023 2574 3079 sed
2624 3041 2822 3080 novum
2875 3035 2998 3083 tunc
3044 3038 3098 3084 et
3147 3033 3443 3090 inauditum

1857 3117 2114 3187 judicium
2142 3114 2437 3182 complexa.
2472 3132 2491 3165 ι
2519 3113 2810 3171 Sermoaes
2854 3121 3135 3188 AugtlSIinj
3187 3123 3238 3176 ίη
3285 3123 3442 3178 ps“.

169 3213 308 3280 quod
337 3227 444 3266 non
476 3221 680 3267 tantum
716 3215 1059 3284 interpretem
1098 3214 1379 3285 Augustini
1431 3230 1610 3285 agere,
1660 3215 1756 3270 sed
1784 3196 1827 3259 Ο
1862 3222 1999 3275 "105,
2042 3207 2232 3275 inquit.
2283 3204 2435 3259 “me
2485 3205 2662 3259 ¹ί¹υι¹³ι
2714 3207 2998 3274 Emimus:
3049 3219 3104 3265 (ει
3150 3212 3216 3265 ad
3262 3229 3445 3270 eorum

174 3303 609 3360 ratiocinationes
635 3306 753 3374 ejus
781 3307 1088 3376 espendere
1117 3308 1412 3363 statuisset.
1461 3325 1480 3359 ι
1511 3306 1627 3361 Non
1669 3322 1760 3362 vo-

175 3393 390 3457 luimus,
426 3395 617 3465 inquit,
639 3394 922 3450 dumtaxat
947 3397 1172 3451 obscura
1197 3398 1441 3466 quaedam
1463 3398 1755 3468 explicare,

173 3492 262 3536 aut
288 3484 392 3538 alia
420 3484 726 3550 illustrare;
759 3486 853 3540 sed
880 3495 936 3541 et
962 3501 1090 3542 vere
1111 3502 1172 3540 ac
1202 3497 1346 3542 recte
1368 3489 1510 3542 dicta
1537 3487 1762 3543 subinde

176 3575 377 3628 meritis
405 3575 650 3630 laudibus
683 3574 934 3641 afﬁcere;
963 3591 1151 3647 eaque,
1196 3577 1248 3631 in
1299 3578 1495 3648 quibus
1541 3577 1764 3633 halluci-

175 3677 329 3721 natus
357 3682 479 3722 esse
519 3668 818 3731 videbatur,
865 3679 1084 3734 notare;
1119 3685 1185 3724 ne
1214 3670 1351 3724 alios
1382 3671 1646 3738 incautos,
1682 3672 1764 3725 vel

175 3758 275 3812 viri
317 3760 635 3814 auctoritate
683 3759 922 3825 territos,
975 3761 1242 3816 fallerent.
1290 3760 1620 3818 Noveramus
1660 3773 1766 3817 non

176 3847 279 3918 legi
311 3848 476 3904 hosce
505 3851 688 3912 librds,
724 3860 780 3904 ut
807 3853 870 3906 ex
894 3853 957 3907 iis
985 3852 1216 3918 eruditio
1247 3853 1436 3907 critica
1459 3852 1764 3923 colligatur,

177 3941 268 3995 sed
295 3942 473 4009 potius
497 3941 966 3997 ratiocinationum
987 3957 1049 3997 ac
1069 3945 1376 4013 dogmatum
1401 3957 1590 4007 causa;
1621 3941 1771 3996 ideo-

177 4048 280 4101 que
306 4033 419 4087 bcec
449 4034 789 4103 potissimum
822 4034 1055 4104 expendi
1085 4049 1115 4089 a
1141 4035 1295 4089 nobis
1324 4044 1578 4103 oportere
1601 4033 1771 4088 credi-

178 4123 379 4187 dimus,
408 4131 464 4175 ut
492 4131 676 4177 essent
702 4123 1212 4179 Animadversiones
1240 4133 1440 4177 nostra:
1470 4123 1630 4177 veluti
1660 4136 1772 4176 ma-

181 4214 437 4270 nuductio
466 4215 712 4284 quaedam
746 4215 796 4269 in
830 4226 1016 4270 eorum
1044 4228 1223 4282 usum,
1255 4215 1345 4285 qui
1375 4215 1600 4270 multum
1633 4224 1770 4270 tem-

179 4321 286 4376 pus
311 4307 466 4360 hisee
492 4307 728 4376 legendis
770 4307 1084 4377 impendere
1134 4317 1434 4375 nequeunt;
1481 4305 1771 4376 judicium-

179 4413 292 4468 que
321 4397 510 4468 magis,
532 4413 680 4469 quam
706 4400 1039 4465 memoriam,
1077 4399 1322 4457 Veterum
1353 4401 1584 4454 lcetione
1613 4413 1773 4454 exco-

177 4491 296 4545 lere
332 4500 493 4558 atque
527 4505 721 4545 acuere
747 4505 808 4546 se
834 4490 1039 4545 debere
1068 4492 1264 4544 merito
1291 4488 1618 4542 exiStimant.
1657 4487 1765 4543 Ve-
1797 4547 1835 4558 ἒ

180 4595 301 4633 rum
347 4555 538 4634 audire
583 4580 714 4633 mihi
762 4579 951 4634 videor
982 4580 1230 4634 homines
1261 4577 1547 4632 nonnullos
1576 4577 1762 4631 elami-
1791 4555 1846 4614 Ῑ)

183 4678 379 4738 tantes,
415 4687 533 4738 qua:
563 4685 592 4726 a
622 4687 707 4726 me
735 4670 873 4726 dicta
904 4682 1026 4726 sunt
1053 4672 1220 4726 variis
1248 4671 1300 4724 in
1332 4672 1486 4738 locis,
1536 4686 1597 4725 ea
1644 4681 1766 4740 apta

182 4775 306 4816 esse
346 4762 412 4816 ad
457 4764 908 4834 corrumpendum
958 4763 1152 4833 potius,
1202 4777 1363 4833 quam
1411 4762 1766 4818 excolendum

178 4855 460 4923 judicium.
501 4857 708 4924 Quibus
744 4857 1069 4926 respondeo,
1104 4871 1211 4921 me,
1245 4855 1292 4910 si
1323 4855 1374 4910 in
1404 4855 1614 4909 illorum
1642 4869 1766 4910 sen-

183 4950 348 5004 tentia
378 4949 627 5019 fuissem,
657 4966 718 5005 ea
747 4949 1074 5004 omissurum
1103 4949 1299 5013 fuisse;
1329 4948 1423 5002 sed
1453 4963 1575 5003 cum
1617 4947 1772 5002 aliter

179 5040 466 5104 senserim,
499 5053 604 5095 non
633 5041 870 5109 potuisse
897 5041 1256 5104 committere,
1286 5045 1343 5092 ut
1371 5053 1453 5102 ea,
1488 5053 1606 5106 qua:
1635 5038 1767 5092 mihi

178 5133 385 5202 optima
415 5132 563 5187 dictu
593 5126 935 5198 videbantur,
969 5130 1455 5201 praetermitterem.
1499 5127 1576 5181 Ita
1620 5143 1679 5182 te
1718 5136 1774 5183 et

179 5225 282 5293 ipsi
309 5232 543 5295 gerunt;
575 5239 746 5295 neque
774 5225 919 5280 enim
948 5239 1009 5280 ea
1037 5225 1270 5280 scribere
1298 5223 1495 5289 solent,
1524 5236 1642 5291 qua:
1675 5235 1774 5289 pu-

180 5325 298 5371 tant
332 5315 468 5371 mihi
495 5326 586 5370 aut
613 5314 729 5372 aliis
760 5316 1045 5386 probatum
1077 5315 1162 5381 iri,
1200 5315 1294 5371 sed
1337 5330 1455 5385 qua:
1499 5313 1598 5383 ipsi
1649 5328 1774 5368 vera

252 5477 335 5546 (α)
371 5475 504 5531 Eam
545 5476 669 5546 ipse,
699 5477 898 5530 fatetur
944 5472 993 5527 in
1038 5471 1404 5546 admonitione
1421 5469 1768 5546 animadver-

182 5541 438 5603 sionibus
462 5548 514 5599 in
543 5541 605 5600 'l‘.
635 5545 677 5600 Χ
706 5545 1003 5615 praemissa.
1037 5542 1142 5598 Sed
1174 5542 1346 5615 major
1367 5541 1525 5595 etiam
1550 5548 1773 5615 cuntur-

187 5617 342 5690 hatio
384 5607 778 5690 _per_eamdem
828 5615 974 5690 illata
1000 5626 1120 5690 _est.
1152 5612 1386 5690 _Quippe
1432 5607 1776 5690 pra-lationes

187 5684 620 5744 Lovaniensium
643 5726 657 5750 ,
706 5699 842 5754 quas
866 5685 1120 5754 hocloco
1152 5684 1382 5754 insertas
1412 5695 1529 5734 esse
1545 5684 1609 5754 _in
1645 5689 1780 5745 prae-'-

189 5761 397 5814 t'atione
430 5757 587 5823 liujns
615 5750 933 5825 appendicis
962 5752 1112 5813 dicit.
1138 5751 1488 5817 exciderunt,
1526 5750 1650 5803 dum
1685 5759 1778 5816 per

563 5846 837 5905 PATBDL.
888 5841 1127 5928 XLVII.
1205 5885 1224 5900 .

1862 3298 2164 3367 exemplum
2210 3298 2371 3352 etiam
2413 3297 2527 3364 ipse
2574 3299 2750 3351 varius
2797 3299 3034 3354 Psalmos
3067 3303 3449 3371 interpretatus

1863 3400 1946 3446 est
1969 3399 2112 3444 tomo
2147 3390 2182 3442 V
2216 3392 2472 3458 Operum.
2501 3390 2697 3444 Verum
2722 3392 2830 3457 jam
2861 3393 3112 3456 exolevit,
3155 3404 3210 3448 et
3235 3397 3450 3464 qui'lem

1866 3481 2080 3542 merito,
2127 3496 2188 3534 ea
2235 3480 2371 3534 ratio
2404 3479 2787 3546 interpretandi
2817 3481 3172 3549 Scripturatu,
3205 3485 3453 3540 ubicum-

1867 3585 1968 3640 que
1998 3571 2191 3638 lingua:
2219 3570 2515 3636 praesertim
2547 3568 2823 3622 liebratca:
2868 3572 3041 3624 studia
3089 3572 3387 3628 floruerunt
3421 3593 3453 3631 a

1868 3659 2113 3716 ducentis
2166 3650 2547 3727 propemodum
2603 3657 2777 3711 anuis.
2834 3657 2999 3727 igitur
3060 3662 3455 3730 prwfatiuncula

1873 3751 2073 3805 Erasini
2101 3750 2167 3802 ad
2191 3765 2400 3802 examen
2429 3747 2510 3800 hic
2535 3764 2566 3800 a
2598 3748 2744 3801 nobis
2772 3763 3058 3814 revocatur,
3091 3753 3457 3810 ostendimus-

1870 3857 1973 3912 que
1997 3840 2182 3895 eadem
2214 3853 2394 3906 Opera,
2425 3838 2544 3908 quis
2596 3839 2764 3907 possit
2806 3855 2925 3895 esse
2971 3856 3101 3896 usus
3147 3843 3338 3898 horum
3391 3846 3451 3903 S.

1874 3931 2151 4003 Augustini
2198 3944 2535 3994 sermonum;
2584 3931 2826 3999 quamvis
2866 3931 2932 3984 ad
2962 3931 3340 4002 intelligendos
3367 3951 3455 3992 ac-

1872 4031 2057 4079 curate
2084 4022 2324 4076 Psalmhs
2374 4019 2504 4074 nihil
2553 4027 2645 4074 aut
2696 4036 2880 4089 parum
2930 4023 3177 4078 conferre
3228 4039 3453 4095 queant.

1873 4112 1974 4181 Qui
2003 4127 2096 4166 eos
2121 4111 2298 4180 legere
2330 4117 2550 4179 possunt
2586 4109 2864 4179 Hebraiee,
2907 4127 3005 4166 nec
3043 4113 3245 4168 critica:
3285 4131 3455 4172 sacra:

1874 4214 1997 4258 sunt
2022 4217 2244 4272 prorsus
2272 4202 2521 4269 imperiti,
2552 4216 2615 4254 ex
2650 4203 2764 4255 sola
2791 4202 3020 4258 lectione
3043 4204 3231 4258 horum
3253 4207 3458 4276 aliquot

1876 4310 2183 4352 sermonum
2215 4293 2535 4361 intelligent,
2571 4291 2700 4346 nihil
2726 4305 2845 4348 esse
2875 4294 3074 4348 'verius.
3106 4295 3256 4360 Quod
3284 4305 3336 4349 et
3365 4299 3456 4350 alii

1875 4386 2319 4448 animadvertent,
2351 4385 2394 4437 si
2445 4384 2688 4438 veritatis
2731 4383 2908 4440 studio
2955 4385 3100 4440 ducti
3145 4387 3456 4454 expendunt

1877 4493 2086 4533 examen
2116 4476 2545 4544 interpretationis
2576 4473 2966 4544 Angustinianw
2992 4476 3145 4528 trium
3169 4478 3456 4544 primorum

1878 4569 2226 4640 psalmorum;
2275 4583 2394 4620 nam
2443 4568 2622 4635 plures
2662 4575 2917 4623 excutere
2945 4582 3049 4621 non
3082 4567 3325 4630 vacabat,
3359 4583 3458 4620 nec

1876 4679 2006 4719 vero
2037 4677 2169 4730 opus
2200 4671 2334 4716 erat.
2364 4679 2382 4714 ι
2419 4661 2983 4716 Animadversiunibus
3011 4659 3060 4711 in
3095 4658 3327 4726 quintum
3374 4667 3457 4712 to—

1879 4772 2020 4810 mum
2051 4752 2324 4810 Sirmondi
2355 4763 2532 4817 notas,
2562 4752 2785 4818 qttarum
2818 4748 3103 4804 nonnullas
3130 4754 3334 4802 tantum
3359 4749 3457 4804 Be-

1879 4847 2130 4903 nediCtini
2157 4845 2456 4911 ediderant,
2486 4845 2718 4912 integras
2744 4837 3102 4906 interspersit,
3124 4837 3218 4892 Sed
3241 4839 3459 4897 nomine

1879 4938 2062 4994 addito
2091 4953 2121 4990 a
2148 4937 2258 4992 suis
2284 4934 2534 4991 secrevit.
2566 4933 2645 4985 Ad
2688 4926 2995 4981 tomum‘VI
3038 4928 3459 4984 animadversio-

1883 5040 1979 5085 nes
2007 5029 2277 5096 pleneque
2298 5020 2683 5093 quaestionibus
2706 5027 2759 5072 et
2779 5017 3167 5086 objectionibus
3185 5029 3455 5074 conSIant.

1877 5119 2125 5175 Continet
2145 5117 2286 5170 enim
2314 5113 2399 5166 hic
2423 5119 2598 5164 tomus
2624 5109 2945 5178 theOIOgica,
2971 5111 3160 5178 quibus
3187 5115 3332 5165 varia
3362 5128 3459 5180 ap-

1882 5211 2055 5282 posuit
2083 5206 2343 5269 Clericus,
2376 5217 2494 5273 qua:
2523 5217 2588 5255 ex
2619 5200 2889 5272 principiis
2917 5203 2967 5256 in
2997 5203 3102 5258 illis
3135 5202 3283 5258 libris
3316 5205 3458 5270 posi-

1883 5309 1950 5362 tis
1995 5306 2083 5359 vix
2127 5301 2261 5357 solvi
2301 5313 2457 5371 posse
2486 5297 2822 5353 videbantur.
2855 5296 3119 5367 imprimis
3147 5296 3199 5350 in
3230 5296 3313 5362 iis,
3341 5299 3460 5360 quat

1882 5463 2145 5518 incuriam
2176 5454 2472 5534 Vlimmerii
2522 5456 2805 5534 epistolam
2846 5453 2913 5506 ad
2959 5450 3305 5534 Pam‘elium1
3338 5457 3458 5534 quam?

1883 5537 2017 5590 infra
2050 5535 2191 5587 inter
2221 5519 2717 5602 animadversiones
2744 5525 2808 5602 a_d
2840 5534 3042 5577 tomum
3067 5519 3164 5602 μ’,
3208 5531 3328 5602 pag.
3359 5520 3460 5602 iiii

1884 5620 2068 5672 seqq.,
2096 5604 2310 5672 iterum,
2342 5598 2434 5672 sed
2469 5598 2554 5650 hic
2581 5598 2728 5662 justo
2762 5594 2878 5646 loco
2907 5594 3174 5657 exscripta
3205 5600 3311 5652 est,
3363 5594 3462 5643 im~

1887 5670 2221 5744 pri-mendam
2253 5670 2610 5737 designasset.

2959 5820 2997 5880 3s
