3882 6326
457 334 557 394 107

1358 330 1910 389 SUI’PLEMENTUM
1949 335 2041 390 AD

2163 310 2305 391 ent
2352 338 2406 392 s.
2452 334 2838 394 AUCUSTINI.
3587 340 3675 397 tos

457 453 523 507 ad
552 449 894 506 Encltiridion
926 448 991 503 ad
1018 446 1359 503 Laurentium
1400 450 1622 513 natavit,
1673 448 2042 504 demonstrare
2069 451 2114 512 Α
2146 452 2285 520 quod
2319 462 2592 520 tantopere
2624 466 2681 506 se
2722 452 2929 521 cepisse
2968 450 3215 519 afﬁrmat,
3249 460 3303 503 ut
3332 464 3419 505 eas
3452 454 3552 518 vix,
3597 467 3673 508 aut

458 540 678 605 studuit,
730 540 1009 609 Augustini
1058 538 1124 592 de
1166 538 1331 593 libero
1360 537 1582 591 arbitrio
1612 539 1933 593 sententiam
1965 538 2043 592 in-

458 632 666 688 terdum
699 645 803 685 non
833 630 987 685 facile
1016 626 1259 698 intelligi,
1290 630 1411 699 quia
1448 632 1664 683 vocibus
1708 628 1953 682 libertatis
1991 638 2045 683 et

455 722 606 776 liberi
636 722 835 775 arbitrii
856 721 999 797 aliud
1026 721 1307 789 intelligat,
1339 736 1498 789 quatit
1526 720 1667 787 quod
1700 720 1766 773 iis
1794 720 1929 773 solet
1973 722 2043 773 si-

455 813 717 881 gniﬁcari.
750 812 1257 866 Animadversiones
1286 812 1336 864 in
1372 812 1533 864 libros
1561 810 1627 863 de
1656 807 1883 863 Civitate
1926 810 2039 873 Dei,

456 902 544 971 qui
571 910 762 953 tomum
795 898 899 952 VII
925 901 1273 965 conszitunnt,
1304 899 1519 967 reliquis
1541 897 1872 966 copiosiores
1893 908 2040 963 sunt,

454 992 546 1045 sed
592 991 793 1045 eaedem
842 992 1041 1046 diversi
1094 991 1324 1060 generis.
1376 988 1722 1043 Prminittitur
1768 990 1854 1044 Jo.
1905 989 2040 1045 Lud.

459 1080 608 1134 Vivis
638 1080 903 1149 prmfatio.
941 1081 1233 1135 Additurus
1262 1089 1374 1147 erat
1405 1079 1565 1132 etiam
1606 1079 1824 1149 Coquaei
1868 1089 2041 1146 notas,

455 1170 551 1224 sed
586 1171 865 1241 prolixitas
891 1186 1072 1227 earum
1104 1179 1159 1225 et
1186 1169 1307 1224 belli
1350 1178 1473 1222 tunc
1519 1184 1613 1237 per
1661 1178 1825 1224 totam
1872 1171 2045 1225 Euro—

459 1275 580 1329 pam
628 1260 947 1330 ingruentis,
997 1260 1202 1314 librarii
1249 1258 1557 1312 commercii
1609 1259 1847 1314 rationes
1894 1261 2043 1329 juxta

460 1349 828 1403 conturbantis
876 1348 1173 1416 calamitas,
1221 1346 1483 1403 deterruit
1530 1348 1868 1418 bibliopolas.
1918 1350 2045 1417 Quae
2074 1376 2087 1386 -

459 1436 979 1491 animadversionum
1010 1437 1075 1517 ad
1109 1448 1296 1491 tantum
1336 1437 1485 1491 VIII
1512 1448 1565 1493 et
1592 1438 1677 1492 IX
1708 1440 1917 1509 indoles
1953 1444 2043 1507 sit,

460 1528 526 1582 ab
576 1528 692 1597 ipso
740 1527 933 1583 iterum
977 1528 1182 1585 Clerico
1229 1531 1393 1585 disce.
1452 1549 1469 1582 ι
1504 1530 1689 1586 Tantus
1726 1530 1873 1585 VIII
1906 1542 2047 1588 totus

461 1626 547 1673 est
569 1627 754 1673 contra
778 1618 1081 1687 lnereticos,
1108 1631 1162 1675 et
1190 1622 1487 1691 praesertim
1517 1632 1699 1677 contra
1723 1624 2047 1680 Manichmos

461 1718 516 1764 et
544 1708 793 1765 Arianos.
828 1710 933 1765 Eos
962 1712 1174 1781 quidem
1206 1714 1347 1779 nulla
1376 1715 1582 1768 ratione
1612 1714 1860 1770 defensos
1899 1718 2048 1784 cupi-

2143 557 2210 603 ne
2237 542 2325 597 vix
2354 541 2567 611 quidem
2598 542 2742 597 ferre
2771 550 2970 609 posset.
3001 540 3097 594 Cui
3124 557 3239 594 vero
3265 540 3417 594 etiam
3460 540 3675 596 nauseam

2144 651 2243 688 non
2281 644 2533 699 moveant,
2568 636 2851 700 exclamat,
2890 645 2964 689 tot
2997 644 3040 689 et
3065 646 3168 688 tant
3198 636 3382 704 longae,
3412 644 3462 687 ut
3483 651 3590 689 voce
3607 654 3676 690 sc-

2142 727 2335 791 quioris
2364 725 2456 779 aevi
2494 737 2628 789 utar,
2665 725 3104 789 rltetoricationes,
3131 734 3223 777 aut
3251 726 3319 777 ad
3349 720 3676 779 declinandum

2149 816 2427 868 adversarii
2455 816 2630 878 ictum,
2666 827 2752 869 aut
2792 817 2861 868 ad
2895 832 3011 870 eum
3046 816 3417 881 inSectandum,
3449 826 3532 868 aut
3550 817 3675 869 'deni-

2150 920 2243 969 que
2271 904 2341 957 ad
2370 905 2614 957 invidiam
2660 906 2739 957 vel
2769 908 3080 971 merendam,
3116 904 3187 957 vel
3223 903 3549 974 fugiendam?
3572 902 3683 955 Mihi

2145 1004 2276 1046 certe
2316 1005 2511 1047 tantum
2559 1006 2798 1048 crearunt
2846 997 2976 1048 inter
3020 996 3289 1064 legendum
3338 993 3603 1064 fastidium,
3641 1003 3685 1044 ut

2145 1087 2296 1156 p.'ane
2324 1087 2640 1147 recreatione
2659 1088 2940 1157 gratiarum
2966 1098 3011 1140 et
3035 1088 3304 1141 utiliorum
3324 1087 3595 1139 studiorum
3622 1087 3687 1136 in-

2147 1177 2369 1245 digeam.
2418 1176 2507 1232 Sic
2547 1174 2789 1231 Clericus
2842 1190 2988 1230 coeta
3042 1178 3357 1243 ittcuctaque
3392 1175 3535 1243 juxta
3562 1174 3687 1225 lance

2149 1276 2328 1320 Satura
2362 1266 2656 1320 lectoribus
2685 1280 2981 1335 apponens.
3032 1265 3331 1319 FulCltdOln
3374 1266 3534 1325 enim,
3565 1278 3686 1325 eum,

2148 1371 2266 1425 qua:
2288 1356 2365 1410 sic
2387 1356 2609 1410 allectus
2638 1357 2923 1420 scriberet,
2960 1370 3061 1409 non
3095 1369 3313 1423 semper
3334 1353 3464 1409 satis
3495 1352 3691 1406 medita-

2152 1456 2262 1501 tum
2315 1447 2503 1509 fuisse,
2560 1446 2902 1516 linguamque
2955 1448 3394 1514 impotentiorcm
3448 1460 3546 1498 non
3589 1458 3693 1495 raro

2151 1538 2501 1604 prtecnrrisse
2542 1546 2798 1591 mentem.
2846 1536 2902 1590 Id
2935 1536 3077 1605 quod
3113 1551 3302 1603 graves
3347 1536 3424 1599 ei,
3471 1549 3564 1588 nec
3599 1548 3694 1587 om-

2150 1626 2278 1679 nino
2302 1624 2533 1693 injustas
2558 1625 3009 1694 repreltcnsinnes
3036 1625 3364 1680 conciliavit.
3397 1623 3525 1678 Nam
3555 1636 3694 1691 pecu-

2152 1716 2336 1771 liarem
2384 1724 2570 1771 contra
2614 1718 2708 1770 has
2739 1718 2855 1785 ejus
2899 1717 3393 1771 animadversiones
3441 1727 3694 1769 censuram

464 1817 606 1866 ntus,
633 1816 731 1857 nec
755 1802 822 1857 ab
844 1816 1032 1858 eorum
1052 1803 1252 1859 dcliriis
1272 1820 1589 1875 quemquam
1610 1807 1814 1875 longius
1835 1808 2045 1872 abesse,
2082 1798 2126 1856 Β
2153 1805 2331 1859 emisit
2372 1805 2576 1876 Anglus
2616 1805 2831 1876 quidam
2878 1805 3130 1860 Itobertus
3160 1805 3395 1869 Jenkins,
3443 1801 3700 1860 Cantabri-

461 1908 618 1961 quam
653 1907 750 1948 nos
779 1900 1057 1962 putamus;
1093 1894 1185 1949 sed
1216 1904 1553 1963 optassemus
1600 1909 1746 1965 saepe
1789 1896 1892 1949 alia
1941 1897 2046 1964 via,

462 1983 649 2038 aliisve
678 1984 842 2038 armis
870 1994 1223 2054 oppugnatos,
1266 1994 1323 2039 ut
1356 1985 1654 2055 intelligere
1699 1986 1873 2041 licebit
1914 2003 2052 2054 pra:-

461 2078 646 2130 sertitn
696 2090 761 2131 ex
805 2076 895 2142 iis,
946 2091 1064 2145 qua:
1114 2078 1373 2131 habemus
1399 2076 1463 2131 ad
1495 2077 1691 2131 librum
1728 2077 1789 2129 de
1821 2075 2054 2130 Utilitate

464 2163 715 2219 Credendi
742 2177 903 2236 atque
931 2166 995 2220 ad
1028 2164 1199 2221 libros
1235 2167 1297 2221 de
1346 2167 1619 2221 Trinitate.
1672 2167 1881 2237 Alioqui
1930 2183 2050 2222 cum

466 2257 603 2310 bene
636 2271 727 2311 eos
756 2271 1065 2327 aggressum
1094 2272 1213 2313 esse
1244 2258 1305 2313 S.
1336 2259 1675 2328 Augustinum
1725 2260 2052 2313 existimavi-

466 2360 606 2411 mus,
632 2346 817 2402 laudes
845 2348 895 2402 in
918 2362 1039 2402 eum
1071 2348 1458 2423 plenomodio,
1484 2358 1540 2402 ut
1565 2349 1715 2415 alibi,
1741 2349 2049 2416 elluditttus,

466 2447 518 2511 ct
549 2437 806 2492 ambabus
833 2439 973 2492 ulnis
1002 2440 1234 2494 rationes
1261 2438 1376 2507 ejus
1406 2439 1635 2505 amplexi
1670 2454 1872 2504 sumus,
1917 2439 2053 2493 sicut

466 2526 531 2578 ad
566 2525 657 2580 lib.
692 2526 911 2583 XXXIII
943 2538 1129 2583 contra
1162 2528 1419 2582 Faustum
1450 2528 1821 2582 Manicliteum.
1868 2528 2055 2583 Tomus

466 2632 652 2685 nonus,
685 2617 735 2671 in
766 2635 870 2687 quo
898 2634 1016 2673 cum
1047 2620 1340 2673 Donatistis
1370 2626 1568 2689 pugnat
1606 2619 1666 2673 S.
1721 2620 2052 2689 Augustinus,

465 2722 564 2762 nos
596 2723 702 2763 non
745 2711 899 2764 valde
938 2711 1201 2766 exercitus
1237 2710 1444 2775 habuit,
1493 2710 1617 2779 quia
1651 2709 1839 2765 eadem
1888 2710 2058 2785 ferme

465 2799 538 2853 ibi
570 2802 785 2871 repetit,
823 2817 944 2856 cum
985 2802 1275 2858 Donatista:
1305 2801 1522 2857 easdem
1553 2802 1905 2869 objectiones,
1940 2816 2057 2855 eos-

466 2892 657 2946 detnve
689 2894 1077 2960 paralogismos
1104 2891 1431 2945 adversariis
1462 2890 1526 2940 ad
1573 2891 1844 2943 tastidiutn
1888 2904 2057 2957 usque

466 2990 802 3052 oggererettt.
856 2983 1045 3035 Mirum
1091 2990 1267 3033 tamen
1303 2990 1386 3033 est
1428 2978 1486 3031 S.
1529 2979 1812 3047 Augustino
1842 2978 2055 3045 taedium

467 3084 559 3127 aut
588 3088 832 3128 somnum
867 3086 971 3124 non
1000 3070 1324 3136 Obrepsisse,
1361 3070 1497 3121 idem
1531 3067 1685 3122 toties
1733 3069 1948 3122 dicenti.
1999 3068 2055 3122 In

468 3162 636 3216 libros
662 3169 846 3213 contra
880 3158 1171 3227 Epistolatn
1204 3157 1536 3211 Parmenioni
1572 3172 1668 3213 nos
1693 3172 1907 3228 quoque
1954 3159 2054 3211 ite—
2079 3139 2131 3200 Ο

469 3266 586 3306 rum
607 3254 813 3321 egimus
837 3251 902 3305 de
928 3250 1297 3317 persecutione
1320 3250 1716 3318 ita-reticerem,
1753 3250 1819 3304 de
1847 3262 1947 3316 qua
1972 3259 2055 3303 sat

469 3342 652 3396 multis
684 3343 736 3394 itt
766 3339 1320 3395 animadversionibus
1355 3339 1419 3394 ad
1454 3348 1593 3409 tom.
1638 3340 1678 3395 ll
1717 3341 2055 3405 dixeramus;

471 3446 644 3502 neque
676 3431 1003 3502 synodorum
1040 3432 1357 3486 auctoritate
1389 3432 1439 3485 in
1468 3431 1633 3485 libros
1664 3433 1730 3485 de
1762 3432 2054 3498 Baptismo,

470 3524 559 3578 tibi
605 3534 784 3579 tamen
826 3523 1131 3577 summatim
1172 3523 1447 3578 dumtaxat
1486 3538 1599 3576 rem
1623 3522 1915 3592 attigimus.
1945 3540 1965 3574 ι
1998 3522 2055 3576 In

470 3629 675 3673 tomum
701 3617 968 3673 decimum
1000 3617 1179 3672 minus
1201 3616 1438 3672 studium
1482 3616 1735 3670 collatum
1779 3623 1881 3670 est.
1924 3615 2055 3669 Nam

471 3708 792 3764 exhibentur
833 3724 936 3762 non
968 3707 1069 3760 nisi
1094 3706 1207 3760 haec
1234 3724 1244 3757 :
1277 3705 1527 3773 Praefatio
1551 3706 1631 3756 ed.
1660 3706 1777 3757 libri
1801 3706 1865 3757 de
1890 3704 2057 3760 Gestis

472 3799 674 3868 Pelagii
696 3810 841 3850 anno
873 3796 1028 3861 16H,
1056 3798 1297 3864 Augusta:
1344 3794 1721 3848 Vindelicorum
1759 3797 2052 3865 evulgatte;

474 3884 637 3940 Henr.
669 3886 889 3951 Norisii,
911 3885 1151 3939 historia:
1172 3883 1555 3937 ecclesiasticae
1579 3883 1631 3937 in
1656 3885 1943 3939 Academia
1974 3885 2057 3940 Pi-

469 3992 605 4032 sana
632 3975 970 4045 professoris,
998 3982 1116 4043 post
1136 3975 1442 4040 cardinalis,
1468 3976 1773 4028 Advrntoria
1805 3978 1870 4030 ad
1896 3978 2061 4033 Fran—

471 4070 680 4123 ciscum
710 4067 1054 4121 Macedonem
1086 4067 1136 4120 in
1170 4065 1421 4120 Patavina
1445 4068 1609 4122 Acad.
1646 4070 1847 4123 etltices
1887 4070 2058 4125 inter-

473 4170 707 4227 pretem,
757 4160 811 4212 in
838 4175 942 4228 qua
976 4158 1041 4212 de
1079 4158 1413 4229 inscriptione
1444 4159 1561 4212 libri
1607 4159 1667 4213 S.
1701 4160 1975 4230 Augustini
2000 4164 2061 4214 de

474 4251 661 4307 Gratia
688 4248 904 4313 Christi,
932 4248 1137 4315 Albine,
1167 4247 1389 4303 Piniane
1435 4260 1480 4302 et
1508 4249 1738 4303 Melania
1768 4250 2056 4303 disseritur.

479 4342 960 4398 Animadversiones
991 4355 1171 4409 pauca:
1212 4342 1266 4393 in
1295 4339 1484 4393 librum
1527 4340 1590 4394 de
1633 4339 1972 4409 Correptione
2014 4351 2061 4394 et

484 4437 698 4500 Gratia;
730 4432 939 4487 Claudii
972 4432 1213 4486 Menardi
1245 4430 1499 4499 Prtefatio
1531 4433 1583 4484 in
1614 4432 1698 4485 ed.
1730 4432 1979 4485 librorum
1996 4430 2025 4484 Ι
2034 4431 2057 4483 l

2156 1895 2254 1964 giae
2286 1896 2418 1950 1707
2446 1893 2545 1966 (α).
2573 1905 2626 1950 ct
2654 1896 2855 1949 Ludov.
2885 1898 3004 1948 Ant.
3038 1895 3357 1949 Muratorius
3407 1896 3459 1948 in
3502 1892 3629 1946 libro
3655 1904 3703 1943 nt

2152 1985 2333 2053 operis
2361 1985 2426 2037 de
2452 1985 2778 2055 ingeniorum
2812 1984 3167 2038 Moderatione
3197 1985 3249 2037 in
3272 1983 3541 2054 religionis
3566 1994 3707 2048 nego-

2153 2074 2245 2138 tio,
2275 2074 2375 2128 sub
2413 2073 2651 2129 Lamindi
2678 2074 2902 2130 Pritanii
2929 2086 3160 2144 perseua
3188 2090 3237 2128 a.
3270 2073 3331 2127 ti
3351 2072 3418 2126 14
3447 2073 3596 2135 editi,
3625 2070 3717 2121 Au—

2153 2165 2351 2234 gustini
2386 2168 2748 2234 patrocinium
2778 2174 2960 2221 eontra
2993 2166 3234 2221 eumdem
3263 2165 3537 2232 suscepit.
3561 2160 3723 2217 inania

2155 2267 2332 2325 tutem
2366 2267 2490 2309 sunt
2518 2267 2572 2309 et
2602 2258 2799 2312 ittSulsa
2830 2259 3003 2326 plane,
3036 2272 3154 2325 quae
3196 2258 3248 2309 iit
3276 2257 3384 2309 Io.
3408 2255 3659 2308 Clericum
3684 2253 3729 2306 in

2156 2346 2314 2416 hujus
2346 2346 2597 2401 editionis
2628 2357 2682 2401 et
2707 2348 2975 2415 praecipue
2997 2345 3303 2414 appendicis
3332 2356 3735 2405 commemoras

2156 2434 2298 2489 tione
2325 2435 2555 2504 conjeclt
2584 2436 2825 2489 convicia
2855 2434 3135 2487 Casimirus
3167 2434 3337 2487 Oudin
3360 2449 3422 2484 us
3454 2433 3517 2487 T.
3551 2434 3569 2487 Ι
3600 2432 3739 2487 Conv

2154 2535 2367 2585 tuentur.
2402 2540 2455 2595 p.
2499 2524 2603 2580 9S6
2632 2538 2782 2593 seqq.
2814 2523 3048 2578 Coronat
3076 2538 3210 2592 opus
3236 2523 3416 2576 index
3454 2522 3740 2577 admodum

2156 2617 2293 2671 scite
2315 2615 2590 2671 confectus
2618 2624 2670 2694 et
2699 2615 3006 2682 bibliopolae
3043 2614 3325 2678 monitum,
3376 2627 3485 2681 quo
3516 2613 3732 2666 seorsim

2158 2723 2372 2779 quoque
2396 2708 2660 2773 ltuneXll
2686 2716 2908 2772 tomum,
2943 2720 3064 2760 cum
3090 2708 3140 2758 iit
3173 2706 3406 2769 minori,
3443 2716 3557 2757 tum
3583 2705 3729 2757 etiam

2159 2803 2350 2870 majori
2392 2800 2601 2864 charta,
2644 2806 2703 2852 ut
2749 2806 2930 2867 posset
2985 2810 3103 2851 cum
3155 2794 3460 2850 Parisiensi
3502 2794 3724 2849 editione

2159 2890 2435 2957 conjungi,
2462 2889 2802 2942 venditurunt
2826 2901 2885 2941 se
2910 2885 3174 2954 promisit.
3206 2884 3517 2939 Recensent
3538 2900 3721 2954 appen-

2158 2974 2331 3030 dicem
2379 2975 2818 3043 Attgnstinianam
2849 2974 2977 3027 Acta
3014 2973 3355 3027 Eruditorum
3395 2974 3540 3044 Lips.
3571 2975 3711 3039 1705,

2162 3080 2232 3118 m.
2258 3064 2362 3119 Jul.
2399 3079 2554 3134 pagg.
2585 3063 2809 3118 989-92.

2813 3158 2833 3208 l
2850 3155 3066 3212 729-52.

2234 3248 2461 3303 Venetiis
2486 3248 2765 3302 excutiebat
2794 3246 2883 3302 Jo.
2912 3248 3070 3319 Bttpt.
3112 3249 3340 3303 Albrizzi
3372 3250 3582 3304 Hieron.
3613 3249 3711 3317 βω

2159 3340 2345 3409 iit-[0L
2376 3339 2556 3393 Sancti
2586 3340 2889 3408 Augustini,
2924 3340 3082 3410 llipp.
3114 3342 3357 3410 episcopi
3389 3343 3618 3411 Operum
3642 3350 3710 3393 to-

2161 3445 2282 3486 mus
2314 3430 2405 3485 l-V
2435 3439 2559 3499 post
2594 3430 3003 3485 Lovanicnsium
3053 3432 3429 3501 theologorum
3474 3430 3713 3487 recensio-

2160 3534 2283 3576 netn
2310 3520 2600 3587 castigatus
2627 3519 2805 3575 denuo
2835 3520 2902 3575 ad
2929 3521 3323 3591 manuscriptos
3355 3522 3570 3578 codices
3606 3519 3715 3575 Gal-

2159 3612 2384 3687 licanos,
2417 3611 2719 3678 Vaticauos,
2764 3620 2894 3677 etc.,
2946 3619 3052 3667 etc.
3082 3612 3259 3681 Opera
3305 3622 3365 3667 et
3406 3612 3585 3667 studio
3621 3624 3715 3665 mo-

2161 3702 2452 3757 nachorum
2497 3702 2700 3757 ordinis
2749 3702 2932 3758 Sancti
2975 3703 3246 3758 Benedicti
3291 3718 3322 3759 e
3377 3719 3626 3776 congreg.
3669 3701 3717 3755 S.

2161 3794 2351 3849 Mauri.

2230 3884 2383 3941 Nuda
2406 3885 2699 3955 descriptio
2727 3886 2979 3942 editionis
3002 3888 3347 3943 Parisiensis.
3384 3890 3477 3945 Sic
3499 3888 3635 3943 enim
3664 3884 3725 3937 ab

2162 3974 2316 4033 initio
2355 3976 2631 4047 professus
2676 3987 2792 4033 erat
2841 3977 3223 4049 typograpltus.
3270 3977 3360 4033 Cf.
3422 3979 3559 4033 Nov.
3602 3974 3721 4027 delia

2163 4067 2296 4138 Rep.
2326 4068 2457 4122 delle
2484 4067 2684 4122 Lettere
2722 4067 2894 4122 Martii
2937 4068 3097 4132 i729,
3128 4082 3250 4137 pag.
3297 4068 3396 4123 94.
3429 4069 3722 4132 ibidemque

2165 4175 2240 4214 m.
2257 4161 2418 4216 Junio
2438 4174 2562 4230 pag.
2588 4160 2689 4216 199
2720 4160 2960 4215 innuitur
2987 4168 3177 4213 tomum
3202 4161 3428 4230 primum
3456 4158 3722 4230 prodiisse.

2162 4247 2364 4302 Tertius
2380 4249 2539 4316 pleno
2568 4248 2719 4301 titulo
2740 4247 3006 4321 indicatur
3033 4249 3230 4305 ibiden
3253 4264 3304 4304 a.
3334 4252 3480 4306 1750
3507 4266 3577 4304 m.
3605 4248 3724 4302 Jun.

2162 4355 2284 4409 pag.
2343 4339 2463 4395 195.
2527 4340 2748 4404 Quintus
2806 4338 3002 4396 ibidem
3065 4340 3247 4408 1751,
3326 4357 3404 4395 m.
3468 4341 3724 4408 August..

2167 4445 2284 4499 pag.
2315 4431 2442 4484 257.
2467 4429 2678 4499 Reliqui
2708 4430 2837 4486 tomi
2873 4445 2940 4485 an
2967 4430 3287 4501 prodierint,
3330 4446 3433 4486 nec
3460 4445 3550 4495 nc,
3583 4429 3729 4497 igno-

486 4526 671 4598 Operis
712 4523 1002 4593 imperfecti
1028 4531 1207 4575 contra
1229 4519 1260 4573 ,1
1271 4518 1539 4587 ulianum;
1583 4521 2061 4576 Animadversiones
2088 4500 2138 4559 D
2167 4536 2286 4575 rare
2314 4536 2401 4575 me
2422 4520 2615 4576 lateor.
2708 4569 2712 4573 ,

484 4622 536 4671 in
560 4616 792 4670 eumdem
820 4614 1027 4679 librum,
1069 4610 1355 4666 Vlimmerii
1378 4612 1614 4682 prwfatio
1646 4614 1713 4665 ad
1736 4614 1934 4666 editum
1960 4630 1991 4665 a
2012 4630 2066 4667 se

480 4710 702 4777 primum
737 4707 963 4764 Possidii
1004 4703 1317 4765 indicatum,
1348 4704 1519 4757 altera
1553 4703 1673 4757 vice
1702 4702 1788 4757 hic
1828 4717 2021 4756 excusa
2051 4720 2065 4769 ;

488 4799 877 4854 Animadversio
917 4801 972 4853 in
1026 4797 1199 4852 Vitam
1238 4794 1531 4865 Augustini.
1571 4793 1727 4847 Plura
1780 4797 2067 4863 quominus

488 4885 757 4953 addiderit
800 4890 903 4941 tria
941 4887 1217 4944 obstitisse
1272 4893 1477 4951 monet,
1522 4881 1772 4938 videlicet
1812 4891 2067 4954 typogra-

488 4976 721 5045 pltorum
750 4976 1167 5045 festinationem,
1206 4978 1448 5048 ipsorum
1480 4975 1743 5030 librorum
1778 4975 2063 5045 Augustini

490 5075 679 5121 contra
732 5066 1049 5134 Pelagianos
1094 5070 1361 5135 indolem,
1414 5069 1469 5123 in
1526 5069 1721 5137 quibus
1769 5067 2068 5123 innumera:

487 5157 865 5227 r‘epetitiones,
897 5165 950 5210 ut
969 5172 1087 5226 quae
1105 5158 1278 5211 tribus
1299 5160 1475 5214 verbis
1499 5160 1710 5215 absolvi
1736 5161 2063 5230 potuissent,

489 5249 731 5307 millenis
780 5246 923 5302 dicta
974 5247 1103 5313 sint,
1151 5247 1424 5316 multaque
1470 5261 1734 5317 praeterea
1768 5251 1943 5305 aliena
1987 5250 2068 5305 itt-

486 5332 659 5410 far‘ta;
715 5339 932 5396 taedium
981 5336 1215 5408 denique
1265 5337 1506 5394 omnium
1559 5342 2064 5411 harum’rixarum,

568 5502 646 5571 (ri)
683 5497 1251 5573 Integerlibrititttlus
1278 5507 1396 5573 est;
1427 5497 1671 5573 Defensio
1702 5499 1760 5554 S.
1791 5501 2070 5573 Augustini

496 5568 741 5625 aduersus
780 5568 1005 5626 Ioannis
1046 5568 1343 5641 Phereponi
1373 5570 1425 5641 in
1469 5568 1580 5641 ejus
1610 5570 1779 5640 Opera
1820 5568 2060 5624 animad-

496 5642 774 5720 rersiones.
804 5641 1175 5720 Qantaltrigirc,
1220 5640 1357 5763 lapis
1399 5640 1763 5705 Academicis,
1806 5641 2062 5708 impensis

496 5711 750 5763 llic/tardi
800 5708 1182 5763 Iltttrlbottrne.
1274 5710 1451 5763 tblton.
1503 5712 1755 5763 Cantabr.
1813 5712 2062 5763 ['rostant

496 5711 751 5764 llic/tardi
800 5708 1182 5769 Tlittrtbotirne.
1226 5708 1451 5770 Bibliop.
1503 5712 1755 5767 Cantabr.
1813 5712 2062 5767 l‘rostant

2869 4611 3029 4667 1754.

2243 4690 2418 4757 Romae
2463 4702 2604 4769 apud
2640 4700 2854 4756 Fratres
2888 4701 3255 4769 Palearinios;
3294 4705 3467 4769 iit-8°,
3502 4702 3623 4756 tanti
3646 4699 3725 4754 Il.

2169 4794 2227 4849 S.
2263 4795 2392 4847 Aur.
2440 4793 2740 4862 Augustini,
2777 4792 3134 4862 Hipponensis
3163 4794 3429 4863 episcopi,
3461 4793 3532 4849 de
3560 4792 3727 4847 Gratia

2169 4885 2263 4940 Dei
2294 4893 2349 4938 et
2391 4884 2563 4939 libero
2602 4882 2839 4938 Arbitrio
2884 4883 3116 4939 hominis
3159 4895 3215 4940 et
3256 4882 3732 4939 Prmdestinatione

2170 4988 2475 5034 sanctorum
2525 4992 2689 5047 opera
2740 4977 2957 5031 selecta.
3014 4976 3316 5032 Editionem
3367 4968 3709 5031 emendatissi

2171 5084 2332 5136 mam,
2364 5078 2417 5125 et
2446 5067 2608 5121 variis
2636 5066 2957 5120 lectionibus
2984 5066 3219 5135 undique
3258 5067 3532 5128 collectis,
3564 5059 3729 5132 praei.

2172 5140 2273 5229 pue
2306 5172 2432 5212 vero
2462 5172 2525 5210 ex
2568 5155 2725 5209 codd.
2759 5169 2889 5207 mss.
2930 5154 3202 5210 Vaticanis
3241 5155 3564 5210 adornatam
3596 5165 3728 5207 ευτιι·

2171 5251 2249 5323 vit
2278 5246 2342 5300 P.
2376 5245 2441 5299 F.
2475 5244 2542 5303 Ε.
2576 5244 2787 5315 (Petrus
2817 5243 3133 5300 Franciscus
3158 5246 3435 5318 Foggini.)

2245 5340 2359 5394 Duo
2392 5337 2507 5392 lucc
2530 5336 2826 5404 volumina,
2858 5352 2977 5407 quae
3016 5339 3244 5393 seorsim
3272 5345 3534 5406 veneunt,
3578 5333 3648 5390 uti
3675 5328 3726 5383 li-

2172 5494 2389 5551 vcnales
2427 5493 2565 5562 apud
2605 5493 2732 5547 Iiob.
2784 5491 3068 5561 Knaplock.
3116 5492 3180 5545 ad
3227 5491 3495 5557 Angelum
3538 5491 3727 5562 iacte-

2173 5566 2398 5622 ntetcrio
2431 5560 2490 5618 Π.
2524 5564 2692 5629 Pauli,
2718 5560 2940 5618 Londin.
2983 5563 3142 5629 1707,
3176 5563 3342 5617 iit-8°.
3386 5560 3727 5631 Augustinum

2172 5637 2435 5692 interdum
2476 5635 2611 5688 bene
2655 5646 2856 5697 tuetur,
2886 5650 2990 5687 non
3035 5648 3187 5701 atque
3214 5632 3458 5688 secundo
3486 5640 3729 5688 successu

2170 5708 2405 5769 reliquis
2438 5706 2630 5763 Clerici
2659 5704 2952 5761 sententias
2977 5706 3311 5771 impugnans.
