  <div class='ocr_page' id='page_1' title='image "/cluster/home/n/w/nwhite01/storage/ocr_20150623/47/uva.x000827107/062.png"; bbox 0 0 3882 6340; ppageno 0'>
   <div class='ocr_carea' id='block_1_1' title="bbox 239 272 336 330">
    <p class='ocr_par' dir='ltr' id='par_1_1' title="bbox 239 272 336 330">
     <span class='ocr_line' id='line_1_1' title="bbox 239 272 336 330; baseline -0.01 -1"><span class='ocrx_word' id='word_1_1' title='bbox 239 272 336 330; x_wconf 69' lang='grc'><strong>109</strong></span> 
     </span>
    </p>
   </div>
   <div class='ocr_carea' id='block_1_2' title="bbox 1195 261 2628 338">
    <p class='ocr_par' dir='ltr' id='par_1_2' title="bbox 1195 261 2628 338">
     <span class='ocr_line' id='line_1_2' title="bbox 1195 261 2628 338; baseline 0.001 -5"><span class='ocrx_word' id='word_1_2' title='bbox 1195 277 1466 335; x_wconf 78' lang='lat' dir='ltr'><strong>NOTITIA</strong></span> <span class='ocrx_word' id='word_1_3' title='bbox 1504 268 1919 334; x_wconf 75' lang='grc' dir='ltr'>ιιττειιΑιιιΑ</span> <span class='ocrx_word' id='word_1_4' title='bbox 1961 277 2026 332; x_wconf 73' lang='lat' dir='ltr'><strong>ut</strong></span> <span class='ocrx_word' id='word_1_5' title='bbox 2064 277 2120 334; x_wconf 91' lang='lat' dir='ltr'><strong>s.</strong></span> <span class='ocrx_word' id='word_1_6' title='bbox 2162 261 2628 338; x_wconf 70' lang='lat' dir='ltr'><strong>A’ucusrtsuu.</strong></span> 
     </span>
    </p>
   </div>
   <div class='ocr_carea' id='block_1_3' title="bbox 3430 289 3529 338">
    <p class='ocr_par' dir='ltr' id='par_1_3' title="bbox 3430 289 3529 338">
     <span class='ocr_line' id='line_1_3' title="bbox 3430 289 3529 338; baseline 0 0"><span class='ocrx_word' id='word_1_7' title='bbox 3430 289 3529 338; x_wconf 76' lang='lat' dir='ltr'><strong>ilU</strong></span> 
     </span>
    </p>
   </div>
   <div class='ocr_carea' id='block_1_4' title="bbox 249 390 3526 467">
    <p class='ocr_par' dir='ltr' id='par_1_4' title="bbox 249 390 3526 467">
     <span class='ocr_line' id='line_1_4' title="bbox 249 390 3526 467; baseline 0.002 -24"><span class='ocrx_word' id='word_1_8' title='bbox 249 390 396 446; x_wconf 75' lang='lat' dir='ltr'><strong>talus</strong></span> <span class='ocrx_word' id='word_1_9' title='bbox 446 392 720 447; x_wconf 76' lang='lat' dir='ltr'><strong>exterior</strong></span> <span class='ocrx_word' id='word_1_10' title='bbox 751 393 838 463; x_wconf 88' lang='lat' dir='ltr'><strong>(S.</strong></span> <span class='ocrx_word' id='word_1_11' title='bbox 883 392 1150 463; x_wconf 73' lang='lat' dir='ltr'><strong>Augustini</strong></span> <span class='ocrx_word' id='word_1_12' title='bbox 1193 409 1348 464; x_wconf 80' lang='lat' dir='ltr'><strong><em>opera</em></strong></span> <span class='ocrx_word' id='word_1_13' title='bbox 1397 393 1604 461; x_wconf 83' lang='lat' dir='ltr'><strong>selecta)</strong></span> <span class='ocrx_word' id='word_1_14' title='bbox 1653 392 1850 463; x_wconf 89' lang='lat' dir='ltr'><strong>prodit,</strong></span> <span class='ocrx_word' id='word_1_15' title='bbox 1883 394 1931 453; x_wconf 77' lang='grc' dir='ltr'><strong>Α</strong></span> <span class='ocrx_word' id='word_1_16' title='bbox 1961 390 2158 457; x_wconf 86' lang='lat' dir='ltr'><strong>Herrn,</strong></span> <span class='ocrx_word' id='word_1_17' title='bbox 2182 393 2383 447; x_wconf 81' lang='lat' dir='ltr'><strong>Herren</strong></span> <span class='ocrx_word' id='word_1_18' title='bbox 2408 393 2716 448; x_wconf 87' lang='lat' dir='ltr'><strong>Willtelmeu</strong></span> <span class='ocrx_word' id='word_1_19' title='bbox 2741 394 2942 448; x_wconf 77' lang='lat' dir='ltr'><strong>Graren</strong></span> <span class='ocrx_word' id='word_1_20' title='bbox 2969 410 3031 447; x_wconf 81' lang='lat' dir='ltr'><strong>zu</strong></span> <span class='ocrx_word' id='word_1_21' title='bbox 3051 393 3364 467; x_wconf 80' lang='lat' dir='ltr'><strong>Eysenberg,</strong></span> <span class='ocrx_word' id='word_1_22' title='bbox 3389 406 3526 463; x_wconf 86' lang='lat' dir='ltr'><strong>etc.;</strong></span> 
     </span>
    </p>
   </div>
   <div class='ocr_carea' id='block_1_5' title="bbox 257 481 1854 550">
    <p class='ocr_par' dir='ltr' id='par_1_5' title="bbox 257 481 1854 550">
     <span class='ocr_line' id='line_1_5' title="bbox 257 481 1854 550; baseline 0.001 -16"><span class='ocrx_word' id='word_1_23' title='bbox 257 481 461 536; x_wconf 77' lang='lat' dir='ltr'><strong>seriem</strong></span> <span class='ocrx_word' id='word_1_24' title='bbox 507 483 690 534; x_wconf 86' lang='lat' dir='ltr'><strong>etiam</strong></span> <span class='ocrx_word' id='word_1_25' title='bbox 744 483 946 536; x_wconf 79' lang='lat' dir='ltr'><strong>faciunt</strong></span> <span class='ocrx_word' id='word_1_26' title='bbox 994 496 1114 536; x_wconf 92' lang='lat' dir='ltr'><strong>cum</strong></span> <span class='ocrx_word' id='word_1_27' title='bbox 1170 483 1344 537; x_wconf 89' lang='lat' dir='ltr'><strong>tribus</strong></span> <span class='ocrx_word' id='word_1_28' title='bbox 1401 483 1522 537; x_wconf 89' lang='lat' dir='ltr'><strong>aliis</strong></span> <span class='ocrx_word' id='word_1_29' title='bbox 1577 483 1854 550; x_wconf 72' lang='lat' dir='ltr'><strong>Prosperi,</strong></span> 
     </span>
    </p>
   </div>
   <div class='ocr_carea' id='block_1_6' title="bbox 267 568 1855 641">
    <p class='ocr_par' dir='ltr' id='par_1_6' title="bbox 267 568 1855 641">
     <span class='ocr_line' id='line_1_6' title="bbox 267 568 1855 641; baseline -0.001 -16"><span class='ocrx_word' id='word_1_30' title='bbox 267 571 517 640; x_wconf 78' lang='lat' dir='ltr'><strong>Aquitani</strong></span> <span class='ocrx_word' id='word_1_31' title='bbox 556 577 618 624; x_wconf 86' lang='lat' dir='ltr'><strong>et</strong></span> <span class='ocrx_word' id='word_1_32' title='bbox 650 568 942 639; x_wconf 84' lang='lat' dir='ltr'><strong>Fulgentii,</strong></span> <span class='ocrx_word' id='word_1_33' title='bbox 973 570 1248 638; x_wconf 89' lang='lat' dir='ltr'><strong>potissima</strong></span> <span class='ocrx_word' id='word_1_34' title='bbox 1277 569 1519 639; x_wconf 88' lang='lat' dir='ltr'><strong>ejusdem</strong></span> <span class='ocrx_word' id='word_1_35' title='bbox 1556 570 1855 641; x_wconf 83' lang='lat' dir='ltr'><strong>argumenti</strong></span> 
     </span>
    </p>
   </div>
   <div class='ocr_carea' id='block_1_7' title="bbox 270 661 1854 730">
    <p class='ocr_par' dir='ltr' id='par_1_7' title="bbox 270 661 1854 730">
     <span class='ocr_line' id='line_1_7' title="bbox 270 661 1854 730; baseline -0.003 -10"><span class='ocrx_word' id='word_1_36' title='bbox 270 663 686 728; x_wconf 75' lang='lat' dir='ltr'><strong>cxhibentibus,</strong></span> <span class='ocrx_word' id='word_1_37' title='bbox 713 678 833 728; x_wconf 77' lang='lat' dir='ltr'><strong>qua:</strong></span> <span class='ocrx_word' id='word_1_38' title='bbox 855 662 1080 730; x_wconf 75' lang='lat' dir='ltr'><strong>juncum</strong></span> <span class='ocrx_word' id='word_1_39' title='bbox 1107 661 1209 716; x_wconf 89' lang='lat' dir='ltr'><strong>sub</strong></span> <span class='ocrx_word' id='word_1_40' title='bbox 1238 677 1337 715; x_wconf 91' lang='lat' dir='ltr'><strong>una</strong></span> <span class='ocrx_word' id='word_1_41' title='bbox 1364 662 1591 716; x_wconf 77' lang='lat' dir='ltr'><strong>formula</strong></span> <span class='ocrx_word' id='word_1_42' title='bbox 1623 661 1728 718; x_wconf 88' lang='lat' dir='ltr'><strong>SS.</strong></span> <span class='ocrx_word' id='word_1_43' title='bbox 1755 661 1854 716; x_wconf 87' lang='lat' dir='ltr'><strong>Pa-</strong></span> 
     </span>
    </p>
   </div>
   <div class='ocr_carea' id='block_1_8' title="bbox 275 748 1853 822">
    <p class='ocr_par' dir='ltr' id='par_1_8' title="bbox 275 748 1853 822">
     <span class='ocr_line' id='line_1_8' title="bbox 275 748 1853 822; baseline -0.003 -14"><span class='ocrx_word' id='word_1_44' title='bbox 275 766 410 808; x_wconf 89' lang='lat' dir='ltr'><strong>trum</strong></span> <span class='ocrx_word' id='word_1_45' title='bbox 468 767 632 822; x_wconf 81' lang='lat' dir='ltr'><strong>Opera</strong></span> <span class='ocrx_word' id='word_1_46' title='bbox 679 748 871 804; x_wconf 66' lang='lat' dir='ltr'><strong>selecto</strong></span> <span class='ocrx_word' id='word_1_47' title='bbox 921 750 983 802; x_wconf 86' lang='lat' dir='ltr'><strong>de</strong></span> <span class='ocrx_word' id='word_1_48' title='bbox 1013 748 1202 820; x_wconf 15' lang='lat' dir='ltr'><strong><em>,Gratia</em></strong></span> <span class='ocrx_word' id='word_1_49' title='bbox 1244 750 1342 804; x_wconf 79' lang='lat' dir='ltr'><strong>Dei</strong></span> <span class='ocrx_word' id='word_1_50' title='bbox 1370 761 1416 805; x_wconf 89' lang='lat' dir='ltr'><strong>et</strong></span> <span class='ocrx_word' id='word_1_51' title='bbox 1451 749 1703 805; x_wconf 79' lang='lat' dir='ltr'><strong>Prtedest.</strong></span> <span class='ocrx_word' id='word_1_52' title='bbox 1747 750 1853 805; x_wconf 92' lang='lat' dir='ltr'><strong>SS.</strong></span> 
     </span>
    </p>
   </div>
   <div class='ocr_carea' id='block_1_9' title="bbox 276 839 1856 914">
    <p class='ocr_par' dir='ltr' id='par_1_9' title="bbox 276 839 1856 914">
     <span class='ocr_line' id='line_1_9' title="bbox 276 839 1856 914; baseline -0.003 -15"><span class='ocrx_word' id='word_1_53' title='bbox 276 841 835 914; x_wconf 82' lang='lat' dir='ltr'><strong>comprehenduntur.</strong></span> <span class='ocrx_word' id='word_1_54' title='bbox 891 839 1068 909; x_wconf 83' lang='lat' dir='ltr'><strong>Editio</strong></span> <span class='ocrx_word' id='word_1_55' title='bbox 1125 849 1209 896; x_wconf 91' lang='lat' dir='ltr'><strong>est</strong></span> <span class='ocrx_word' id='word_1_56' title='bbox 1262 840 1584 896; x_wconf 90' lang='lat' dir='ltr'><strong>nitidissima</strong></span> <span class='ocrx_word' id='word_1_57' title='bbox 1637 850 1694 896; x_wconf 89' lang='lat' dir='ltr'><strong>et</strong></span> <span class='ocrx_word' id='word_1_58' title='bbox 1739 840 1856 895; x_wconf 85' lang='lat' dir='ltr'><strong>usui</strong></span> 
     </span>
    </p>
   </div>
   <div class='ocr_carea' id='block_1_10' title="bbox 285 931 1857 1006">
    <p class='ocr_par' dir='ltr' id='par_1_10' title="bbox 285 931 1857 1006">
     <span class='ocr_line' id='line_1_10' title="bbox 285 931 1857 1006; baseline 0.001 -20"><span class='ocrx_word' id='word_1_59' title='bbox 285 946 463 1000; x_wconf 64' lang='lat' dir='ltr'><strong>{arma</strong></span> <span class='ocrx_word' id='word_1_60' title='bbox 493 933 962 1001; x_wconf 84' lang='lat' dir='ltr'><strong>descriptioncque</strong></span> <span class='ocrx_word' id='word_1_61' title='bbox 986 931 1298 1006; x_wconf 82' lang='lat' dir='ltr'><strong>aptissima.</strong></span> <span class='ocrx_word' id='word_1_62' title='bbox 1337 931 1411 986; x_wconf 80' lang='lat' dir='ltr'><strong>Ex</strong></span> <span class='ocrx_word' id='word_1_63' title='bbox 1451 931 1857 1002; x_wconf 78' lang='lat' dir='ltr'><strong>Augustinianis</strong></span> 
     </span>
    </p>
   </div>
   <div class='ocr_carea' id='block_1_11' title="bbox 281 1022 1859 1096">
    <p class='ocr_par' dir='ltr' id='par_1_11' title="bbox 281 1022 1859 1096">
     <span class='ocr_line' id='line_1_11' title="bbox 281 1022 1859 1096; baseline -0.003 -15"><span class='ocrx_word' id='word_1_64' title='bbox 281 1041 453 1096; x_wconf 83' lang='lat' dir='ltr'><strong>super</strong></span> <span class='ocrx_word' id='word_1_65' title='bbox 483 1026 583 1080; x_wconf 87' lang='lat' dir='ltr'><strong>hoc</strong></span> <span class='ocrx_word' id='word_1_66' title='bbox 625 1031 948 1093; x_wconf 78' lang='lat' dir='ltr'><strong>argumento</strong></span> <span class='ocrx_word' id='word_1_67' title='bbox 989 1022 1140 1078; x_wconf 90' lang='lat' dir='ltr'><strong>libris</strong></span> <span class='ocrx_word' id='word_1_68' title='bbox 1186 1023 1398 1078; x_wconf 90' lang='lat' dir='ltr'><strong>nonnisi</strong></span> <span class='ocrx_word' id='word_1_69' title='bbox 1442 1025 1474 1078; x_wconf 88' lang='lat' dir='ltr'><strong>ii</strong></span> <span class='ocrx_word' id='word_1_70' title='bbox 1505 1023 1609 1079; x_wconf 87' lang='lat' dir='ltr'><strong>huc</strong></span> <span class='ocrx_word' id='word_1_71' title='bbox 1637 1024 1859 1093; x_wconf 90' lang='lat' dir='ltr'><strong>repositi</strong></span> 
     </span>
    </p>
   </div>
   <div class='ocr_carea' id='block_1_12' title="bbox 282 1113 1855 1188">
    <p class='ocr_par' dir='ltr' id='par_1_12' title="bbox 282 1113 1855 1188">
     <span class='ocr_line' id='line_1_12' title="bbox 282 1113 1855 1188; baseline 0 -18"><span class='ocrx_word' id='word_1_72' title='bbox 282 1125 430 1180; x_wconf 85' lang='lat' dir='ltr'><strong>sunt,</strong></span> <span class='ocrx_word' id='word_1_73' title='bbox 464 1129 595 1188; x_wconf 90' lang='lat' dir='ltr'><strong>quos</strong></span> <span class='ocrx_word' id='word_1_74' title='bbox 618 1115 730 1182; x_wconf 91' lang='lat' dir='ltr'><strong>jam</strong></span> <span class='ocrx_word' id='word_1_75' title='bbox 766 1113 1052 1183; x_wconf 84' lang='lat' dir='ltr'><strong>episcopus</strong></span> <span class='ocrx_word' id='word_1_76' title='bbox 1096 1122 1217 1182; x_wconf 89' lang='lat' dir='ltr'><strong>post</strong></span> <span class='ocrx_word' id='word_1_77' title='bbox 1241 1123 1482 1188; x_wconf 76' lang='lat' dir='ltr'><strong>exortam</strong></span> <span class='ocrx_word' id='word_1_78' title='bbox 1513 1115 1855 1185; x_wconf 83' lang='lat' dir='ltr'><strong>Pelagianam</strong></span> 
     </span>
    </p>
   </div>
   <div class='ocr_carea' id='block_1_13' title="bbox 282 1203 1855 1273">
    <p class='ocr_par' dir='ltr' id='par_1_13' title="bbox 282 1203 1855 1273">
     <span class='ocr_line' id='line_1_13' title="bbox 282 1203 1855 1273; baseline -0.001 -13"><span class='ocrx_word' id='word_1_79' title='bbox 282 1206 516 1261; x_wconf 70' lang='lat' dir='ltr'><strong>harrcsin</strong></span> <span class='ocrx_word' id='word_1_80' title='bbox 543 1205 804 1267; x_wconf 77' lang='lat' dir='ltr'><strong>exaravit,</strong></span> <span class='ocrx_word' id='word_1_81' title='bbox 839 1218 902 1258; x_wconf 77' lang='lat' dir='ltr'><strong>ex</strong></span> <span class='ocrx_word' id='word_1_82' title='bbox 941 1218 1046 1272; x_wconf 89' lang='lat' dir='ltr'><strong>quo</strong></span> <span class='ocrx_word' id='word_1_83' title='bbox 1081 1212 1321 1272; x_wconf 89' lang='lat' dir='ltr'><strong>tempore</strong></span> <span class='ocrx_word' id='word_1_84' title='bbox 1345 1204 1555 1258; x_wconf 88' lang='lat' dir='ltr'><strong>scilicet</strong></span> <span class='ocrx_word' id='word_1_85' title='bbox 1582 1205 1694 1273; x_wconf 81' lang='lat' dir='ltr'><strong>ipse</strong></span> <span class='ocrx_word' id='word_1_86' title='bbox 1725 1203 1855 1258; x_wconf 79' lang='lat' dir='ltr'><strong>fate-</strong></span> 
     </span>
    </p>
   </div>
   <div class='ocr_carea' id='block_1_14' title="bbox 276 1292 1855 1371">
    <p class='ocr_par' dir='ltr' id='par_1_14' title="bbox 276 1292 1855 1371">
     <span class='ocr_line' id='line_1_14' title="bbox 276 1292 1855 1371; baseline -0.002 -21"><span class='ocrx_word' id='word_1_87' title='bbox 276 1307 390 1363; x_wconf 90' lang='lat' dir='ltr'><strong>tur,</strong></span> <span class='ocrx_word' id='word_1_88' title='bbox 416 1311 475 1350; x_wconf 90' lang='lat' dir='ltr'><strong>sc</strong></span> <span class='ocrx_word' id='word_1_89' title='bbox 498 1294 808 1364; x_wconf 84' lang='lat' dir='ltr'><strong>diligentius</strong></span> <span class='ocrx_word' id='word_1_90' title='bbox 835 1294 948 1347; x_wconf 65' lang='lat' dir='ltr'><strong>haec</strong></span> <span class='ocrx_word' id='word_1_91' title='bbox 988 1306 1107 1371; x_wconf 84' lang='lat' dir='ltr'><strong>esse</strong></span> <span class='ocrx_word' id='word_1_92' title='bbox 1130 1293 1380 1371; x_wconf 87' lang='lat' dir='ltr'><strong>rimatum</strong></span> <span class='ocrx_word' id='word_1_93' title='bbox 1407 1293 1508 1364; x_wconf 90' lang='lat' dir='ltr'><strong>(a).</strong></span> <span class='ocrx_word' id='word_1_94' title='bbox 1539 1292 1720 1362; x_wconf 81' lang='lat' dir='ltr'><strong>Itaque</strong></span> <span class='ocrx_word' id='word_1_95' title='bbox 1741 1295 1855 1366; x_wconf 71' lang='lat' dir='ltr'><strong>prl-</strong></span> 
     </span>
    </p>
   </div>
   <div class='ocr_carea' id='block_1_15' title="bbox 275 1368 1859 1441">
    <p class='ocr_par' dir='ltr' id='par_1_15' title="bbox 275 1368 1859 1441">
     <span class='ocr_line' id='line_1_15' title="bbox 275 1368 1859 1441; baseline -0.002 0"><span class='ocrx_word' id='word_1_96' title='bbox 275 1401 401 1441; x_wconf 88' lang='lat' dir='ltr'><strong>mus</strong></span> <span class='ocrx_word' id='word_1_97' title='bbox 426 1395 604 1440; x_wconf 83' lang='lat' dir='ltr'><strong>tomus</strong></span> <span class='ocrx_word' id='word_1_98' title='bbox 633 1385 793 1438; x_wconf 91' lang='lat' dir='ltr'><strong>habet</strong></span> <span class='ocrx_word' id='word_1_99' title='bbox 818 1384 1012 1438; x_wconf 86' lang='lat' dir='ltr'><strong>librum</strong></span> <span class='ocrx_word' id='word_1_100' title='bbox 1040 1368 1102 1436; x_wconf 73' lang='lat' dir='ltr'><strong>de</strong></span> <span class='ocrx_word' id='word_1_101' title='bbox 1126 1382 1310 1436; x_wconf 79' lang='lat' dir='ltr'><strong><em>Gratia</em></strong></span> <span class='ocrx_word' id='word_1_102' title='bbox 1340 1368 1531 1438; x_wconf 70' lang='lat' dir='ltr'><strong>Christi</strong></span> <span class='ocrx_word' id='word_1_103' title='bbox 1550 1395 1728 1438; x_wconf 86' lang='lat' dir='ltr'><strong>contra</strong></span> <span class='ocrx_word' id='word_1_104' title='bbox 1757 1383 1859 1438; x_wconf 89' lang='lat' dir='ltr'><strong>Pe-</strong></span> 
     </span>
    </p>
   </div>
   <div class='ocr_carea' id='block_1_16' title="bbox 278 1461 1858 1549">
    <p class='ocr_par' dir='ltr' id='par_1_16' title="bbox 278 1461 1858 1549">
     <span class='ocr_line' id='line_1_16' title="bbox 278 1461 1858 1549; baseline -0.003 -18"><span class='ocrx_word' id='word_1_105' title='bbox 278 1477 481 1549; x_wconf 78' lang='lat' dir='ltr'><strong>lagiani</strong></span> <span class='ocrx_word' id='word_1_106' title='bbox 514 1487 560 1530; x_wconf 88' lang='lat' dir='ltr'><strong>et</strong></span> <span class='ocrx_word' id='word_1_107' title='bbox 597 1475 914 1540; x_wconf 74' lang='lat' dir='ltr'><strong>Caelestium,</strong></span> <span class='ocrx_word' id='word_1_108' title='bbox 948 1461 1240 1544; x_wconf 79' lang='lat' dir='ltr'><strong>Epistulam</strong></span> <span class='ocrx_word' id='word_1_109' title='bbox 1272 1474 1341 1526; x_wconf 84' lang='lat' dir='ltr'><strong>ad</strong></span> <span class='ocrx_word' id='word_1_110' title='bbox 1375 1475 1602 1544; x_wconf 80' lang='lat' dir='ltr'><strong>Sixtum,</strong></span> <span class='ocrx_word' id='word_1_111' title='bbox 1653 1474 1858 1544; x_wconf 81' lang='lat' dir='ltr'><strong>Episto-</strong></span> 
     </span>
    </p>
   </div>
   <div class='ocr_carea' id='block_1_17' title="bbox 277 1563 1858 1625">
    <p class='ocr_par' dir='ltr' id='par_1_17' title="bbox 277 1563 1858 1625">
     <span class='ocr_line' id='line_1_17' title="bbox 277 1563 1858 1625; baseline -0.001 -4"><span class='ocrx_word' id='word_1_112' title='bbox 277 1573 359 1625; x_wconf 83' lang='lat' dir='ltr'><strong>las</strong></span> <span class='ocrx_word' id='word_1_113' title='bbox 390 1567 522 1620; x_wconf 81' lang='lat' dir='ltr'><strong>duas</strong></span> <span class='ocrx_word' id='word_1_114' title='bbox 545 1567 614 1617; x_wconf 86' lang='lat' dir='ltr'><strong>ad</strong></span> <span class='ocrx_word' id='word_1_115' title='bbox 645 1563 976 1618; x_wconf 84' lang='lat' dir='ltr'><strong>Valentinum</strong></span> <span class='ocrx_word' id='word_1_116' title='bbox 998 1563 1235 1618; x_wconf 83' lang='lat' dir='ltr'><strong>abbatem</strong></span> <span class='ocrx_word' id='word_1_117' title='bbox 1258 1572 1304 1617; x_wconf 90' lang='lat' dir='ltr'><strong>et</strong></span> <span class='ocrx_word' id='word_1_118' title='bbox 1326 1580 1441 1616; x_wconf 89' lang='lat' dir='ltr'><strong>cum</strong></span> <span class='ocrx_word' id='word_1_119' title='bbox 1463 1563 1554 1617; x_wconf 88' lang='lat' dir='ltr'><strong>illo</strong></span> <span class='ocrx_word' id='word_1_120' title='bbox 1582 1563 1858 1618; x_wconf 83' lang='lat' dir='ltr'><strong>monachos</strong></span> 
     </span>
    </p>
   </div>
   <div class='ocr_carea' id='block_1_18' title="bbox 281 1639 1897 1733">
    <p class='ocr_par' dir='ltr' id='par_1_18' title="bbox 281 1639 1897 1733">
     <span class='ocr_line' id='line_1_18' title="bbox 281 1639 1897 1733; baseline -0.003 -19"><span class='ocrx_word' id='word_1_121' title='bbox 281 1655 676 1725; x_wconf 72' lang='lat' dir='ltr'><strong>Adrumetinbs,</strong></span> <span class='ocrx_word' id='word_1_122' title='bbox 706 1655 996 1725; x_wconf 77' lang='lat' dir='ltr'><strong>Epistulam</strong></span> <span class='ocrx_word' id='word_1_123' title='bbox 1029 1653 1289 1709; x_wconf 83' lang='lat' dir='ltr'><strong>Valentini</strong></span> <span class='ocrx_word' id='word_1_124' title='bbox 1311 1656 1519 1710; x_wconf 80' lang='lat' dir='ltr'><strong>abbatis</strong></span> <span class='ocrx_word' id='word_1_125' title='bbox 1558 1655 1624 1710; x_wconf 89' lang='lat' dir='ltr'><strong>ad</strong></span> <span class='ocrx_word' id='word_1_126' title='bbox 1655 1654 1714 1710; x_wconf 91' lang='lat' dir='ltr'><em>S.</em></span> <span class='ocrx_word' id='word_1_127' title='bbox 1745 1639 1858 1733; x_wconf 62' lang='lat' dir='ltr'><strong>Att-</strong></span> <span class='ocrx_word' id='word_1_128' title='bbox 1889 1706 1897 1716; x_wconf 82' lang='grc'><strong><em>,</em></strong></span> 
     </span>
    </p>
   </div>
   <div class='ocr_carea' id='block_1_19' title="bbox 1961 479 3532 556">
    <p class='ocr_par' dir='ltr' id='par_1_19' title="bbox 1961 479 3532 556">
     <span class='ocr_line' id='line_1_19' title="bbox 1961 479 3532 556; baseline 0.005 -24"><span class='ocrx_word' id='word_1_129' title='bbox 1961 494 1992 532; x_wconf 88' lang='grc' dir='ltr'><strong>ιι</strong></span> <span class='ocrx_word' id='word_1_130' title='bbox 2045 480 2116 546; x_wconf 83' lang='grc'><strong>11,</strong></span> <span class='ocrx_word' id='word_1_131' title='bbox 2163 479 2488 556; x_wconf 82' lang='lat' dir='ltr'><strong>Erklaerung</strong></span> <span class='ocrx_word' id='word_1_132' title='bbox 2523 483 2733 537; x_wconf 83' lang='lat' dir='ltr'><strong>etliclter</strong></span> <span class='ocrx_word' id='word_1_133' title='bbox 2779 484 3029 537; x_wconf 86' lang='lat' dir='ltr'><strong>schwerer</strong></span> <span class='ocrx_word' id='word_1_134' title='bbox 3073 485 3256 536; x_wconf 63' lang='lat' dir='ltr'><strong>uidi-ter</strong></span> <span class='ocrx_word' id='word_1_135' title='bbox 3297 486 3414 552; x_wconf 79' lang='lat' dir='ltr'><strong>att/7&#39;</strong></span> <span class='ocrx_word' id='word_1_136' title='bbox 3449 489 3532 541; x_wconf 83' lang='lat' dir='ltr'><strong>die</strong></span> 
     </span>
    </p>
   </div>
   <div class='ocr_carea' id='block_1_20' title="bbox 1959 558 3533 646">
    <p class='ocr_par' dir='ltr' id='par_1_20' title="bbox 1959 558 3533 646">
     <span class='ocr_line' id='line_1_20' title="bbox 1959 558 3533 646; baseline 0.006 -27"><span class='ocrx_word' id='word_1_137' title='bbox 1959 569 2308 638; x_wconf 66' lang='lat' dir='ltr'><strong>t&#39;ertet&#39;iscltten</strong></span> <span class='ocrx_word' id='word_1_138' title='bbox 2348 569 2551 625; x_wconf 70' lang='lat' dir='ltr'><strong>Bttcher</strong></span> <span class='ocrx_word' id='word_1_139' title='bbox 2590 572 2653 624; x_wconf 87' lang='lat' dir='ltr'><strong>A.</strong></span> <span class='ocrx_word' id='word_1_140' title='bbox 2692 573 3004 642; x_wconf 77' lang='lat' dir='ltr'><strong>Augustini;</strong></span> <span class='ocrx_word' id='word_1_141' title='bbox 3050 587 3107 625; x_wconf 91' lang='lat' dir='ltr'><strong>n.</strong></span> <span class='ocrx_word' id='word_1_142' title='bbox 3153 572 3240 638; x_wconf 93' lang='lat' dir='ltr'><strong>lll,</strong></span> <span class='ocrx_word' id='word_1_143' title='bbox 3279 558 3533 646; x_wconf 65' lang='lat' dir='ltr'><strong>Entiuerf—</strong></span> 
     </span>
    </p>
   </div>
   <div class='ocr_carea' id='block_1_21' title="bbox 1960 658 3533 733">
    <p class='ocr_par' dir='ltr' id='par_1_21' title="bbox 1960 658 3533 733">
     <span class='ocr_line' id='line_1_21' title="bbox 1960 658 3533 733; baseline 0.005 -24"><span class='ocrx_word' id='word_1_144' title='bbox 1960 660 2088 728; x_wconf 77' lang='lat' dir='ltr'><strong>fung</strong></span> <span class='ocrx_word' id='word_1_145' title='bbox 2106 658 2262 732; x_wconf 15' lang='lat' dir='ltr'><strong>,kurtz</strong></span> <span class='ocrx_word' id='word_1_146' title='bbox 2282 662 2392 712; x_wconf 84' lang='lat' dir='ltr'><strong>und</strong></span> <span class='ocrx_word' id='word_1_147' title='bbox 2432 661 2562 714; x_wconf 84' lang='lat' dir='ltr'><strong>alme</strong></span> <span class='ocrx_word' id='word_1_148' title='bbox 2586 660 2688 714; x_wconf 80' lang='lat' dir='ltr'><strong>alte</strong></span> <span class='ocrx_word' id='word_1_149' title='bbox 2712 677 2865 730; x_wconf 81' lang='lat' dir='ltr'><strong>gerar</strong></span> <span class='ocrx_word' id='word_1_150' title='bbox 2905 662 2993 715; x_wconf 82' lang='lat' dir='ltr'><strong>des</strong></span> <span class='ocrx_word' id='word_1_151' title='bbox 3020 661 3188 715; x_wconf 81' lang='lat' dir='ltr'><strong>lebens</strong></span> <span class='ocrx_word' id='word_1_152' title='bbox 3227 663 3533 733; x_wconf 85' lang='lat' dir='ltr'><strong>Augustini;</strong></span> 
     </span>
    </p>
   </div>
   <div class='ocr_carea' id='block_1_22' title="bbox 1961 734 3530 822">
    <p class='ocr_par' dir='ltr' id='par_1_22' title="bbox 1961 734 3530 822">
     <span class='ocr_line' id='line_1_22' title="bbox 1961 734 3530 822; baseline 0.003 -20"><span class='ocrx_word' id='word_1_153' title='bbox 1961 764 2015 802; x_wconf 90' lang='lat' dir='ltr'><strong>n.</strong></span> <span class='ocrx_word' id='word_1_154' title='bbox 2059 747 2179 812; x_wconf 90' lang='lat' dir='ltr'><strong>llll,</strong></span> <span class='ocrx_word' id='word_1_155' title='bbox 2235 749 2484 820; x_wconf 75' lang='lat' dir='ltr'><strong>Zeugniss</strong></span> <span class='ocrx_word' id='word_1_156' title='bbox 2529 734 2686 804; x_wconf 28' lang='lat' dir='ltr'><strong>sanet.</strong></span> <span class='ocrx_word' id='word_1_157' title='bbox 2711 751 3018 821; x_wconf 81' lang='lat' dir='ltr'><strong>Hieronymi</strong></span> <span class='ocrx_word' id='word_1_158' title='bbox 3058 767 3154 804; x_wconf 84' lang='lat' dir='ltr'><strong>von</strong></span> <span class='ocrx_word' id='word_1_159' title='bbox 3203 753 3530 822; x_wconf 72' lang='lat' dir='ltr'><strong>Augustino;</strong></span> 
     </span>
    </p>
   </div>
   <div class='ocr_carea' id='block_1_23' title="bbox 1961 839 3527 911">
    <p class='ocr_par' dir='ltr' id='par_1_23' title="bbox 1961 839 3527 911">
     <span class='ocr_line' id='line_1_23' title="bbox 1961 839 3527 911; baseline 0.001 -18"><span class='ocrx_word' id='word_1_160' title='bbox 1961 857 2015 894; x_wconf 83' lang='grc' dir='ltr'>ιι.</span> <span class='ocrx_word' id='word_1_161' title='bbox 2051 840 2112 909; x_wconf 85' lang='grc' dir='ltr'><strong>ν,</strong></span> <span class='ocrx_word' id='word_1_162' title='bbox 2145 839 2490 911; x_wconf 80' lang='lat' dir='ltr'><strong>Erlet&#39;tterung</strong></span> <span class='ocrx_word' id='word_1_163' title='bbox 2528 859 2623 896; x_wconf 88' lang='lat' dir='ltr'><strong>aus</strong></span> <span class='ocrx_word' id='word_1_164' title='bbox 2667 843 2764 897; x_wconf 83' lang='lat' dir='ltr'><strong>den</strong></span> <span class='ocrx_word' id='word_1_165' title='bbox 2795 842 3016 897; x_wconf 76' lang='lat' dir='ltr'><strong>buchern</strong></span> <span class='ocrx_word' id='word_1_166' title='bbox 3060 843 3527 910; x_wconf 83' lang='lat' dir='ltr'><strong>Retractationum,</strong></span> 
     </span>
    </p>
   </div>
   <div class='ocr_carea' id='block_1_24' title="bbox 1962 933 3531 1004">
    <p class='ocr_par' dir='ltr' id='par_1_24' title="bbox 1962 933 3531 1004">
     <span class='ocr_line' id='line_1_24' title="bbox 1962 933 3531 1004; baseline 0.002 -17"><span class='ocrx_word' id='word_1_167' title='bbox 1962 933 2045 1001; x_wconf 77' lang='lat' dir='ltr'><strong>u/f</strong></span> <span class='ocrx_word' id='word_1_168' title='bbox 2069 935 2161 1002; x_wconf 83' lang='lat' dir='ltr'><strong>die</strong></span> <span class='ocrx_word' id='word_1_169' title='bbox 2202 935 2386 988; x_wconf 78' lang='lat' dir='ltr'><strong>buclter</strong></span> <span class='ocrx_word' id='word_1_170' title='bbox 2422 950 2519 988; x_wconf 84' lang='lat' dir='ltr'><strong>von</strong></span> <span class='ocrx_word' id='word_1_171' title='bbox 2545 935 2869 990; x_wconf 84' lang='lat' dir='ltr'><strong>christlicher</strong></span> <span class='ocrx_word' id='word_1_172' title='bbox 2919 937 3044 1004; x_wconf 87' lang='lat' dir='ltr'><strong>leer,</strong></span> <span class='ocrx_word' id='word_1_173' title='bbox 3084 934 3224 992; x_wconf 69' lang='grc' dir='ltr'><strong>σείει</strong></span> <span class='ocrx_word' id='word_1_174' title='bbox 3269 938 3367 990; x_wconf 80' lang='lat' dir='ltr'><strong>und</strong></span> <span class='ocrx_word' id='word_1_175' title='bbox 3420 937 3531 990; x_wconf 83' lang='lat' dir='ltr'><strong>Bu-</strong></span> 
     </span>
    </p>
   </div>
   <div class='ocr_carea' id='block_1_25' title="bbox 1962 1025 2923 1093">
    <p class='ocr_par' dir='ltr' id='par_1_25' title="bbox 1962 1025 2923 1093">
     <span class='ocr_line' id='line_1_25' title="bbox 1962 1025 2923 1093; baseline 0.002 -13"><span class='ocrx_word' id='word_1_176' title='bbox 1962 1028 2224 1093; x_wconf 84' lang='lat' dir='ltr'><strong>cltstabeu,</strong></span> <span class='ocrx_word' id='word_1_177' title='bbox 2251 1025 2489 1081; x_wconf 80' lang='lat' dir='ltr'><strong>Glauben</strong></span> <span class='ocrx_word' id='word_1_178' title='bbox 2520 1029 2620 1081; x_wconf 72' lang='lat' dir='ltr'><strong>t&#39;nd</strong></span> <span class='ocrx_word' id='word_1_179' title='bbox 2651 1026 2923 1082; x_wconf 83' lang='lat' dir='ltr'><strong>Wercken.</strong></span> 
     </span>
    </p>
   </div>
   <div class='ocr_carea' id='block_1_26' title="bbox 2033 1116 3531 1185">
    <p class='ocr_par' dir='ltr' id='par_1_26' title="bbox 2033 1116 3531 1185">
     <span class='ocr_line' id='line_1_26' title="bbox 2033 1116 3531 1185; baseline 0.001 -15"><span class='ocrx_word' id='word_1_180' title='bbox 2033 1116 2202 1170; x_wconf 81' lang='lat' dir='ltr'><strong>Alteri</strong></span> <span class='ocrx_word' id='word_1_181' title='bbox 2233 1117 2448 1170; x_wconf 81' lang='lat' dir='ltr'><strong>inserta:</strong></span> <span class='ocrx_word' id='word_1_182' title='bbox 2479 1125 2603 1170; x_wconf 89' lang='lat' dir='ltr'><strong>sunt</strong></span> <span class='ocrx_word' id='word_1_183' title='bbox 2624 1126 2742 1185; x_wconf 87' lang='lat' dir='ltr'><strong>post</strong></span> <span class='ocrx_word' id='word_1_184' title='bbox 2767 1116 2959 1172; x_wconf 90' lang='lat' dir='ltr'><strong>librum</strong></span> <span class='ocrx_word' id='word_1_185' title='bbox 2991 1118 3060 1173; x_wconf 88' lang='lat' dir='ltr'><strong>de</strong></span> <span class='ocrx_word' id='word_1_186' title='bbox 3088 1118 3284 1172; x_wconf 85' lang='lat' dir='ltr'><strong>Natura</strong></span> <span class='ocrx_word' id='word_1_187' title='bbox 3317 1126 3372 1172; x_wconf 80' lang='lat' dir='ltr'><strong>et</strong></span> <span class='ocrx_word' id='word_1_188' title='bbox 3399 1119 3531 1174; x_wconf 83' lang='lat' dir='ltr'><strong>Gra-</strong></span> 
     </span>
    </p>
   </div>
   <div class='ocr_carea' id='block_1_27' title="bbox 1965 1207 3531 1280">
    <p class='ocr_par' dir='ltr' id='par_1_27' title="bbox 1965 1207 3531 1280">
     <span class='ocr_line' id='line_1_27' title="bbox 1965 1207 3531 1280; baseline 0.001 -20"><span class='ocrx_word' id='word_1_189' title='bbox 1965 1207 2246 1274; x_wconf 68' lang='lat' dir='ltr'><strong>tia,Brie/f</strong></span> <span class='ocrx_word' id='word_1_190' title='bbox 2262 1207 2510 1272; x_wconf 80' lang='lat' dir='ltr'><strong>Prosprri</strong></span> <span class='ocrx_word' id='word_1_191' title='bbox 2538 1223 2602 1260; x_wconf 90' lang='lat' dir='ltr'><strong>an</strong></span> <span class='ocrx_word' id='word_1_192' title='bbox 2625 1209 2967 1280; x_wconf 81' lang='lat' dir='ltr'><strong>Augustinum</strong></span> <span class='ocrx_word' id='word_1_193' title='bbox 2989 1219 3038 1264; x_wconf 86' lang='lat' dir='ltr'><strong>et</strong></span> <span class='ocrx_word' id='word_1_194' title='bbox 3057 1209 3224 1276; x_wconf 75' lang='lat' dir='ltr'><strong>Brieﬂ&#39;</strong></span> <span class='ocrx_word' id='word_1_195' title='bbox 3246 1211 3436 1264; x_wconf 84' lang='lat' dir='ltr'><strong>Hilarii</strong></span> <span class='ocrx_word' id='word_1_196' title='bbox 3465 1227 3531 1262; x_wconf 86' lang='lat' dir='ltr'><strong>an</strong></span> 
     </span>
    </p>
   </div>
   <div class='ocr_carea' id='block_1_28' title="bbox 1963 1295 3536 1368">
    <p class='ocr_par' dir='ltr' id='par_1_28' title="bbox 1963 1295 3536 1368">
     <span class='ocr_line' id='line_1_28' title="bbox 1963 1295 3536 1368; baseline 0 -18"><span class='ocrx_word' id='word_1_197' title='bbox 1963 1295 2659 1368; x_wconf 72' lang='lat' dir='ltr'><strong>Augustiuum.Pr:I:cedmtt</strong></span> <span class='ocrx_word' id='word_1_198' title='bbox 2679 1308 2880 1359; x_wconf 88' lang='lat' dir='ltr'><strong>autem,</strong></span> <span class='ocrx_word' id='word_1_199' title='bbox 2905 1313 2957 1349; x_wconf 83' lang='grc' dir='ltr'>ιι.</span> <span class='ocrx_word' id='word_1_200' title='bbox 2994 1297 3034 1364; x_wconf 89' lang='lat' dir='ltr'><strong>l,</strong></span> <span class='ocrx_word' id='word_1_201' title='bbox 3065 1299 3141 1350; x_wconf 84' lang='lat' dir='ltr'><strong>An</strong></span> <span class='ocrx_word' id='word_1_202' title='bbox 3170 1300 3267 1351; x_wconf 78' lang='lat' dir='ltr'><strong>den</strong></span> <span class='ocrx_word' id='word_1_203' title='bbox 3297 1299 3536 1368; x_wconf 80' lang='lat' dir='ltr'><strong>llocltge-</strong></span> 
     </span>
    </p>
   </div>
   <div class='ocr_carea' id='block_1_29' title="bbox 1963 1385 3536 1458">
    <p class='ocr_par' dir='ltr' id='par_1_29' title="bbox 1963 1385 3536 1458">
     <span class='ocr_line' id='line_1_29' title="bbox 1963 1385 3536 1458; baseline 0.001 -19"><span class='ocrx_word' id='word_1_204' title='bbox 1963 1388 2152 1440; x_wconf 85' lang='lat' dir='ltr'><strong>bornen</strong></span> <span class='ocrx_word' id='word_1_205' title='bbox 2176 1385 2398 1441; x_wconf 75' lang='lat' dir='ltr'><strong>Fursten</strong></span> <span class='ocrx_word' id='word_1_206' title='bbox 2441 1389 2546 1440; x_wconf 86' lang='lat' dir='ltr'><strong>und</strong></span> <span class='ocrx_word' id='word_1_207' title='bbox 2577 1387 2772 1441; x_wconf 86' lang='lat' dir='ltr'><strong>Herren</strong></span> <span class='ocrx_word' id='word_1_208' title='bbox 2793 1387 2966 1442; x_wconf 80' lang='lat' dir='ltr'><strong>Herrn</strong></span> <span class='ocrx_word' id='word_1_209' title='bbox 2992 1388 3223 1458; x_wconf 81' lang='lat' dir='ltr'><strong>Georgen</strong></span> <span class='ocrx_word' id='word_1_210' title='bbox 3251 1389 3448 1442; x_wconf 82' lang='lat' dir='ltr'><strong>Graven</strong></span> <span class='ocrx_word' id='word_1_211' title='bbox 3472 1406 3536 1442; x_wconf 82' lang='lat' dir='ltr'><strong>zu</strong></span> 
     </span>
    </p>
   </div>
   <div class='ocr_carea' id='block_1_30' title="bbox 1967 1477 3536 1550">
    <p class='ocr_par' dir='ltr' id='par_1_30' title="bbox 1967 1477 3536 1550">
     <span class='ocr_line' id='line_1_30' title="bbox 1967 1477 3536 1550; baseline -0.001 -18"><span class='ocrx_word' id='word_1_212' title='bbox 1967 1478 2332 1550; x_wconf 82' lang='lat' dir='ltr'><strong>Wiirtenberg,</strong></span> <span class='ocrx_word' id='word_1_213' title='bbox 2360 1488 2464 1534; x_wconf 85' lang='lat' dir='ltr'><strong>etc.</strong></span> <span class='ocrx_word' id='word_1_214' title='bbox 2483 1478 2675 1532; x_wconf 82' lang='lat' dir='ltr'><strong>Vorred</strong></span> <span class='ocrx_word' id='word_1_215' title='bbox 2699 1479 2764 1533; x_wconf 94' lang='lat' dir='ltr'><strong>D.</strong></span> <span class='ocrx_word' id='word_1_216' title='bbox 2783 1477 3250 1550; x_wconf 74' lang='lat' dir='ltr'><strong>CasparIIedions,</strong></span> <span class='ocrx_word' id='word_1_217' title='bbox 3267 1479 3536 1548; x_wconf 85' lang='lat' dir='ltr'><strong>darynnen</strong></span> 
     </span>
    </p>
   </div>
   <div class='ocr_carea' id='block_1_31' title="bbox 1964 1569 3537 1642">
    <p class='ocr_par' dir='ltr' id='par_1_31' title="bbox 1964 1569 3537 1642">
     <span class='ocr_line' id='line_1_31' title="bbox 1964 1569 3537 1642; baseline 0 -18"><span class='ocrx_word' id='word_1_218' title='bbox 1964 1571 2070 1624; x_wconf 77' lang='lat' dir='ltr'><strong>eius</strong></span> <span class='ocrx_word' id='word_1_219' title='bbox 2099 1575 2273 1641; x_wconf 74' lang='lat' dir='ltr'><strong>{reyen</strong></span> <span class='ocrx_word' id='word_1_220' title='bbox 2288 1569 2628 1641; x_wconf 80' lang='lat' dir='ltr'><strong>Christliclten</strong></span> <span class='ocrx_word' id='word_1_221' title='bbox 2646 1570 2869 1625; x_wconf 76' lang='lat' dir='ltr'><strong>Consilii</strong></span> <span class='ocrx_word' id='word_1_222' title='bbox 2886 1570 3124 1642; x_wconf 84' lang='lat' dir='ltr'><strong>gedaeltt,</strong></span> <span class='ocrx_word' id='word_1_223' title='bbox 3141 1571 3242 1623; x_wconf 72' lang='lat' dir='ltr'><strong>und</strong></span> <span class='ocrx_word' id='word_1_224' title='bbox 3269 1587 3369 1623; x_wconf 83' lang='lat' dir='ltr'><strong>was</strong></span> <span class='ocrx_word' id='word_1_225' title='bbox 3389 1571 3537 1624; x_wconf 80' lang='lat' dir='ltr'><strong>Citri-</strong></span> 
     </span>
    </p>
   </div>
   <div class='ocr_carea' id='block_1_32' title="bbox 1964 1659 3540 1727">
    <p class='ocr_par' dir='ltr' id='par_1_32' title="bbox 1964 1659 3540 1727">
     <span class='ocr_line' id='line_1_32' title="bbox 1964 1659 3540 1727; baseline -0.001 -13"><span class='ocrx_word' id='word_1_226' title='bbox 1964 1659 2173 1714; x_wconf 79' lang='lat' dir='ltr'><strong>stlicher</strong></span> <span class='ocrx_word' id='word_1_227' title='bbox 2206 1661 2310 1714; x_wconf 86' lang='lat' dir='ltr'><strong>und</strong></span> <span class='ocrx_word' id='word_1_228' title='bbox 2342 1659 2613 1715; x_wconf 76' lang='lat' dir='ltr'><strong>Tesitsclter</strong></span> <span class='ocrx_word' id='word_1_229' title='bbox 2648 1660 2845 1714; x_wconf 81' lang='lat' dir='ltr'><strong>Nation</strong></span> <span class='ocrx_word' id='word_1_230' title='bbox 2867 1659 3170 1727; x_wconf 69' lang='lat' dir='ltr'><strong>hieran/fati</strong></span> <span class='ocrx_word' id='word_1_231' title='bbox 3189 1661 3540 1714; x_wconf 81' lang='lat' dir='ltr'><strong>beradtschla-</strong></span> 
     </span>
    </p>
   </div>
   <div class='ocr_carea' id='block_1_33' title="bbox 281 1741 3540 1825">
    <p class='ocr_par' dir='ltr' id='par_1_33' title="bbox 281 1741 3540 1825">
     <span class='ocr_line' id='line_1_33' title="bbox 281 1741 3540 1825; baseline 0.001 -22"><span class='ocrx_word' id='word_1_232' title='bbox 281 1751 581 1820; x_wconf 75' lang='lat' dir='ltr'><strong>gustiuum,</strong></span> <span class='ocrx_word' id='word_1_233' title='bbox 609 1741 827 1803; x_wconf 82' lang='lat' dir='ltr'><strong>Librum</strong></span> <span class='ocrx_word' id='word_1_234' title='bbox 856 1750 916 1802; x_wconf 88' lang='lat' dir='ltr'><strong>de</strong></span> <span class='ocrx_word' id='word_1_235' title='bbox 945 1746 1272 1818; x_wconf 79' lang='lat' dir='ltr'><strong>Correptione</strong></span> <span class='ocrx_word' id='word_1_236' title='bbox 1307 1757 1355 1801; x_wconf 89' lang='lat' dir='ltr'><strong>et</strong></span> <span class='ocrx_word' id='word_1_237' title='bbox 1392 1746 1573 1802; x_wconf 80' lang='lat' dir='ltr'><strong><em>Gratia</em></strong></span> <span class='ocrx_word' id='word_1_238' title='bbox 1603 1749 1671 1810; x_wconf 84' lang='lat' dir='ltr'><strong>ad</strong></span> <span class='ocrx_word' id='word_1_239' title='bbox 1706 1748 1861 1804; x_wconf 83' lang='lat' dir='ltr'><strong>abba-</strong></span> <span class='ocrx_word' id='word_1_240' title='bbox 1890 1751 1934 1825; x_wconf 82' lang='grc' dir='ltr'><strong>Β</strong></span> <span class='ocrx_word' id='word_1_241' title='bbox 1962 1763 2216 1823; x_wconf 80' lang='lat' dir='ltr'><strong>gen,etc.;</strong></span> <span class='ocrx_word' id='word_1_242' title='bbox 2237 1768 2292 1806; x_wconf 90' lang='lat' dir='ltr'><strong>n.</strong></span> <span class='ocrx_word' id='word_1_243' title='bbox 2311 1750 2467 1818; x_wconf 87' lang='lat' dir='ltr'><strong>Il,An</strong></span> <span class='ocrx_word' id='word_1_244' title='bbox 2495 1751 2592 1804; x_wconf 85' lang='lat' dir='ltr'><strong>den</strong></span> <span class='ocrx_word' id='word_1_245' title='bbox 2613 1749 2764 1804; x_wconf 85' lang='lat' dir='ltr'><strong>Leser</strong></span> <span class='ocrx_word' id='word_1_246' title='bbox 2787 1748 2992 1803; x_wconf 73' lang='lat' dir='ltr'><strong>kurtser</strong></span> <span class='ocrx_word' id='word_1_247' title='bbox 3019 1749 3208 1803; x_wconf 63' lang='lat' dir='ltr'><strong>bet-icit!</strong></span> <span class='ocrx_word' id='word_1_248' title='bbox 3237 1767 3328 1805; x_wconf 83' lang='lat' dir='ltr'><strong>von</strong></span> <span class='ocrx_word' id='word_1_249' title='bbox 3354 1752 3540 1804; x_wconf 54' lang='lat' dir='ltr'><strong>scimu-</strong></span> 
     </span>
    </p>
   </div>
   <div class='ocr_carea' id='block_1_34' title="bbox 285 1826 1862 1905">
    <p class='ocr_par' dir='ltr' id='par_1_34' title="bbox 285 1826 1862 1905">
     <span class='ocr_line' id='line_1_34' title="bbox 285 1826 1862 1905; baseline 0 -12"><span class='ocrx_word' id='word_1_250' title='bbox 285 1853 390 1896; x_wconf 84' lang='lat' dir='ltr'><strong>tem</strong></span> <span class='ocrx_word' id='word_1_251' title='bbox 443 1841 768 1895; x_wconf 76' lang='lat' dir='ltr'><strong>Valentinum</strong></span> <span class='ocrx_word' id='word_1_252' title='bbox 799 1849 843 1891; x_wconf 84' lang='lat' dir='ltr'><strong>et</strong></span> <span class='ocrx_word' id='word_1_253' title='bbox 885 1830 996 1891; x_wconf 86' lang='lat' dir='ltr'><strong>cum</strong></span> <span class='ocrx_word' id='word_1_254' title='bbox 1039 1837 1132 1891; x_wconf 88' lang='lat' dir='ltr'><strong>illo</strong></span> <span class='ocrx_word' id='word_1_255' title='bbox 1163 1837 1437 1891; x_wconf 78' lang='lat' dir='ltr'><strong>monachos</strong></span> <span class='ocrx_word' id='word_1_256' title='bbox 1476 1826 1862 1905; x_wconf 82' lang='lat' dir='ltr'><strong>Adrumetinos,</strong></span> 
     </span>
    </p>
   </div>
   <div class='ocr_carea' id='block_1_35' title="bbox 285 1915 1868 2005">
    <p class='ocr_par' dir='ltr' id='par_1_35' title="bbox 285 1915 1868 2005">
     <span class='ocr_line' id='line_1_35' title="bbox 285 1915 1868 2005; baseline -0.004 -16"><span class='ocrx_word' id='word_1_257' title='bbox 285 1915 583 2005; x_wconf 73' lang='lat' dir='ltr'><strong>Epistolam</strong></span> <span class='ocrx_word' id='word_1_258' title='bbox 613 1930 681 1984; x_wconf 84' lang='lat' dir='ltr'><strong>ad</strong></span> <span class='ocrx_word' id='word_1_259' title='bbox 723 1925 971 1993; x_wconf 78' lang='lat' dir='ltr'><strong>Vitalcm;</strong></span> <span class='ocrx_word' id='word_1_260' title='bbox 995 1928 1194 1985; x_wconf 81' lang='lat' dir='ltr'><strong>Tomos</strong></span> <span class='ocrx_word' id='word_1_261' title='bbox 1224 1930 1494 1985; x_wconf 85' lang='lat' dir='ltr'><strong>secundus</strong></span> <span class='ocrx_word' id='word_1_262' title='bbox 1520 1941 1698 1986; x_wconf 91' lang='lat' dir='ltr'><strong>autem</strong></span> <span class='ocrx_word' id='word_1_263' title='bbox 1729 1926 1868 1984; x_wconf 81' lang='lat' dir='ltr'><strong>Pro-</strong></span> 
     </span>
    </p>
   </div>
   <div class='ocr_carea' id='block_1_36' title="bbox 283 2019 1864 2093">
    <p class='ocr_par' dir='ltr' id='par_1_36' title="bbox 283 2019 1864 2093">
     <span class='ocr_line' id='line_1_36' title="bbox 283 2019 1864 2093; baseline -0.002 -17"><span class='ocrx_word' id='word_1_264' title='bbox 283 2025 427 2092; x_wconf 73' lang='lat' dir='ltr'><strong>speri</strong></span> <span class='ocrx_word' id='word_1_265' title='bbox 463 2021 732 2093; x_wconf 77' lang='lat' dir='ltr'><strong>epistolam</strong></span> <span class='ocrx_word' id='word_1_266' title='bbox 773 2021 839 2074; x_wconf 70' lang='lat' dir='ltr'><strong>as!</strong></span> <span class='ocrx_word' id='word_1_267' title='bbox 882 2019 941 2076; x_wconf 81' lang='grc'><strong>8.</strong></span> <span class='ocrx_word' id='word_1_268' title='bbox 973 2020 1338 2091; x_wconf 80' lang='lat' dir='ltr'><strong>Augustinum,</strong></span> <span class='ocrx_word' id='word_1_269' title='bbox 1373 2020 1565 2074; x_wconf 80' lang='lat' dir='ltr'><strong>Hilarii</strong></span> <span class='ocrx_word' id='word_1_270' title='bbox 1595 2021 1864 2091; x_wconf 77' lang='lat' dir='ltr'><strong>epistolam</strong></span> 
     </span>
    </p>
   </div>
   <div class='ocr_carea' id='block_1_37' title="bbox 283 2111 1866 2183">
    <p class='ocr_par' dir='ltr' id='par_1_37' title="bbox 283 2111 1866 2183">
     <span class='ocr_line' id='line_1_37' title="bbox 283 2111 1866 2183; baseline -0.001 -17"><span class='ocrx_word' id='word_1_271' title='bbox 283 2116 360 2167; x_wconf 81' lang='lat' dir='ltr'><strong>ad</strong></span> <span class='ocrx_word' id='word_1_272' title='bbox 399 2115 654 2177; x_wconf 80' lang='lat' dir='ltr'><strong>eumdem,</strong></span> <span class='ocrx_word' id='word_1_273' title='bbox 699 2113 908 2166; x_wconf 86' lang='lat' dir='ltr'><strong>Librum</strong></span> <span class='ocrx_word' id='word_1_274' title='bbox 950 2114 1009 2167; x_wconf 90' lang='lat' dir='ltr'><em>S.</em></span> <span class='ocrx_word' id='word_1_275' title='bbox 1063 2113 1340 2183; x_wconf 80' lang='lat' dir='ltr'><strong>Augustini</strong></span> <span class='ocrx_word' id='word_1_276' title='bbox 1367 2114 1436 2166; x_wconf 88' lang='lat' dir='ltr'><strong>ad</strong></span> <span class='ocrx_word' id='word_1_277' title='bbox 1478 2111 1792 2182; x_wconf 80' lang='lat' dir='ltr'><strong>Prosperum</strong></span> <span class='ocrx_word' id='word_1_278' title='bbox 1819 2124 1866 2166; x_wconf 90' lang='lat' dir='ltr'><strong>et</strong></span> 
     </span>
    </p>
   </div>
   <div class='ocr_carea' id='block_1_38' title="bbox 287 2192 1866 2272">
    <p class='ocr_par' dir='ltr' id='par_1_38' title="bbox 287 2192 1866 2272">
     <span class='ocr_line' id='line_1_38' title="bbox 287 2192 1866 2272; baseline -0.003 -14"><span class='ocrx_word' id='word_1_279' title='bbox 287 2192 569 2258; x_wconf 74' lang='lat' dir='ltr'><strong>Hilarium</strong></span> <span class='ocrx_word' id='word_1_280' title='bbox 608 2198 668 2256; x_wconf 74' lang='lat' dir='ltr'><strong>de</strong></span> <span class='ocrx_word' id='word_1_281' title='bbox 697 2197 1156 2256; x_wconf 74' lang='lat' dir='ltr'><strong>Prmdestinatione</strong></span> <span class='ocrx_word' id='word_1_282' title='bbox 1186 2206 1502 2268; x_wconf 83' lang='lat' dir='ltr'><strong>sanctorum,</strong></span> <span class='ocrx_word' id='word_1_283' title='bbox 1533 2203 1763 2272; x_wconf 76' lang='lat' dir='ltr'><strong>ejusdem</strong></span> <span class='ocrx_word' id='word_1_284' title='bbox 1797 2201 1866 2254; x_wconf 83' lang='lat' dir='ltr'><strong>ad</strong></span> 
     </span>
    </p>
   </div>
   <div class='ocr_carea' id='block_1_39' title="bbox 287 2280 1863 2364">
    <p class='ocr_par' dir='ltr' id='par_1_39' title="bbox 287 2280 1863 2364">
     <span class='ocr_line' id='line_1_39' title="bbox 287 2280 1863 2364; baseline -0.002 -14"><span class='ocrx_word' id='word_1_285' title='bbox 287 2298 496 2351; x_wconf 78' lang='lat' dir='ltr'><strong>costlem</strong></span> <span class='ocrx_word' id='word_1_286' title='bbox 524 2298 585 2349; x_wconf 76' lang='lat' dir='ltr'><strong>(Ie</strong></span> <span class='ocrx_word' id='word_1_287' title='bbox 615 2294 761 2348; x_wconf 87' lang='lat' dir='ltr'><strong>Dono</strong></span> <span class='ocrx_word' id='word_1_288' title='bbox 802 2295 1211 2363; x_wconf 64' lang='lat' dir='ltr'><strong>perseverantius,</strong></span> <span class='ocrx_word' id='word_1_289' title='bbox 1260 2293 1492 2364; x_wconf 86' lang='lat' dir='ltr'><strong>denique</strong></span> <span class='ocrx_word' id='word_1_290' title='bbox 1524 2280 1863 2348; x_wconf 81' lang='lat' dir='ltr'><strong>Euchiridiou</strong></span> 
     </span>
    </p>
   </div>
   <div class='ocr_carea' id='block_1_40' title="bbox 293 2383 1859 2455">
    <p class='ocr_par' dir='ltr' id='par_1_40' title="bbox 293 2383 1859 2455">
     <span class='ocr_line' id='line_1_40' title="bbox 293 2383 1859 2455; baseline -0.003 -14"><span class='ocrx_word' id='word_1_291' title='bbox 293 2390 412 2442; x_wconf 76' lang='lat' dir='ltr'><strong>sive</strong></span> <span class='ocrx_word' id='word_1_292' title='bbox 440 2386 617 2440; x_wconf 84' lang='lat' dir='ltr'><strong>librum</strong></span> <span class='ocrx_word' id='word_1_293' title='bbox 642 2386 706 2441; x_wconf 87' lang='lat' dir='ltr'><strong>de</strong></span> <span class='ocrx_word' id='word_1_294' title='bbox 727 2385 880 2452; x_wconf 87' lang='lat' dir='ltr'><strong>Fide,</strong></span> <span class='ocrx_word' id='word_1_295' title='bbox 915 2385 1021 2455; x_wconf 77' lang='lat' dir='ltr'><strong>Sp:</strong></span> <span class='ocrx_word' id='word_1_296' title='bbox 1047 2394 1092 2438; x_wconf 89' lang='lat' dir='ltr'><strong>et</strong></span> <span class='ocrx_word' id='word_1_297' title='bbox 1119 2383 1382 2438; x_wconf 81' lang='lat' dir='ltr'><strong>Cltaritate</strong></span> <span class='ocrx_word' id='word_1_298' title='bbox 1406 2385 1472 2438; x_wconf 88' lang='lat' dir='ltr'><strong>ad</strong></span> <span class='ocrx_word' id='word_1_299' title='bbox 1499 2385 1859 2438; x_wconf 78' lang='lat' dir='ltr'><strong>Laurentium.</strong></span> 
     </span>
    </p>
   </div>
   <div class='ocr_carea' id='block_1_41' title="bbox 295 2470 1858 2555">
    <p class='ocr_par' dir='ltr' id='par_1_41' title="bbox 295 2470 1858 2555">
     <span class='ocr_line' id='line_1_41' title="bbox 295 2470 1858 2555; baseline -0.001 -23"><span class='ocrx_word' id='word_1_300' title='bbox 295 2470 603 2546; x_wconf 80' lang='lat' dir='ltr'><strong>Nuncupata</strong></span> <span class='ocrx_word' id='word_1_301' title='bbox 636 2487 763 2533; x_wconf 88' lang='lat' dir='ltr'><strong>sunt</strong></span> <span class='ocrx_word' id='word_1_302' title='bbox 791 2477 895 2531; x_wconf 80' lang='lat' dir='ltr'><strong>duo</strong></span> <span class='ocrx_word' id='word_1_303' title='bbox 936 2476 1050 2530; x_wconf 68' lang='lat' dir='ltr'><strong>haec</strong></span> <span class='ocrx_word' id='word_1_304' title='bbox 1083 2477 1352 2530; x_wconf 77' lang='lat' dir='ltr'><strong>volumina</strong></span> <span class='ocrx_word' id='word_1_305' title='bbox 1401 2476 1677 2555; x_wconf 81' lang='lat' dir='ltr'><strong>Benedicto</strong></span> <span class='ocrx_word' id='word_1_306' title='bbox 1699 2475 1858 2544; x_wconf 80' lang='lat' dir='ltr'><strong>XIV,</strong></span> 
     </span>
    </p>
   </div>
   <div class='ocr_carea' id='block_1_42' title="bbox 292 2567 1866 2639">
    <p class='ocr_par' dir='ltr' id='par_1_42' title="bbox 292 2567 1866 2639">
     <span class='ocr_line' id='line_1_42' title="bbox 292 2567 1866 2639; baseline 0 -15"><span class='ocrx_word' id='word_1_307' title='bbox 292 2571 474 2625; x_wconf 83' lang='lat' dir='ltr'><strong>sedem</strong></span> <span class='ocrx_word' id='word_1_308' title='bbox 498 2570 850 2639; x_wconf 78' lang='lat' dir='ltr'><strong>apostolicam</strong></span> <span class='ocrx_word' id='word_1_309' title='bbox 884 2579 1008 2624; x_wconf 92' lang='lat' dir='ltr'><strong>tunc</strong></span> <span class='ocrx_word' id='word_1_310' title='bbox 1029 2569 1312 2624; x_wconf 83' lang='lat' dir='ltr'><strong>obtinenti.</strong></span> <span class='ocrx_word' id='word_1_311' title='bbox 1342 2567 1570 2624; x_wconf 81' lang='lat' dir='ltr'><strong>Additus</strong></span> <span class='ocrx_word' id='word_1_312' title='bbox 1600 2579 1681 2623; x_wconf 82' lang='lat' dir='ltr'><strong>eSt</strong></span> <span class='ocrx_word' id='word_1_313' title='bbox 1712 2571 1763 2622; x_wconf 94' lang='lat' dir='ltr'><strong>in</strong></span> <span class='ocrx_word' id='word_1_314' title='bbox 1787 2582 1866 2624; x_wconf 93' lang='lat' dir='ltr'><strong>sc-</strong></span> 
     </span>
    </p>
   </div>
   <div class='ocr_carea' id='block_1_43' title="bbox 291 2659 1506 2729">
    <p class='ocr_par' dir='ltr' id='par_1_43' title="bbox 291 2659 1506 2729">
     <span class='ocr_line' id='line_1_43' title="bbox 291 2659 1506 2729; baseline -0.003 -14"><span class='ocrx_word' id='word_1_315' title='bbox 291 2661 468 2716; x_wconf 77' lang='lat' dir='ltr'><strong>cundo</strong></span> <span class='ocrx_word' id='word_1_316' title='bbox 497 2660 660 2715; x_wconf 76' lang='lat' dir='ltr'><strong>index</strong></span> <span class='ocrx_word' id='word_1_317' title='bbox 683 2659 918 2729; x_wconf 86' lang='lat' dir='ltr'><strong>locuples</strong></span> <span class='ocrx_word' id='word_1_318' title='bbox 946 2659 1158 2728; x_wconf 85' lang='lat' dir='ltr'><strong>utrique</strong></span> <span class='ocrx_word' id='word_1_319' title='bbox 1185 2659 1506 2714; x_wconf 86' lang='lat' dir='ltr'><strong>communis.</strong></span> 
     </span>
    </p>
   </div>
   <div class='ocr_carea' id='block_1_44' title="bbox 497 2775 1666 2821">
    <p class='ocr_par' dir='ltr' id='par_1_44' title="bbox 497 2775 1666 2821">
     <span class='ocr_line' id='line_1_44' title="bbox 497 2775 1666 2821; baseline -0.003 -1"><span class='ocrx_word' id='word_1_320' title='bbox 497 2778 814 2821; x_wconf 70' lang='lat' dir='ltr'><strong>APPENDIX</strong></span> <span class='ocrx_word' id='word_1_321' title='bbox 857 2780 939 2821; x_wconf 74' lang='lat' dir='ltr'><strong>AD</strong></span> <span class='ocrx_word' id='word_1_322' title='bbox 981 2777 1349 2821; x_wconf 71' lang='grc' dir='ltr'>Αιιτιουιωιί</span> <span class='ocrx_word' id='word_1_323' title='bbox 1392 2775 1666 2820; x_wconf 70' lang='lat' dir='ltr'><strong>PRIMUM.</strong></span> 
     </span>
    </p>
   </div>
   <div class='ocr_carea' id='block_1_45' title="bbox 879 2862 1279 2916">
    <p class='ocr_par' dir='ltr' id='par_1_45' title="bbox 879 2862 1279 2916">
     <span class='ocr_line' id='line_1_45' title="bbox 879 2862 1279 2916; baseline 0.003 -1"><span class='ocrx_word' id='word_1_324' title='bbox 879 2862 917 2915; x_wconf 93' lang='lat' dir='ltr'><strong>l.</strong></span> <span class='ocrx_word' id='word_1_325' title='bbox 964 2862 1279 2916; x_wconf 70' lang='lat' dir='ltr'><strong>Vensroues.</strong></span> 
     </span>
    </p>
   </div>
   <div class='ocr_carea' id='block_1_46' title="bbox 315 2951 1866 3023">
    <p class='ocr_par' dir='ltr' id='par_1_46' title="bbox 315 2951 1866 3023">
     <span class='ocr_line' id='line_1_46' title="bbox 315 2951 1866 3023; baseline -0.001 -15"><span class='ocrx_word' id='word_1_326' title='bbox 315 3009 320 3016; x_wconf 69' lang='grc'><em>,</em></span> <span class='ocrx_word' id='word_1_327' title='bbox 365 2953 530 3008; x_wconf 87' lang='lat' dir='ltr'><strong>Plura</strong></span> <span class='ocrx_word' id='word_1_328' title='bbox 571 2951 867 3022; x_wconf 79' lang='lat' dir='ltr'><strong>Augustini</strong></span> <span class='ocrx_word' id='word_1_329' title='bbox 891 2951 1148 3023; x_wconf 90' lang='lat' dir='ltr'><strong>opuscula</strong></span> <span class='ocrx_word' id='word_1_330' title='bbox 1177 2960 1324 3008; x_wconf 92' lang='lat' dir='ltr'><strong>certo</strong></span> <span class='ocrx_word' id='word_1_331' title='bbox 1355 2963 1604 3022; x_wconf 87' lang='lat' dir='ltr'><strong>respectu</strong></span> <span class='ocrx_word' id='word_1_332' title='bbox 1640 2951 1866 3006; x_wconf 87' lang='lat' dir='ltr'><strong>collecta</strong></span> 
     </span>
    </p>
   </div>
   <div class='ocr_carea' id='block_1_47' title="bbox 293 3044 1867 3114">
    <p class='ocr_par' dir='ltr' id='par_1_47' title="bbox 293 3044 1867 3114">
     <span class='ocr_line' id='line_1_47' title="bbox 293 3044 1867 3114; baseline -0.003 -14"><span class='ocrx_word' id='word_1_333' title='bbox 293 3056 349 3100; x_wconf 87' lang='lat' dir='ltr'><strong>et</strong></span> <span class='ocrx_word' id='word_1_334' title='bbox 379 3046 434 3098; x_wconf 89' lang='lat' dir='ltr'><strong>in</strong></span> <span class='ocrx_word' id='word_1_335' title='bbox 479 3044 638 3098; x_wconf 88' lang='lat' dir='ltr'><strong>aliam</strong></span> <span class='ocrx_word' id='word_1_336' title='bbox 665 3045 898 3114; x_wconf 80' lang='lat' dir='ltr'><strong>linguam</strong></span> <span class='ocrx_word' id='word_1_337' title='bbox 925 3045 1148 3112; x_wconf 89' lang='lat' dir='ltr'><strong>junctim</strong></span> <span class='ocrx_word' id='word_1_338' title='bbox 1183 3058 1474 3104; x_wconf 88' lang='lat' dir='ltr'><strong>conversa,</strong></span> <span class='ocrx_word' id='word_1_339' title='bbox 1508 3052 1867 3114; x_wconf 69' lang='lat' dir='ltr'><strong>prmterquam</strong></span> 
     </span>
    </p>
   </div>
   <div class='ocr_carea' id='block_1_48' title="bbox 1965 1842 3100 1911">
    <p class='ocr_par' dir='ltr' id='par_1_48' title="bbox 1965 1842 3100 1911">
     <span class='ocr_line' id='line_1_48' title="bbox 1965 1842 3100 1911; baseline -0.003 -14"><span class='ocrx_word' id='word_1_340' title='bbox 1965 1861 2054 1899; x_wconf 85' lang='lat' dir='ltr'><strong>ren</strong></span> <span class='ocrx_word' id='word_1_341' title='bbox 2083 1847 2343 1899; x_wconf 55' lang='lat' dir='ltr'><strong>seuten&#39;zen</strong></span> <span class='ocrx_word' id='word_1_342' title='bbox 2369 1843 2475 1897; x_wconf 84' lang='lat' dir='ltr'><strong>und</strong></span> <span class='ocrx_word' id='word_1_343' title='bbox 2501 1853 2688 1897; x_wconf 77' lang='lat' dir='ltr'><strong>worten</strong></span> <span class='ocrx_word' id='word_1_344' title='bbox 2711 1843 2764 1895; x_wconf 91' lang='lat' dir='ltr'><strong>in</strong></span> <span class='ocrx_word' id='word_1_345' title='bbox 2795 1842 3100 1911; x_wconf 83' lang='lat' dir='ltr'><strong>Augustino.</strong></span> 
     </span>
    </p>
   </div>
   <div class='ocr_carea' id='block_1_49' title="bbox 2012 1953 2930 2008">
    <p class='ocr_par' dir='ltr' id='par_1_49' title="bbox 2012 1953 2930 2008">
     <span class='ocr_line' id='line_1_49' title="bbox 2012 1953 2930 2008; baseline 0 -3"><span class='ocrx_word' id='word_1_346' title='bbox 2012 2001 2015 2005; x_wconf 89' lang='lat'><strong>.</strong></span> <span class='ocrx_word' id='word_1_347' title='bbox 2576 1953 2640 2008; x_wconf 89' lang='lat' dir='ltr'><strong>ll.</strong></span> <span class='ocrx_word' id='word_1_348' title='bbox 2682 1953 2930 2008; x_wconf 75' lang='lat' dir='ltr'><strong>CODICES.</strong></span> 
     </span>
    </p>
   </div>
   <div class='ocr_carea' id='block_1_50' title="bbox 2039 2041 3544 2112">
    <p class='ocr_par' dir='ltr' id='par_1_50' title="bbox 2039 2041 3544 2112">
     <span class='ocr_line' id='line_1_50' title="bbox 2039 2041 3544 2112; baseline -0.005 -11"><span class='ocrx_word' id='word_1_349' title='bbox 2039 2047 2096 2101; x_wconf 85' lang='lat' dir='ltr'><strong>in</strong></span> <span class='ocrx_word' id='word_1_350' title='bbox 2126 2043 2657 2102; x_wconf 82' lang='lat' dir='ltr'><strong>reccnsendislibris</strong></span> <span class='ocrx_word' id='word_1_351' title='bbox 2687 2058 2816 2098; x_wconf 91' lang='lat' dir='ltr'><strong>mss.</strong></span> <span class='ocrx_word' id='word_1_352' title='bbox 2851 2043 2938 2112; x_wconf 89' lang='lat' dir='ltr'><strong>qui</strong></span> <span class='ocrx_word' id='word_1_353' title='bbox 2978 2041 3042 2096; x_wconf 89' lang='lat' dir='ltr'><strong>ad</strong></span> <span class='ocrx_word' id='word_1_354' title='bbox 3083 2042 3296 2095; x_wconf 68' lang='lat' dir='ltr'><strong>Patrum</strong></span> <span class='ocrx_word' id='word_1_355' title='bbox 3329 2041 3544 2096; x_wconf 76' lang='lat' dir='ltr'><strong>Latino-</strong></span> 
     </span>
    </p>
   </div>
   <div class='ocr_carea' id='block_1_51' title="bbox 1968 2132 3543 2205">
    <p class='ocr_par' dir='ltr' id='par_1_51' title="bbox 1968 2132 3543 2205">
     <span class='ocr_line' id='line_1_51' title="bbox 1968 2132 3543 2205; baseline -0.004 -13"><span class='ocrx_word' id='word_1_356' title='bbox 1968 2150 2108 2204; x_wconf 87' lang='lat' dir='ltr'><strong>rum,</strong></span> <span class='ocrx_word' id='word_1_357' title='bbox 2127 2144 2390 2205; x_wconf 87' lang='lat' dir='ltr'><strong>quotquot</strong></span> <span class='ocrx_word' id='word_1_358' title='bbox 2405 2134 2470 2188; x_wconf 90' lang='lat' dir='ltr'><strong>ad</strong></span> <span class='ocrx_word' id='word_1_359' title='bbox 2488 2134 2769 2189; x_wconf 84' lang='lat' dir='ltr'><strong>censillum</strong></span> <span class='ocrx_word' id='word_1_360' title='bbox 2790 2142 3025 2188; x_wconf 90' lang='lat' dir='ltr'><strong>nostrum</strong></span> <span class='ocrx_word' id='word_1_361' title='bbox 3042 2132 3331 2203; x_wconf 90' lang='lat' dir='ltr'><strong>pertinent,</strong></span> <span class='ocrx_word' id='word_1_362' title='bbox 3348 2134 3543 2202; x_wconf 85' lang='lat' dir='ltr'><strong>scripta</strong></span> 
     </span>
    </p>
   </div>
   <div class='ocr_carea' id='block_1_52' title="bbox 1967 2225 3519 2291">
    <p class='ocr_par' dir='ltr' id='par_1_52' title="bbox 1967 2225 3519 2291">
     <span class='ocr_line' id='line_1_52' title="bbox 1967 2225 3519 2291; baseline -0.001 -11"><span class='ocrx_word' id='word_1_363' title='bbox 1967 2228 2036 2282; x_wconf 88' lang='lat' dir='ltr'><strong>ab</strong></span> <span class='ocrx_word' id='word_1_364' title='bbox 2072 2227 2367 2282; x_wconf 89' lang='lat' dir='ltr'><strong>editoribus</strong></span> <span class='ocrx_word' id='word_1_365' title='bbox 2391 2225 2603 2282; x_wconf 82' lang='lat' dir='ltr'><strong>excussi</strong></span> <span class='ocrx_word' id='word_1_366' title='bbox 2629 2232 2773 2290; x_wconf 87' lang='lat' dir='ltr'><strong>sunt,</strong></span> <span class='ocrx_word' id='word_1_367' title='bbox 2807 2240 2914 2279; x_wconf 88' lang='lat' dir='ltr'><strong>non</strong></span> <span class='ocrx_word' id='word_1_368' title='bbox 2941 2239 3102 2291; x_wconf 80' lang='lat' dir='ltr'><strong>unam</strong></span> <span class='ocrx_word' id='word_1_369' title='bbox 3144 2225 3402 2280; x_wconf 83' lang='lat' dir='ltr'><strong>hactenus</strong></span> <span class='ocrx_word' id='word_1_370' title='bbox 3433 2226 3519 2279; x_wconf 90' lang='lat' dir='ltr'><strong>ubi</strong></span> 
     </span>
    </p>
   </div>
   <div class='ocr_carea' id='block_1_53' title="bbox 1967 2318 3542 2390">
    <p class='ocr_par' dir='ltr' id='par_1_53' title="bbox 1967 2318 3542 2390">
     <span class='ocr_line' id='line_1_53' title="bbox 1967 2318 3542 2390; baseline -0.001 -16"><span class='ocrx_word' id='word_1_371' title='bbox 1967 2334 2071 2390; x_wconf 88' lang='lat' dir='ltr'><strong>que</strong></span> <span class='ocrx_word' id='word_1_372' title='bbox 2114 2319 2340 2389; x_wconf 75' lang='lat' dir='ltr'><strong>ingressi</strong></span> <span class='ocrx_word' id='word_1_373' title='bbox 2385 2332 2569 2374; x_wconf 87' lang='lat' dir='ltr'><strong>sumus</strong></span> <span class='ocrx_word' id='word_1_374' title='bbox 2597 2319 2756 2374; x_wconf 86' lang='lat' dir='ltr'><strong>viam.</strong></span> <span class='ocrx_word' id='word_1_375' title='bbox 2790 2318 3108 2388; x_wconf 84' lang='lat' dir='ltr'><strong>Plerumque</strong></span> <span class='ocrx_word' id='word_1_376' title='bbox 3148 2318 3294 2388; x_wconf 89' lang='lat' dir='ltr'><strong>ipsos</strong></span> <span class='ocrx_word' id='word_1_377' title='bbox 3329 2318 3542 2388; x_wconf 89' lang='lat' dir='ltr'><strong>quidem</strong></span> 
     </span>
    </p>
   </div>
   <div class='ocr_carea' id='block_1_54' title="bbox 1966 2399 3547 2480">
    <p class='ocr_par' dir='ltr' id='par_1_54' title="bbox 1966 2399 3547 2480">
     <span class='ocr_line' id='line_1_54' title="bbox 1966 2399 3547 2480; baseline -0.002 -14"><span class='ocrx_word' id='word_1_378' title='bbox 1966 2411 2198 2467; x_wconf 88' lang='lat' dir='ltr'><strong>editores</strong></span> <span class='ocrx_word' id='word_1_379' title='bbox 2244 2412 2298 2465; x_wconf 93' lang='lat' dir='ltr'><strong>in</strong></span> <span class='ocrx_word' id='word_1_380' title='bbox 2339 2409 2441 2465; x_wconf 83' lang='lat' dir='ltr'><strong>hoc</strong></span> <span class='ocrx_word' id='word_1_381' title='bbox 2471 2411 2641 2466; x_wconf 88' lang='lat' dir='ltr'><strong>secuti</strong></span> <span class='ocrx_word' id='word_1_382' title='bbox 2689 2399 2912 2477; x_wconf 79' lang='lat' dir='ltr'><strong>sumus,</strong></span> <span class='ocrx_word' id='word_1_383' title='bbox 2938 2419 3024 2476; x_wconf 92' lang='lat' dir='ltr'><strong>ut,</strong></span> <span class='ocrx_word' id='word_1_384' title='bbox 3070 2424 3114 2464; x_wconf 75' lang='grc' dir='ltr'>δι</span> <span class='ocrx_word' id='word_1_385' title='bbox 3151 2409 3436 2480; x_wconf 80' lang='lat' dir='ltr'><strong>diligenter</strong></span> <span class='ocrx_word' id='word_1_386' title='bbox 3479 2414 3547 2463; x_wconf 60' lang='lat' dir='ltr'><strong>at;</strong></span> 
     </span>
    </p>
   </div>
   <div class='ocr_carea' id='block_1_55' title="bbox 1968 2501 3549 2567">
    <p class='ocr_par' dir='ltr' id='par_1_55' title="bbox 1968 2501 3549 2567">
     <span class='ocr_line' id='line_1_55' title="bbox 1968 2501 3549 2567; baseline -0.001 -12"><span class='ocrx_word' id='word_1_387' title='bbox 1968 2502 2155 2558; x_wconf 88' lang='lat' dir='ltr'><strong>iisdem</strong></span> <span class='ocrx_word' id='word_1_388' title='bbox 2201 2501 2411 2557; x_wconf 87' lang='lat' dir='ltr'><strong>tractati</strong></span> <span class='ocrx_word' id='word_1_389' title='bbox 2448 2511 2659 2567; x_wconf 89' lang='lat' dir='ltr'><strong>essent,</strong></span> <span class='ocrx_word' id='word_1_390' title='bbox 2694 2501 2846 2557; x_wconf 93' lang='lat' dir='ltr'><strong>nobis</strong></span> <span class='ocrx_word' id='word_1_391' title='bbox 2876 2517 2980 2556; x_wconf 92' lang='lat' dir='ltr'><strong>non</strong></span> <span class='ocrx_word' id='word_1_392' title='bbox 3032 2501 3210 2555; x_wconf 91' lang='lat' dir='ltr'><strong>minus</strong></span> <span class='ocrx_word' id='word_1_393' title='bbox 3241 2501 3549 2554; x_wconf 86' lang='lat' dir='ltr'><strong>incumbere</strong></span> 
     </span>
    </p>
   </div>
   <div class='ocr_carea' id='block_1_56' title="bbox 1968 2589 3547 2646">
    <p class='ocr_par' dir='ltr' id='par_1_56' title="bbox 1968 2589 3547 2646">
     <span class='ocr_line' id='line_1_56' title="bbox 1968 2589 3547 2646; baseline -0.001 -2"><span class='ocrx_word' id='word_1_394' title='bbox 1968 2591 2398 2646; x_wconf 79' lang='lat' dir='ltr'><strong>esistimaremus</strong></span> <span class='ocrx_word' id='word_1_395' title='bbox 2422 2603 2721 2646; x_wconf 81' lang='lat' dir='ltr'><strong>accuratam</strong></span> <span class='ocrx_word' id='word_1_396' title='bbox 2747 2590 3223 2646; x_wconf 84' lang='lat' dir='ltr'><strong>enumerationem.</strong></span> <span class='ocrx_word' id='word_1_397' title='bbox 3255 2589 3547 2643; x_wconf 85' lang='lat' dir='ltr'><strong>Plurimum</strong></span> 
     </span>
    </p>
   </div>
   <div class='ocr_carea' id='block_1_57' title="bbox 1968 2678 3550 2748">
    <p class='ocr_par' dir='ltr' id='par_1_57' title="bbox 1968 2678 3550 2748">
     <span class='ocr_line' id='line_1_57' title="bbox 1968 2678 3550 2748; baseline -0.002 -13"><span class='ocrx_word' id='word_1_398' title='bbox 1968 2680 2109 2735; x_wconf 85' lang='lat' dir='ltr'><strong>enim</strong></span> <span class='ocrx_word' id='word_1_399' title='bbox 2141 2681 2356 2748; x_wconf 80' lang='lat' dir='ltr'><strong>prodeSt</strong></span> <span class='ocrx_word' id='word_1_400' title='bbox 2395 2679 2512 2734; x_wconf 74' lang='lat' dir='ltr'><strong>haec</strong></span> <span class='ocrx_word' id='word_1_401' title='bbox 2553 2679 2811 2734; x_wconf 85' lang='lat' dir='ltr'><strong>industria</strong></span> <span class='ocrx_word' id='word_1_402' title='bbox 2839 2695 2943 2734; x_wconf 92' lang='lat' dir='ltr'><strong>non</strong></span> <span class='ocrx_word' id='word_1_403' title='bbox 2969 2678 3140 2733; x_wconf 77' lang='lat' dir='ltr'><strong>totum</strong></span> <span class='ocrx_word' id='word_1_404' title='bbox 3163 2679 3226 2730; x_wconf 90' lang='lat' dir='ltr'><strong>ad</strong></span> <span class='ocrx_word' id='word_1_405' title='bbox 3251 2679 3415 2745; x_wconf 81' lang='lat' dir='ltr'><strong>ipsius</strong></span> <span class='ocrx_word' id='word_1_406' title='bbox 3437 2689 3550 2734; x_wconf 75' lang='lat' dir='ltr'><strong>tex-</strong></span> 
     </span>
    </p>
   </div>
   <div class='ocr_carea' id='block_1_58' title="bbox 1971 2768 3547 2839">
    <p class='ocr_par' dir='ltr' id='par_1_58' title="bbox 1971 2768 3547 2839">
     <span class='ocr_line' id='line_1_58' title="bbox 1971 2768 3547 2839; baseline -0.001 -17"><span class='ocrx_word' id='word_1_407' title='bbox 1971 2769 2398 2839; x_wconf 87' lang='lat' dir='ltr'><strong>tussingulorum</strong></span> <span class='ocrx_word' id='word_1_408' title='bbox 2425 2768 2876 2834; x_wconf 82' lang='lat' dir='ltr'><strong>historiam,quod</strong></span> <span class='ocrx_word' id='word_1_409' title='bbox 2897 2768 3234 2836; x_wconf 84' lang='lat' dir='ltr'><strong>proximum;</strong></span> <span class='ocrx_word' id='word_1_410' title='bbox 3269 2768 3359 2820; x_wconf 87' lang='lat' dir='ltr'><strong>sed</strong></span> <span class='ocrx_word' id='word_1_411' title='bbox 3389 2769 3547 2821; x_wconf 86' lang='lat' dir='ltr'><strong>etiam</strong></span> 
     </span>
    </p>
   </div>
   <div class='ocr_carea' id='block_1_59' title="bbox 1971 2855 3550 2928">
    <p class='ocr_par' dir='ltr' id='par_1_59' title="bbox 1971 2855 3550 2928">
     <span class='ocr_line' id='line_1_59' title="bbox 1971 2855 3550 2928; baseline 0.001 -17"><span class='ocrx_word' id='word_1_412' title='bbox 1971 2858 2036 2913; x_wconf 90' lang='lat' dir='ltr'><strong>ad</strong></span> <span class='ocrx_word' id='word_1_413' title='bbox 2073 2857 2498 2928; x_wconf 73' lang='lat' dir='ltr'><strong>cognoscendam</strong></span> <span class='ocrx_word' id='word_1_414' title='bbox 2529 2858 2843 2912; x_wconf 85' lang='lat' dir='ltr'><strong>immensam</strong></span> <span class='ocrx_word' id='word_1_415' title='bbox 2894 2855 3039 2910; x_wconf 89' lang='lat' dir='ltr'><strong>illam</strong></span> <span class='ocrx_word' id='word_1_416' title='bbox 3088 2856 3408 2924; x_wconf 85' lang='lat' dir='ltr'><strong>scriptorum</strong></span> <span class='ocrx_word' id='word_1_417' title='bbox 3454 2873 3550 2913; x_wconf 88' lang='lat' dir='ltr'><strong>co-</strong></span> 
     </span>
    </p>
   </div>
   <div class='ocr_carea' id='block_1_60' title="bbox 1972 2949 3551 3021">
    <p class='ocr_par' dir='ltr' id='par_1_60' title="bbox 1972 2949 3551 3021">
     <span class='ocr_line' id='line_1_60' title="bbox 1972 2949 3551 3021; baseline 0 -17"><span class='ocrx_word' id='word_1_418' title='bbox 1972 2951 2133 3021; x_wconf 85' lang='lat' dir='ltr'><strong>piam,</strong></span> <span class='ocrx_word' id='word_1_419' title='bbox 2159 2966 2279 3020; x_wconf 80' lang='lat' dir='ltr'><strong>qute</strong></span> <span class='ocrx_word' id='word_1_420' title='bbox 2300 2950 2552 3021; x_wconf 90' lang='lat' dir='ltr'><strong>quoniam</strong></span> <span class='ocrx_word' id='word_1_421' title='bbox 2583 2949 2762 3004; x_wconf 88' lang='lat' dir='ltr'><strong>abdita</strong></span> <span class='ocrx_word' id='word_1_422' title='bbox 2785 2949 2913 3005; x_wconf 87' lang='lat' dir='ltr'><strong>latet</strong></span> <span class='ocrx_word' id='word_1_423' title='bbox 2944 2949 2996 3003; x_wconf 92' lang='lat' dir='ltr'><strong>in</strong></span> <span class='ocrx_word' id='word_1_424' title='bbox 3028 2949 3242 3004; x_wconf 87' lang='lat' dir='ltr'><strong>scriniis</strong></span> <span class='ocrx_word' id='word_1_425' title='bbox 3261 2959 3315 3004; x_wconf 88' lang='lat' dir='ltr'><strong>et</strong></span> <span class='ocrx_word' id='word_1_426' title='bbox 3342 2953 3551 3006; x_wconf 59' lang='lat' dir='ltr'><strong>cancel.</strong></span> 
     </span>
    </p>
   </div>
   <div class='ocr_carea' id='block_1_61' title="bbox 1972 3040 3552 3112">
    <p class='ocr_par' dir='ltr' id='par_1_61' title="bbox 1972 3040 3552 3112">
     <span class='ocr_line' id='line_1_61' title="bbox 1972 3040 3552 3112; baseline -0.003 -15"><span class='ocrx_word' id='word_1_427' title='bbox 1972 3045 2037 3098; x_wconf 90' lang='lat' dir='ltr'><strong>lis</strong></span> <span class='ocrx_word' id='word_1_428' title='bbox 2063 3043 2441 3112; x_wconf 85' lang='lat' dir='ltr'><strong>circumscpta,</strong></span> <span class='ocrx_word' id='word_1_429' title='bbox 2465 3040 2646 3112; x_wconf 83' lang='lat' dir='ltr'><strong>fugere</strong></span> <span class='ocrx_word' id='word_1_430' title='bbox 2677 3040 3064 3111; x_wconf 88' lang='lat' dir='ltr'><strong>propemodum</strong></span> <span class='ocrx_word' id='word_1_431' title='bbox 3093 3040 3228 3094; x_wconf 80' lang='lat' dir='ltr'><strong>Solet</strong></span> <span class='ocrx_word' id='word_1_432' title='bbox 3259 3040 3552 3110; x_wconf 78' lang='lat' dir='ltr'><strong>bibliogrn-</strong></span> 
     </span>
    </p>
   </div>
   <div class='ocr_carea' id='block_1_62' title="bbox 296 3109 3550 3206">
    <p class='ocr_par' dir='ltr' id='par_1_62' title="bbox 296 3109 3550 3206">
     <span class='ocr_line' id='line_1_62' title="bbox 296 3109 3550 3206; baseline -0.001 -20"><span class='ocrx_word' id='word_1_433' title='bbox 296 3135 350 3186; x_wconf 91' lang='lat' dir='ltr'><strong>in</strong></span> <span class='ocrx_word' id='word_1_434' title='bbox 389 3133 770 3199; x_wconf 75' lang='lat' dir='ltr'><strong>Geriitanicam,</strong></span> <span class='ocrx_word' id='word_1_435' title='bbox 823 3150 920 3189; x_wconf 91' lang='lat' dir='ltr'><strong>nec</strong></span> <span class='ocrx_word' id='word_1_436' title='bbox 955 3135 1129 3204; x_wconf 89' lang='lat' dir='ltr'><strong>ipsum</strong></span> <span class='ocrx_word' id='word_1_437' title='bbox 1175 3151 1261 3191; x_wconf 89' lang='lat' dir='ltr'><strong>me</strong></span> <span class='ocrx_word' id='word_1_438' title='bbox 1306 3135 1713 3206; x_wconf 85' lang='lat' dir='ltr'><strong>deprehendere</strong></span> <span class='ocrx_word' id='word_1_439' title='bbox 1759 3149 1870 3190; x_wconf 85' lang='lat' dir='ltr'><strong>me—</strong></span> <span class='ocrx_word' id='word_1_440' title='bbox 1897 3109 1940 3169; x_wconf 70' lang='grc' dir='ltr'>Ο</span> <span class='ocrx_word' id='word_1_441' title='bbox 1974 3133 2196 3202; x_wconf 88' lang='lat' dir='ltr'><strong>phorum</strong></span> <span class='ocrx_word' id='word_1_442' title='bbox 2237 3132 2541 3202; x_wconf 85' lang='lat' dir='ltr'><strong>imperium.</strong></span> <span class='ocrx_word' id='word_1_443' title='bbox 2573 3130 2741 3198; x_wconf 85' lang='lat' dir='ltr'><strong>Quam</strong></span> <span class='ocrx_word' id='word_1_444' title='bbox 2789 3130 2859 3185; x_wconf 93' lang='lat' dir='ltr'><strong>ob</strong></span> <span class='ocrx_word' id='word_1_445' title='bbox 2904 3144 3017 3185; x_wconf 88' lang='lat' dir='ltr'><strong>rem</strong></span> <span class='ocrx_word' id='word_1_446' title='bbox 3057 3129 3307 3198; x_wconf 87' lang='lat' dir='ltr'><strong>deinceps</strong></span> <span class='ocrx_word' id='word_1_447' title='bbox 3354 3129 3550 3197; x_wconf 89' lang='lat' dir='ltr'><strong>etiam,</strong></span> 
     </span>
    </p>
   </div>
   <div class='ocr_carea' id='block_1_63' title="bbox 297 3225 1871 3303">
    <p class='ocr_par' dir='ltr' id='par_1_63' title="bbox 297 3225 1871 3303">
     <span class='ocr_line' id='line_1_63' title="bbox 297 3225 1871 3303; baseline 0.002 -25"><span class='ocrx_word' id='word_1_448' title='bbox 297 3226 454 3291; x_wconf 87' lang='lat' dir='ltr'><strong>mini,</strong></span> <span class='ocrx_word' id='word_1_449' title='bbox 495 3241 596 3280; x_wconf 86' lang='lat' dir='ltr'><strong>nec</strong></span> <span class='ocrx_word' id='word_1_450' title='bbox 634 3226 700 3280; x_wconf 92' lang='lat' dir='ltr'><strong>ab</strong></span> <span class='ocrx_word' id='word_1_451' title='bbox 740 3225 848 3281; x_wconf 90' lang='lat' dir='ltr'><strong>alio</strong></span> <span class='ocrx_word' id='word_1_452' title='bbox 879 3226 1124 3282; x_wconf 78' lang='lat' dir='ltr'><strong>novimus</strong></span> <span class='ocrx_word' id='word_1_453' title='bbox 1166 3226 1871 3303; x_wconf 74' lang='lat' dir='ltr'><strong>commemorata.Quapro-</strong></span> 
     </span>
    </p>
   </div>
   <div class='ocr_carea' id='block_1_64' title="bbox 297 3319 1872 3388">
    <p class='ocr_par' dir='ltr' id='par_1_64' title="bbox 297 3319 1872 3388">
     <span class='ocr_line' id='line_1_64' title="bbox 297 3319 1872 3388; baseline 0.002 -17"><span class='ocrx_word' id='word_1_454' title='bbox 297 3329 418 3388; x_wconf 91' lang='lat' dir='ltr'><strong>pter</strong></span> <span class='ocrx_word' id='word_1_455' title='bbox 452 3327 598 3372; x_wconf 91' lang='lat' dir='ltr'><strong>tanto</strong></span> <span class='ocrx_word' id='word_1_456' title='bbox 622 3319 910 3387; x_wconf 90' lang='lat' dir='ltr'><strong>jucundior</strong></span> <span class='ocrx_word' id='word_1_457' title='bbox 937 3319 1090 3375; x_wconf 89' lang='lat' dir='ltr'><strong>nobis</strong></span> <span class='ocrx_word' id='word_1_458' title='bbox 1113 3321 1312 3374; x_wconf 82' lang='lat' dir='ltr'><strong>accidit</strong></span> <span class='ocrx_word' id='word_1_459' title='bbox 1344 3320 1678 3374; x_wconf 78' lang='lat' dir='ltr'><strong>Germanica:</strong></span> <span class='ocrx_word' id='word_1_460' title='bbox 1711 3319 1872 3388; x_wconf 89' lang='lat' dir='ltr'><strong>hujus</strong></span> 
     </span>
    </p>
   </div>
   <div class='ocr_carea' id='block_1_65' title="bbox 299 3410 1873 3470">
    <p class='ocr_par' dir='ltr' id='par_1_65' title="bbox 299 3410 1873 3470">
     <span class='ocr_line' id='line_1_65' title="bbox 299 3410 1873 3470; baseline 0.003 -8"><span class='ocrx_word' id='word_1_461' title='bbox 299 3410 564 3465; x_wconf 78' lang='lat' dir='ltr'><strong>versionis</strong></span> <span class='ocrx_word' id='word_1_462' title='bbox 610 3412 836 3466; x_wconf 89' lang='lat' dir='ltr'><strong>mentio.</strong></span> <span class='ocrx_word' id='word_1_463' title='bbox 880 3412 1103 3468; x_wconf 81' lang='lat' dir='ltr'><strong>Constat</strong></span> <span class='ocrx_word' id='word_1_464' title='bbox 1135 3412 1224 3467; x_wconf 90' lang='lat' dir='ltr'><strong>illa</strong></span> <span class='ocrx_word' id='word_1_465' title='bbox 1258 3412 1468 3468; x_wconf 89' lang='lat' dir='ltr'><strong>duobus</strong></span> <span class='ocrx_word' id='word_1_466' title='bbox 1511 3412 1873 3470; x_wconf 79' lang='lat' dir='ltr'><strong>voluminibus</strong></span> 
     </span>
    </p>
   </div>
   <div class='ocr_carea' id='block_1_66' title="bbox 298 3500 708 3571">
    <p class='ocr_par' dir='ltr' id='par_1_66' title="bbox 298 3500 708 3571">
     <span class='ocr_line' id='line_1_66' title="bbox 298 3500 708 3571; baseline -0.005 -16"><span class='ocrx_word' id='word_1_467' title='bbox 298 3500 380 3570; x_wconf 82' lang='lat' dir='ltr'><strong>sic</strong></span> <span class='ocrx_word' id='word_1_468' title='bbox 407 3502 708 3571; x_wconf 87' lang='lat' dir='ltr'><strong>inscriptis:</strong></span> 
     </span>
    </p>
   </div>
   <div class='ocr_carea' id='block_1_67' title="bbox 299 3592 1874 3664">
    <p class='ocr_par' dir='ltr' id='par_1_67' title="bbox 299 3592 1874 3664">
     <span class='ocr_line' id='line_1_67' title="bbox 299 3592 1874 3664; baseline 0.004 -22"><span class='ocrx_word' id='word_1_469' title='bbox 299 3592 576 3663; x_wconf 83' lang='lat' dir='ltr'><strong>Augustini</strong></span> <span class='ocrx_word' id='word_1_470' title='bbox 622 3592 709 3646; x_wconf 83' lang='lat' dir='ltr'><strong>des</strong></span> <span class='ocrx_word' id='word_1_471' title='bbox 762 3592 1000 3664; x_wconf 79' lang='lat' dir='ltr'><strong>Itegligen</strong></span> <span class='ocrx_word' id='word_1_472' title='bbox 1046 3593 1280 3663; x_wconf 60' lang='lat' dir='ltr'><strong>Biscltoﬂ</strong></span> <span class='ocrx_word' id='word_1_473' title='bbox 1338 3593 1470 3647; x_wconf 85' lang='lat' dir='ltr'><strong><em>IIII</em></strong></span> <span class='ocrx_word' id='word_1_474' title='bbox 1521 3594 1723 3648; x_wconf 81' lang='lat' dir='ltr'><strong>Bt&#39;tclter</strong></span> <span class='ocrx_word' id='word_1_475' title='bbox 1777 3610 1874 3648; x_wconf 81' lang='grc' dir='ltr'><strong>υοη</strong></span> 
     </span>
    </p>
   </div>
   <div class='ocr_carea' id='block_1_68' title="bbox 374 3672 1876 3740">
    <p class='ocr_par' dir='ltr' id='par_1_68' title="bbox 374 3672 1876 3740">
     <span class='ocr_line' id='line_1_68' title="bbox 374 3672 1876 3740; baseline 0.002 -6"><span class='ocrx_word' id='word_1_476' title='bbox 374 3672 709 3736; x_wconf 78' lang='lat' dir='ltr'><strong>Cltristlicher</strong></span> <span class='ocrx_word' id='word_1_477' title='bbox 746 3683 866 3736; x_wconf 84' lang='lat' dir='ltr'><strong>leer.</strong></span> <span class='ocrx_word' id='word_1_478' title='bbox 899 3681 928 3734; x_wconf 92' lang='lat' dir='ltr'><strong>I</strong></span> <span class='ocrx_word' id='word_1_479' title='bbox 983 3682 1124 3737; x_wconf 71' lang='grc' dir='ltr'><strong>Βαιή</strong></span> <span class='ocrx_word' id='word_1_480' title='bbox 1155 3701 1268 3738; x_wconf 87' lang='lat' dir='ltr'><strong>vom</strong></span> <span class='ocrx_word' id='word_1_481' title='bbox 1311 3685 1455 3738; x_wconf 83' lang='lat' dir='ltr'><strong>Geist</strong></span> <span class='ocrx_word' id='word_1_482' title='bbox 1479 3687 1583 3739; x_wconf 83' lang='lat' dir='ltr'><strong>und</strong></span> <span class='ocrx_word' id='word_1_483' title='bbox 1623 3685 1876 3740; x_wconf 85' lang='lat' dir='ltr'><strong>Bucltsta-</strong></span> 
     </span>
    </p>
   </div>
   <div class='ocr_carea' id='block_1_69' title="bbox 375 3755 1874 3845">
    <p class='ocr_par' dir='ltr' id='par_1_69' title="bbox 375 3755 1874 3845">
     <span class='ocr_line' id='line_1_69' title="bbox 375 3755 1874 3845; baseline 0.003 -21"><span class='ocrx_word' id='word_1_484' title='bbox 375 3769 490 3825; x_wconf 77' lang='lat' dir='ltr'><strong>ben.</strong></span> <span class='ocrx_word' id='word_1_485' title='bbox 518 3770 545 3823; x_wconf 92' lang='lat' dir='ltr'><strong>I</strong></span> <span class='ocrx_word' id='word_1_486' title='bbox 575 3771 720 3824; x_wconf 84' lang='lat' dir='ltr'><strong>Bueh</strong></span> <span class='ocrx_word' id='word_1_487' title='bbox 748 3755 857 3826; x_wconf 76' lang='lat' dir='ltr'><strong>uom</strong></span> <span class='ocrx_word' id='word_1_488' title='bbox 897 3775 1118 3845; x_wconf 79' lang='lat' dir='ltr'><strong>glauben</strong></span> <span class='ocrx_word' id='word_1_489' title='bbox 1148 3776 1253 3827; x_wconf 88' lang='lat' dir='ltr'><strong>und</strong></span> <span class='ocrx_word' id='word_1_490' title='bbox 1279 3774 1525 3828; x_wconf 81' lang='lat' dir='ltr'><strong>werckeu.</strong></span> <span class='ocrx_word' id='word_1_491' title='bbox 1561 3773 1734 3828; x_wconf 88' lang='lat' dir='ltr'><strong>Durclt</strong></span> <span class='ocrx_word' id='word_1_492' title='bbox 1766 3773 1874 3828; x_wconf 87' lang='lat' dir='ltr'><strong>Do-</strong></span> 
     </span>
    </p>
   </div>
   <div class='ocr_carea' id='block_1_70' title="bbox 373 3861 1875 3921">
    <p class='ocr_par' dir='ltr' id='par_1_70' title="bbox 373 3861 1875 3921">
     <span class='ocr_line' id='line_1_70' title="bbox 373 3861 1875 3921; baseline 0.002 -6"><span class='ocrx_word' id='word_1_493' title='bbox 373 3872 484 3917; x_wconf 86' lang='lat' dir='ltr'><strong>ctor</strong></span> <span class='ocrx_word' id='word_1_494' title='bbox 513 3861 724 3918; x_wconf 68' lang='lat' dir='ltr'><strong>CA-Pan</strong></span> <span class='ocrx_word' id='word_1_495' title='bbox 768 3864 973 3919; x_wconf 78' lang='lat' dir='ltr'><strong>llentou</strong></span> <span class='ocrx_word' id='word_1_496' title='bbox 1005 3868 1402 3920; x_wconf 73' lang='lat' dir='ltr'><strong>uertotmetscltt.</strong></span> <span class='ocrx_word' id='word_1_497' title='bbox 1450 3865 1590 3921; x_wconf 85' lang='lat' dir='ltr'><strong>Alles</strong></span> <span class='ocrx_word' id='word_1_498' title='bbox 1615 3867 1794 3920; x_wconf 74' lang='lat' dir='ltr'><strong>uorhin</strong></span> <span class='ocrx_word' id='word_1_499' title='bbox 1825 3868 1875 3918; x_wconf 88' lang='lat' dir='ltr'><strong>in</strong></span> 
     </span>
    </p>
   </div>
   <div class='ocr_carea' id='block_1_71' title="bbox 372 3953 1878 4027">
    <p class='ocr_par' dir='ltr' id='par_1_71' title="bbox 372 3953 1878 4027">
     <span class='ocr_line' id='line_1_71' title="bbox 372 3953 1878 4027; baseline 0.002 -20"><span class='ocrx_word' id='word_1_500' title='bbox 372 3953 652 4007; x_wconf 73' lang='lat' dir='ltr'><strong>Tn‘ttsclter</strong></span> <span class='ocrx_word' id='word_1_501' title='bbox 682 3955 866 4023; x_wconf 81' lang='lat' dir='ltr'><strong>spraclt</strong></span> <span class='ocrx_word' id='word_1_502' title='bbox 899 3972 975 4009; x_wconf 88' lang='lat' dir='ltr'><strong>me</strong></span> <span class='ocrx_word' id='word_1_503' title='bbox 1010 3957 1211 4024; x_wconf 86' lang='lat' dir='ltr'><strong>gelesen</strong></span> <span class='ocrx_word' id='word_1_504' title='bbox 1237 4000 1251 4024; x_wconf 92' lang='lat'><strong>,</strong></span> <span class='ocrx_word' id='word_1_505' title='bbox 1297 3959 1522 4011; x_wconf 74' lang='lat' dir='ltr'><strong>uiitzliclt</strong></span> <span class='ocrx_word' id='word_1_506' title='bbox 1550 3961 1670 4011; x_wconf 85' lang='lat' dir='ltr'><strong>aber</strong></span> <span class='ocrx_word' id='word_1_507' title='bbox 1698 3958 1878 4027; x_wconf 65' lang='lat' dir='ltr'><strong>gedem</strong></span> 
     </span>
    </p>
   </div>
   <div class='ocr_carea' id='block_1_72' title="bbox 379 4042 1874 4118">
    <p class='ocr_par' dir='ltr' id='par_1_72' title="bbox 379 4042 1874 4118">
     <span class='ocr_line' id='line_1_72' title="bbox 379 4042 1874 4118; baseline 0.004 -22"><span class='ocrx_word' id='word_1_508' title='bbox 379 4042 610 4098; x_wconf 79' lang='lat' dir='ltr'><strong>Cltristeu</strong></span> <span class='ocrx_word' id='word_1_509' title='bbox 665 4047 755 4098; x_wconf 89' lang='lat' dir='ltr'><strong>der</strong></span> <span class='ocrx_word' id='word_1_510' title='bbox 795 4063 913 4099; x_wconf 71' lang='lat' dir='ltr'><strong>zum</strong></span> <span class='ocrx_word' id='word_1_511' title='bbox 960 4048 1060 4101; x_wconf 84' lang='lat' dir='ltr'><strong>Iteil</strong></span> <span class='ocrx_word' id='word_1_512' title='bbox 1111 4049 1281 4116; x_wconf 82' lang='lat' dir='ltr'><strong>bcgert</strong></span> <span class='ocrx_word' id='word_1_513' title='bbox 1328 4048 1484 4118; x_wconf 83' lang='lat' dir='ltr'><strong>gelert</strong></span> <span class='ocrx_word' id='word_1_514' title='bbox 1540 4066 1604 4101; x_wconf 72' lang='lat' dir='ltr'><strong>zu</strong></span> <span class='ocrx_word' id='word_1_515' title='bbox 1655 4050 1874 4102; x_wconf 85' lang='lat' dir='ltr'><strong>werden.</strong></span> 
     </span>
    </p>
   </div>
   <div class='ocr_carea' id='block_1_73' title="bbox 377 4133 1256 4207">
    <p class='ocr_par' dir='ltr' id='par_1_73' title="bbox 377 4133 1256 4207">
     <span class='ocr_line' id='line_1_73' title="bbox 377 4133 1256 4207; baseline 0.002 -16"><span class='ocrx_word' id='word_1_516' title='bbox 377 4133 686 4207; x_wconf 77' lang='lat' dir='ltr'><strong>Strasburg.</strong></span> <span class='ocrx_word' id='word_1_517' title='bbox 719 4136 795 4192; x_wconf 78' lang='grc' dir='ltr'><strong>ιω</strong></span> <span class='ocrx_word' id='word_1_518' title='bbox 826 4139 907 4193; x_wconf 90' lang='lat' dir='ltr'><strong>lar</strong></span> <span class='ocrx_word' id='word_1_519' title='bbox 937 4139 1256 4193; x_wconf 80' lang='lat' dir='ltr'><strong>MDXXXII.</strong></span> 
     </span>
    </p>
   </div>
   <div class='ocr_carea' id='block_1_74' title="bbox 307 4225 1878 4299">
    <p class='ocr_par' dir='ltr' id='par_1_74' title="bbox 307 4225 1878 4299">
     <span class='ocr_line' id='line_1_74' title="bbox 307 4225 1878 4299; baseline 0.004 -22"><span class='ocrx_word' id='word_1_520' title='bbox 307 4225 581 4294; x_wconf 82' lang='lat' dir='ltr'><strong>Augustini</strong></span> <span class='ocrx_word' id='word_1_521' title='bbox 620 4228 709 4281; x_wconf 77' lang='lat' dir='ltr'><strong>des</strong></span> <span class='ocrx_word' id='word_1_522' title='bbox 739 4227 972 4299; x_wconf 79' lang='lat' dir='ltr'><strong>luylt&#39;gen</strong></span> <span class='ocrx_word' id='word_1_523' title='bbox 1010 4228 1246 4298; x_wconf 78' lang='lat' dir='ltr'><strong>Biscltofs</strong></span> <span class='ocrx_word' id='word_1_524' title='bbox 1289 4229 1510 4293; x_wconf 64' lang='lat' dir='ltr'><strong>Bttcher,</strong></span> <span class='ocrx_word' id='word_1_525' title='bbox 1547 4229 1594 4284; x_wconf 77' lang='lat' dir='ltr'><strong>i.</strong></span> <span class='ocrx_word' id='word_1_526' title='bbox 1634 4230 1745 4284; x_wconf 86' lang='lat' dir='ltr'><strong>Von</strong></span> <span class='ocrx_word' id='word_1_527' title='bbox 1777 4246 1878 4284; x_wconf 87' lang='lat' dir='ltr'><strong>wa-</strong></span> 
     </span>
    </p>
   </div>
   <div class='ocr_carea' id='block_1_75' title="bbox 388 4319 1876 4388">
    <p class='ocr_par' dir='ltr' id='par_1_75' title="bbox 388 4319 1876 4388">
     <span class='ocr_line' id='line_1_75' title="bbox 388 4319 1876 4388; baseline 0.006 -22"><span class='ocrx_word' id='word_1_528' title='bbox 388 4332 496 4368; x_wconf 86' lang='lat' dir='ltr'><strong>rent</strong></span> <span class='ocrx_word' id='word_1_529' title='bbox 540 4321 851 4386; x_wconf 81' lang='lat' dir='ltr'><strong>gottsdienst.</strong></span> <span class='ocrx_word' id='word_1_530' title='bbox 887 4321 942 4372; x_wconf 71' lang='lat'><strong>2.</strong></span> <span class='ocrx_word' id='word_1_531' title='bbox 982 4319 1341 4388; x_wconf 83' lang='lat' dir='ltr'><strong>Enchiridion,</strong></span> <span class='ocrx_word' id='word_1_532' title='bbox 1381 4322 1475 4375; x_wconf 86' lang='lat' dir='ltr'><strong>das</strong></span> <span class='ocrx_word' id='word_1_533' title='bbox 1507 4324 1571 4376; x_wconf 86' lang='lat' dir='ltr'><strong>ist</strong></span> <span class='ocrx_word' id='word_1_534' title='bbox 1620 4321 1876 4375; x_wconf 70' lang='lat' dir='ltr'><strong>[Iuniliu-</strong></span> 
     </span>
    </p>
   </div>
   <div class='ocr_carea' id='block_1_76' title="bbox 385 4398 1877 4479">
    <p class='ocr_par' dir='ltr' id='par_1_76' title="bbox 385 4398 1877 4479">
     <span class='ocr_line' id='line_1_76' title="bbox 385 4398 1877 4479; baseline 0.007 -23"><span class='ocrx_word' id='word_1_535' title='bbox 385 4401 570 4466; x_wconf 77' lang='lat' dir='ltr'><strong>cltleiu,</strong></span> <span class='ocrx_word' id='word_1_536' title='bbox 609 4398 1001 4474; x_wconf 18' lang='lat' dir='ltr'><strong>von&#39;Glauben,</strong></span> <span class='ocrx_word' id='word_1_537' title='bbox 1040 4408 1306 4479; x_wconf 71' lang='lat' dir='ltr'><strong>Holiuung</strong></span> <span class='ocrx_word' id='word_1_538' title='bbox 1335 4418 1441 4464; x_wconf 83' lang='lat' dir='ltr'><strong>und</strong></span> <span class='ocrx_word' id='word_1_539' title='bbox 1473 4411 1635 4470; x_wconf 88' lang='lat' dir='ltr'><strong>Liebe.</strong></span> <span class='ocrx_word' id='word_1_540' title='bbox 1672 4415 1724 4467; x_wconf 83' lang='lat'><strong>&#39;5.</strong></span> <span class='ocrx_word' id='word_1_541' title='bbox 1764 4411 1877 4466; x_wconf 81' lang='lat' dir='ltr'><strong>Vou</strong></span> 
     </span>
    </p>
   </div>
   <div class='ocr_carea' id='block_1_77' title="bbox 378 4497 1876 4573">
    <p class='ocr_par' dir='ltr' id='par_1_77' title="bbox 378 4497 1876 4573">
     <span class='ocr_line' id='line_1_77' title="bbox 378 4497 1876 4573; baseline 0.005 -23"><span class='ocrx_word' id='word_1_542' title='bbox 378 4511 539 4550; x_wconf 80' lang='lat' dir='ltr'><strong><em>warer</em></strong></span> <span class='ocrx_word' id='word_1_543' title='bbox 580 4497 858 4566; x_wconf 77' lang='lat' dir='ltr'><strong>Vnseltuld.</strong></span> <span class='ocrx_word' id='word_1_544' title='bbox 905 4501 958 4554; x_wconf 71' lang='grc'><strong>4.</strong></span> <span class='ocrx_word' id='word_1_545' title='bbox 1003 4500 1116 4555; x_wconf 86' lang='lat' dir='ltr'><strong>Ven</strong></span> <span class='ocrx_word' id='word_1_546' title='bbox 1159 4512 1313 4555; x_wconf 86' lang='lat' dir='ltr'><strong>natur</strong></span> <span class='ocrx_word' id='word_1_547' title='bbox 1343 4504 1446 4556; x_wconf 83' lang='lat' dir='ltr'><strong>und</strong></span> <span class='ocrx_word' id='word_1_548' title='bbox 1482 4503 1639 4573; x_wconf 80' lang='lat' dir='ltr'><strong>gnati.</strong></span> <span class='ocrx_word' id='word_1_549' title='bbox 1674 4504 1725 4557; x_wconf 83' lang='lat'><strong>5.</strong></span> <span class='ocrx_word' id='word_1_550' title='bbox 1765 4503 1876 4558; x_wconf 81' lang='lat' dir='ltr'><strong>Van</strong></span> 
     </span>
    </p>
   </div>
   <div class='ocr_carea' id='block_1_78' title="bbox 385 4585 1876 4666">
    <p class='ocr_par' dir='ltr' id='par_1_78' title="bbox 385 4585 1876 4666">
     <span class='ocr_line' id='line_1_78' title="bbox 385 4585 1876 4666; baseline 0.008 -30"><span class='ocrx_word' id='word_1_551' title='bbox 385 4585 688 4660; x_wconf 67' lang='lat' dir='ltr'><strong>Faue/iung</strong></span> <span class='ocrx_word' id='word_1_552' title='bbox 735 4591 827 4643; x_wconf 85' lang='lat' dir='ltr'><strong>der</strong></span> <span class='ocrx_word' id='word_1_553' title='bbox 851 4590 1074 4661; x_wconf 80' lang='lat' dir='ltr'><strong>Iteiligen</strong></span> <span class='ocrx_word' id='word_1_554' title='bbox 1117 4592 1168 4648; x_wconf 89' lang='lat'><strong>6.</strong></span> <span class='ocrx_word' id='word_1_555' title='bbox 1218 4593 1337 4648; x_wconf 83' lang='lat' dir='ltr'><strong>Wie</strong></span> <span class='ocrx_word' id='word_1_556' title='bbox 1382 4595 1463 4648; x_wconf 87' lang='lat' dir='ltr'><strong>ein</strong></span> <span class='ocrx_word' id='word_1_557' title='bbox 1495 4603 1606 4664; x_wconf 86' lang='lat' dir='ltr'><strong>gutt</strong></span> <span class='ocrx_word' id='word_1_558' title='bbox 1639 4595 1763 4662; x_wconf 86' lang='lat' dir='ltr'><strong>ding</strong></span> <span class='ocrx_word' id='word_1_559' title='bbox 1792 4614 1876 4666; x_wconf 71' lang='grc' dir='ltr'><strong>δεμ</strong></span> 
     </span>
    </p>
   </div>
   <div class='ocr_carea' id='block_1_79' title="bbox 381 4678 1878 4751">
    <p class='ocr_par' dir='ltr' id='par_1_79' title="bbox 381 4678 1878 4751">
     <span class='ocr_line' id='line_1_79' title="bbox 381 4678 1878 4751; baseline 0.007 -22"><span class='ocrx_word' id='word_1_560' title='bbox 381 4679 496 4730; x_wconf 86' lang='lat' dir='ltr'><strong>umb</strong></span> <span class='ocrx_word' id='word_1_561' title='bbox 535 4678 916 4749; x_wconf 80' lang='lat' dir='ltr'><strong>beltarrligkeit.</strong></span> <span class='ocrx_word' id='word_1_562' title='bbox 949 4682 1088 4734; x_wconf 90' lang='lat' dir='ltr'><strong>Alles</strong></span> <span class='ocrx_word' id='word_1_563' title='bbox 1121 4683 1283 4736; x_wconf 86' lang='lat' dir='ltr'><strong>durclt</strong></span> <span class='ocrx_word' id='word_1_564' title='bbox 1316 4684 1384 4738; x_wconf 88' lang='lat' dir='ltr'><strong>D.</strong></span> <span class='ocrx_word' id='word_1_565' title='bbox 1415 4685 1627 4739; x_wconf 75' lang='lat' dir='ltr'><strong>CASPAR</strong></span> <span class='ocrx_word' id='word_1_566' title='bbox 1654 4686 1878 4751; x_wconf 70' lang='lat' dir='ltr'><strong>llr-:Dton,</strong></span> 
     </span>
    </p>
   </div>
   <div class='ocr_carea' id='block_1_80' title="bbox 381 4773 1879 4845">
    <p class='ocr_par' dir='ltr' id='par_1_80' title="bbox 381 4773 1879 4845">
     <span class='ocr_line' id='line_1_80' title="bbox 381 4773 1879 4845; baseline 0.005 -20"><span class='ocrx_word' id='word_1_567' title='bbox 381 4774 607 4841; x_wconf 75' lang='lat' dir='ltr'><strong>war/teyt</strong></span> <span class='ocrx_word' id='word_1_568' title='bbox 638 4773 742 4825; x_wconf 85' lang='lat' dir='ltr'><strong>und</strong></span> <span class='ocrx_word' id='word_1_569' title='bbox 769 4773 875 4842; x_wconf 82' lang='lat' dir='ltr'><strong>[rid</strong></span> <span class='ocrx_word' id='word_1_570' title='bbox 899 4774 952 4826; x_wconf 87' lang='lat' dir='ltr'><strong>in</strong></span> <span class='ocrx_word' id='word_1_571' title='bbox 986 4790 1170 4829; x_wconf 84' lang='lat' dir='ltr'><strong>unsern</strong></span> <span class='ocrx_word' id='word_1_572' title='bbox 1195 4786 1340 4845; x_wconf 87' lang='lat' dir='ltr'><strong>tagen</strong></span> <span class='ocrx_word' id='word_1_573' title='bbox 1381 4793 1444 4830; x_wconf 78' lang='lat' dir='ltr'><strong>zu</strong></span> <span class='ocrx_word' id='word_1_574' title='bbox 1484 4778 1714 4843; x_wconf 66' lang='lat' dir='ltr'><strong>(autem,</strong></span> <span class='ocrx_word' id='word_1_575' title='bbox 1752 4795 1879 4832; x_wconf 80' lang='lat' dir='ltr'><strong>neu—</strong></span> 
     </span>
    </p>
   </div>
   <div class='ocr_carea' id='block_1_81' title="bbox 381 4859 1736 4933">
    <p class='ocr_par' dir='ltr' id='par_1_81' title="bbox 381 4859 1736 4933">
     <span class='ocr_line' id='line_1_81' title="bbox 381 4859 1736 4933; baseline 0.004 -20"><span class='ocrx_word' id='word_1_576' title='bbox 381 4859 529 4913; x_wconf 85' lang='lat' dir='ltr'><strong>wliclt</strong></span> <span class='ocrx_word' id='word_1_577' title='bbox 556 4861 854 4914; x_wconf 70' lang='grc' dir='ltr'><strong>ιέι-ιεᾶδεΙιι.</strong></span> <span class='ocrx_word' id='word_1_578' title='bbox 883 4861 1190 4933; x_wconf 81' lang='lat' dir='ltr'><strong>Strasburg.</strong></span> <span class='ocrx_word' id='word_1_579' title='bbox 1214 4863 1370 4918; x_wconf 84' lang='lat' dir='ltr'><strong>Anno</strong></span> <span class='ocrx_word' id='word_1_580' title='bbox 1398 4864 1736 4920; x_wconf 80' lang='lat' dir='ltr'><strong>MDXXXHI.</strong></span> 
     </span>
    </p>
   </div>
   <div class='ocr_carea' id='block_1_82' title="bbox 381 4936 1878 5024">
    <p class='ocr_par' dir='ltr' id='par_1_82' title="bbox 381 4936 1878 5024">
     <span class='ocr_line' id='line_1_82' title="bbox 381 4936 1878 5024; baseline 0.006 -22"><span class='ocrx_word' id='word_1_581' title='bbox 381 4951 436 5003; x_wconf 90' lang='lat' dir='ltr'><strong><em>In</em></strong></span> <span class='ocrx_word' id='word_1_582' title='bbox 467 4952 629 5018; x_wconf 84' lang='lat' dir='ltr'><strong>priori</strong></span> <span class='ocrx_word' id='word_1_583' title='bbox 651 4951 921 5006; x_wconf 84' lang='lat' dir='ltr'><strong>volumine</strong></span> <span class='ocrx_word' id='word_1_584' title='bbox 953 4962 1147 5022; x_wconf 69' lang='lat' dir='ltr'><strong>prwter</strong></span> <span class='ocrx_word' id='word_1_585' title='bbox 1172 4970 1256 5016; x_wconf 85' lang='lat' dir='ltr'><strong>ea,</strong></span> <span class='ocrx_word' id='word_1_586' title='bbox 1286 4969 1403 5023; x_wconf 82' lang='lat' dir='ltr'><strong>quae</strong></span> <span class='ocrx_word' id='word_1_587' title='bbox 1439 4954 1625 5008; x_wconf 88' lang='lat' dir='ltr'><strong>titulus</strong></span> <span class='ocrx_word' id='word_1_588' title='bbox 1653 4936 1878 5024; x_wconf 81' lang='lat' dir='ltr'><strong>pollice-</strong></span> 
     </span>
    </p>
   </div>
   <div class='ocr_carea' id='block_1_83' title="bbox 312 5040 1884 5118">
    <p class='ocr_par' dir='ltr' id='par_1_83' title="bbox 312 5040 1884 5118">
     <span class='ocr_line' id='line_1_83' title="bbox 312 5040 1884 5118; baseline 0.004 -24"><span class='ocrx_word' id='word_1_589' title='bbox 312 5051 417 5105; x_wconf 89' lang='lat' dir='ltr'><strong>tur,</strong></span> <span class='ocrx_word' id='word_1_590' title='bbox 443 5041 656 5096; x_wconf 86' lang='lat' dir='ltr'><strong>additur</strong></span> <span class='ocrx_word' id='word_1_591' title='bbox 682 5059 736 5096; x_wconf 91' lang='lat' dir='ltr'><strong>n.</strong></span> <span class='ocrx_word' id='word_1_592' title='bbox 769 5040 956 5113; x_wconf 80' lang='lat' dir='ltr'><strong>1X(b),</strong></span> <span class='ocrx_word' id='word_1_593' title='bbox 984 5045 1234 5098; x_wconf 82' lang='lat' dir='ltr'><strong>Ambrosii</strong></span> <span class='ocrx_word' id='word_1_594' title='bbox 1274 5060 1384 5097; x_wconf 87' lang='lat' dir='ltr'><strong>vom</strong></span> <span class='ocrx_word' id='word_1_595' title='bbox 1413 5045 1694 5098; x_wconf 86' lang='lat' dir='ltr'><strong>mittleiden</strong></span> <span class='ocrx_word' id='word_1_596' title='bbox 1729 5064 1884 5118; x_wconf 87' lang='lat' dir='ltr'><strong>gegen</strong></span> 
     </span>
    </p>
   </div>
   <div class='ocr_carea' id='block_1_84' title="bbox 312 5132 1882 5203">
    <p class='ocr_par' dir='ltr' id='par_1_84' title="bbox 312 5132 1882 5203">
     <span class='ocr_line' id='line_1_84' title="bbox 312 5132 1882 5203; baseline 0.005 -25"><span class='ocrx_word' id='word_1_597' title='bbox 312 5147 520 5193; x_wconf 76' lang='lat' dir='ltr'><strong>arinen,</strong></span> <span class='ocrx_word' id='word_1_598' title='bbox 574 5132 709 5184; x_wconf 82' lang='lat' dir='ltr'><strong>vnnd</strong></span> <span class='ocrx_word' id='word_1_599' title='bbox 737 5148 882 5186; x_wconf 84' lang='lat' dir='ltr'><strong>wanu</strong></span> <span class='ocrx_word' id='word_1_600' title='bbox 927 5132 1008 5196; x_wconf 78' lang='lat' dir='ltr'><strong>die</strong></span> <span class='ocrx_word' id='word_1_601' title='bbox 1045 5132 1474 5187; x_wconf 74' lang='lat' dir='ltr'><strong>Kircltenseltartz</strong></span> <span class='ocrx_word' id='word_1_602' title='bbox 1513 5135 1882 5203; x_wconf 72' lang='lat' dir='ltr'><strong>anzugrei/Ieu.</strong></span> 
     </span>
    </p>
   </div>
   <div class='ocr_carea' id='block_1_85' title="bbox 312 5216 1887 5286">
    <p class='ocr_par' dir='ltr' id='par_1_85' title="bbox 312 5216 1887 5286">
     <span class='ocr_line' id='line_1_85' title="bbox 312 5216 1887 5286; baseline 0.004 -14"><span class='ocrx_word' id='word_1_603' title='bbox 312 5216 720 5272; x_wconf 66' lang='lat' dir='ltr'><strong>Prattnittuntur</strong></span> <span class='ocrx_word' id='word_1_604' title='bbox 768 5234 948 5274; x_wconf 79' lang='lat' dir='ltr'><strong>antem</strong></span> <span class='ocrx_word' id='word_1_605' title='bbox 993 5222 1140 5275; x_wconf 82' lang='lat' dir='ltr'><strong>libris</strong></span> <span class='ocrx_word' id='word_1_606' title='bbox 1177 5224 1453 5276; x_wconf 80' lang='lat' dir='ltr'><strong>conversis</strong></span> <span class='ocrx_word' id='word_1_607' title='bbox 1502 5242 1554 5276; x_wconf 88' lang='lat' dir='ltr'><strong>tt.</strong></span> <span class='ocrx_word' id='word_1_608' title='bbox 1601 5222 1641 5286; x_wconf 87' lang='grc' dir='ltr'><strong>Ι,</strong></span> <span class='ocrx_word' id='word_1_609' title='bbox 1694 5223 1887 5278; x_wconf 63' lang='lat' dir='ltr'><strong>Varretl</strong></span> 
     </span>
    </p>
   </div>
   <div class='ocr_carea' id='block_1_86' title="bbox 313 5305 1888 5386">
    <p class='ocr_par' dir='ltr' id='par_1_86' title="bbox 313 5305 1888 5386">
     <span class='ocr_line' id='line_1_86' title="bbox 313 5305 1888 5386; baseline 0.006 -26"><span class='ocrx_word' id='word_1_610' title='bbox 313 5306 382 5360; x_wconf 76' lang='grc' dir='ltr'><strong>υ.</strong></span> <span class='ocrx_word' id='word_1_611' title='bbox 432 5305 492 5361; x_wconf 86' lang='lat' dir='ltr'><strong>C.</strong></span> <span class='ocrx_word' id='word_1_612' title='bbox 545 5305 684 5362; x_wconf 86' lang='lat' dir='ltr'><strong>IIed.</strong></span> <span class='ocrx_word' id='word_1_613' title='bbox 735 5329 802 5364; x_wconf 88' lang='lat' dir='ltr'><strong>an</strong></span> <span class='ocrx_word' id='word_1_614' title='bbox 858 5309 957 5364; x_wconf 74' lang='lat' dir='ltr'><strong>den</strong></span> <span class='ocrx_word' id='word_1_615' title='bbox 1012 5305 1344 5381; x_wconf 78' lang='lat' dir='ltr'><strong>Erwitrdigen</strong></span> <span class='ocrx_word' id='word_1_616' title='bbox 1388 5315 1491 5366; x_wconf 81' lang='lat' dir='ltr'><strong>und</strong></span> <span class='ocrx_word' id='word_1_617' title='bbox 1538 5314 1888 5386; x_wconf 87' lang='lat' dir='ltr'><strong>wolgeborncn</strong></span> 
     </span>
    </p>
   </div>
   <div class='ocr_carea' id='block_1_87' title="bbox 387 5463 1400 5532">
    <p class='ocr_par' dir='ltr' id='par_1_87' title="bbox 387 5463 1400 5532">
     <span class='ocr_line' id='line_1_87' title="bbox 387 5463 1400 5532; baseline 0.001 -15"><span class='ocrx_word' id='word_1_618' title='bbox 387 5465 464 5531; x_wconf 76' lang='lat' dir='ltr'><strong>(rt)</strong></span> <span class='ocrx_word' id='word_1_619' title='bbox 486 5463 564 5518; x_wconf 84' lang='lat' dir='ltr'><strong>De</strong></span> <span class='ocrx_word' id='word_1_620' title='bbox 595 5463 900 5519; x_wconf 77' lang='lat' dir='ltr'><strong>Prwdestin.</strong></span> <span class='ocrx_word' id='word_1_621' title='bbox 931 5464 1037 5519; x_wconf 83' lang='lat' dir='ltr'><strong>SS.</strong></span> <span class='ocrx_word' id='word_1_622' title='bbox 1071 5479 1188 5532; x_wconf 85' lang='lat' dir='ltr'><strong>cap.</strong></span> <span class='ocrx_word' id='word_1_623' title='bbox 1215 5467 1247 5519; x_wconf 77' lang='grc'>5</span> <span class='ocrx_word' id='word_1_624' title='bbox 1269 5475 1324 5518; x_wconf 90' lang='lat' dir='ltr'><strong>et</strong></span> <span class='ocrx_word' id='word_1_625' title='bbox 1348 5467 1400 5520; x_wconf 67' lang='grc' dir='ltr'><strong>ἄ.</strong></span> 
     </span>
    </p>
   </div>
   <div class='ocr_carea' id='block_1_88' title="bbox 386 5533 1886 5603">
    <p class='ocr_par' dir='ltr' id='par_1_88' title="bbox 386 5533 1886 5603">
     <span class='ocr_line' id='line_1_88' title="bbox 386 5533 1886 5603; baseline 0.003 -16"><span class='ocrx_word' id='word_1_626' title='bbox 386 5535 466 5603; x_wconf 77' lang='lat' dir='ltr'><strong>(b)</strong></span> <span class='ocrx_word' id='word_1_627' title='bbox 503 5533 658 5587; x_wconf 86' lang='lat' dir='ltr'><strong>Prius</strong></span> <span class='ocrx_word' id='word_1_628' title='bbox 688 5538 934 5588; x_wconf 80' lang='lat' dir='ltr'><strong>volumen</strong></span> <span class='ocrx_word' id='word_1_629' title='bbox 969 5533 1199 5588; x_wconf 85' lang='lat' dir='ltr'><strong>divisum</strong></span> <span class='ocrx_word' id='word_1_630' title='bbox 1231 5543 1313 5588; x_wconf 68' lang='lat' dir='ltr'><strong>est</strong></span> <span class='ocrx_word' id='word_1_631' title='bbox 1342 5536 1393 5587; x_wconf 91' lang='lat' dir='ltr'><strong>in</strong></span> <span class='ocrx_word' id='word_1_632' title='bbox 1417 5551 1604 5591; x_wconf 88' lang='lat' dir='ltr'><strong>novem</strong></span> <span class='ocrx_word' id='word_1_633' title='bbox 1635 5553 1886 5593; x_wconf 85' lang='lat' dir='ltr'><strong>numeros</strong></span> 
     </span>
    </p>
   </div>
   <div class='ocr_carea' id='block_1_89' title="bbox 317 5603 1884 5673">
    <p class='ocr_par' dir='ltr' id='par_1_89' title="bbox 317 5603 1884 5673">
     <span class='ocr_line' id='line_1_89' title="bbox 317 5603 1884 5673; baseline 0.004 -19"><span class='ocrx_word' id='word_1_634' title='bbox 317 5605 400 5656; x_wconf 82' lang='lat' dir='ltr'><strong>vel</strong></span> <span class='ocrx_word' id='word_1_635' title='bbox 425 5613 626 5672; x_wconf 86' lang='lat' dir='ltr'><strong>partes.</strong></span> <span class='ocrx_word' id='word_1_636' title='bbox 657 5605 902 5673; x_wconf 77' lang='lat' dir='ltr'><strong>Quinque</strong></span> <span class='ocrx_word' id='word_1_637' title='bbox 931 5605 1139 5659; x_wconf 86' lang='lat' dir='ltr'><strong>numeri</strong></span> <span class='ocrx_word' id='word_1_638' title='bbox 1179 5603 1222 5673; x_wconf 84' lang='lat' dir='ltr'><strong>l,</strong></span> <span class='ocrx_word' id='word_1_639' title='bbox 1248 5604 1311 5669; x_wconf 90' lang='lat' dir='ltr'><strong>II,</strong></span> <span class='ocrx_word' id='word_1_640' title='bbox 1345 5604 1428 5668; x_wconf 89' lang='lat' dir='ltr'><strong>Ill,</strong></span> <span class='ocrx_word' id='word_1_641' title='bbox 1464 5607 1551 5672; x_wconf 83' lang='lat' dir='ltr'><strong>IV,</strong></span> <span class='ocrx_word' id='word_1_642' title='bbox 1583 5606 1646 5673; x_wconf 87' lang='lat' dir='ltr'><strong>V,</strong></span> <span class='ocrx_word' id='word_1_643' title='bbox 1681 5618 1737 5661; x_wconf 90' lang='lat' dir='ltr'><strong>ut</strong></span> <span class='ocrx_word' id='word_1_644' title='bbox 1762 5625 1884 5662; x_wconf 80' lang='lat' dir='ltr'><strong>mox</strong></span> 
     </span>
    </p>
   </div>
   <div class='ocr_carea' id='block_1_90' title="bbox 320 5672 1880 5745">
    <p class='ocr_par' dir='ltr' id='par_1_90' title="bbox 320 5672 1880 5745">
     <span class='ocr_line' id='line_1_90' title="bbox 320 5672 1880 5745; baseline 0.001 -17"><span class='ocrx_word' id='word_1_645' title='bbox 320 5677 554 5736; x_wconf 81' lang='lat' dir='ltr'><strong>dicitur,</strong></span> <span class='ocrx_word' id='word_1_646' title='bbox 609 5672 919 5738; x_wconf 76' lang='lat' dir='ltr'><strong>continent,</strong></span> <span class='ocrx_word' id='word_1_647' title='bbox 971 5674 1024 5729; x_wconf 89' lang='lat' dir='ltr'><strong>in</strong></span> <span class='ocrx_word' id='word_1_648' title='bbox 1080 5672 1296 5729; x_wconf 88' lang='lat' dir='ltr'><strong>modum</strong></span> <span class='ocrx_word' id='word_1_649' title='bbox 1338 5672 1880 5745; x_wconf 64' lang='lat' dir='ltr'><strong>prolegommorum,</strong></span> 
     </span>
    </p>
   </div>
   <div class='ocr_carea' id='block_1_91' title="bbox 1976 3219 3555 3294">
    <p class='ocr_par' dir='ltr' id='par_1_91' title="bbox 1976 3219 3555 3294">
     <span class='ocr_line' id='line_1_91' title="bbox 1976 3219 3555 3294; baseline -0.004 -13"><span class='ocrx_word' id='word_1_650' title='bbox 1976 3225 2294 3294; x_wconf 86' lang='lat' dir='ltr'><strong>ubicumque</strong></span> <span class='ocrx_word' id='word_1_651' title='bbox 2339 3223 2521 3278; x_wconf 91' lang='lat' dir='ltr'><strong>datum</strong></span> <span class='ocrx_word' id='word_1_652' title='bbox 2567 3222 2760 3286; x_wconf 77' lang='lat' dir='ltr'><strong>luet-it,</strong></span> <span class='ocrx_word' id='word_1_653' title='bbox 2791 3237 2895 3274; x_wconf 87' lang='lat' dir='ltr'><strong>non</strong></span> <span class='ocrx_word' id='word_1_654' title='bbox 2938 3219 3064 3275; x_wconf 71' lang='lat' dir='ltr'><strong>lassi</strong></span> <span class='ocrx_word' id='word_1_655' title='bbox 3110 3221 3308 3275; x_wconf 89' lang='lat' dir='ltr'><strong>erimus</strong></span> <span class='ocrx_word' id='word_1_656' title='bbox 3347 3220 3401 3274; x_wconf 92' lang='lat' dir='ltr'><strong>in</strong></span> <span class='ocrx_word' id='word_1_657' title='bbox 3457 3221 3555 3274; x_wconf 82' lang='lat' dir='ltr'><strong>hac</strong></span> 
     </span>
    </p>
   </div>
   <div class='ocr_carea' id='block_1_92' title="bbox 1977 3311 3554 3386">
    <p class='ocr_par' dir='ltr' id='par_1_92' title="bbox 1977 3311 3554 3386">
     <span class='ocr_line' id='line_1_92' title="bbox 1977 3311 3554 3386; baseline -0.005 -15"><span class='ocrx_word' id='word_1_658' title='bbox 1977 3325 2126 3386; x_wconf 89' lang='lat' dir='ltr'><strong>parte</strong></span> <span class='ocrx_word' id='word_1_659' title='bbox 2167 3315 2344 3384; x_wconf 90' lang='lat' dir='ltr'><strong>operis</strong></span> <span class='ocrx_word' id='word_1_660' title='bbox 2375 3313 2568 3377; x_wconf 87' lang='lat' dir='ltr'><strong>nostri,</strong></span> <span class='ocrx_word' id='word_1_661' title='bbox 2601 3311 2836 3367; x_wconf 63' lang='lat' dir='ltr'><strong>historia:</strong></span> <span class='ocrx_word' id='word_1_662' title='bbox 2865 3311 3136 3366; x_wconf 74' lang='lat' dir='ltr'><strong>litterariae</strong></span> <span class='ocrx_word' id='word_1_663' title='bbox 3167 3311 3554 3378; x_wconf 70' lang='lat' dir='ltr'><strong>atnplitieam&#39;a:</strong></span> 
     </span>
    </p>
   </div>
   <div class='ocr_carea' id='block_1_93' title="bbox 1976 3401 3554 3472">
    <p class='ocr_par' dir='ltr' id='par_1_93' title="bbox 1976 3401 3554 3472">
     <span class='ocr_line' id='line_1_93' title="bbox 1976 3401 3554 3472; baseline -0.004 -10"><span class='ocrx_word' id='word_1_664' title='bbox 1976 3420 2159 3463; x_wconf 83' lang='lat' dir='ltr'><strong>causa.</strong></span> <span class='ocrx_word' id='word_1_665' title='bbox 2200 3405 2370 3460; x_wconf 86' lang='lat' dir='ltr'><strong>Aliter</strong></span> <span class='ocrx_word' id='word_1_666' title='bbox 2393 3419 2450 3458; x_wconf 92' lang='lat' dir='ltr'><strong>se</strong></span> <span class='ocrx_word' id='word_1_667' title='bbox 2479 3419 2564 3459; x_wconf 89' lang='lat' dir='ltr'><strong>res</strong></span> <span class='ocrx_word' id='word_1_668' title='bbox 2595 3403 2808 3468; x_wconf 86' lang='lat' dir='ltr'><strong>habuit,</strong></span> <span class='ocrx_word' id='word_1_669' title='bbox 2848 3402 3061 3472; x_wconf 84' lang='lat' dir='ltr'><strong>quando</strong></span> <span class='ocrx_word' id='word_1_670' title='bbox 3091 3401 3318 3458; x_wconf 87' lang='lat' dir='ltr'><strong>strictim</strong></span> <span class='ocrx_word' id='word_1_671' title='bbox 3352 3412 3554 3456; x_wconf 87' lang='lat' dir='ltr'><strong>tantum</strong></span> 
     </span>
    </p>
   </div>
   <div class='ocr_carea' id='block_1_94' title="bbox 1977 3493 3555 3563">
    <p class='ocr_par' dir='ltr' id='par_1_94' title="bbox 1977 3493 3555 3563">
     <span class='ocr_line' id='line_1_94' title="bbox 1977 3493 3555 3563; baseline -0.004 -11"><span class='ocrx_word' id='word_1_672' title='bbox 1977 3498 2060 3554; x_wconf 85' lang='lat' dir='ltr'><strong>vel</strong></span> <span class='ocrx_word' id='word_1_673' title='bbox 2091 3499 2373 3563; x_wconf 81' lang='lat' dir='ltr'><strong>universe,</strong></span> <span class='ocrx_word' id='word_1_674' title='bbox 2399 3496 2485 3550; x_wconf 86' lang='lat' dir='ltr'><strong>vel</strong></span> <span class='ocrx_word' id='word_1_675' title='bbox 2522 3495 2589 3549; x_wconf 87' lang='lat' dir='ltr'><strong>ad</strong></span> <span class='ocrx_word' id='word_1_676' title='bbox 2630 3494 2866 3562; x_wconf 80' lang='lat' dir='ltr'><strong>singulos</strong></span> <span class='ocrx_word' id='word_1_677' title='bbox 2901 3493 3063 3547; x_wconf 89' lang='lat' dir='ltr'><strong>libros</strong></span> <span class='ocrx_word' id='word_1_678' title='bbox 3111 3493 3269 3548; x_wconf 89' lang='lat' dir='ltr'><strong>unius</strong></span> <span class='ocrx_word' id='word_1_679' title='bbox 3322 3495 3555 3548; x_wconf 86' lang='lat' dir='ltr'><strong>auctoris</strong></span> 
     </span>
    </p>
   </div>
   <div class='ocr_carea' id='block_1_95' title="bbox 1978 3582 3554 3656">
    <p class='ocr_par' dir='ltr' id='par_1_95' title="bbox 1978 3582 3554 3656">
     <span class='ocr_line' id='line_1_95' title="bbox 1978 3582 3554 3656; baseline -0.004 -12"><span class='ocrx_word' id='word_1_680' title='bbox 1978 3588 2130 3654; x_wconf 86' lang='lat' dir='ltr'><strong>libri,</strong></span> <span class='ocrx_word' id='word_1_681' title='bbox 2175 3587 2263 3656; x_wconf 89' lang='lat' dir='ltr'><strong>qui</strong></span> <span class='ocrx_word' id='word_1_682' title='bbox 2301 3584 2528 3640; x_wconf 90' lang='lat' dir='ltr'><strong>consulti</strong></span> <span class='ocrx_word' id='word_1_683' title='bbox 2555 3583 2781 3648; x_wconf 82' lang='lat' dir='ltr'><strong>fuerint,</strong></span> <span class='ocrx_word' id='word_1_684' title='bbox 2815 3583 3198 3637; x_wconf 87' lang='lat' dir='ltr'><strong>iudicarentur.</strong></span> <span class='ocrx_word' id='word_1_685' title='bbox 3228 3582 3364 3637; x_wconf 85' lang='lat' dir='ltr'><strong>Tum</strong></span> <span class='ocrx_word' id='word_1_686' title='bbox 3391 3599 3554 3652; x_wconf 83' lang='lat' dir='ltr'><strong>gene-</strong></span> 
     </span>
    </p>
   </div>
   <div class='ocr_carea' id='block_1_96' title="bbox 1981 3671 3552 3741">
    <p class='ocr_par' dir='ltr' id='par_1_96' title="bbox 1981 3671 3552 3741">
     <span class='ocr_line' id='line_1_96' title="bbox 1981 3671 3552 3741; baseline -0.003 -8"><span class='ocrx_word' id='word_1_687' title='bbox 1981 3678 2134 3734; x_wconf 90' lang='lat' dir='ltr'><strong>ratim</strong></span> <span class='ocrx_word' id='word_1_688' title='bbox 2165 3677 2278 3734; x_wconf 80' lang='lat' dir='ltr'><strong>fere</strong></span> <span class='ocrx_word' id='word_1_689' title='bbox 2298 3676 2572 3732; x_wconf 91' lang='lat' dir='ltr'><strong>nominum</strong></span> <span class='ocrx_word' id='word_1_690' title='bbox 2595 3671 2820 3730; x_wconf 89' lang='lat' dir='ltr'><strong>elencho</strong></span> <span class='ocrx_word' id='word_1_691' title='bbox 2847 3681 3128 3727; x_wconf 89' lang='lat' dir='ltr'><strong>contentos</strong></span> <span class='ocrx_word' id='word_1_692' title='bbox 3146 3686 3267 3727; x_wconf 88' lang='lat' dir='ltr'><strong>esse</strong></span> <span class='ocrx_word' id='word_1_693' title='bbox 3295 3676 3552 3741; x_wconf 83' lang='lat' dir='ltr'><strong>oportuit,</strong></span> 
     </span>
    </p>
   </div>
   <div class='ocr_carea' id='block_1_97' title="bbox 1978 3768 3556 3840">
    <p class='ocr_par' dir='ltr' id='par_1_97' title="bbox 1978 3768 3556 3840">
     <span class='ocr_line' id='line_1_97' title="bbox 1978 3768 3556 3840; baseline -0.002 -15"><span class='ocrx_word' id='word_1_694' title='bbox 1978 3784 2134 3840; x_wconf 91' lang='lat' dir='ltr'><strong>quem</strong></span> <span class='ocrx_word' id='word_1_695' title='bbox 2162 3784 2227 3824; x_wconf 78' lang='lat' dir='ltr'><strong>ex</strong></span> <span class='ocrx_word' id='word_1_696' title='bbox 2257 3768 2514 3839; x_wconf 83' lang='lat' dir='ltr'><strong>dispersis</strong></span> <span class='ocrx_word' id='word_1_697' title='bbox 2557 3768 2719 3823; x_wconf 87' lang='lat' dir='ltr'><strong>etiam</strong></span> <span class='ocrx_word' id='word_1_698' title='bbox 2757 3769 2823 3824; x_wconf 90' lang='lat' dir='ltr'><strong>ad</strong></span> <span class='ocrx_word' id='word_1_699' title='bbox 2873 3769 3109 3839; x_wconf 79' lang='lat' dir='ltr'><strong>singulos</strong></span> <span class='ocrx_word' id='word_1_700' title='bbox 3141 3769 3305 3825; x_wconf 86' lang='lat' dir='ltr'><strong>libros</strong></span> <span class='ocrx_word' id='word_1_701' title='bbox 3350 3771 3556 3825; x_wconf 83' lang='lat' dir='ltr'><strong>netitiis</strong></span> 
     </span>
    </p>
   </div>
   <div class='ocr_carea' id='block_1_98' title="bbox 1981 3859 3549 3927">
    <p class='ocr_par' dir='ltr' id='par_1_98' title="bbox 1981 3859 3549 3927">
     <span class='ocr_line' id='line_1_98' title="bbox 1981 3859 3549 3927; baseline -0.001 -10"><span class='ocrx_word' id='word_1_702' title='bbox 1981 3875 2086 3917; x_wconf 89' lang='lat' dir='ltr'><strong>non</strong></span> <span class='ocrx_word' id='word_1_703' title='bbox 2109 3861 2224 3916; x_wconf 91' lang='lat' dir='ltr'><strong>sine</strong></span> <span class='ocrx_word' id='word_1_704' title='bbox 2253 3860 2492 3916; x_wconf 88' lang='lat' dir='ltr'><strong>molestia</strong></span> <span class='ocrx_word' id='word_1_705' title='bbox 2521 3859 2957 3915; x_wconf 84' lang='lat' dir='ltr'><strong>concinnavimus</strong></span> <span class='ocrx_word' id='word_1_706' title='bbox 2983 3901 2998 3927; x_wconf 91' lang='lat'><strong>,</strong></span> <span class='ocrx_word' id='word_1_707' title='bbox 3029 3860 3190 3916; x_wconf 89' lang='lat' dir='ltr'><strong>modo</strong></span> <span class='ocrx_word' id='word_1_708' title='bbox 3220 3874 3284 3914; x_wconf 86' lang='lat' dir='ltr'><strong>ne</strong></span> <span class='ocrx_word' id='word_1_709' title='bbox 3332 3863 3549 3917; x_wconf 76' lang='lat' dir='ltr'><strong>eosdem</strong></span> 
     </span>
    </p>
   </div>
   <div class='ocr_carea' id='block_1_99' title="bbox 1980 3952 3553 4019">
    <p class='ocr_par' dir='ltr' id='par_1_99' title="bbox 1980 3952 3553 4019">
     <span class='ocr_line' id='line_1_99' title="bbox 1980 3952 3553 4019; baseline 0 -16"><span class='ocrx_word' id='word_1_710' title='bbox 1980 3952 2279 4006; x_wconf 81' lang='lat' dir='ltr'><strong>sexcenties</strong></span> <span class='ocrx_word' id='word_1_711' title='bbox 2325 3961 2567 4019; x_wconf 89' lang='lat' dir='ltr'><strong>repetere</strong></span> <span class='ocrx_word' id='word_1_712' title='bbox 2619 3965 2713 4019; x_wconf 89' lang='lat' dir='ltr'><strong>per</strong></span> <span class='ocrx_word' id='word_1_713' title='bbox 2739 3952 3061 4019; x_wconf 87' lang='lat' dir='ltr'><strong>scriptorum</strong></span> <span class='ocrx_word' id='word_1_714' title='bbox 3093 3953 3553 4008; x_wconf 88' lang='lat' dir='ltr'><strong>enumerationem</strong></span> 
     </span>
    </p>
   </div>
   <div class='ocr_carea' id='block_1_100' title="bbox 1980 4043 3558 4114">
    <p class='ocr_par' dir='ltr' id='par_1_100' title="bbox 1980 4043 3558 4114">
     <span class='ocr_line' id='line_1_100' title="bbox 1980 4043 3558 4114; baseline -0.003 -13"><span class='ocrx_word' id='word_1_715' title='bbox 1980 4059 2313 4114; x_wconf 80' lang='lat' dir='ltr'><strong>cogeremur.</strong></span> <span class='ocrx_word' id='word_1_716' title='bbox 2354 4043 2608 4113; x_wconf 77' lang='lat' dir='ltr'><strong>Exempla</strong></span> <span class='ocrx_word' id='word_1_717' title='bbox 2649 4051 2775 4103; x_wconf 86' lang='lat' dir='ltr'><strong>sunt</strong></span> <span class='ocrx_word' id='word_1_718' title='bbox 2828 4043 3058 4097; x_wconf 80' lang='lat' dir='ltr'><strong>Hilarius</strong></span> <span class='ocrx_word' id='word_1_719' title='bbox 3083 4084 3099 4109; x_wconf 91' lang='lat'><strong>,</strong></span> <span class='ocrx_word' id='word_1_720' title='bbox 3151 4045 3472 4100; x_wconf 82' lang='lat' dir='ltr'><strong>Ambrosius.</strong></span> <span class='ocrx_word' id='word_1_721' title='bbox 3503 4055 3558 4099; x_wconf 84' lang='lat' dir='ltr'><strong>et</strong></span> 
     </span>
    </p>
   </div>
   <div class='ocr_carea' id='block_1_101' title="bbox 1982 4133 3556 4206">
    <p class='ocr_par' dir='ltr' id='par_1_101' title="bbox 1982 4133 3556 4206">
     <span class='ocr_line' id='line_1_101' title="bbox 1982 4133 3556 4206; baseline -0.003 -15"><span class='ocrx_word' id='word_1_722' title='bbox 1982 4136 2356 4206; x_wconf 79' lang='lat' dir='ltr'><strong>Hieronymus.</strong></span> <span class='ocrx_word' id='word_1_723' title='bbox 2389 4134 2530 4190; x_wconf 89' lang='lat' dir='ltr'><strong>ldem</strong></span> <span class='ocrx_word' id='word_1_724' title='bbox 2553 4148 2763 4203; x_wconf 88' lang='lat' dir='ltr'><strong>quoque</strong></span> <span class='ocrx_word' id='word_1_725' title='bbox 2785 4134 2838 4189; x_wconf 90' lang='lat' dir='ltr'><strong>in</strong></span> <span class='ocrx_word' id='word_1_726' title='bbox 2869 4133 3164 4202; x_wconf 80' lang='lat' dir='ltr'><strong>Augustino</strong></span> <span class='ocrx_word' id='word_1_727' title='bbox 3183 4149 3328 4189; x_wconf 90' lang='lat' dir='ltr'><strong>nunc</strong></span> <span class='ocrx_word' id='word_1_728' title='bbox 3356 4135 3556 4199; x_wconf 83' lang='lat' dir='ltr'><strong>evenit,</strong></span> 
     </span>
    </p>
   </div>
   <div class='ocr_carea' id='block_1_102' title="bbox 1982 4224 3554 4297">
    <p class='ocr_par' dir='ltr' id='par_1_102' title="bbox 1982 4224 3554 4297">
     <span class='ocr_line' id='line_1_102' title="bbox 1982 4224 3554 4297; baseline -0.001 -16"><span class='ocrx_word' id='word_1_729' title='bbox 1982 4226 2073 4282; x_wconf 84' lang='lat' dir='ltr'><strong>sed</strong></span> <span class='ocrx_word' id='word_1_730' title='bbox 2105 4227 2287 4282; x_wconf 90' lang='lat' dir='ltr'><strong>labore</strong></span> <span class='ocrx_word' id='word_1_731' title='bbox 2333 4226 2488 4294; x_wconf 87' lang='lat' dir='ltr'><strong>longe</strong></span> <span class='ocrx_word' id='word_1_732' title='bbox 2529 4224 2719 4292; x_wconf 89' lang='lat' dir='ltr'><strong>majori</strong></span> <span class='ocrx_word' id='word_1_733' title='bbox 2751 4225 2906 4280; x_wconf 91' lang='lat' dir='ltr'><strong>nobis</strong></span> <span class='ocrx_word' id='word_1_734' title='bbox 2935 4226 3202 4291; x_wconf 89' lang='lat' dir='ltr'><strong>constitit,</strong></span> <span class='ocrx_word' id='word_1_735' title='bbox 3234 4241 3554 4297; x_wconf 86' lang='lat' dir='ltr'><strong>quamquam</strong></span> 
     </span>
    </p>
   </div>
   <div class='ocr_carea' id='block_1_103' title="bbox 1983 4315 3560 4386">
    <p class='ocr_par' dir='ltr' id='par_1_103' title="bbox 1983 4315 3560 4386">
     <span class='ocr_line' id='line_1_103' title="bbox 1983 4315 3560 4386; baseline 0.001 -15"><span class='ocrx_word' id='word_1_736' title='bbox 1983 4325 2086 4372; x_wconf 86' lang='lat' dir='ltr'><strong>non</strong></span> <span class='ocrx_word' id='word_1_737' title='bbox 2110 4317 2489 4385; x_wconf 69' lang='lat' dir='ltr'><strong>deerant,quaa</strong></span> <span class='ocrx_word' id='word_1_738' title='bbox 2513 4315 2735 4375; x_wconf 75' lang='lat' dir='ltr'><strong>alteram</strong></span> <span class='ocrx_word' id='word_1_739' title='bbox 2765 4316 3051 4383; x_wconf 90' lang='lat' dir='ltr'><strong>rationem,</strong></span> <span class='ocrx_word' id='word_1_740' title='bbox 3073 4331 3193 4386; x_wconf 78' lang='lat' dir='ltr'><strong>qua:</strong></span> <span class='ocrx_word' id='word_1_741' title='bbox 3216 4317 3392 4372; x_wconf 91' lang='lat' dir='ltr'><strong>minus</strong></span> <span class='ocrx_word' id='word_1_742' title='bbox 3413 4328 3560 4372; x_wconf 89' lang='lat' dir='ltr'><strong>certe</strong></span> 
     </span>
    </p>
   </div>
   <div class='ocr_carea' id='block_1_104' title="bbox 1986 4406 3555 4476">
    <p class='ocr_par' dir='ltr' id='par_1_104' title="bbox 1986 4406 3555 4476">
     <span class='ocr_line' id='line_1_104' title="bbox 1986 4406 3555 4476; baseline 0 -16"><span class='ocrx_word' id='word_1_743' title='bbox 1986 4407 2242 4463; x_wconf 70' lang='lat' dir='ltr'><strong>molestiae</strong></span> <span class='ocrx_word' id='word_1_744' title='bbox 2280 4406 2540 4474; x_wconf 84' lang='lat' dir='ltr'><strong>habebat,</strong></span> <span class='ocrx_word' id='word_1_745' title='bbox 2573 4406 2824 4476; x_wconf 82' lang='lat' dir='ltr'><strong>amplecti</strong></span> <span class='ocrx_word' id='word_1_746' title='bbox 2867 4407 3152 4463; x_wconf 88' lang='lat' dir='ltr'><strong>suaderent</strong></span> <span class='ocrx_word' id='word_1_747' title='bbox 3195 4421 3387 4463; x_wconf 66' lang='lat' dir='ltr'><strong>causae.</strong></span> <span class='ocrx_word' id='word_1_748' title='bbox 3425 4407 3555 4461; x_wconf 84' lang='lat' dir='ltr'><strong>Nam</strong></span> 
     </span>
    </p>
   </div>
   <div class='ocr_carea' id='block_1_105' title="bbox 1983 4498 3560 4568">
    <p class='ocr_par' dir='ltr' id='par_1_105' title="bbox 1983 4498 3560 4568">
     <span class='ocr_line' id='line_1_105' title="bbox 1983 4498 3560 4568; baseline -0.001 -15"><span class='ocrx_word' id='word_1_749' title='bbox 1983 4514 2103 4554; x_wconf 91' lang='lat' dir='ltr'><strong>cum</strong></span> <span class='ocrx_word' id='word_1_750' title='bbox 2142 4511 2272 4552; x_wconf 88' lang='lat' dir='ltr'><strong>mss.</strong></span> <span class='ocrx_word' id='word_1_751' title='bbox 2311 4498 2570 4551; x_wconf 89' lang='lat' dir='ltr'><strong>librorum</strong></span> <span class='ocrx_word' id='word_1_752' title='bbox 2610 4498 2890 4568; x_wconf 77' lang='lat' dir='ltr'><strong>Augustini</strong></span> <span class='ocrx_word' id='word_1_753' title='bbox 2927 4499 2980 4553; x_wconf 90' lang='lat' dir='ltr'><strong>in</strong></span> <span class='ocrx_word' id='word_1_754' title='bbox 3029 4499 3276 4552; x_wconf 85' lang='lat' dir='ltr'><strong>omnibus</strong></span> <span class='ocrx_word' id='word_1_755' title='bbox 3325 4498 3441 4552; x_wconf 80' lang='lat' dir='ltr'><strong>fere</strong></span> <span class='ocrx_word' id='word_1_756' title='bbox 3479 4499 3560 4552; x_wconf 86' lang='lat' dir='ltr'><strong>bi-</strong></span> 
     </span>
    </p>
   </div>
   <div class='ocr_carea' id='block_1_106' title="bbox 1984 4586 3560 4660">
    <p class='ocr_par' dir='ltr' id='par_1_106' title="bbox 1984 4586 3560 4660">
     <span class='ocr_line' id='line_1_106' title="bbox 1984 4586 3560 4660; baseline -0.002 -15"><span class='ocrx_word' id='word_1_757' title='bbox 1984 4590 2264 4645; x_wconf 89' lang='lat' dir='ltr'><strong>bliothecis</strong></span> <span class='ocrx_word' id='word_1_758' title='bbox 2311 4590 2497 4659; x_wconf 88' lang='lat' dir='ltr'><strong>ingens</strong></span> <span class='ocrx_word' id='word_1_759' title='bbox 2543 4590 2612 4642; x_wconf 91' lang='lat' dir='ltr'><strong>sit</strong></span> <span class='ocrx_word' id='word_1_760' title='bbox 2639 4590 2813 4660; x_wconf 79' lang='lat' dir='ltr'><strong>capia,</strong></span> <span class='ocrx_word' id='word_1_761' title='bbox 2849 4600 2958 4644; x_wconf 91' lang='lat' dir='ltr'><strong>tum</strong></span> <span class='ocrx_word' id='word_1_762' title='bbox 2990 4589 3148 4644; x_wconf 89' lang='lat' dir='ltr'><strong>iidem</strong></span> <span class='ocrx_word' id='word_1_763' title='bbox 3197 4586 3390 4642; x_wconf 90' lang='lat' dir='ltr'><strong>mirutn</strong></span> <span class='ocrx_word' id='word_1_764' title='bbox 3422 4589 3560 4644; x_wconf 87' lang='lat' dir='ltr'><strong>inter</strong></span> 
     </span>
    </p>
   </div>
   <div class='ocr_carea' id='block_1_107' title="bbox 1982 4682 3556 4752">
    <p class='ocr_par' dir='ltr' id='par_1_107' title="bbox 1982 4682 3556 4752">
     <span class='ocr_line' id='line_1_107' title="bbox 1982 4682 3556 4752; baseline -0.004 -14"><span class='ocrx_word' id='word_1_765' title='bbox 1982 4697 2042 4738; x_wconf 90' lang='lat' dir='ltr'><strong>se</strong></span> <span class='ocrx_word' id='word_1_766' title='bbox 2087 4682 2338 4739; x_wconf 81' lang='lat' dir='ltr'><strong>ditl‘erant</strong></span> <span class='ocrx_word' id='word_1_767' title='bbox 2384 4697 2483 4752; x_wconf 91' lang='lat' dir='ltr'><strong>pro</strong></span> <span class='ocrx_word' id='word_1_768' title='bbox 2525 4697 2750 4738; x_wconf 90' lang='lat' dir='ltr'><strong>numero</strong></span> <span class='ocrx_word' id='word_1_769' title='bbox 2793 4682 3112 4750; x_wconf 86' lang='lat' dir='ltr'><strong>scriptorum</strong></span> <span class='ocrx_word' id='word_1_770' title='bbox 3149 4687 3556 4743; x_wconf 88' lang='lat' dir='ltr'><strong>contentorum;</strong></span> 
     </span>
    </p>
   </div>
   <div class='ocr_carea' id='block_1_108' title="bbox 1988 4767 3557 4844">
    <p class='ocr_par' dir='ltr' id='par_1_108' title="bbox 1988 4767 3557 4844">
     <span class='ocr_line' id='line_1_108' title="bbox 1988 4767 3557 4844; baseline -0.001 -16"><span class='ocrx_word' id='word_1_771' title='bbox 1988 4775 2073 4829; x_wconf 87' lang='lat' dir='ltr'><strong>vel</strong></span> <span class='ocrx_word' id='word_1_772' title='bbox 2119 4774 2217 4844; x_wconf 91' lang='lat' dir='ltr'><strong>ipsi</strong></span> <span class='ocrx_word' id='word_1_773' title='bbox 2266 4772 2457 4829; x_wconf 88' lang='lat' dir='ltr'><strong>editori</strong></span> <span class='ocrx_word' id='word_1_774' title='bbox 2500 4771 2873 4829; x_wconf 79' lang='lat' dir='ltr'><strong>difﬁcillimum</strong></span> <span class='ocrx_word' id='word_1_775' title='bbox 2922 4781 3108 4824; x_wconf 84' lang='lat' dir='ltr'><strong>omnes</strong></span> <span class='ocrx_word' id='word_1_776' title='bbox 3156 4767 3382 4839; x_wconf 86' lang='lat' dir='ltr'><strong>seligere</strong></span> <span class='ocrx_word' id='word_1_777' title='bbox 3407 4780 3463 4826; x_wconf 86' lang='lat' dir='ltr'><strong>et</strong></span> <span class='ocrx_word' id='word_1_778' title='bbox 3491 4777 3557 4827; x_wconf 84' lang='lat' dir='ltr'><strong>ad</strong></span> 
     </span>
    </p>
   </div>
   <div class='ocr_carea' id='block_1_109' title="bbox 1983 4858 3557 4934">
    <p class='ocr_par' dir='ltr' id='par_1_109' title="bbox 1983 4858 3557 4934">
     <span class='ocr_line' id='line_1_109' title="bbox 1983 4858 3557 4934; baseline -0.003 -14"><span class='ocrx_word' id='word_1_779' title='bbox 1983 4865 2184 4920; x_wconf 88' lang='lat' dir='ltr'><strong>classes</strong></span> <span class='ocrx_word' id='word_1_780' title='bbox 2204 4864 2458 4934; x_wconf 85' lang='lat' dir='ltr'><strong>quasdam</strong></span> <span class='ocrx_word' id='word_1_781' title='bbox 2480 4867 2826 4926; x_wconf 89' lang='lat' dir='ltr'><strong>revocare,et</strong></span> <span class='ocrx_word' id='word_1_782' title='bbox 2843 4874 2901 4913; x_wconf 89' lang='lat' dir='ltr'><strong>re</strong></span> <span class='ocrx_word' id='word_1_783' title='bbox 2919 4859 3032 4928; x_wconf 81' lang='lat' dir='ltr'><strong>ipsa</strong></span> <span class='ocrx_word' id='word_1_784' title='bbox 3061 4858 3557 4922; x_wconf 78' lang='lat' dir='ltr'><strong>necLovanieuses,</strong></span> 
     </span>
    </p>
   </div>
   <div class='ocr_carea' id='block_1_110' title="bbox 1989 4951 3564 5024">
    <p class='ocr_par' dir='ltr' id='par_1_110' title="bbox 1989 4951 3564 5024">
     <span class='ocr_line' id='line_1_110' title="bbox 1989 4951 3564 5024; baseline -0.002 -11"><span class='ocrx_word' id='word_1_785' title='bbox 1989 4973 2088 5014; x_wconf 87' lang='lat' dir='ltr'><strong>nec</strong></span> <span class='ocrx_word' id='word_1_786' title='bbox 2116 4956 2448 5012; x_wconf 84' lang='lat' dir='ltr'><strong>Benedictini</strong></span> <span class='ocrx_word' id='word_1_787' title='bbox 2478 4955 2582 5008; x_wconf 91' lang='lat' dir='ltr'><strong>tale</strong></span> <span class='ocrx_word' id='word_1_788' title='bbox 2607 4953 2891 5022; x_wconf 88' lang='lat' dir='ltr'><strong>quidquam</strong></span> <span class='ocrx_word' id='word_1_789' title='bbox 2921 4951 3288 5008; x_wconf 81' lang='lat' dir='ltr'><strong>sustinuerunt</strong></span> <span class='ocrx_word' id='word_1_790' title='bbox 3315 4954 3564 5024; x_wconf 84' lang='lat' dir='ltr'><strong>(Erasmo</strong></span> 
     </span>
    </p>
   </div>
   <div class='ocr_carea' id='block_1_111' title="bbox 1988 5035 3563 5116">
    <p class='ocr_par' dir='ltr' id='par_1_111' title="bbox 1988 5035 3563 5116">
     <span class='ocr_line' id='line_1_111' title="bbox 1988 5035 3563 5116; baseline 0 -15"><span class='ocrx_word' id='word_1_791' title='bbox 1988 5055 2162 5101; x_wconf 85' lang='lat' dir='ltr'><strong>autem</strong></span> <span class='ocrx_word' id='word_1_792' title='bbox 2182 5088 2196 5111; x_wconf 94' lang='lat'><strong>,</strong></span> <span class='ocrx_word' id='word_1_793' title='bbox 2225 5057 2282 5099; x_wconf 89' lang='lat' dir='ltr'><strong>ut</strong></span> <span class='ocrx_word' id='word_1_794' title='bbox 2311 5044 2593 5113; x_wconf 88' lang='lat' dir='ltr'><strong>aliquoties</strong></span> <span class='ocrx_word' id='word_1_795' title='bbox 2639 5041 2896 5097; x_wconf 80' lang='lat' dir='ltr'><strong>m0nitutn</strong></span> <span class='ocrx_word' id='word_1_796' title='bbox 2918 5084 2931 5104; x_wconf 95' lang='lat'><strong>,</strong></span> <span class='ocrx_word' id='word_1_797' title='bbox 2961 5043 3202 5099; x_wconf 83' lang='lat' dir='ltr'><strong>solemne</strong></span> <span class='ocrx_word' id='word_1_798' title='bbox 3250 5035 3343 5100; x_wconf 78' lang='lat' dir='ltr'><strong>fuit</strong></span> <span class='ocrx_word' id='word_1_799' title='bbox 3365 5087 3380 5111; x_wconf 92' lang='lat'><strong>,</strong></span> <span class='ocrx_word' id='word_1_800' title='bbox 3415 5049 3563 5116; x_wconf 85' lang='lat' dir='ltr'><strong>parvi</strong></span> 
     </span>
    </p>
   </div>
   <div class='ocr_carea' id='block_1_112' title="bbox 1991 5131 3562 5202">
    <p class='ocr_par' dir='ltr' id='par_1_112' title="bbox 1991 5131 3562 5202">
     <span class='ocr_line' id='line_1_112' title="bbox 1991 5131 3562 5202; baseline -0.001 -13"><span class='ocrx_word' id='word_1_801' title='bbox 1991 5136 2254 5190; x_wconf 67' lang='lat' dir='ltr'><strong>aestimare</strong></span> <span class='ocrx_word' id='word_1_802' title='bbox 2285 5133 2540 5186; x_wconf 89' lang='lat' dir='ltr'><strong>librorum</strong></span> <span class='ocrx_word' id='word_1_803' title='bbox 2571 5147 2699 5187; x_wconf 89' lang='lat' dir='ltr'><strong>mss.</strong></span> <span class='ocrx_word' id='word_1_804' title='bbox 2725 5131 3174 5202; x_wconf 81' lang='lat' dir='ltr'><strong>declarationem)</strong></span> <span class='ocrx_word' id='word_1_805' title='bbox 3203 5151 3216 5189; x_wconf 88' lang='lat'><strong>:</strong></span> <span class='ocrx_word' id='word_1_806' title='bbox 3247 5137 3342 5190; x_wconf 88' lang='lat' dir='ltr'><strong>sed</strong></span> <span class='ocrx_word' id='word_1_807' title='bbox 3362 5137 3426 5190; x_wconf 89' lang='lat' dir='ltr'><strong>ad</strong></span> <span class='ocrx_word' id='word_1_808' title='bbox 3455 5137 3562 5191; x_wconf 82' lang='lat' dir='ltr'><strong>cal-</strong></span> 
     </span>
    </p>
   </div>
   <div class='ocr_carea' id='block_1_113' title="bbox 1991 5221 3562 5292">
    <p class='ocr_par' dir='ltr' id='par_1_113' title="bbox 1991 5221 3562 5292">
     <span class='ocr_line' id='line_1_113' title="bbox 1991 5221 3562 5292; baseline -0.002 -13"><span class='ocrx_word' id='word_1_809' title='bbox 1991 5240 2106 5280; x_wconf 85' lang='lat' dir='ltr'><strong>cem</strong></span> <span class='ocrx_word' id='word_1_810' title='bbox 2146 5223 2272 5278; x_wconf 90' lang='lat' dir='ltr'><strong>tomi</strong></span> <span class='ocrx_word' id='word_1_811' title='bbox 2306 5221 2539 5292; x_wconf 83' lang='lat' dir='ltr'><strong>cujusvis</strong></span> <span class='ocrx_word' id='word_1_812' title='bbox 2565 5238 2684 5277; x_wconf 92' lang='lat' dir='ltr'><strong>cum</strong></span> <span class='ocrx_word' id='word_1_813' title='bbox 2716 5222 3003 5291; x_wconf 53' lang='lat' dir='ltr'><strong>insigniore</strong></span> <span class='ocrx_word' id='word_1_814' title='bbox 3032 5225 3277 5280; x_wconf 89' lang='lat' dir='ltr'><strong>lectionis</strong></span> <span class='ocrx_word' id='word_1_815' title='bbox 3307 5226 3562 5278; x_wconf 85' lang='lat' dir='ltr'><strong>varietate</strong></span> 
     </span>
    </p>
   </div>
   <div class='ocr_carea' id='block_1_114' title="bbox 1991 5311 3562 5384">
    <p class='ocr_par' dir='ltr' id='par_1_114' title="bbox 1991 5311 3562 5384">
     <span class='ocr_line' id='line_1_114' title="bbox 1991 5311 3562 5384; baseline -0.001 -15"><span class='ocrx_word' id='word_1_816' title='bbox 1991 5316 2199 5384; x_wconf 86' lang='lat' dir='ltr'><strong>longam</strong></span> <span class='ocrx_word' id='word_1_817' title='bbox 2225 5311 2500 5368; x_wconf 90' lang='lat' dir='ltr'><strong>nominum</strong></span> <span class='ocrx_word' id='word_1_818' title='bbox 2533 5326 2780 5383; x_wconf 87' lang='lat' dir='ltr'><strong>pompam</strong></span> <span class='ocrx_word' id='word_1_819' title='bbox 2811 5311 3054 5367; x_wconf 88' lang='lat' dir='ltr'><strong>codicum</strong></span> <span class='ocrx_word' id='word_1_820' title='bbox 3073 5353 3088 5379; x_wconf 91' lang='lat'><strong>,</strong></span> <span class='ocrx_word' id='word_1_821' title='bbox 3112 5312 3178 5366; x_wconf 87' lang='lat' dir='ltr'><strong>ad</strong></span> <span class='ocrx_word' id='word_1_822' title='bbox 3207 5327 3340 5380; x_wconf 85' lang='lat' dir='ltr'><strong>quos</strong></span> <span class='ocrx_word' id='word_1_823' title='bbox 3366 5313 3562 5382; x_wconf 85' lang='lat' dir='ltr'><strong>singuli</strong></span> 
     </span>
    </p>
   </div>
   <div class='ocr_carea' id='block_1_115' title="bbox 1999 5465 3561 5534">
    <p class='ocr_par' dir='ltr' id='par_1_115' title="bbox 1999 5465 3561 5534">
     <span class='ocr_line' id='line_1_115' title="bbox 1999 5465 3561 5534; baseline 0.003 -13"><span class='ocrx_word' id='word_1_824' title='bbox 1999 5485 2160 5534; x_wconf 83' lang='lat' dir='ltr'><strong>opera</strong></span> <span class='ocrx_word' id='word_1_825' title='bbox 2192 5470 2344 5524; x_wconf 90' lang='lat' dir='ltr'><strong>titulo</strong></span> <span class='ocrx_word' id='word_1_826' title='bbox 2391 5483 2498 5521; x_wconf 89' lang='lat' dir='ltr'><strong>non</strong></span> <span class='ocrx_word' id='word_1_827' title='bbox 2526 5477 2841 5522; x_wconf 83' lang='lat' dir='ltr'><strong>memorata.</strong></span> <span class='ocrx_word' id='word_1_828' title='bbox 2874 5465 3090 5520; x_wconf 84' lang='lat' dir='ltr'><strong>Numeri</strong></span> <span class='ocrx_word' id='word_1_829' title='bbox 3132 5475 3442 5532; x_wconf 83' lang='lat' dir='ltr'><strong>sequentes,</strong></span> <span class='ocrx_word' id='word_1_830' title='bbox 3476 5470 3561 5534; x_wconf 87' lang='lat' dir='ltr'><strong>Vl,</strong></span> 
     </span>
    </p>
   </div>
   <div class='ocr_carea' id='block_1_116' title="bbox 2000 5535 3560 5606">
    <p class='ocr_par' dir='ltr' id='par_1_116' title="bbox 2000 5535 3560 5606">
     <span class='ocr_line' id='line_1_116' title="bbox 2000 5535 3560 5606; baseline 0.001 -17"><span class='ocrx_word' id='word_1_831' title='bbox 2000 5537 2106 5598; x_wconf 78' lang='lat' dir='ltr'><strong>VII,</strong></span> <span class='ocrx_word' id='word_1_832' title='bbox 2154 5538 2290 5604; x_wconf 85' lang='lat' dir='ltr'><strong>VIII,</strong></span> <span class='ocrx_word' id='word_1_833' title='bbox 2343 5553 2536 5606; x_wconf 88' lang='lat' dir='ltr'><strong>corpus</strong></span> <span class='ocrx_word' id='word_1_834' title='bbox 2585 5539 2841 5602; x_wconf 68' lang='lat' dir='ltr'><strong>alliciunt,</strong></span> <span class='ocrx_word' id='word_1_835' title='bbox 2887 5535 3158 5606; x_wconf 67' lang='grc' dir='ltr'><strong>⁸ιίιιιιοιιιιιε</strong></span> <span class='ocrx_word' id='word_1_836' title='bbox 3214 5540 3560 5604; x_wconf 67' lang='lat' dir='ltr'><strong>rmpondent.</strong></span> 
     </span>
    </p>
   </div>
   <div class='ocr_carea' id='block_1_117' title="bbox 1997 5603 3555 5730">
    <p class='ocr_par' dir='ltr' id='par_1_117' title="bbox 1997 5603 3555 5730">
     <span class='ocr_line' id='line_1_117' title="bbox 1997 5603 3555 5730; baseline 0.004 -73"><span class='ocrx_word' id='word_1_837' title='bbox 1997 5608 2300 5730; x_wconf 55' lang='lat' dir='ltr'><strong>Enstrcmo,</strong></span> <span class='ocrx_word' id='word_1_838' title='bbox 2352 5603 2494 5664; x_wconf 78' lang='lat' dir='ltr'><strong>sicut</strong></span> <span class='ocrx_word' id='word_1_839' title='bbox 2549 5607 2836 5675; x_wconf 81' lang='lat' dir='ltr'><strong>appendix,</strong></span> <span class='ocrx_word' id='word_1_840' title='bbox 2885 5603 3116 5660; x_wconf 82' lang='lat' dir='ltr'><strong>habetur</strong></span> <span class='ocrx_word' id='word_1_841' title='bbox 3167 5603 3424 5663; x_wconf 75' lang='lat' dir='ltr'><strong>nunerus</strong></span> <span class='ocrx_word' id='word_1_842' title='bbox 3465 5609 3555 5663; x_wconf 80' lang='grc' dir='ltr'><strong>ΙΧ..</strong></span> 
     </span>
     <span class='ocr_line' id='line_1_118' title="bbox 2017 5693 2127 5730; baseline 0 0"><span class='ocrx_word' id='word_1_843' title='bbox 2017 5693 2127 5730; x_wconf 66' lang='grc' dir='ltr'><strong>Διιτ</strong></span> 
     </span>
    </p>
   </div>
   <div class='ocr_carea' id='block_1_118' title="bbox 2017 5693 2127 5732">
    <p class='ocr_par' dir='ltr' id='par_1_118' title="bbox 2017 5693 2127 5732">
     <span class='ocr_line' id='line_1_119' title="bbox 2017 5693 2127 5732; baseline 0 -1"><span class='ocrx_word' id='word_1_844' title='bbox 2017 5693 2127 5732; x_wconf 61' lang='lat' dir='ltr'><strong>LDT</strong></span> 
     </span>
    </p>
   </div>
  </div>
