  <div class='ocr_page' id='page_1' title='image "/cluster/home/n/w/nwhite01/storage/ocr_20150623/47/uva.x000827107/063.png"; bbox 0 0 3882 6324; ppageno 0'>
   <div class='ocr_carea' id='block_1_1' title="bbox 392 293 488 349">
    <p class='ocr_par' dir='ltr' id='par_1_1' title="bbox 392 293 488 349">
     <span class='ocr_line' id='line_1_1' title="bbox 392 293 488 349; baseline -0.021 -1"><span class='ocrx_word' id='word_1_1' title='bbox 392 293 488 349; x_wconf 77' lang='lat' dir='ltr'><strong>Hi</strong></span> 
     </span>
    </p>
   </div>
   <div class='ocr_carea' id='block_1_2' title="bbox 1275 276 2751 350">
    <p class='ocr_par' dir='ltr' id='par_1_2' title="bbox 1275 276 2751 350">
     <span class='ocr_line' id='line_1_2' title="bbox 1275 276 2751 350; baseline -0.003 0"><span class='ocrx_word' id='word_1_2' title='bbox 1275 286 1827 350; x_wconf 75' lang='lat' dir='ltr'><strong>SUPPLEMENTUM</strong></span> <span class='ocrx_word' id='word_1_3' title='bbox 1864 287 1957 342; x_wconf 83' lang='lat' dir='ltr'><strong>AD</strong></span> <span class='ocrx_word' id='word_1_4' title='bbox 1996 285 2223 342; x_wconf 65' lang='lat' dir='ltr'><strong>orsus</strong></span> <span class='ocrx_word' id='word_1_5' title='bbox 2265 287 2322 343; x_wconf 90' lang='lat' dir='ltr'><strong>s.</strong></span> <span class='ocrx_word' id='word_1_6' title='bbox 2363 276 2751 345; x_wconf 76' lang='lat' dir='ltr'><strong>AUGUSTINI.</strong></span> 
     </span>
    </p>
   </div>
   <div class='ocr_carea' id='block_1_3' title="bbox 3534 288 3625 350">
    <p class='ocr_par' dir='ltr' id='par_1_3' title="bbox 3534 288 3625 350">
     <span class='ocr_line' id='line_1_3' title="bbox 3534 288 3625 350; baseline -0.022 0"><span class='ocrx_word' id='word_1_7' title='bbox 3534 288 3625 350; x_wconf 63' lang='lat' dir='ltr'><strong>il!</strong></span> 
     </span>
    </p>
   </div>
   <div class='ocr_carea' id='block_1_4' title="bbox 388 400 3624 481">
    <p class='ocr_par' dir='ltr' id='par_1_4' title="bbox 388 400 3624 481">
     <span class='ocr_line' id='line_1_4' title="bbox 388 400 3624 481; baseline -0.001 -16"><span class='ocrx_word' id='word_1_8' title='bbox 388 410 650 481; x_wconf 87' lang='lat' dir='ltr'><strong>recogniti</strong></span> <span class='ocrx_word' id='word_1_9' title='bbox 701 410 931 476; x_wconf 76' lang='lat' dir='ltr'><strong>fuerint,</strong></span> <span class='ocrx_word' id='word_1_10' title='bbox 961 410 1314 466; x_wconf 74' lang='lat' dir='ltr'><strong>adduxerunt.</strong></span> <span class='ocrx_word' id='word_1_11' title='bbox 1347 408 1578 463; x_wconf 83' lang='lat' dir='ltr'><strong>Tantum</strong></span> <span class='ocrx_word' id='word_1_12' title='bbox 1608 418 1739 460; x_wconf 88' lang='lat' dir='ltr'><strong>vero</strong></span> <span class='ocrx_word' id='word_1_13' title='bbox 1786 403 1957 465; x_wconf 85' lang='lat' dir='ltr'><strong>abest,</strong></span> <span class='ocrx_word' id='word_1_14' title='bbox 1989 405 2041 463; x_wconf 79' lang='grc' dir='ltr'><strong>Α</strong></span> <span class='ocrx_word' id='word_1_15' title='bbox 2136 400 2668 470; x_wconf 74' lang='lat' dir='ltr'><strong>FLonerrucensss,</strong></span> <span class='ocrx_word' id='word_1_16' title='bbox 2702 402 2938 459; x_wconf 69' lang='grc' dir='ltr'><strong>ρωποι)Ῐί</strong></span> <span class='ocrx_word' id='word_1_17' title='bbox 2967 403 3148 460; x_wconf 89' lang='lat' dir='ltr'><strong>nescio</strong></span> <span class='ocrx_word' id='word_1_18' title='bbox 3172 405 3322 475; x_wconf 79' lang='lat' dir='ltr'><strong>cujus</strong></span> <span class='ocrx_word' id='word_1_19' title='bbox 3362 405 3624 475; x_wconf 63' lang='lat' dir='ltr'><strong>Floreﬂiw.</strong></span> 
     </span>
    </p>
   </div>
   <div class='ocr_carea' id='block_1_5' title="bbox 390 496 1970 572">
    <p class='ocr_par' dir='ltr' id='par_1_5' title="bbox 390 496 1970 572">
     <span class='ocr_line' id='line_1_5' title="bbox 390 496 1970 572; baseline -0.005 -15"><span class='ocrx_word' id='word_1_20' title='bbox 390 513 449 557; x_wconf 91' lang='lat' dir='ltr'><strong>ut</strong></span> <span class='ocrx_word' id='word_1_21' title='bbox 474 503 852 571; x_wconf 74' lang='lat' dir='ltr'><strong>descriptionis</strong></span> <span class='ocrx_word' id='word_1_22' title='bbox 873 502 1073 572; x_wconf 87' lang='lat' dir='ltr'><strong>aliquid</strong></span> <span class='ocrx_word' id='word_1_23' title='bbox 1096 500 1441 566; x_wconf 89' lang='lat' dir='ltr'><strong>sitadditum,</strong></span> <span class='ocrx_word' id='word_1_24' title='bbox 1466 507 1522 554; x_wconf 93' lang='lat' dir='ltr'><strong>ut</strong></span> <span class='ocrx_word' id='word_1_25' title='bbox 1542 496 1722 568; x_wconf 90' lang='lat' dir='ltr'><strong>potius</strong></span> <span class='ocrx_word' id='word_1_26' title='bbox 1744 496 1833 552; x_wconf 89' lang='lat' dir='ltr'><strong>illa</strong></span> <span class='ocrx_word' id='word_1_27' title='bbox 1856 496 1970 566; x_wconf 91' lang='lat' dir='ltr'><strong>ipsa</strong></span> 
     </span>
    </p>
   </div>
   <div class='ocr_carea' id='block_1_6' title="bbox 388 587 1971 661">
    <p class='ocr_par' dir='ltr' id='par_1_6' title="bbox 388 587 1971 661">
     <span class='ocr_line' id='line_1_6' title="bbox 388 587 1971 661; baseline -0.003 -14"><span class='ocrx_word' id='word_1_28' title='bbox 388 593 604 647; x_wconf 86' lang='lat' dir='ltr'><strong>nomina</strong></span> <span class='ocrx_word' id='word_1_29' title='bbox 637 607 742 647; x_wconf 89' lang='lat' dir='ltr'><strong>non</strong></span> <span class='ocrx_word' id='word_1_30' title='bbox 788 592 1028 661; x_wconf 65' lang='lat' dir='ltr'><strong>singulo;</strong></span> <span class='ocrx_word' id='word_1_31' title='bbox 1053 591 1290 657; x_wconf 85' lang='lat' dir='ltr'><strong>codices,</strong></span> <span class='ocrx_word' id='word_1_32' title='bbox 1317 590 1400 643; x_wconf 93' lang='lat' dir='ltr'><strong>vel</strong></span> <span class='ocrx_word' id='word_1_33' title='bbox 1443 589 1617 643; x_wconf 66' lang='lat' dir='ltr'><strong>aetatis</strong></span> <span class='ocrx_word' id='word_1_34' title='bbox 1640 587 1817 656; x_wconf 86' lang='lat' dir='ltr'><strong>aliqua</strong></span> <span class='ocrx_word' id='word_1_35' title='bbox 1845 594 1971 642; x_wconf 78' lang='lat' dir='ltr'><strong>nota</strong></span> 
     </span>
    </p>
   </div>
   <div class='ocr_carea' id='block_1_7' title="bbox 388 678 1968 750">
    <p class='ocr_par' dir='ltr' id='par_1_7' title="bbox 388 678 1968 750">
     <span class='ocr_line' id='line_1_7' title="bbox 388 678 1968 750; baseline -0.004 -13"><span class='ocrx_word' id='word_1_36' title='bbox 388 694 479 738; x_wconf 89' lang='lat' dir='ltr'><strong>aut</strong></span> <span class='ocrx_word' id='word_1_37' title='bbox 503 684 948 739; x_wconf 77' lang='lat' dir='ltr'><strong>bibliotbeCarum</strong></span> <span class='ocrx_word' id='word_1_38' title='bbox 980 682 1218 737; x_wconf 83' lang='lat' dir='ltr'><strong>numeris</strong></span> <span class='ocrx_word' id='word_1_39' title='bbox 1248 681 1434 735; x_wconf 86' lang='lat' dir='ltr'><strong>aliisve</strong></span> <span class='ocrx_word' id='word_1_40' title='bbox 1463 679 1629 750; x_wconf 78' lang='lat' dir='ltr'><strong>signis</strong></span> <span class='ocrx_word' id='word_1_41' title='bbox 1650 678 1968 741; x_wconf 87' lang='lat' dir='ltr'><strong>distinctos,</strong></span> 
     </span>
    </p>
   </div>
   <div class='ocr_carea' id='block_1_8' title="bbox 388 769 1973 843">
    <p class='ocr_par' dir='ltr' id='par_1_8' title="bbox 388 769 1973 843">
     <span class='ocr_line' id='line_1_8' title="bbox 388 769 1973 843; baseline -0.006 -14"><span class='ocrx_word' id='word_1_42' title='bbox 388 777 479 830; x_wconf 89' lang='lat' dir='ltr'><strong>sed</strong></span> <span class='ocrx_word' id='word_1_43' title='bbox 506 772 706 831; x_wconf 83' lang='lat' dir='ltr'><strong>classes</strong></span> <span class='ocrx_word' id='word_1_44' title='bbox 738 776 966 843; x_wconf 87' lang='lat' dir='ltr'><strong>plurium</strong></span> <span class='ocrx_word' id='word_1_45' title='bbox 1000 774 1154 829; x_wconf 90' lang='lat' dir='ltr'><strong>unius</strong></span> <span class='ocrx_word' id='word_1_46' title='bbox 1198 774 1296 829; x_wconf 89' lang='lat' dir='ltr'><strong>loci</strong></span> <span class='ocrx_word' id='word_1_47' title='bbox 1328 773 1584 827; x_wconf 84' lang='lat' dir='ltr'><strong>librorum</strong></span> <span class='ocrx_word' id='word_1_48' title='bbox 1616 769 1893 834; x_wconf 88' lang='lat' dir='ltr'><strong>denotent,</strong></span> <span class='ocrx_word' id='word_1_49' title='bbox 1917 775 1973 821; x_wconf 87' lang='lat' dir='ltr'><strong>et</strong></span> 
     </span>
    </p>
   </div>
   <div class='ocr_carea' id='block_1_9' title="bbox 387 856 1969 935">
    <p class='ocr_par' dir='ltr' id='par_1_9' title="bbox 387 856 1969 935">
     <span class='ocr_line' id='line_1_9' title="bbox 387 856 1969 935; baseline -0.006 -16"><span class='ocrx_word' id='word_1_50' title='bbox 387 867 432 919; x_wconf 96' lang='lat' dir='ltr'><strong>si</strong></span> <span class='ocrx_word' id='word_1_51' title='bbox 483 865 604 935; x_wconf 85' lang='lat' dir='ltr'><strong>quis</strong></span> <span class='ocrx_word' id='word_1_52' title='bbox 652 865 908 935; x_wconf 77' lang='lat' dir='ltr'><strong>indagare</strong></span> <span class='ocrx_word' id='word_1_53' title='bbox 959 866 1156 930; x_wconf 89' lang='lat' dir='ltr'><strong>vellet,</strong></span> <span class='ocrx_word' id='word_1_54' title='bbox 1188 879 1307 935; x_wconf 74' lang='lat' dir='ltr'><strong>qum</strong></span> <span class='ocrx_word' id='word_1_55' title='bbox 1352 860 1633 931; x_wconf 80' lang='lat' dir='ltr'><strong>Augustini</strong></span> <span class='ocrx_word' id='word_1_56' title='bbox 1677 859 1879 928; x_wconf 89' lang='lat' dir='ltr'><strong>scripta</strong></span> <span class='ocrx_word' id='word_1_57' title='bbox 1903 856 1969 911; x_wconf 88' lang='lat' dir='ltr'><strong>ad</strong></span> 
     </span>
    </p>
   </div>
   <div class='ocr_carea' id='block_1_10' title="bbox 390 949 1973 1026">
    <p class='ocr_par' dir='ltr' id='par_1_10' title="bbox 390 949 1973 1026">
     <span class='ocr_line' id='line_1_10' title="bbox 390 949 1973 1026; baseline -0.003 -18"><span class='ocrx_word' id='word_1_58' title='bbox 390 970 827 1025; x_wconf 75' lang='lat' dir='ltr'><strong>unumquemque</strong></span> <span class='ocrx_word' id='word_1_59' title='bbox 872 957 1204 1026; x_wconf 83' lang='lat' dir='ltr'><strong>pertineant,</strong></span> <span class='ocrx_word' id='word_1_60' title='bbox 1244 954 1441 1009; x_wconf 80' lang='lat' dir='ltr'><strong>frustra</strong></span> <span class='ocrx_word' id='word_1_61' title='bbox 1490 951 1717 1006; x_wconf 76' lang='lat' dir='ltr'><strong>multum</strong></span> <span class='ocrx_word' id='word_1_62' title='bbox 1771 949 1973 1004; x_wconf 84' lang='lat' dir='ltr'><strong>laboris</strong></span> 
     </span>
    </p>
   </div>
   <div class='ocr_carea' id='block_1_11' title="bbox 390 1041 1969 1117">
    <p class='ocr_par' dir='ltr' id='par_1_11' title="bbox 390 1041 1969 1117">
     <span class='ocr_line' id='line_1_11' title="bbox 390 1041 1969 1117; baseline -0.004 -17"><span class='ocrx_word' id='word_1_63' title='bbox 390 1056 535 1103; x_wconf 86' lang='lat' dir='ltr'><strong>esset</strong></span> <span class='ocrx_word' id='word_1_64' title='bbox 562 1058 1000 1117; x_wconf 86' lang='lat' dir='ltr'><strong>consumpturus.</strong></span> <span class='ocrx_word' id='word_1_65' title='bbox 1046 1046 1313 1102; x_wconf 80' lang='lat' dir='ltr'><strong>Fortassis</strong></span> <span class='ocrx_word' id='word_1_66' title='bbox 1342 1046 1521 1111; x_wconf 82' lang='lat' dir='ltr'><strong>itaque</strong></span> <span class='ocrx_word' id='word_1_67' title='bbox 1567 1058 1673 1097; x_wconf 93' lang='lat' dir='ltr'><strong>non</strong></span> <span class='ocrx_word' id='word_1_68' title='bbox 1702 1041 1885 1110; x_wconf 88' lang='lat' dir='ltr'><strong>inepte</strong></span> <span class='ocrx_word' id='word_1_69' title='bbox 1908 1054 1969 1096; x_wconf 81' lang='lat' dir='ltr'><strong>ca</strong></span> 
     </span>
    </p>
   </div>
   <div class='ocr_carea' id='block_1_12' title="bbox 389 1131 1971 1207">
    <p class='ocr_par' dir='ltr' id='par_1_12' title="bbox 389 1131 1971 1207">
     <span class='ocr_line' id='line_1_12' title="bbox 389 1131 1971 1207; baseline -0.006 -15"><span class='ocrx_word' id='word_1_70' title='bbox 389 1139 505 1207; x_wconf 90' lang='lat' dir='ltr'><strong>ipsa</strong></span> <span class='ocrx_word' id='word_1_71' title='bbox 536 1138 813 1193; x_wconf 87' lang='lat' dir='ltr'><strong>nominum</strong></span> <span class='ocrx_word' id='word_1_72' title='bbox 864 1154 961 1207; x_wconf 87' lang='lat' dir='ltr'><strong>per</strong></span> <span class='ocrx_word' id='word_1_73' title='bbox 989 1138 1197 1206; x_wconf 83' lang='lat' dir='ltr'><strong>singula</strong></span> <span class='ocrx_word' id='word_1_74' title='bbox 1237 1135 1294 1189; x_wconf 89' lang='lat' dir='ltr'><strong>S.</strong></span> <span class='ocrx_word' id='word_1_75' title='bbox 1328 1132 1576 1188; x_wconf 87' lang='lat' dir='ltr'><strong>Doctoris</strong></span> <span class='ocrx_word' id='word_1_76' title='bbox 1606 1131 1809 1200; x_wconf 89' lang='lat' dir='ltr'><strong>scripta</strong></span> <span class='ocrx_word' id='word_1_77' title='bbox 1841 1144 1971 1183; x_wconf 89' lang='lat' dir='ltr'><strong>enu-</strong></span> 
     </span>
    </p>
   </div>
   <div class='ocr_carea' id='block_1_13' title="bbox 391 1221 1973 1292">
    <p class='ocr_par' dir='ltr' id='par_1_13' title="bbox 391 1221 1973 1292">
     <span class='ocr_line' id='line_1_13' title="bbox 391 1221 1973 1292; baseline -0.004 -10"><span class='ocrx_word' id='word_1_78' title='bbox 391 1229 621 1283; x_wconf 88' lang='lat' dir='ltr'><strong>meratio</strong></span> <span class='ocrx_word' id='word_1_79' title='bbox 650 1244 679 1281; x_wconf 90' lang='lat' dir='ltr'><strong>a</strong></span> <span class='ocrx_word' id='word_1_80' title='bbox 712 1228 867 1283; x_wconf 90' lang='lat' dir='ltr'><strong>nobis</strong></span> <span class='ocrx_word' id='word_1_81' title='bbox 894 1226 1129 1282; x_wconf 76' lang='lat' dir='ltr'><strong>exhibita</strong></span> <span class='ocrx_word' id='word_1_82' title='bbox 1166 1225 1372 1289; x_wconf 87' lang='lat' dir='ltr'><strong>luisset,</strong></span> <span class='ocrx_word' id='word_1_83' title='bbox 1405 1238 1506 1292; x_wconf 87' lang='lat' dir='ltr'><strong>qua</strong></span> <span class='ocrx_word' id='word_1_84' title='bbox 1530 1222 1582 1276; x_wconf 89' lang='lat' dir='ltr'><strong>id</strong></span> <span class='ocrx_word' id='word_1_85' title='bbox 1621 1221 1812 1275; x_wconf 83' lang='lat' dir='ltr'><strong>saltem</strong></span> <span class='ocrx_word' id='word_1_86' title='bbox 1843 1235 1973 1276; x_wconf 90' lang='lat' dir='ltr'><strong>con-</strong></span> 
     </span>
    </p>
   </div>
   <div class='ocr_carea' id='block_1_14' title="bbox 392 1309 1972 1384">
    <p class='ocr_par' dir='ltr' id='par_1_14' title="bbox 392 1309 1972 1384">
     <span class='ocr_line' id='line_1_14' title="bbox 392 1309 1972 1384; baseline -0.005 -12"><span class='ocrx_word' id='word_1_87' title='bbox 392 1328 675 1373; x_wconf 85' lang='lat' dir='ltr'><strong>secuturos</strong></span> <span class='ocrx_word' id='word_1_88' title='bbox 703 1330 801 1370; x_wconf 91' lang='lat' dir='ltr'><strong>nos</strong></span> <span class='ocrx_word' id='word_1_89' title='bbox 824 1314 1147 1384; x_wconf 89' lang='lat' dir='ltr'><strong>sperandum</strong></span> <span class='ocrx_word' id='word_1_90' title='bbox 1175 1323 1312 1380; x_wconf 89' lang='lat' dir='ltr'><strong>erat,</strong></span> <span class='ocrx_word' id='word_1_91' title='bbox 1346 1323 1403 1367; x_wconf 94' lang='lat' dir='ltr'><strong>ut</strong></span> <span class='ocrx_word' id='word_1_92' title='bbox 1423 1312 1512 1382; x_wconf 91' lang='lat' dir='ltr'><strong>qui</strong></span> <span class='ocrx_word' id='word_1_93' title='bbox 1538 1311 1592 1365; x_wconf 92' lang='lat' dir='ltr'><strong>in</strong></span> <span class='ocrx_word' id='word_1_94' title='bbox 1620 1309 1972 1366; x_wconf 82' lang='lat' dir='ltr'><strong>bibliotheca-</strong></span> 
     </span>
    </p>
   </div>
   <div class='ocr_carea' id='block_1_15' title="bbox 392 1401 1973 1473">
    <p class='ocr_par' dir='ltr' id='par_1_15' title="bbox 392 1401 1973 1473">
     <span class='ocr_line' id='line_1_15' title="bbox 392 1401 1973 1473; baseline -0.003 -13"><span class='ocrx_word' id='word_1_95' title='bbox 392 1423 508 1461; x_wconf 85' lang='lat' dir='ltr'><strong>rum</strong></span> <span class='ocrx_word' id='word_1_96' title='bbox 560 1420 691 1460; x_wconf 89' lang='lat' dir='ltr'><strong>mss.</strong></span> <span class='ocrx_word' id='word_1_97' title='bbox 719 1405 1106 1459; x_wconf 89' lang='lat' dir='ltr'><strong>abundantium</strong></span> <span class='ocrx_word' id='word_1_98' title='bbox 1156 1404 1431 1473; x_wconf 84' lang='lat' dir='ltr'><strong>eatalogos</strong></span> <span class='ocrx_word' id='word_1_99' title='bbox 1476 1401 1798 1468; x_wconf 83' lang='lat' dir='ltr'><strong>inciderent,</strong></span> <span class='ocrx_word' id='word_1_100' title='bbox 1845 1401 1973 1456; x_wconf 90' lang='lat' dir='ltr'><strong>dum</strong></span> 
     </span>
    </p>
   </div>
   <div class='ocr_carea' id='block_1_16' title="bbox 393 1492 1973 1564">
    <p class='ocr_par' dir='ltr' id='par_1_16' title="bbox 393 1492 1973 1564">
     <span class='ocr_line' id='line_1_16' title="bbox 393 1492 1973 1564; baseline -0.001 -15"><span class='ocrx_word' id='word_1_101' title='bbox 393 1509 583 1549; x_wconf 84' lang='lat' dir='ltr'><strong>omnes</strong></span> <span class='ocrx_word' id='word_1_102' title='bbox 624 1494 738 1548; x_wconf 80' lang='lat' dir='ltr'><strong>fere</strong></span> <span class='ocrx_word' id='word_1_103' title='bbox 770 1494 988 1564; x_wconf 75' lang='lat' dir='ltr'><strong>paginas</strong></span> <span class='ocrx_word' id='word_1_104' title='bbox 1026 1492 1430 1564; x_wconf 81' lang='lat' dir='ltr'><strong>Augustinianis</strong></span> <span class='ocrx_word' id='word_1_105' title='bbox 1475 1494 1689 1562; x_wconf 90' lang='lat' dir='ltr'><strong>scriptis</strong></span> <span class='ocrx_word' id='word_1_106' title='bbox 1737 1493 1973 1563; x_wconf 87' lang='lat' dir='ltr'><strong>repletas</strong></span> 
     </span>
    </p>
   </div>
   <div class='ocr_carea' id='block_1_17' title="bbox 392 1584 1975 1656">
    <p class='ocr_par' dir='ltr' id='par_1_17' title="bbox 392 1584 1975 1656">
     <span class='ocr_line' id='line_1_17' title="bbox 392 1584 1975 1656; baseline -0.001 -15"><span class='ocrx_word' id='word_1_107' title='bbox 392 1588 672 1652; x_wconf 88' lang='lat' dir='ltr'><strong>viderent,</strong></span> <span class='ocrx_word' id='word_1_108' title='bbox 703 1596 794 1641; x_wconf 87' lang='lat' dir='ltr'><strong>aut</strong></span> <span class='ocrx_word' id='word_1_109' title='bbox 820 1586 867 1642; x_wconf 88' lang='lat' dir='ltr'><strong>si</strong></span> <span class='ocrx_word' id='word_1_110' title='bbox 919 1586 1063 1656; x_wconf 87' lang='lat' dir='ltr'><strong>ipsas</strong></span> <span class='ocrx_word' id='word_1_111' title='bbox 1093 1587 1447 1641; x_wconf 77' lang='lat' dir='ltr'><strong>bibliothecas</strong></span> <span class='ocrx_word' id='word_1_112' title='bbox 1482 1584 1837 1641; x_wconf 88' lang='lat' dir='ltr'><strong>accessissent</strong></span> <span class='ocrx_word' id='word_1_113' title='bbox 1862 1626 1878 1653; x_wconf 90' lang='lat'><strong>,</strong></span> <span class='ocrx_word' id='word_1_114' title='bbox 1918 1592 1975 1640; x_wconf 90' lang='lat' dir='ltr'><strong>ct</strong></span> 
     </span>
    </p>
   </div>
   <div class='ocr_carea' id='block_1_18' title="bbox 393 1676 1973 1748">
    <p class='ocr_par' dir='ltr' id='par_1_18' title="bbox 393 1676 1973 1748">
     <span class='ocr_line' id='line_1_18' title="bbox 393 1676 1973 1748; baseline -0.003 -13"><span class='ocrx_word' id='word_1_115' title='bbox 393 1679 642 1735; x_wconf 86' lang='lat' dir='ltr'><strong>eumdem</strong></span> <span class='ocrx_word' id='word_1_116' title='bbox 680 1692 870 1733; x_wconf 87' lang='lat' dir='ltr'><strong>omnes</strong></span> <span class='ocrx_word' id='word_1_117' title='bbox 900 1692 1038 1748; x_wconf 90' lang='lat' dir='ltr'><strong>pene</strong></span> <span class='ocrx_word' id='word_1_118' title='bbox 1065 1677 1268 1733; x_wconf 83' lang='lat' dir='ltr'><strong>forulos</strong></span> <span class='ocrx_word' id='word_1_119' title='bbox 1288 1679 1667 1734; x_wconf 71' lang='lat' dir='ltr'><strong>ecclesiasticis</strong></span> <span class='ocrx_word' id='word_1_120' title='bbox 1696 1676 1973 1748; x_wconf 89' lang='lat' dir='ltr'><strong>scriptori-</strong></span> 
     </span>
    </p>
   </div>
   <div class='ocr_carea' id='block_1_19' title="bbox 2078 491 2226 545">
    <p class='ocr_par' dir='ltr' id='par_1_19' title="bbox 2078 491 2226 545">
     <span class='ocr_line' id='line_1_19' title="bbox 2078 491 2226 545; baseline 0 0"><span class='ocrx_word' id='word_1_121' title='bbox 2078 491 2226 545; x_wconf 85' lang='lat' dir='ltr'><strong>Octo.</strong></span> 
     </span>
    </p>
   </div>
   <div class='ocr_carea' id='block_1_20' title="bbox 2140 582 3629 658">
    <p class='ocr_par' dir='ltr' id='par_1_20' title="bbox 2140 582 3629 658">
     <span class='ocr_line' id='line_1_20' title="bbox 2140 582 3629 658; baseline 0.003 -21"><span class='ocrx_word' id='word_1_122' title='bbox 2140 582 2575 649; x_wconf 65' lang='lat' dir='ltr'><strong>Geuecscnxsns,</strong></span> <span class='ocrx_word' id='word_1_123' title='bbox 2597 586 2634 640; x_wconf 91' lang='lat' dir='ltr'><strong>i.</strong></span> <span class='ocrx_word' id='word_1_124' title='bbox 2665 598 2715 640; x_wconf 89' lang='lat' dir='ltr'><strong>e.</strong></span> <span class='ocrx_word' id='word_1_125' title='bbox 2740 584 2958 641; x_wconf 75' lang='lat' dir='ltr'><strong>abbatiw</strong></span> <span class='ocrx_word' id='word_1_126' title='bbox 2977 584 3629 658; x_wconf 78' lang='lat' dir='ltr'><strong>Gemblacensis.Triginta,</strong></span> 
     </span>
    </p>
   </div>
   <div class='ocr_carea' id='block_1_21' title="bbox 2070 678 2702 731">
    <p class='ocr_par' dir='ltr' id='par_1_21' title="bbox 2070 678 2702 731">
     <span class='ocr_line' id='line_1_21' title="bbox 2070 678 2702 731; baseline 0.002 -2"><span class='ocrx_word' id='word_1_127' title='bbox 2070 688 2256 729; x_wconf 82' lang='lat' dir='ltr'><strong>omnes</strong></span> <span class='ocrx_word' id='word_1_128' title='bbox 2281 690 2346 730; x_wconf 80' lang='lat' dir='ltr'><strong>ex</strong></span> <span class='ocrx_word' id='word_1_129' title='bbox 2370 678 2702 731; x_wconf 83' lang='lat' dir='ltr'><strong>membrana.</strong></span> 
     </span>
    </p>
   </div>
   <div class='ocr_carea' id='block_1_22' title="bbox 2143 768 3637 842">
    <p class='ocr_par' dir='ltr' id='par_1_22' title="bbox 2143 768 3637 842">
     <span class='ocr_line' id='line_1_22' title="bbox 2143 768 3637 842; baseline 0.003 -21"><span class='ocrx_word' id='word_1_130' title='bbox 2143 768 2523 823; x_wconf 65' lang='lat' dir='ltr'><strong>Lovsmsssss.</strong></span> <span class='ocrx_word' id='word_1_131' title='bbox 2580 769 2783 824; x_wconf 88' lang='lat' dir='ltr'><strong>llorum</strong></span> <span class='ocrx_word' id='word_1_132' title='bbox 2830 768 2968 825; x_wconf 83' lang='lat' dir='ltr'><strong>alios</strong></span> <span class='ocrx_word' id='word_1_133' title='bbox 3012 778 3334 839; x_wconf 84' lang='lat' dir='ltr'><strong>acceperant</strong></span> <span class='ocrx_word' id='word_1_134' title='bbox 3360 785 3393 826; x_wconf 89' lang='lat' dir='ltr'><strong>e</strong></span> <span class='ocrx_word' id='word_1_135' title='bbox 3437 772 3637 842; x_wconf 86' lang='lat' dir='ltr'><strong>collegio</strong></span> 
     </span>
    </p>
   </div>
   <div class='ocr_carea' id='block_1_23' title="bbox 2074 856 3638 931">
    <p class='ocr_par' dir='ltr' id='par_1_23' title="bbox 2074 856 3638 931">
     <span class='ocr_line' id='line_1_23' title="bbox 2074 856 3638 931; baseline 0.003 -18"><span class='ocrx_word' id='word_1_136' title='bbox 2074 856 2466 928; x_wconf 74' lang='lat' dir='ltr'><strong>Theologorum,</strong></span> <span class='ocrx_word' id='word_1_137' title='bbox 2498 859 2635 913; x_wconf 88' lang='lat' dir='ltr'><strong>alios</strong></span> <span class='ocrx_word' id='word_1_138' title='bbox 2664 876 2694 914; x_wconf 92' lang='lat' dir='ltr'><strong>e</strong></span> <span class='ocrx_word' id='word_1_139' title='bbox 2722 860 2936 931; x_wconf 89' lang='lat' dir='ltr'><strong>collegio</strong></span> <span class='ocrx_word' id='word_1_140' title='bbox 2964 860 3234 915; x_wconf 83' lang='lat' dir='ltr'><strong>Societatis</strong></span> <span class='ocrx_word' id='word_1_141' title='bbox 3264 858 3422 928; x_wconf 81' lang='lat' dir='ltr'><strong>Jcsu,</strong></span> <span class='ocrx_word' id='word_1_142' title='bbox 3451 862 3578 916; x_wconf 85' lang='lat' dir='ltr'><strong>alios</strong></span> <span class='ocrx_word' id='word_1_143' title='bbox 3610 874 3638 918; x_wconf 82' lang='lat' dir='ltr'><strong>a</strong></span> 
     </span>
    </p>
   </div>
   <div class='ocr_carea' id='block_1_24' title="bbox 2072 947 3641 1015">
    <p class='ocr_par' dir='ltr' id='par_1_24' title="bbox 2072 947 3641 1015">
     <span class='ocr_line' id='line_1_24' title="bbox 2072 947 3641 1015; baseline 0.001 -14"><span class='ocrx_word' id='word_1_144' title='bbox 2072 947 2448 1015; x_wconf 81' lang='lat' dir='ltr'><strong>Cartitusianis,</strong></span> <span class='ocrx_word' id='word_1_145' title='bbox 2480 950 2811 1003; x_wconf 82' lang='lat' dir='ltr'><strong>Martininnis</strong></span> <span class='ocrx_word' id='word_1_146' title='bbox 2840 951 3422 1005; x_wconf 79' lang='lat' dir='ltr'><strong>Pra&#39;monstratensibus</strong></span> <span class='ocrx_word' id='word_1_147' title='bbox 3445 952 3496 1005; x_wconf 89' lang='lat' dir='ltr'><strong>in</strong></span> <span class='ocrx_word' id='word_1_148' title='bbox 3528 951 3641 1006; x_wconf 85' lang='lat' dir='ltr'><strong>Par-</strong></span> 
     </span>
    </p>
   </div>
   <div class='ocr_carea' id='block_1_25' title="bbox 2071 1041 3639 1112">
    <p class='ocr_par' dir='ltr' id='par_1_25' title="bbox 2071 1041 3639 1112">
     <span class='ocr_line' id='line_1_25' title="bbox 2071 1041 3639 1112; baseline 0.003 -19"><span class='ocrx_word' id='word_1_149' title='bbox 2071 1042 2211 1095; x_wconf 85' lang='lat' dir='ltr'><strong>ecnsi</strong></span> <span class='ocrx_word' id='word_1_150' title='bbox 2238 1044 2545 1095; x_wconf 76' lang='lat' dir='ltr'><strong>monasterio</strong></span> <span class='ocrx_word' id='word_1_151' title='bbox 2570 1051 2625 1097; x_wconf 90' lang='lat' dir='ltr'><strong>et</strong></span> <span class='ocrx_word' id='word_1_152' title='bbox 2654 1041 3059 1096; x_wconf 78' lang='lat' dir='ltr'><strong>Bethlehemitis.</strong></span> <span class='ocrx_word' id='word_1_153' title='bbox 3086 1042 3380 1097; x_wconf 75' lang='lat' dir='ltr'><strong>Numerum</strong></span> <span class='ocrx_word' id='word_1_154' title='bbox 3412 1042 3639 1112; x_wconf 82' lang='lat' dir='ltr'><strong>singulo-</strong></span> 
     </span>
    </p>
   </div>
   <div class='ocr_carea' id='block_1_26' title="bbox 2072 1131 3639 1204">
    <p class='ocr_par' dir='ltr' id='par_1_26' title="bbox 2072 1131 3639 1204">
     <span class='ocr_line' id='line_1_26' title="bbox 2072 1131 3639 1204; baseline 0.001 -18"><span class='ocrx_word' id='word_1_155' title='bbox 2072 1146 2190 1186; x_wconf 91' lang='lat' dir='ltr'><strong>rum</strong></span> <span class='ocrx_word' id='word_1_156' title='bbox 2209 1140 2503 1188; x_wconf 88' lang='lat' dir='ltr'><strong>tamennon</strong></span> <span class='ocrx_word' id='word_1_157' title='bbox 2524 1131 2850 1189; x_wconf 86' lang='lat' dir='ltr'><strong>indicarunt.</strong></span> <span class='ocrx_word' id='word_1_158' title='bbox 2874 1135 2945 1188; x_wconf 82' lang='lat' dir='ltr'><strong>Ex</strong></span> <span class='ocrx_word' id='word_1_159' title='bbox 2972 1136 3053 1189; x_wconf 89' lang='lat' dir='ltr'><strong>his</strong></span> <span class='ocrx_word' id='word_1_160' title='bbox 3078 1135 3128 1188; x_wconf 90' lang='lat' dir='ltr'><strong>in</strong></span> <span class='ocrx_word' id='word_1_161' title='bbox 3155 1133 3289 1190; x_wconf 84' lang='lat' dir='ltr'><strong>Bibl.</strong></span> <span class='ocrx_word' id='word_1_162' title='bbox 3308 1134 3513 1204; x_wconf 81' lang='lat' dir='ltr'><strong>Belgica</strong></span> <span class='ocrx_word' id='word_1_163' title='bbox 3530 1134 3639 1191; x_wconf 76' lang='lat' dir='ltr'><strong>MS.</strong></span> 
     </span>
    </p>
   </div>
   <div class='ocr_carea' id='block_1_27' title="bbox 2072 1225 3644 1297">
    <p class='ocr_par' dir='ltr' id='par_1_27' title="bbox 2072 1225 3644 1297">
     <span class='ocr_line' id='line_1_27' title="bbox 2072 1225 3644 1297; baseline 0.001 -18"><span class='ocrx_word' id='word_1_164' title='bbox 2072 1235 2423 1280; x_wconf 83' lang='lat' dir='ltr'><strong>recensentur</strong></span> <span class='ocrx_word' id='word_1_165' title='bbox 2459 1225 2673 1281; x_wconf 89' lang='lat' dir='ltr'><strong>codices</strong></span> <span class='ocrx_word' id='word_1_166' title='bbox 2716 1226 2917 1296; x_wconf 79' lang='lat' dir='ltr'><strong>collegii</strong></span> <span class='ocrx_word' id='word_1_167' title='bbox 2959 1226 3232 1282; x_wconf 82' lang='lat' dir='ltr'><strong>Societatis</strong></span> <span class='ocrx_word' id='word_1_168' title='bbox 3258 1226 3422 1292; x_wconf 74' lang='lat' dir='ltr'><strong>Iesu,</strong></span> <span class='ocrx_word' id='word_1_169' title='bbox 3466 1236 3644 1297; x_wconf 85' lang='lat' dir='ltr'><strong>partet</strong></span> 
     </span>
    </p>
   </div>
   <div class='ocr_carea' id='block_1_28' title="bbox 2074 1317 3642 1389">
    <p class='ocr_par' dir='ltr' id='par_1_28' title="bbox 2074 1317 3642 1389">
     <span class='ocr_line' id='line_1_28' title="bbox 2074 1317 3642 1389; baseline 0.003 -19"><span class='ocrx_word' id='word_1_170' title='bbox 2074 1330 2197 1386; x_wconf 82' lang='lat' dir='ltr'><strong>pag.</strong></span> <span class='ocrx_word' id='word_1_171' title='bbox 2229 1317 2368 1382; x_wconf 78' lang='lat'><strong>5‘26;</strong></span> <span class='ocrx_word' id='word_1_172' title='bbox 2400 1318 2629 1371; x_wconf 70' lang='lat' dir='ltr'><strong>Abbatiae</strong></span> <span class='ocrx_word' id='word_1_173' title='bbox 2658 1317 2959 1384; x_wconf 84' lang='lat' dir='ltr'><strong>Parcensis,</strong></span> <span class='ocrx_word' id='word_1_174' title='bbox 3000 1336 3051 1388; x_wconf 91' lang='lat' dir='ltr'><strong>p.</strong></span> <span class='ocrx_word' id='word_1_175' title='bbox 3085 1335 3145 1383; x_wconf 85' lang='lat' dir='ltr'><strong>It,</strong></span> <span class='ocrx_word' id='word_1_176' title='bbox 3183 1336 3236 1389; x_wconf 89' lang='lat' dir='ltr'><strong>p.</strong></span> <span class='ocrx_word' id='word_1_177' title='bbox 3282 1322 3407 1386; x_wconf 82' lang='grc'><strong>166,</strong></span> <span class='ocrx_word' id='word_1_178' title='bbox 3437 1330 3491 1376; x_wconf 90' lang='lat' dir='ltr'><strong>ct</strong></span> <span class='ocrx_word' id='word_1_179' title='bbox 3520 1320 3642 1375; x_wconf 86' lang='lat' dir='ltr'><strong>Bibl.</strong></span> 
     </span>
    </p>
   </div>
   <div class='ocr_carea' id='block_1_29' title="bbox 2076 1407 3646 1484">
    <p class='ocr_par' dir='ltr' id='par_1_29' title="bbox 2076 1407 3646 1484">
     <span class='ocr_line' id='line_1_29' title="bbox 2076 1407 3646 1484; baseline 0.004 -24"><span class='ocrx_word' id='word_1_180' title='bbox 2076 1407 2272 1461; x_wconf 85' lang='lat' dir='ltr'><strong>Canon.</strong></span> <span class='ocrx_word' id='word_1_181' title='bbox 2302 1407 2488 1478; x_wconf 78' lang='lat' dir='ltr'><strong>Regul.</strong></span> <span class='ocrx_word' id='word_1_182' title='bbox 2524 1407 2584 1463; x_wconf 81' lang='lat' dir='ltr'><strong>S.</strong></span> <span class='ocrx_word' id='word_1_183' title='bbox 2613 1411 2884 1479; x_wconf 82' lang='lat' dir='ltr'><strong>Augustini</strong></span> <span class='ocrx_word' id='word_1_184' title='bbox 2912 1413 2963 1463; x_wconf 87' lang='lat' dir='ltr'><strong>in</strong></span> <span class='ocrx_word' id='word_1_185' title='bbox 3004 1410 3147 1465; x_wconf 81' lang='lat' dir='ltr'><strong>Valle</strong></span> <span class='ocrx_word' id='word_1_186' title='bbox 3179 1412 3239 1466; x_wconf 84' lang='lat' dir='ltr'><strong>S.</strong></span> <span class='ocrx_word' id='word_1_187' title='bbox 3274 1412 3515 1483; x_wconf 76' lang='lat' dir='ltr'><strong>Martini,</strong></span> <span class='ocrx_word' id='word_1_188' title='bbox 3540 1430 3589 1484; x_wconf 88' lang='lat' dir='ltr'><strong>p.</strong></span> <span class='ocrx_word' id='word_1_189' title='bbox 3614 1422 3646 1467; x_wconf 88' lang='lat' dir='ltr'><strong>tl</strong></span> 
     </span>
    </p>
   </div>
   <div class='ocr_carea' id='block_1_30' title="bbox 2075 1498 2438 1568">
    <p class='ocr_par' dir='ltr' id='par_1_30' title="bbox 2075 1498 2438 1568">
     <span class='ocr_line' id='line_1_30' title="bbox 2075 1498 2438 1568; baseline 0.006 -17"><span class='ocrx_word' id='word_1_190' title='bbox 2075 1512 2129 1567; x_wconf 92' lang='lat' dir='ltr'><strong>p.</strong></span> <span class='ocrx_word' id='word_1_191' title='bbox 2151 1498 2259 1553; x_wconf 68' lang='lat' dir='ltr'><strong>Sl0</strong></span> <span class='ocrx_word' id='word_1_192' title='bbox 2286 1513 2438 1568; x_wconf 82' lang='lat' dir='ltr'><strong>seqq.</strong></span> 
     </span>
    </p>
   </div>
   <div class='ocr_carea' id='block_1_31' title="bbox 2146 1588 3648 1662">
    <p class='ocr_par' dir='ltr' id='par_1_31' title="bbox 2146 1588 3648 1662">
     <span class='ocr_line' id='line_1_31' title="bbox 2146 1588 3648 1662; baseline 0.004 -19"><span class='ocrx_word' id='word_1_193' title='bbox 2146 1588 2557 1661; x_wconf 69' lang='lat' dir='ltr'><strong>Tomvscensns,</strong></span> <span class='ocrx_word' id='word_1_194' title='bbox 2592 1592 2627 1646; x_wconf 91' lang='lat' dir='ltr'><strong>i.</strong></span> <span class='ocrx_word' id='word_1_195' title='bbox 2657 1609 2707 1646; x_wconf 88' lang='lat' dir='ltr'><strong>e.</strong></span> <span class='ocrx_word' id='word_1_196' title='bbox 2736 1596 3034 1649; x_wconf 72' lang='lat' dir='ltr'><strong>monasterii</strong></span> <span class='ocrx_word' id='word_1_197' title='bbox 3059 1595 3117 1650; x_wconf 91' lang='lat' dir='ltr'><strong>S.</strong></span> <span class='ocrx_word' id='word_1_198' title='bbox 3152 1596 3370 1650; x_wconf 79' lang='lat' dir='ltr'><strong>Martini</strong></span> <span class='ocrx_word' id='word_1_199' title='bbox 3417 1596 3648 1662; x_wconf 82' lang='lat' dir='ltr'><strong>Tornacl,</strong></span> 
     </span>
    </p>
   </div>
   <div class='ocr_carea' id='block_1_32' title="bbox 2075 1680 3649 1752">
    <p class='ocr_par' dir='ltr' id='par_1_32' title="bbox 2075 1680 3649 1752">
     <span class='ocr_line' id='line_1_32' title="bbox 2075 1680 3649 1752; baseline 0.004 -18"><span class='ocrx_word' id='word_1_200' title='bbox 2075 1680 2217 1737; x_wconf 90' lang='lat' dir='ltr'><strong>unde</strong></span> <span class='ocrx_word' id='word_1_201' title='bbox 2249 1682 2457 1752; x_wconf 80' lang='lat' dir='ltr'><strong>triginta</strong></span> <span class='ocrx_word' id='word_1_202' title='bbox 2482 1690 2538 1737; x_wconf 89' lang='lat' dir='ltr'><strong>et</strong></span> <span class='ocrx_word' id='word_1_203' title='bbox 2578 1700 2710 1736; x_wconf 86' lang='lat' dir='ltr'><strong>unus</strong></span> <span class='ocrx_word' id='word_1_204' title='bbox 2745 1685 2892 1738; x_wconf 85' lang='lat' dir='ltr'><strong>allati</strong></span> <span class='ocrx_word' id='word_1_205' title='bbox 2919 1696 3093 1740; x_wconf 87' lang='lat' dir='ltr'><strong>erant.</strong></span> <span class='ocrx_word' id='word_1_206' title='bbox 3146 1688 3218 1741; x_wconf 85' lang='lat' dir='ltr'><strong>De</strong></span> <span class='ocrx_word' id='word_1_207' title='bbox 3258 1688 3342 1742; x_wconf 85' lang='lat' dir='ltr'><strong>his</strong></span> <span class='ocrx_word' id='word_1_208' title='bbox 3369 1689 3495 1744; x_wconf 91' lang='lat' dir='ltr'><strong>vide</strong></span> <span class='ocrx_word' id='word_1_209' title='bbox 3522 1688 3649 1743; x_wconf 82' lang='lat' dir='ltr'><strong>Bibl.</strong></span> 
     </span>
    </p>
   </div>
   <div class='ocr_carea' id='block_1_33' title="bbox 392 1756 3005 1845">
    <p class='ocr_par' dir='ltr' id='par_1_33' title="bbox 392 1756 3005 1845">
     <span class='ocr_line' id='line_1_33' title="bbox 392 1756 3005 1845; baseline 0.001 -18"><span class='ocrx_word' id='word_1_210' title='bbox 392 1776 494 1829; x_wconf 83' lang='lat' dir='ltr'><strong>bus</strong></span> <span class='ocrx_word' id='word_1_211' title='bbox 523 1775 826 1831; x_wconf 86' lang='lat' dir='ltr'><strong>destinatos</strong></span> <span class='ocrx_word' id='word_1_212' title='bbox 871 1776 1151 1830; x_wconf 86' lang='lat' dir='ltr'><strong>obsedisse</strong></span> <span class='ocrx_word' id='word_1_213' title='bbox 1177 1784 1588 1844; x_wconf 79' lang='lat' dir='ltr'><strong>cognoscerent,</strong></span> <span class='ocrx_word' id='word_1_214' title='bbox 1619 1773 1832 1843; x_wconf 86' lang='lat' dir='ltr'><strong>parcius</strong></span> <span class='ocrx_word' id='word_1_215' title='bbox 1874 1772 1971 1826; x_wconf 86' lang='lat' dir='ltr'><strong>bas</strong></span> <span class='ocrx_word' id='word_1_216' title='bbox 2001 1756 2046 1816; x_wconf 78' lang='grc' dir='ltr'>Β</span> <span class='ocrx_word' id='word_1_217' title='bbox 2077 1768 2225 1841; x_wconf 85' lang='lat' dir='ltr'><strong>Belg.</strong></span> <span class='ocrx_word' id='word_1_218' title='bbox 2259 1770 2382 1827; x_wconf 76' lang='lat' dir='ltr'><strong>MS.</strong></span> <span class='ocrx_word' id='word_1_219' title='bbox 2418 1781 2556 1839; x_wconf 82' lang='lat' dir='ltr'><strong>part.</strong></span> <span class='ocrx_word' id='word_1_220' title='bbox 2598 1788 2635 1842; x_wconf 71' lang='grc' dir='ltr'><strong>ι,</strong></span> <span class='ocrx_word' id='word_1_221' title='bbox 2673 1772 2723 1842; x_wconf 82' lang='lat' dir='ltr'><strong>p.</strong></span> <span class='ocrx_word' id='word_1_222' title='bbox 2755 1776 2824 1829; x_wconf 80' lang='lat'><strong>93</strong></span> <span class='ocrx_word' id='word_1_223' title='bbox 2853 1792 3005 1845; x_wconf 85' lang='lat' dir='ltr'><strong>seqq.</strong></span> 
     </span>
    </p>
   </div>
   <div class='ocr_carea' id='block_1_34' title="bbox 394 1862 1979 1935">
    <p class='ocr_par' dir='ltr' id='par_1_34' title="bbox 394 1862 1979 1935">
     <span class='ocr_line' id='line_1_34' title="bbox 394 1862 1979 1935; baseline -0.004 -14"><span class='ocrx_word' id='word_1_224' title='bbox 394 1882 551 1935; x_wconf 87' lang='lat' dir='ltr'><strong>gazas</strong></span> <span class='ocrx_word' id='word_1_225' title='bbox 575 1866 997 1931; x_wconf 86' lang='lat' dir='ltr'><strong>admirarentur,</strong></span> <span class='ocrx_word' id='word_1_226' title='bbox 1025 1866 1233 1930; x_wconf 86' lang='lat' dir='ltr'><strong>moniti,</strong></span> <span class='ocrx_word' id='word_1_227' title='bbox 1260 1866 1371 1935; x_wconf 76' lang='lat' dir='ltr'><strong>jam</strong></span> <span class='ocrx_word' id='word_1_228' title='bbox 1399 1866 1532 1919; x_wconf 87' lang='lat' dir='ltr'><strong>satis</strong></span> <span class='ocrx_word' id='word_1_229' title='bbox 1561 1864 1884 1935; x_wconf 90' lang='lat' dir='ltr'><strong>optimorum</strong></span> <span class='ocrx_word' id='word_1_230' title='bbox 1916 1862 1979 1915; x_wconf 85' lang='lat' dir='ltr'><strong>li-</strong></span> 
     </span>
    </p>
   </div>
   <div class='ocr_carea' id='block_1_35' title="bbox 394 1955 1973 2024">
    <p class='ocr_par' dir='ltr' id='par_1_35' title="bbox 394 1955 1973 2024">
     <span class='ocr_line' id='line_1_35' title="bbox 394 1955 1973 2024; baseline -0.003 -14"><span class='ocrx_word' id='word_1_231' title='bbox 394 1956 613 2010; x_wconf 89' lang='lat' dir='ltr'><strong>brorum</strong></span> <span class='ocrx_word' id='word_1_232' title='bbox 663 1971 783 2011; x_wconf 88' lang='lat' dir='ltr'><strong>cum</strong></span> <span class='ocrx_word' id='word_1_233' title='bbox 826 1955 928 2011; x_wconf 91' lang='lat' dir='ltr'><strong>hoc</strong></span> <span class='ocrx_word' id='word_1_234' title='bbox 961 1957 1042 2010; x_wconf 85' lang='lat' dir='ltr'><strong>vel</strong></span> <span class='ocrx_word' id='word_1_235' title='bbox 1076 1956 1167 2009; x_wconf 89' lang='lat' dir='ltr'><strong>illo</strong></span> <span class='ocrx_word' id='word_1_236' title='bbox 1203 1958 1405 2024; x_wconf 90' lang='lat' dir='ltr'><strong>scripto</strong></span> <span class='ocrx_word' id='word_1_237' title='bbox 1440 1963 1808 2023; x_wconf 83' lang='lat' dir='ltr'><strong>comparatum</strong></span> <span class='ocrx_word' id='word_1_238' title='bbox 1833 1967 1973 2007; x_wconf 85' lang='lat' dir='ltr'><strong>esse.</strong></span> 
     </span>
    </p>
   </div>
   <div class='ocr_carea' id='block_1_36' title="bbox 395 2044 1968 2112">
    <p class='ocr_par' dir='ltr' id='par_1_36' title="bbox 395 2044 1968 2112">
     <span class='ocr_line' id='line_1_36' title="bbox 395 2044 1968 2112; baseline -0.003 -11"><span class='ocrx_word' id='word_1_239' title='bbox 395 2048 500 2103; x_wconf 87' lang='lat' dir='ltr'><strong>Sed</strong></span> <span class='ocrx_word' id='word_1_240' title='bbox 542 2048 702 2104; x_wconf 79' lang='lat' dir='ltr'><strong>facile</strong></span> <span class='ocrx_word' id='word_1_241' title='bbox 733 2048 895 2103; x_wconf 90' lang='lat' dir='ltr'><strong>etiam</strong></span> <span class='ocrx_word' id='word_1_242' title='bbox 927 2047 1258 2112; x_wconf 86' lang='lat' dir='ltr'><strong>videbamus,</strong></span> <span class='ocrx_word' id='word_1_243' title='bbox 1285 2056 1361 2102; x_wconf 88' lang='lat' dir='ltr'><strong>tot</strong></span> <span class='ocrx_word' id='word_1_244' title='bbox 1393 2048 1671 2100; x_wconf 90' lang='lat' dir='ltr'><strong>nominum</strong></span> <span class='ocrx_word' id='word_1_245' title='bbox 1697 2044 1968 2100; x_wconf 34' lang='lat' dir='ltr'><strong>introduci</strong></span> 
     </span>
    </p>
   </div>
   <div class='ocr_carea' id='block_1_37' title="bbox 397 2137 1973 2208">
    <p class='ocr_par' dir='ltr' id='par_1_37' title="bbox 397 2137 1973 2208">
     <span class='ocr_line' id='line_1_37' title="bbox 397 2137 1973 2208; baseline -0.002 -13"><span class='ocrx_word' id='word_1_246' title='bbox 397 2146 599 2197; x_wconf 88' lang='lat' dir='ltr'><strong>tionem</strong></span> <span class='ocrx_word' id='word_1_247' title='bbox 628 2156 817 2196; x_wconf 87' lang='lat' dir='ltr'><strong>vanam</strong></span> <span class='ocrx_word' id='word_1_248' title='bbox 848 2155 912 2198; x_wconf 85' lang='lat' dir='ltr'><strong>ac</strong></span> <span class='ocrx_word' id='word_1_249' title='bbox 951 2142 1164 2197; x_wconf 87' lang='lat' dir='ltr'><strong>inanem</strong></span> <span class='ocrx_word' id='word_1_250' title='bbox 1214 2143 1364 2208; x_wconf 84' lang='lat' dir='ltr'><strong>fore,</strong></span> <span class='ocrx_word' id='word_1_251' title='bbox 1395 2140 1501 2195; x_wconf 81' lang='lat' dir='ltr'><strong>nisi</strong></span> <span class='ocrx_word' id='word_1_252' title='bbox 1528 2140 1781 2194; x_wconf 90' lang='lat' dir='ltr'><strong>disertior</strong></span> <span class='ocrx_word' id='word_1_253' title='bbox 1806 2137 1973 2207; x_wconf 50' lang='lat' dir='ltr'><strong>exp‘ic</strong></span> 
     </span>
    </p>
   </div>
   <div class='ocr_carea' id='block_1_38' title="bbox 398 2230 1977 2304">
    <p class='ocr_par' dir='ltr' id='par_1_38' title="bbox 398 2230 1977 2304">
     <span class='ocr_line' id='line_1_38' title="bbox 398 2230 1977 2304; baseline -0.001 -19"><span class='ocrx_word' id='word_1_254' title='bbox 398 2235 539 2289; x_wconf 72' lang='lat' dir='ltr'><strong>(ratio</strong></span> <span class='ocrx_word' id='word_1_255' title='bbox 582 2235 937 2301; x_wconf 87' lang='lat' dir='ltr'><strong>accessisset,</strong></span> <span class='ocrx_word' id='word_1_256' title='bbox 983 2249 1102 2304; x_wconf 76' lang='lat' dir='ltr'><strong>qum</strong></span> <span class='ocrx_word' id='word_1_257' title='bbox 1137 2233 1407 2287; x_wconf 88' lang='lat' dir='ltr'><strong>domicilia</strong></span> <span class='ocrx_word' id='word_1_258' title='bbox 1431 2232 1764 2301; x_wconf 80' lang='lat' dir='ltr'><strong>singulorum</strong></span> <span class='ocrx_word' id='word_1_259' title='bbox 1789 2272 1802 2295; x_wconf 90' lang='lat'><strong>,</strong></span> <span class='ocrx_word' id='word_1_260' title='bbox 1836 2230 1977 2284; x_wconf 83' lang='lat' dir='ltr'><strong>unde</strong></span> 
     </span>
    </p>
   </div>
   <div class='ocr_carea' id='block_1_39' title="bbox 398 2321 1981 2394">
    <p class='ocr_par' dir='ltr' id='par_1_39' title="bbox 398 2321 1981 2394">
     <span class='ocr_line' id='line_1_39' title="bbox 398 2321 1981 2394; baseline -0.003 -16"><span class='ocrx_word' id='word_1_261' title='bbox 398 2325 503 2378; x_wconf 71' lang='lat' dir='ltr'><strong>illa:</strong></span> <span class='ocrx_word' id='word_1_262' title='bbox 533 2325 923 2393; x_wconf 88' lang='lat' dir='ltr'><strong>appellationes</strong></span> <span class='ocrx_word' id='word_1_263' title='bbox 955 2325 1135 2394; x_wconf 61' lang='lat' dir='ltr'><strong>petitae</strong></span> <span class='ocrx_word' id='word_1_264' title='bbox 1164 2332 1369 2388; x_wconf 86' lang='lat' dir='ltr'><strong>essent,</strong></span> <span class='ocrx_word' id='word_1_265' title='bbox 1402 2323 1817 2377; x_wconf 83' lang='lat' dir='ltr'><strong>demonstraret.</strong></span> <span class='ocrx_word' id='word_1_266' title='bbox 1840 2321 1981 2375; x_wconf 88' lang='lat' dir='ltr'><strong>Tau-</strong></span> 
     </span>
    </p>
   </div>
   <div class='ocr_carea' id='block_1_40' title="bbox 399 2415 1981 2486">
    <p class='ocr_par' dir='ltr' id='par_1_40' title="bbox 399 2415 1981 2486">
     <span class='ocr_line' id='line_1_40' title="bbox 399 2415 1981 2486; baseline -0.003 -17"><span class='ocrx_word' id='word_1_267' title='bbox 399 2417 520 2470; x_wconf 89' lang='lat' dir='ltr'><strong>dem</strong></span> <span class='ocrx_word' id='word_1_268' title='bbox 545 2415 660 2471; x_wconf 76' lang='lat' dir='ltr'><strong>Inec</strong></span> <span class='ocrx_word' id='word_1_269' title='bbox 680 2416 987 2486; x_wconf 81' lang='lat' dir='ltr'><strong>expeditior</strong></span> <span class='ocrx_word' id='word_1_270' title='bbox 1014 2416 1098 2470; x_wconf 91' lang='lat' dir='ltr'><strong>via</strong></span> <span class='ocrx_word' id='word_1_271' title='bbox 1127 2416 1240 2471; x_wconf 85' lang='lat' dir='ltr'><strong>visa</strong></span> <span class='ocrx_word' id='word_1_272' title='bbox 1270 2426 1372 2479; x_wconf 90' lang='lat' dir='ltr'><strong>est,</strong></span> <span class='ocrx_word' id='word_1_273' title='bbox 1404 2415 1531 2470; x_wconf 89' lang='lat' dir='ltr'><strong>licet</strong></span> <span class='ocrx_word' id='word_1_274' title='bbox 1559 2415 1779 2484; x_wconf 75' lang='lat' dir='ltr'><strong>ingrata:</strong></span> <span class='ocrx_word' id='word_1_275' title='bbox 1801 2426 1981 2482; x_wconf 70' lang='lat' dir='ltr'><strong>opera:</strong></span> 
     </span>
    </p>
   </div>
   <div class='ocr_carea' id='block_1_41' title="bbox 399 2504 1979 2576">
    <p class='ocr_par' dir='ltr' id='par_1_41' title="bbox 399 2504 1979 2576">
     <span class='ocr_line' id='line_1_41' title="bbox 399 2504 1979 2576; baseline -0.001 -17"><span class='ocrx_word' id='word_1_276' title='bbox 399 2507 627 2561; x_wconf 84' lang='lat' dir='ltr'><strong>multum</strong></span> <span class='ocrx_word' id='word_1_277' title='bbox 668 2506 722 2563; x_wconf 90' lang='lat' dir='ltr'><strong>in</strong></span> <span class='ocrx_word' id='word_1_278' title='bbox 754 2521 815 2563; x_wconf 89' lang='lat' dir='ltr'><strong>ea</strong></span> <span class='ocrx_word' id='word_1_279' title='bbox 845 2506 1185 2564; x_wconf 88' lang='lat' dir='ltr'><strong>subeundum</strong></span> <span class='ocrx_word' id='word_1_280' title='bbox 1217 2516 1381 2576; x_wconf 85' lang='lat' dir='ltr'><strong>esset,</strong></span> <span class='ocrx_word' id='word_1_281' title='bbox 1412 2514 1472 2560; x_wconf 93' lang='lat' dir='ltr'><strong>ut</strong></span> <span class='ocrx_word' id='word_1_282' title='bbox 1499 2506 1749 2561; x_wconf 90' lang='lat' dir='ltr'><strong>omnibus</strong></span> <span class='ocrx_word' id='word_1_283' title='bbox 1769 2504 1979 2559; x_wconf 88' lang='lat' dir='ltr'><strong>illorum</strong></span> 
     </span>
    </p>
   </div>
   <div class='ocr_carea' id='block_1_42' title="bbox 400 2597 1983 2669">
    <p class='ocr_par' dir='ltr' id='par_1_42' title="bbox 400 2597 1983 2669">
     <span class='ocr_line' id='line_1_42' title="bbox 400 2597 1983 2669; baseline 0 -17"><span class='ocrx_word' id='word_1_284' title='bbox 400 2598 677 2653; x_wconf 87' lang='lat' dir='ltr'><strong>nominum</strong></span> <span class='ocrx_word' id='word_1_285' title='bbox 724 2599 955 2654; x_wconf 90' lang='lat' dir='ltr'><strong>indicem</strong></span> <span class='ocrx_word' id='word_1_286' title='bbox 986 2597 1382 2669; x_wconf 88' lang='lat' dir='ltr'><strong>alphabeticum</strong></span> <span class='ocrx_word' id='word_1_287' title='bbox 1426 2599 1897 2664; x_wconf 81' lang='lat' dir='ltr'><strong>concinnarcmus,</strong></span> <span class='ocrx_word' id='word_1_288' title='bbox 1928 2607 1983 2652; x_wconf 92' lang='lat' dir='ltr'><strong>et</strong></span> 
     </span>
    </p>
   </div>
   <div class='ocr_carea' id='block_1_43' title="bbox 402 2689 1982 2762">
    <p class='ocr_par' dir='ltr' id='par_1_43' title="bbox 402 2689 1982 2762">
     <span class='ocr_line' id='line_1_43' title="bbox 402 2689 1982 2762; baseline 0.001 -19"><span class='ocrx_word' id='word_1_289' title='bbox 402 2689 467 2743; x_wconf 88' lang='lat' dir='ltr'><strong>ad</strong></span> <span class='ocrx_word' id='word_1_290' title='bbox 496 2690 918 2761; x_wconf 86' lang='lat' dir='ltr'><strong>unumquodque</strong></span> <span class='ocrx_word' id='word_1_291' title='bbox 945 2691 1090 2746; x_wconf 88' lang='lat' dir='ltr'><strong>velut</strong></span> <span class='ocrx_word' id='word_1_292' title='bbox 1133 2690 1200 2747; x_wconf 86' lang='lat' dir='ltr'><strong>ad</strong></span> <span class='ocrx_word' id='word_1_293' title='bbox 1229 2691 1457 2747; x_wconf 86' lang='lat' dir='ltr'><strong>classem</strong></span> <span class='ocrx_word' id='word_1_294' title='bbox 1487 2691 1772 2762; x_wconf 89' lang='lat' dir='ltr'><strong>quamdam</strong></span> <span class='ocrx_word' id='word_1_295' title='bbox 1801 2698 1855 2745; x_wconf 89' lang='lat' dir='ltr'><strong>et</strong></span> <span class='ocrx_word' id='word_1_296' title='bbox 1894 2704 1982 2745; x_wconf 88' lang='lat' dir='ltr'><strong>or-</strong></span> 
     </span>
    </p>
   </div>
   <div class='ocr_carea' id='block_1_44' title="bbox 402 2781 1986 2853">
    <p class='ocr_par' dir='ltr' id='par_1_44' title="bbox 402 2781 1986 2853">
     <span class='ocr_line' id='line_1_44' title="bbox 402 2781 1986 2853; baseline 0.001 -19"><span class='ocrx_word' id='word_1_297' title='bbox 402 2781 605 2849; x_wconf 86' lang='lat' dir='ltr'><strong>dinem,</strong></span> <span class='ocrx_word' id='word_1_298' title='bbox 638 2792 898 2853; x_wconf 86' lang='lat' dir='ltr'><strong>quantum</strong></span> <span class='ocrx_word' id='word_1_299' title='bbox 928 2781 1048 2838; x_wconf 88' lang='lat' dir='ltr'><strong>lleri</strong></span> <span class='ocrx_word' id='word_1_300' title='bbox 1077 2792 1309 2853; x_wconf 88' lang='lat' dir='ltr'><strong>poterat,</strong></span> <span class='ocrx_word' id='word_1_301' title='bbox 1336 2792 1680 2852; x_wconf 88' lang='lat' dir='ltr'><strong>notaremus,</strong></span> <span class='ocrx_word' id='word_1_302' title='bbox 1711 2789 1860 2851; x_wconf 88' lang='lat' dir='ltr'><strong>quot,</strong></span> <span class='ocrx_word' id='word_1_303' title='bbox 1890 2790 1986 2836; x_wconf 88' lang='lat' dir='ltr'><strong>aut</strong></span> 
     </span>
    </p>
   </div>
   <div class='ocr_carea' id='block_1_45' title="bbox 402 2871 1983 2944">
    <p class='ocr_par' dir='ltr' id='par_1_45' title="bbox 402 2871 1983 2944">
     <span class='ocr_line' id='line_1_45' title="bbox 402 2871 1983 2944; baseline -0.002 -17"><span class='ocrx_word' id='word_1_304' title='bbox 402 2876 514 2944; x_wconf 87' lang='lat' dir='ltr'><strong>qui,</strong></span> <span class='ocrx_word' id='word_1_305' title='bbox 536 2884 626 2928; x_wconf 91' lang='lat' dir='ltr'><strong>aut</strong></span> <span class='ocrx_word' id='word_1_306' title='bbox 646 2877 834 2943; x_wconf 87' lang='lat' dir='ltr'><strong>quales</strong></span> <span class='ocrx_word' id='word_1_307' title='bbox 863 2875 915 2927; x_wconf 89' lang='lat' dir='ltr'><strong>in</strong></span> <span class='ocrx_word' id='word_1_308' title='bbox 938 2874 1161 2943; x_wconf 75' lang='lat' dir='ltr'><strong>singulis</strong></span> <span class='ocrx_word' id='word_1_309' title='bbox 1183 2873 1405 2929; x_wconf 86' lang='lat' dir='ltr'><strong>adhibiti</strong></span> <span class='ocrx_word' id='word_1_310' title='bbox 1430 2885 1632 2939; x_wconf 88' lang='lat' dir='ltr'><strong>essent,</strong></span> <span class='ocrx_word' id='word_1_311' title='bbox 1653 2888 1757 2941; x_wconf 86' lang='lat' dir='ltr'><strong>quo</strong></span> <span class='ocrx_word' id='word_1_312' title='bbox 1786 2871 1983 2925; x_wconf 77' lang='lat' dir='ltr'><strong>factum</strong></span> 
     </span>
    </p>
   </div>
   <div class='ocr_carea' id='block_1_46' title="bbox 402 2959 1983 3031">
    <p class='ocr_par' dir='ltr' id='par_1_46' title="bbox 402 2959 1983 3031">
     <span class='ocr_line' id='line_1_46' title="bbox 402 2959 1983 3031; baseline -0.002 -15"><span class='ocrx_word' id='word_1_313' title='bbox 402 2972 506 3029; x_wconf 87' lang='lat' dir='ltr'><strong>est,</strong></span> <span class='ocrx_word' id='word_1_314' title='bbox 551 2974 628 3028; x_wconf 91' lang='lat' dir='ltr'><strong>ut,</strong></span> <span class='ocrx_word' id='word_1_315' title='bbox 660 2963 707 3017; x_wconf 91' lang='lat' dir='ltr'><strong>si</strong></span> <span class='ocrx_word' id='word_1_316' title='bbox 738 2978 845 3018; x_wconf 91' lang='lat' dir='ltr'><strong>non</strong></span> <span class='ocrx_word' id='word_1_317' title='bbox 867 2962 1064 3031; x_wconf 80' lang='lat' dir='ltr'><strong>singuli</strong></span> <span class='ocrx_word' id='word_1_318' title='bbox 1088 2962 1324 3027; x_wconf 89' lang='lat' dir='ltr'><strong>codices,</strong></span> <span class='ocrx_word' id='word_1_319' title='bbox 1348 2959 1492 3028; x_wconf 90' lang='lat' dir='ltr'><strong>quod</strong></span> <span class='ocrx_word' id='word_1_320' title='bbox 1520 2962 1611 3014; x_wconf 76' lang='lat' dir='ltr'><strong>vix</strong></span> <span class='ocrx_word' id='word_1_321' title='bbox 1642 2972 1895 3027; x_wconf 87' lang='lat' dir='ltr'><strong>umquam</strong></span> <span class='ocrx_word' id='word_1_322' title='bbox 1928 2959 1983 3013; x_wconf 90' lang='lat' dir='ltr'><strong>in</strong></span> 
     </span>
    </p>
   </div>
   <div class='ocr_carea' id='block_1_47' title="bbox 403 3047 1983 3124">
    <p class='ocr_par' dir='ltr' id='par_1_47' title="bbox 403 3047 1983 3124">
     <span class='ocr_line' id='line_1_47' title="bbox 403 3047 1983 3124; baseline -0.004 -16"><span class='ocrx_word' id='word_1_323' title='bbox 403 3055 707 3124; x_wconf 82' lang='lat' dir='ltr'><strong>Augustino</strong></span> <span class='ocrx_word' id='word_1_324' title='bbox 732 3051 1078 3123; x_wconf 89' lang='lat' dir='ltr'><strong>sperandum,</strong></span> <span class='ocrx_word' id='word_1_325' title='bbox 1111 3064 1211 3105; x_wconf 91' lang='lat' dir='ltr'><strong>nec</strong></span> <span class='ocrx_word' id='word_1_326' title='bbox 1238 3049 1531 3119; x_wconf 84' lang='lat' dir='ltr'><strong>optandum</strong></span> <span class='ocrx_word' id='word_1_327' title='bbox 1563 3048 1718 3102; x_wconf 86' lang='lat' dir='ltr'><strong>valde</strong></span> <span class='ocrx_word' id='word_1_328' title='bbox 1748 3047 1983 3115; x_wconf 82' lang='lat' dir='ltr'><strong>videtur,</strong></span> 
     </span>
    </p>
   </div>
   <div class='ocr_carea' id='block_1_48' title="bbox 405 3139 1986 3209">
    <p class='ocr_par' dir='ltr' id='par_1_48' title="bbox 405 3139 1986 3209">
     <span class='ocr_line' id='line_1_48' title="bbox 405 3139 1986 3209; baseline -0.001 -13"><span class='ocrx_word' id='word_1_329' title='bbox 405 3153 552 3197; x_wconf 83' lang='lat' dir='ltr'><strong>certe</strong></span> <span class='ocrx_word' id='word_1_330' title='bbox 578 3141 942 3206; x_wconf 59' lang='lat' dir='ltr'><strong>bibliotheca},</strong></span> <span class='ocrx_word' id='word_1_331' title='bbox 970 3140 1233 3209; x_wconf 87' lang='lat' dir='ltr'><strong>inquibus</strong></span> <span class='ocrx_word' id='word_1_332' title='bbox 1252 3141 1475 3209; x_wconf 90' lang='lat' dir='ltr'><strong>repositi</strong></span> <span class='ocrx_word' id='word_1_333' title='bbox 1505 3139 1724 3205; x_wconf 80' lang='lat' dir='ltr'><strong>fuerint,</strong></span> <span class='ocrx_word' id='word_1_334' title='bbox 1758 3152 1986 3194; x_wconf 86' lang='lat' dir='ltr'><strong>noscan-</strong></span> 
     </span>
    </p>
   </div>
   <div class='ocr_carea' id='block_1_49' title="bbox 406 3227 1986 3299">
    <p class='ocr_par' dir='ltr' id='par_1_49' title="bbox 406 3227 1986 3299">
     <span class='ocr_line' id='line_1_49' title="bbox 406 3227 1986 3299; baseline 0 -13"><span class='ocrx_word' id='word_1_335' title='bbox 406 3242 509 3286; x_wconf 89' lang='lat' dir='ltr'><strong>tur.</strong></span> <span class='ocrx_word' id='word_1_336' title='bbox 548 3230 789 3285; x_wconf 88' lang='lat' dir='ltr'><strong>Pertinet</strong></span> <span class='ocrx_word' id='word_1_337' title='bbox 811 3238 990 3284; x_wconf 89' lang='lat' dir='ltr'><strong>autem</strong></span> <span class='ocrx_word' id='word_1_338' title='bbox 1014 3228 1131 3283; x_wconf 84' lang='lat' dir='ltr'><strong>haec</strong></span> <span class='ocrx_word' id='word_1_339' title='bbox 1151 3244 1314 3299; x_wconf 77' lang='lat' dir='ltr'><strong>opera</strong></span> <span class='ocrx_word' id='word_1_340' title='bbox 1343 3231 1457 3285; x_wconf 87' lang='lat' dir='ltr'><strong>sola</strong></span> <span class='ocrx_word' id='word_1_341' title='bbox 1486 3231 1553 3285; x_wconf 92' lang='lat' dir='ltr'><strong>ad</strong></span> <span class='ocrx_word' id='word_1_342' title='bbox 1582 3227 1986 3286; x_wconf 87' lang='lat' dir='ltr'><strong>Benedictinam</strong></span> 
     </span>
    </p>
   </div>
   <div class='ocr_carea' id='block_1_50' title="bbox 406 3319 1984 3392">
    <p class='ocr_par' dir='ltr' id='par_1_50' title="bbox 406 3319 1984 3392">
     <span class='ocr_line' id='line_1_50' title="bbox 406 3319 1984 3392; baseline 0.001 -17"><span class='ocrx_word' id='word_1_343' title='bbox 406 3321 697 3375; x_wconf 87' lang='lat' dir='ltr'><strong>editionem</strong></span> <span class='ocrx_word' id='word_1_344' title='bbox 722 3337 733 3373; x_wconf 94' lang='lat'>:</span> <span class='ocrx_word' id='word_1_345' title='bbox 764 3320 835 3377; x_wconf 87' lang='lat' dir='ltr'><strong>de</strong></span> <span class='ocrx_word' id='word_1_346' title='bbox 870 3319 1188 3376; x_wconf 87' lang='lat' dir='ltr'><strong>Lovaniensi</strong></span> <span class='ocrx_word' id='word_1_347' title='bbox 1211 3322 1355 3377; x_wconf 91' lang='lat' dir='ltr'><strong>enim</strong></span> <span class='ocrx_word' id='word_1_348' title='bbox 1380 3321 1635 3378; x_wconf 77' lang='lat' dir='ltr'><strong>sufﬁcere</strong></span> <span class='ocrx_word' id='word_1_349' title='bbox 1661 3322 1984 3392; x_wconf 85' lang='lat' dir='ltr'><strong>putavimus,</strong></span> 
     </span>
    </p>
   </div>
   <div class='ocr_carea' id='block_1_51' title="bbox 407 3412 1990 3485">
    <p class='ocr_par' dir='ltr' id='par_1_51' title="bbox 407 3412 1990 3485">
     <span class='ocr_line' id='line_1_51' title="bbox 407 3412 1990 3485; baseline 0.001 -17"><span class='ocrx_word' id='word_1_350' title='bbox 407 3416 451 3468; x_wconf 86' lang='lat' dir='ltr'><strong>si</strong></span> <span class='ocrx_word' id='word_1_351' title='bbox 482 3414 778 3484; x_wconf 84' lang='lat' dir='ltr'><strong>generatim</strong></span> <span class='ocrx_word' id='word_1_352' title='bbox 817 3412 1035 3470; x_wconf 85' lang='lat' dir='ltr'><strong>nomina</strong></span> <span class='ocrx_word' id='word_1_353' title='bbox 1064 3412 1539 3483; x_wconf 83' lang='lat' dir='ltr'><strong>bibliothecarum,</strong></span> <span class='ocrx_word' id='word_1_354' title='bbox 1570 3415 1637 3470; x_wconf 90' lang='lat' dir='ltr'><strong>ad</strong></span> <span class='ocrx_word' id='word_1_355' title='bbox 1661 3428 1793 3485; x_wconf 89' lang='lat' dir='ltr'><strong>quas</strong></span> <span class='ocrx_word' id='word_1_356' title='bbox 1820 3416 1990 3484; x_wconf 88' lang='lat' dir='ltr'><strong>perti-</strong></span> 
     </span>
    </p>
   </div>
   <div class='ocr_carea' id='block_1_52' title="bbox 409 3506 2031 3578">
    <p class='ocr_par' dir='ltr' id='par_1_52' title="bbox 409 3506 2031 3578">
     <span class='ocr_line' id='line_1_52' title="bbox 409 3506 2031 3578; baseline 0.001 -17"><span class='ocrx_word' id='word_1_357' title='bbox 409 3509 627 3574; x_wconf 87' lang='lat' dir='ltr'><strong>nebant,</strong></span> <span class='ocrx_word' id='word_1_358' title='bbox 656 3514 711 3563; x_wconf 86' lang='lat' dir='ltr'><strong>et</strong></span> <span class='ocrx_word' id='word_1_359' title='bbox 747 3522 1027 3573; x_wconf 85' lang='lat' dir='ltr'><strong>numerus,</strong></span> <span class='ocrx_word' id='word_1_360' title='bbox 1055 3507 1507 3578; x_wconf 82' lang='lat' dir='ltr'><strong>quemadmodum</strong></span> <span class='ocrx_word' id='word_1_361' title='bbox 1536 3507 1606 3562; x_wconf 81' lang='lat' dir='ltr'><strong>ab</strong></span> <span class='ocrx_word' id='word_1_362' title='bbox 1648 3506 1780 3577; x_wconf 88' lang='lat' dir='ltr'><strong>ipsis</strong></span> <span class='ocrx_word' id='word_1_363' title='bbox 1805 3508 1992 3576; x_wconf 84' lang='lat' dir='ltr'><strong>prodi-</strong></span> <span class='ocrx_word' id='word_1_364' title='bbox 2022 3532 2031 3541; x_wconf 76' lang='grc' dir='ltr'><strong><em>ο</em></strong></span> 
     </span>
    </p>
   </div>
   <div class='ocr_carea' id='block_1_53' title="bbox 409 3598 1995 3667">
    <p class='ocr_par' dir='ltr' id='par_1_53' title="bbox 409 3598 1995 3667">
     <span class='ocr_line' id='line_1_53' title="bbox 409 3598 1995 3667; baseline -0.001 -13"><span class='ocrx_word' id='word_1_365' title='bbox 409 3610 520 3654; x_wconf 89' lang='lat' dir='ltr'><strong>tum</strong></span> <span class='ocrx_word' id='word_1_366' title='bbox 545 3608 646 3667; x_wconf 73' lang='grc' dir='ltr'><strong>εει,</strong></span> <span class='ocrx_word' id='word_1_367' title='bbox 677 3600 1063 3656; x_wconf 86' lang='lat' dir='ltr'><strong>recitarentur.</strong></span> <span class='ocrx_word' id='word_1_368' title='bbox 1084 3599 1350 3654; x_wconf 64' lang='lat' dir='ltr'><strong>Caeterum</strong></span> <span class='ocrx_word' id='word_1_369' title='bbox 1382 3598 1721 3654; x_wconf 88' lang='lat' dir='ltr'><strong>Benedictini</strong></span> <span class='ocrx_word' id='word_1_370' title='bbox 1749 3598 1995 3666; x_wconf 82' lang='lat' dir='ltr'><strong>Belgicos</strong></span> 
     </span>
    </p>
   </div>
   <div class='ocr_carea' id='block_1_54' title="bbox 409 3688 1993 3758">
    <p class='ocr_par' dir='ltr' id='par_1_54' title="bbox 409 3688 1993 3758">
     <span class='ocr_line' id='line_1_54' title="bbox 409 3688 1993 3758; baseline 0.002 -15"><span class='ocrx_word' id='word_1_371' title='bbox 409 3689 896 3747; x_wconf 85' lang='lat' dir='ltr'><strong>autLovanienses</strong></span> <span class='ocrx_word' id='word_1_372' title='bbox 942 3689 1160 3744; x_wconf 89' lang='lat' dir='ltr'><strong>codices</strong></span> <span class='ocrx_word' id='word_1_373' title='bbox 1211 3688 1277 3743; x_wconf 87' lang='lat' dir='ltr'><strong>ad</strong></span> <span class='ocrx_word' id='word_1_374' title='bbox 1331 3691 1571 3758; x_wconf 86' lang='lat' dir='ltr'><strong>singulos</strong></span> <span class='ocrx_word' id='word_1_375' title='bbox 1614 3691 1775 3744; x_wconf 83' lang='lat' dir='ltr'><strong>etiam</strong></span> <span class='ocrx_word' id='word_1_376' title='bbox 1825 3691 1993 3746; x_wconf 90' lang='lat' dir='ltr'><strong>libros</strong></span> 
     </span>
    </p>
   </div>
   <div class='ocr_carea' id='block_1_55' title="bbox 410 3779 1995 3854">
    <p class='ocr_par' dir='ltr' id='par_1_55' title="bbox 410 3779 1995 3854">
     <span class='ocr_line' id='line_1_55' title="bbox 410 3779 1995 3854; baseline 0.003 -20"><span class='ocrx_word' id='word_1_377' title='bbox 410 3785 590 3838; x_wconf 83' lang='lat' dir='ltr'><strong>denuo</strong></span> <span class='ocrx_word' id='word_1_378' title='bbox 631 3797 659 3835; x_wconf 93' lang='lat' dir='ltr'><strong>a</strong></span> <span class='ocrx_word' id='word_1_379' title='bbox 689 3797 747 3837; x_wconf 91' lang='lat' dir='ltr'><strong>se</strong></span> <span class='ocrx_word' id='word_1_380' title='bbox 784 3796 1047 3838; x_wconf 77' lang='lat' dir='ltr'><strong>excussos</strong></span> <span class='ocrx_word' id='word_1_381' title='bbox 1075 3781 1364 3850; x_wconf 85' lang='lat' dir='ltr'><strong>diligenter</strong></span> <span class='ocrx_word' id='word_1_382' title='bbox 1392 3779 1699 3837; x_wconf 77' lang='lat' dir='ltr'><strong>laudarunt.</strong></span> <span class='ocrx_word' id='word_1_383' title='bbox 1741 3782 1995 3854; x_wconf 78' lang='lat' dir='ltr'><strong>Sequitur</strong></span> 
     </span>
    </p>
   </div>
   <div class='ocr_carea' id='block_1_56' title="bbox 411 3870 721 3942">
    <p class='ocr_par' dir='ltr' id='par_1_56' title="bbox 411 3870 721 3942">
     <span class='ocr_line' id='line_1_56' title="bbox 411 3870 721 3942; baseline -0.01 -17"><span class='ocrx_word' id='word_1_384' title='bbox 411 3874 517 3942; x_wconf 81' lang='lat' dir='ltr'><strong>iam</strong></span> <span class='ocrx_word' id='word_1_385' title='bbox 542 3870 721 3923; x_wconf 79' lang='lat' dir='ltr'><strong>index.</strong></span> 
     </span>
    </p>
   </div>
   <div class='ocr_carea' id='block_1_57' title="bbox 517 3956 1862 4030">
    <p class='ocr_par' dir='ltr' id='par_1_57' title="bbox 517 3956 1862 4030">
     <span class='ocr_line' id='line_1_57' title="bbox 517 3956 1862 4030; baseline 0.005 -20"><span class='ocrx_word' id='word_1_386' title='bbox 517 3958 585 4025; x_wconf 85' lang='lat' dir='ltr'><strong>A)</strong></span> <span class='ocrx_word' id='word_1_387' title='bbox 613 3956 823 4009; x_wconf 83' lang='lat' dir='ltr'><strong>Codices</strong></span> <span class='ocrx_word' id='word_1_388' title='bbox 846 3975 877 4011; x_wconf 91' lang='lat' dir='ltr'><strong>a</strong></span> <span class='ocrx_word' id='word_1_389' title='bbox 908 3957 1323 4012; x_wconf 69' lang='lat' dir='ltr'><strong>Lovsmsnsmus</strong></span> <span class='ocrx_word' id='word_1_390' title='bbox 1346 3957 1620 4030; x_wconf 79' lang='lat' dir='ltr'><strong>Tlteologis</strong></span> <span class='ocrx_word' id='word_1_391' title='bbox 1641 3962 1862 4017; x_wconf 73' lang='lat' dir='ltr'><strong>excussi.</strong></span> 
     </span>
    </p>
   </div>
   <div class='ocr_carea' id='block_1_58' title="bbox 481 4047 1998 4113">
    <p class='ocr_par' dir='ltr' id='par_1_58' title="bbox 481 4047 1998 4113">
     <span class='ocr_line' id='line_1_58' title="bbox 481 4047 1998 4113; baseline 0.006 -13"><span class='ocrx_word' id='word_1_392' title='bbox 481 4056 781 4113; x_wconf 68' lang='lat' dir='ltr'><strong>Ausnnsns,</strong></span> <span class='ocrx_word' id='word_1_393' title='bbox 805 4047 842 4101; x_wconf 91' lang='lat' dir='ltr'><strong>i.</strong></span> <span class='ocrx_word' id='word_1_394' title='bbox 868 4062 919 4102; x_wconf 88' lang='lat' dir='ltr'><strong>e.</strong></span> <span class='ocrx_word' id='word_1_395' title='bbox 943 4047 1160 4103; x_wconf 88' lang='lat' dir='ltr'><strong>codices</strong></span> <span class='ocrx_word' id='word_1_396' title='bbox 1179 4048 1505 4104; x_wconf 70' lang='lat' dir='ltr'><strong>bibliotheca:</strong></span> <span class='ocrx_word' id='word_1_397' title='bbox 1523 4051 1763 4107; x_wconf 85' lang='lat' dir='ltr'><strong>Alnensis</strong></span> <span class='ocrx_word' id='word_1_398' title='bbox 1783 4054 1998 4110; x_wconf 71' lang='lat' dir='ltr'><strong>abbatis:</strong></span> 
     </span>
    </p>
   </div>
   <div class='ocr_carea' id='block_1_59' title="bbox 411 4137 1995 4213">
    <p class='ocr_par' dir='ltr' id='par_1_59' title="bbox 411 4137 1995 4213">
     <span class='ocr_line' id='line_1_59' title="bbox 411 4137 1995 4213; baseline 0.003 -21"><span class='ocrx_word' id='word_1_399' title='bbox 411 4137 762 4193; x_wconf 79' lang='lat' dir='ltr'><strong>Cisterciensis</strong></span> <span class='ocrx_word' id='word_1_400' title='bbox 808 4137 864 4190; x_wconf 87' lang='lat' dir='ltr'><strong>in</strong></span> <span class='ocrx_word' id='word_1_401' title='bbox 914 4137 1110 4192; x_wconf 85' lang='lat' dir='ltr'><strong>ditione</strong></span> <span class='ocrx_word' id='word_1_402' title='bbox 1158 4137 1450 4194; x_wconf 80' lang='lat' dir='ltr'><strong>Leodiensi.</strong></span> <span class='ocrx_word' id='word_1_403' title='bbox 1501 4141 1743 4197; x_wconf 82' lang='lat' dir='ltr'><strong>Aderant</strong></span> <span class='ocrx_word' id='word_1_404' title='bbox 1792 4145 1995 4213; x_wconf 81' lang='lat' dir='ltr'><strong>viginti.</strong></span> 
     </span>
    </p>
   </div>
   <div class='ocr_carea' id='block_1_60' title="bbox 417 4226 1999 4306">
    <p class='ocr_par' dir='ltr' id='par_1_60' title="bbox 417 4226 1999 4306">
     <span class='ocr_line' id='line_1_60' title="bbox 417 4226 1999 4306; baseline 0.007 -26"><span class='ocrx_word' id='word_1_405' title='bbox 417 4229 585 4296; x_wconf 81' lang='lat' dir='ltr'><strong>Hujus</strong></span> <span class='ocrx_word' id='word_1_406' title='bbox 623 4226 969 4283; x_wconf 76' lang='lat' dir='ltr'><strong>bibliothecae</strong></span> <span class='ocrx_word' id='word_1_407' title='bbox 992 4229 1205 4286; x_wconf 89' lang='lat' dir='ltr'><strong>codices</strong></span> <span class='ocrx_word' id='word_1_408' title='bbox 1237 4238 1295 4286; x_wconf 85' lang='lat' dir='ltr'><strong>et</strong></span> <span class='ocrx_word' id='word_1_409' title='bbox 1321 4232 1462 4287; x_wconf 90' lang='lat' dir='ltr'><strong>inter</strong></span> <span class='ocrx_word' id='word_1_410' title='bbox 1488 4247 1584 4289; x_wconf 89' lang='lat' dir='ltr'><strong>eos</strong></span> <span class='ocrx_word' id='word_1_411' title='bbox 1610 4233 1773 4289; x_wconf 89' lang='lat' dir='ltr'><strong>etiam</strong></span> <span class='ocrx_word' id='word_1_412' title='bbox 1819 4234 1999 4306; x_wconf 86' lang='lat' dir='ltr'><strong>Augu-</strong></span> 
     </span>
    </p>
   </div>
   <div class='ocr_carea' id='block_1_61' title="bbox 414 4320 2001 4380">
    <p class='ocr_par' dir='ltr' id='par_1_61' title="bbox 414 4320 2001 4380">
     <span class='ocr_line' id='line_1_61' title="bbox 414 4320 2001 4380; baseline 0.005 -8"><span class='ocrx_word' id='word_1_413' title='bbox 414 4320 679 4374; x_wconf 86' lang='lat' dir='ltr'><strong>stinianos</strong></span> <span class='ocrx_word' id='word_1_414' title='bbox 704 4328 951 4375; x_wconf 86' lang='lat' dir='ltr'><strong>recenset</strong></span> <span class='ocrx_word' id='word_1_415' title='bbox 977 4320 1205 4375; x_wconf 85' lang='lat' dir='ltr'><strong>strictim</strong></span> <span class='ocrx_word' id='word_1_416' title='bbox 1236 4320 1487 4376; x_wconf 80' lang='lat' dir='ltr'><strong>Antonius</strong></span> <span class='ocrx_word' id='word_1_417' title='bbox 1529 4323 1799 4379; x_wconf 84' lang='lat' dir='ltr'><strong>Sanderus</strong></span> <span class='ocrx_word' id='word_1_418' title='bbox 1827 4326 1877 4380; x_wconf 92' lang='lat' dir='ltr'><strong>in</strong></span> <span class='ocrx_word' id='word_1_419' title='bbox 1909 4326 2001 4380; x_wconf 87' lang='lat' dir='ltr'><strong>Bi-</strong></span> 
     </span>
    </p>
   </div>
   <div class='ocr_carea' id='block_1_62' title="bbox 2151 1884 3568 2026">
    <p class='ocr_par' dir='ltr' id='par_1_62' title="bbox 2151 1884 3568 2026">
     <span class='ocr_line' id='line_1_62' title="bbox 2151 1884 3568 2026; baseline 0.004 -88"><span class='ocrx_word' id='word_1_420' title='bbox 2151 1884 2213 1953; x_wconf 89' lang='lat' dir='ltr'><strong>B)</strong></span> <span class='ocrx_word' id='word_1_421' title='bbox 2242 1884 2481 1952; x_wconf 78' lang='lat' dir='ltr'><strong>Codices,</strong></span> <span class='ocrx_word' id='word_1_422' title='bbox 2508 1888 2595 1955; x_wconf 87' lang='lat' dir='ltr'><strong>qui</strong></span> <span class='ocrx_word' id='word_1_423' title='bbox 2627 1886 3094 2026; x_wconf 64' lang='lat' dir='ltr'><strong>BENL‘roIcrmonun</strong></span> <span class='ocrx_word' id='word_1_424' title='bbox 3134 1891 3310 1945; x_wconf 83' lang='lat' dir='ltr'><strong>usibus</strong></span> <span class='ocrx_word' id='word_1_425' title='bbox 3340 1893 3568 1947; x_wconf 85' lang='lat' dir='ltr'><strong>concessi</strong></span> 
     </span>
     <span class='ocr_line' id='line_1_63' title="bbox 2783 1971 2987 2013; baseline 0.015 -3"><span class='ocrx_word' id='word_1_426' title='bbox 2783 1971 2987 2013; x_wconf 79' lang='lat' dir='ltr'><strong>uerunt.</strong></span> 
     </span>
    </p>
   </div>
   <div class='ocr_carea' id='block_1_63' title="bbox 2783 1971 2987 2013">
    <p class='ocr_par' dir='ltr' id='par_1_63' title="bbox 2783 1971 2987 2013">
     <span class='ocr_line' id='line_1_64' title="bbox 2783 1971 2987 2013; baseline 0.015 -3"><span class='ocrx_word' id='word_1_427' title='bbox 2783 1971 2987 2013; x_wconf 79' lang='lat' dir='ltr'><strong>uerunt.</strong></span> 
     </span>
    </p>
   </div>
   <div class='ocr_carea' id='block_1_64' title="bbox 2654 2049 3081 2114">
    <p class='ocr_par' dir='ltr' id='par_1_64' title="bbox 2654 2049 3081 2114">
     <span class='ocr_line' id='line_1_65' title="bbox 2654 2049 3081 2114; baseline 0.007 -17"><span class='ocrx_word' id='word_1_428' title='bbox 2654 2052 2705 2111; x_wconf 85' lang='grc' dir='ltr'><strong>α)</strong></span> <span class='ocrx_word' id='word_1_429' title='bbox 2730 2049 2967 2099; x_wconf 83' lang='lat' dir='ltr'><strong>Gallicani</strong></span> <span class='ocrx_word' id='word_1_430' title='bbox 2992 2052 3081 2114; x_wconf 79' lang='lat' dir='ltr'><strong>(tt).</strong></span> 
     </span>
    </p>
   </div>
   <div class='ocr_carea' id='block_1_65' title="bbox 2151 2136 3665 2212">
    <p class='ocr_par' dir='ltr' id='par_1_65' title="bbox 2151 2136 3665 2212">
     <span class='ocr_line' id='line_1_66' title="bbox 2151 2136 3665 2212; baseline 0.003 -22"><span class='ocrx_word' id='word_1_431' title='bbox 2151 2136 2480 2193; x_wconf 75' lang='lat' dir='ltr'><strong>ALBINENSES</strong></span> <span class='ocrx_word' id='word_1_432' title='bbox 2497 2138 2634 2208; x_wconf 84' lang='lat' dir='ltr'><strong>apud</strong></span> <span class='ocrx_word' id='word_1_433' title='bbox 2648 2140 2972 2211; x_wconf 80' lang='lat' dir='ltr'><strong>Andegavos,</strong></span> <span class='ocrx_word' id='word_1_434' title='bbox 2990 2142 3026 2195; x_wconf 94' lang='lat' dir='ltr'><strong>i.</strong></span> <span class='ocrx_word' id='word_1_435' title='bbox 3042 2142 3665 2212; x_wconf 70' lang='lat' dir='ltr'><strong>e.AbbatiteAndegat&#39;en-</strong></span> 
     </span>
    </p>
   </div>
   <div class='ocr_carea' id='block_1_66' title="bbox 2078 2228 3675 2304">
    <p class='ocr_par' dir='ltr' id='par_1_66' title="bbox 2078 2228 3675 2304">
     <span class='ocr_line' id='line_1_67' title="bbox 2078 2228 3675 2304; baseline 0.002 -23"><span class='ocrx_word' id='word_1_436' title='bbox 2078 2228 2149 2281; x_wconf 88' lang='lat' dir='ltr'><strong>sis</strong></span> <span class='ocrx_word' id='word_1_437' title='bbox 2169 2228 2229 2283; x_wconf 90' lang='lat' dir='ltr'><strong>S.</strong></span> <span class='ocrx_word' id='word_1_438' title='bbox 2246 2230 2421 2283; x_wconf 80' lang='lat' dir='ltr'><strong>Albini</strong></span> <span class='ocrx_word' id='word_1_439' title='bbox 2434 2231 2665 2285; x_wconf 76' lang='lat' dir='ltr'><strong>Codices.</strong></span> <span class='ocrx_word' id='word_1_440' title='bbox 2683 2232 2851 2285; x_wconf 87' lang='lat' dir='ltr'><strong>Unum</strong></span> <span class='ocrx_word' id='word_1_441' title='bbox 2875 2235 2982 2287; x_wconf 90' lang='lat' dir='ltr'><strong>fere</strong></span> <span class='ocrx_word' id='word_1_442' title='bbox 2996 2236 3161 2287; x_wconf 82' lang='lat' dir='ltr'><strong>citant</strong></span> <span class='ocrx_word' id='word_1_443' title='bbox 3184 2235 3233 2286; x_wconf 92' lang='lat' dir='ltr'><strong>in</strong></span> <span class='ocrx_word' id='word_1_444' title='bbox 3251 2235 3338 2304; x_wconf 93' lang='lat' dir='ltr'><strong>plu</strong></span> <span class='ocrx_word' id='word_1_445' title='bbox 3354 2234 3509 2286; x_wconf 85' lang='lat' dir='ltr'><strong>rimis</strong></span> <span class='ocrx_word' id='word_1_446' title='bbox 3524 2232 3675 2303; x_wconf 83' lang='lat' dir='ltr'><strong>primi</strong></span> 
     </span>
    </p>
   </div>
   <div class='ocr_carea' id='block_1_67' title="bbox 2081 2319 3677 2393">
    <p class='ocr_par' dir='ltr' id='par_1_67' title="bbox 2081 2319 3677 2393">
     <span class='ocr_line' id='line_1_68' title="bbox 2081 2319 3677 2393; baseline 0.004 -21"><span class='ocrx_word' id='word_1_447' title='bbox 2081 2319 2211 2374; x_wconf 90' lang='lat' dir='ltr'><strong>tomi</strong></span> <span class='ocrx_word' id='word_1_448' title='bbox 2239 2320 2408 2385; x_wconf 83' lang='lat' dir='ltr'><strong>libris,</strong></span> <span class='ocrx_word' id='word_1_449' title='bbox 2435 2321 2574 2375; x_wconf 77' lang='lat' dir='ltr'><strong>inter</strong></span> <span class='ocrx_word' id='word_1_450' title='bbox 2593 2336 2729 2390; x_wconf 88' lang='lat' dir='ltr'><strong>quos</strong></span> <span class='ocrx_word' id='word_1_451' title='bbox 2754 2322 3162 2377; x_wconf 83' lang='lat' dir='ltr'><strong>Retractationes</strong></span> <span class='ocrx_word' id='word_1_452' title='bbox 3190 2334 3243 2379; x_wconf 88' lang='lat' dir='ltr'><strong>et</strong></span> <span class='ocrx_word' id='word_1_453' title='bbox 3272 2325 3677 2393; x_wconf 78' lang='lat' dir='ltr'><strong>Confessiones;</strong></span> 
     </span>
    </p>
   </div>
   <div class='ocr_carea' id='block_1_68' title="bbox 2081 2410 3680 2477">
    <p class='ocr_par' dir='ltr' id='par_1_68' title="bbox 2081 2410 3680 2477">
     <span class='ocr_line' id='line_1_69' title="bbox 2081 2410 3680 2477; baseline 0.003 -12"><span class='ocrx_word' id='word_1_454' title='bbox 2081 2410 2209 2465; x_wconf 87' lang='lat' dir='ltr'><strong>item</strong></span> <span class='ocrx_word' id='word_1_455' title='bbox 2235 2418 2381 2465; x_wconf 90' lang='lat' dir='ltr'><strong>tomo</strong></span> <span class='ocrx_word' id='word_1_456' title='bbox 2399 2420 2543 2465; x_wconf 76' lang='lat' dir='ltr'><strong>sexto</strong></span> <span class='ocrx_word' id='word_1_457' title='bbox 2571 2422 2626 2467; x_wconf 90' lang='lat' dir='ltr'><strong>et</strong></span> <span class='ocrx_word' id='word_1_458' title='bbox 2654 2412 2872 2477; x_wconf 85' lang='lat' dir='ltr'><strong>decimo,</strong></span> <span class='ocrx_word' id='word_1_459' title='bbox 2898 2429 2999 2468; x_wconf 88' lang='lat' dir='ltr'><strong>nec</strong></span> <span class='ocrx_word' id='word_1_460' title='bbox 3027 2430 3131 2468; x_wconf 92' lang='lat' dir='ltr'><strong>non</strong></span> <span class='ocrx_word' id='word_1_461' title='bbox 3163 2415 3227 2469; x_wconf 92' lang='lat' dir='ltr'><strong>ad</strong></span> <span class='ocrx_word' id='word_1_462' title='bbox 3250 2416 3432 2469; x_wconf 81' lang='lat' dir='ltr'><strong>libros</strong></span> <span class='ocrx_word' id='word_1_463' title='bbox 3453 2417 3519 2467; x_wconf 87' lang='lat' dir='ltr'><strong>de</strong></span> <span class='ocrx_word' id='word_1_464' title='bbox 3543 2416 3680 2470; x_wconf 72' lang='lat' dir='ltr'><strong>Cirt-</strong></span> 
     </span>
    </p>
   </div>
   <div class='ocr_carea' id='block_1_69' title="bbox 2082 2499 3675 2568">
    <p class='ocr_par' dir='ltr' id='par_1_69' title="bbox 2082 2499 3675 2568">
     <span class='ocr_line' id='line_1_70' title="bbox 2082 2499 3675 2568; baseline 0.005 -17"><span class='ocrx_word' id='word_1_465' title='bbox 2082 2508 2186 2554; x_wconf 83' lang='lat' dir='ltr'><strong>tate</strong></span> <span class='ocrx_word' id='word_1_466' title='bbox 2227 2499 2325 2553; x_wconf 87' lang='lat' dir='ltr'><strong>Dei</strong></span> <span class='ocrx_word' id='word_1_467' title='bbox 2349 2510 2495 2553; x_wconf 90' lang='lat' dir='ltr'><strong>tomo</strong></span> <span class='ocrx_word' id='word_1_468' title='bbox 2534 2502 2769 2568; x_wconf 84' lang='lat' dir='ltr'><strong>septimo,</strong></span> <span class='ocrx_word' id='word_1_469' title='bbox 2814 2510 2869 2557; x_wconf 89' lang='lat' dir='ltr'><strong>et</strong></span> <span class='ocrx_word' id='word_1_470' title='bbox 2907 2502 3072 2559; x_wconf 89' lang='lat' dir='ltr'><strong>libros</strong></span> <span class='ocrx_word' id='word_1_471' title='bbox 3101 2504 3167 2557; x_wconf 88' lang='lat' dir='ltr'><strong>de</strong></span> <span class='ocrx_word' id='word_1_472' title='bbox 3219 2504 3482 2558; x_wconf 80' lang='lat' dir='ltr'><strong>Trinitate</strong></span> <span class='ocrx_word' id='word_1_473' title='bbox 3528 2514 3675 2559; x_wconf 83' lang='lat' dir='ltr'><strong>torno</strong></span> 
     </span>
    </p>
   </div>
   <div class='ocr_carea' id='block_1_70' title="bbox 2083 2589 3677 2662">
    <p class='ocr_par' dir='ltr' id='par_1_70' title="bbox 2083 2589 3677 2662">
     <span class='ocr_line' id='line_1_71' title="bbox 2083 2589 3677 2662; baseline 0.005 -19"><span class='ocrx_word' id='word_1_474' title='bbox 2083 2599 2279 2644; x_wconf 83' lang='lat' dir='ltr'><strong>octavo.</strong></span> <span class='ocrx_word' id='word_1_475' title='bbox 2300 2589 2381 2645; x_wconf 79' lang='lat' dir='ltr'><strong>Ad</strong></span> <span class='ocrx_word' id='word_1_476' title='bbox 2412 2590 2606 2645; x_wconf 87' lang='lat' dir='ltr'><strong>librum</strong></span> <span class='ocrx_word' id='word_1_477' title='bbox 2638 2591 2701 2646; x_wconf 86' lang='lat' dir='ltr'><strong>de</strong></span> <span class='ocrx_word' id='word_1_478' title='bbox 2732 2591 2976 2662; x_wconf 85' lang='lat' dir='ltr'><strong>Symbolo</strong></span> <span class='ocrx_word' id='word_1_479' title='bbox 3006 2596 3076 2648; x_wconf 83' lang='lat' dir='ltr'><strong>ad</strong></span> <span class='ocrx_word' id='word_1_480' title='bbox 3105 2595 3506 2649; x_wconf 81' lang='lat' dir='ltr'><strong>Catechumenos</strong></span> <span class='ocrx_word' id='word_1_481' title='bbox 3528 2605 3677 2651; x_wconf 72' lang='lat' dir='ltr'><strong>torno</strong></span> 
     </span>
    </p>
   </div>
   <div class='ocr_carea' id='block_1_71' title="bbox 2082 2684 3672 2750">
    <p class='ocr_par' dir='ltr' id='par_1_71' title="bbox 2082 2684 3672 2750">
     <span class='ocr_line' id='line_1_72' title="bbox 2082 2684 3672 2750; baseline 0.005 -14"><span class='ocrx_word' id='word_1_482' title='bbox 2082 2691 2259 2749; x_wconf 70' lang='lat' dir='ltr'><strong>sexto,</strong></span> <span class='ocrx_word' id='word_1_483' title='bbox 2303 2692 2567 2750; x_wconf 89' lang='lat' dir='ltr'><strong>monent,</strong></span> <span class='ocrx_word' id='word_1_484' title='bbox 2611 2684 2665 2738; x_wconf 92' lang='lat' dir='ltr'><strong>in</strong></span> <span class='ocrx_word' id='word_1_485' title='bbox 2701 2685 2983 2741; x_wconf 80' lang='lat' dir='ltr'><strong>Albinensi</strong></span> <span class='ocrx_word' id='word_1_486' title='bbox 3014 2688 3117 2743; x_wconf 83' lang='lat'><strong>800</strong></span> <span class='ocrx_word' id='word_1_487' title='bbox 3163 2702 3434 2741; x_wconf 87' lang='lat' dir='ltr'><strong>annorum</strong></span> <span class='ocrx_word' id='word_1_488' title='bbox 3487 2690 3672 2744; x_wconf 88' lang='lat' dir='ltr'><strong>codice</strong></span> 
     </span>
    </p>
   </div>
   <div class='ocr_carea' id='block_1_72' title="bbox 2085 2776 3667 2850">
    <p class='ocr_par' dir='ltr' id='par_1_72' title="bbox 2085 2776 3667 2850">
     <span class='ocr_line' id='line_1_73' title="bbox 2085 2776 3667 2850; baseline 0.006 -21"><span class='ocrx_word' id='word_1_489' title='bbox 2085 2776 2315 2844; x_wconf 87' lang='lat' dir='ltr'><strong>primum</strong></span> <span class='ocrx_word' id='word_1_490' title='bbox 2342 2790 2408 2831; x_wconf 75' lang='lat' dir='ltr'><strong>ex</strong></span> <span class='ocrx_word' id='word_1_491' title='bbox 2432 2784 2685 2847; x_wconf 89' lang='lat' dir='ltr'><strong>quatuor,</strong></span> <span class='ocrx_word' id='word_1_492' title='bbox 2713 2776 2907 2847; x_wconf 85' lang='lat' dir='ltr'><strong>quibus</strong></span> <span class='ocrx_word' id='word_1_493' title='bbox 2930 2786 3144 2835; x_wconf 84' lang='lat' dir='ltr'><strong>constat</strong></span> <span class='ocrx_word' id='word_1_494' title='bbox 3185 2780 3555 2850; x_wconf 85' lang='lat' dir='ltr'><strong>sermonibus,</strong></span> <span class='ocrx_word' id='word_1_495' title='bbox 3587 2797 3667 2837; x_wconf 87' lang='lat' dir='ltr'><strong>rc-</strong></span> 
     </span>
    </p>
   </div>
   <div class='ocr_carea' id='block_1_73' title="bbox 2087 2869 2276 2934">
    <p class='ocr_par' dir='ltr' id='par_1_73' title="bbox 2087 2869 2276 2934">
     <span class='ocr_line' id='line_1_74' title="bbox 2087 2869 2276 2934; baseline 0.005 -14"><span class='ocrx_word' id='word_1_496' title='bbox 2087 2869 2276 2934; x_wconf 81' lang='lat' dir='ltr'><strong>periri.</strong></span> 
     </span>
    </p>
   </div>
   <div class='ocr_carea' id='block_1_74' title="bbox 2156 2955 3663 3025">
    <p class='ocr_par' dir='ltr' id='par_1_74' title="bbox 2156 2955 3663 3025">
     <span class='ocr_line' id='line_1_75' title="bbox 2156 2955 3663 3025; baseline 0.007 -19"><span class='ocrx_word' id='word_1_497' title='bbox 2156 2955 2697 3025; x_wconf 72' lang='lat' dir='ltr'><strong>Asrissrononsnsss,</strong></span> <span class='ocrx_word' id='word_1_498' title='bbox 2727 2961 2761 3017; x_wconf 89' lang='lat' dir='ltr'><strong>i.</strong></span> <span class='ocrx_word' id='word_1_499' title='bbox 2779 2974 2830 3015; x_wconf 90' lang='lat' dir='ltr'><strong>e.</strong></span> <span class='ocrx_word' id='word_1_500' title='bbox 2854 2960 3072 3014; x_wconf 75' lang='lat' dir='ltr'><strong>abbatite</strong></span> <span class='ocrx_word' id='word_1_501' title='bbox 3098 2959 3663 3019; x_wconf 68' lang='lat' dir='ltr'><strong>Prwmonstratensium’</strong></span> 
     </span>
    </p>
   </div>
   <div class='ocr_carea' id='block_1_75' title="bbox 2089 3042 3660 3123">
    <p class='ocr_par' dir='ltr' id='par_1_75' title="bbox 2089 3042 3660 3123">
     <span class='ocr_line' id='line_1_76' title="bbox 2089 3042 3660 3123; baseline 0.007 -26"><span class='ocrx_word' id='word_1_502' title='bbox 2089 3043 2150 3097; x_wconf 89' lang='lat' dir='ltr'><strong>S.</strong></span> <span class='ocrx_word' id='word_1_503' title='bbox 2197 3042 2428 3097; x_wconf 80' lang='lat' dir='ltr'><strong>Mariani</strong></span> <span class='ocrx_word' id='word_1_504' title='bbox 2453 3046 2799 3101; x_wconf 76' lang='lat' dir='ltr'><strong>Antissiodori</strong></span> <span class='ocrx_word' id='word_1_505' title='bbox 2823 3048 3059 3104; x_wconf 88' lang='lat' dir='ltr'><strong>codices.</strong></span> <span class='ocrx_word' id='word_1_506' title='bbox 3100 3048 3279 3105; x_wconf 86' lang='lat' dir='ltr'><strong>Unum</strong></span> <span class='ocrx_word' id='word_1_507' title='bbox 3327 3067 3396 3107; x_wconf 81' lang='lat' dir='ltr'><strong>ex</strong></span> <span class='ocrx_word' id='word_1_508' title='bbox 3424 3061 3660 3123; x_wconf 85' lang='lat' dir='ltr'><strong>quatuor,</strong></span> 
     </span>
    </p>
   </div>
   <div class='ocr_carea' id='block_1_76' title="bbox 2090 3131 3663 3200">
    <p class='ocr_par' dir='ltr' id='par_1_76' title="bbox 2090 3131 3663 3200">
     <span class='ocr_line' id='line_1_77' title="bbox 2090 3131 3663 3200; baseline 0.007 -14"><span class='ocrx_word' id='word_1_509' title='bbox 2090 3131 2281 3200; x_wconf 89' lang='lat' dir='ltr'><strong>quibus</strong></span> <span class='ocrx_word' id='word_1_510' title='bbox 2304 3133 2554 3189; x_wconf 86' lang='lat' dir='ltr'><strong>instructi</strong></span> <span class='ocrx_word' id='word_1_511' title='bbox 2581 3136 2797 3192; x_wconf 88' lang='lat' dir='ltr'><strong>fuerunt</strong></span> <span class='ocrx_word' id='word_1_512' title='bbox 2817 3138 3097 3194; x_wconf 86' lang='lat' dir='ltr'><strong>codicibus</strong></span> <span class='ocrx_word' id='word_1_513' title='bbox 3120 3152 3255 3193; x_wconf 89' lang='lat' dir='ltr'><strong>mss.</strong></span> <span class='ocrx_word' id='word_1_514' title='bbox 3282 3139 3533 3196; x_wconf 83' lang='lat' dir='ltr'><strong>librorum</strong></span> <span class='ocrx_word' id='word_1_515' title='bbox 3557 3159 3663 3197; x_wconf 49' lang='lat' dir='ltr'><strong>cond</strong></span> 
     </span>
    </p>
   </div>
   <div class='ocr_carea' id='block_1_77' title="bbox 2090 3224 3538 3302">
    <p class='ocr_par' dir='ltr' id='par_1_77' title="bbox 2090 3224 3538 3302">
     <span class='ocr_line' id='line_1_78' title="bbox 2090 3224 3538 3302; baseline 0.01 -28"><span class='ocrx_word' id='word_1_516' title='bbox 2090 3231 2171 3278; x_wconf 80' lang='lat' dir='ltr'><strong>tra</strong></span> <span class='ocrx_word' id='word_1_517' title='bbox 2195 3224 2474 3279; x_wconf 83' lang='lat' dir='ltr'><strong>secundam</strong></span> <span class='ocrx_word' id='word_1_518' title='bbox 2503 3227 2706 3282; x_wconf 84' lang='lat' dir='ltr'><strong>Juliani</strong></span> <span class='ocrx_word' id='word_1_519' title='bbox 2732 3231 3112 3301; x_wconf 75' lang='lat' dir='ltr'><strong>responsionem</strong></span> <span class='ocrx_word' id='word_1_520' title='bbox 3150 3233 3538 3302; x_wconf 80' lang='lat' dir='ltr'><strong>suppeditavit.</strong></span> 
     </span>
    </p>
   </div>
   <div class='ocr_carea' id='block_1_78' title="bbox 2164 3316 3669 3382">
    <p class='ocr_par' dir='ltr' id='par_1_78' title="bbox 2164 3316 3669 3382">
     <span class='ocr_line' id='line_1_79' title="bbox 2164 3316 3669 3382; baseline 0.007 -11"><span class='ocrx_word' id='word_1_521' title='bbox 2164 3316 2470 3373; x_wconf 81' lang='lat' dir='ltr'><strong>Manasterii</strong></span> <span class='ocrx_word' id='word_1_522' title='bbox 2494 3320 2551 3376; x_wconf 90' lang='lat' dir='ltr'><strong>S.</strong></span> <span class='ocrx_word' id='word_1_523' title='bbox 2567 3322 2807 3376; x_wconf 72' lang='lat' dir='ltr'><strong>Annuut</strong></span> <span class='ocrx_word' id='word_1_524' title='bbox 2833 3321 3075 3378; x_wconf 78' lang='lat' dir='ltr'><strong>Metensis</strong></span> <span class='ocrx_word' id='word_1_525' title='bbox 3100 3324 3488 3382; x_wconf 79' lang='lat' dir='ltr'><strong>codex.Unum</strong></span> <span class='ocrx_word' id='word_1_526' title='bbox 3515 3327 3669 3382; x_wconf 80' lang='lat' dir='ltr'><strong>fuisse</strong></span> 
     </span>
    </p>
   </div>
   <div class='ocr_carea' id='block_1_79' title="bbox 2090 3408 3667 3489">
    <p class='ocr_par' dir='ltr' id='par_1_79' title="bbox 2090 3408 3667 3489">
     <span class='ocr_line' id='line_1_80' title="bbox 2090 3408 3667 3489; baseline 0.005 -26"><span class='ocrx_word' id='word_1_527' title='bbox 2090 3408 2360 3477; x_wconf 78' lang='lat' dir='ltr'><strong>coniicio,</strong></span> <span class='ocrx_word' id='word_1_528' title='bbox 2408 3411 2673 3479; x_wconf 67' lang='lat' dir='ltr'><strong>siluidem</strong></span> <span class='ocrx_word' id='word_1_529' title='bbox 2707 3413 3087 3470; x_wconf 82' lang='lat' dir='ltr'><strong>Arnulfensem</strong></span> <span class='ocrx_word' id='word_1_530' title='bbox 3139 3416 3336 3486; x_wconf 90' lang='lat' dir='ltr'><strong>ubique</strong></span> <span class='ocrx_word' id='word_1_531' title='bbox 3394 3434 3667 3489; x_wconf 87' lang='lat' dir='ltr'><strong>numquam</strong></span> 
     </span>
    </p>
   </div>
   <div class='ocr_carea' id='block_1_80' title="bbox 2092 3499 3669 3576">
    <p class='ocr_par' dir='ltr' id='par_1_80' title="bbox 2092 3499 3669 3576">
     <span class='ocr_line' id='line_1_81' title="bbox 2092 3499 3669 3576; baseline 0.007 -22"><span class='ocrx_word' id='word_1_532' title='bbox 2092 3499 2283 3569; x_wconf 87' lang='lat' dir='ltr'><strong>plurali</strong></span> <span class='ocrx_word' id='word_1_533' title='bbox 2313 3517 2535 3557; x_wconf 83' lang='lat' dir='ltr'><strong>numero</strong></span> <span class='ocrx_word' id='word_1_534' title='bbox 2564 3504 2803 3559; x_wconf 79' lang='lat' dir='ltr'><strong>laudant.</strong></span> <span class='ocrx_word' id='word_1_535' title='bbox 2823 3504 3097 3576; x_wconf 90' lang='lat' dir='ltr'><strong>Frequens</strong></span> <span class='ocrx_word' id='word_1_536' title='bbox 3136 3509 3479 3576; x_wconf 87' lang='lat' dir='ltr'><strong>potissimum</strong></span> <span class='ocrx_word' id='word_1_537' title='bbox 3510 3514 3560 3567; x_wconf 92' lang='lat' dir='ltr'><strong>in</strong></span> <span class='ocrx_word' id='word_1_538' title='bbox 3587 3512 3669 3566; x_wconf 59' lang='grc' dir='ltr'><strong>υἰέ</strong></span> 
     </span>
    </p>
   </div>
   <div class='ocr_carea' id='block_1_81' title="bbox 2094 3591 3668 3666">
    <p class='ocr_par' dir='ltr' id='par_1_81' title="bbox 2094 3591 3668 3666">
     <span class='ocr_line' id='line_1_82' title="bbox 2094 3591 3668 3666; baseline 0.006 -20"><span class='ocrx_word' id='word_1_539' title='bbox 2094 3591 2192 3646; x_wconf 91' lang='lat' dir='ltr'><strong>bus</strong></span> <span class='ocrx_word' id='word_1_540' title='bbox 2210 3594 2477 3661; x_wconf 86' lang='lat' dir='ltr'><strong>prioribus</strong></span> <span class='ocrx_word' id='word_1_541' title='bbox 2502 3598 2661 3649; x_wconf 89' lang='lat' dir='ltr'><strong>tomis</strong></span> <span class='ocrx_word' id='word_1_542' title='bbox 2688 3599 2803 3666; x_wconf 88' lang='lat' dir='ltr'><strong>ejus</strong></span> <span class='ocrx_word' id='word_1_543' title='bbox 2830 3597 2887 3652; x_wconf 88' lang='lat' dir='ltr'><strong>lit</strong></span> <span class='ocrx_word' id='word_1_544' title='bbox 2909 3600 3132 3653; x_wconf 91' lang='lat' dir='ltr'><strong>mentio.</strong></span> <span class='ocrx_word' id='word_1_545' title='bbox 3161 3598 3459 3659; x_wconf 86' lang='lat' dir='ltr'><strong>Lectiones</strong></span> <span class='ocrx_word' id='word_1_546' title='bbox 3479 3603 3668 3658; x_wconf 87' lang='lat' dir='ltr'><strong>scilicet</strong></span> 
     </span>
    </p>
   </div>
   <div class='ocr_carea' id='block_1_82' title="bbox 2096 3683 3668 3759">
    <p class='ocr_par' dir='ltr' id='par_1_82' title="bbox 2096 3683 3668 3759">
     <span class='ocr_line' id='line_1_83' title="bbox 2096 3683 3668 3759; baseline 0.009 -24"><span class='ocrx_word' id='word_1_547' title='bbox 2096 3683 2401 3752; x_wconf 85' lang='lat' dir='ltr'><strong>habebant,</strong></span> <span class='ocrx_word' id='word_1_548' title='bbox 2460 3703 2565 3742; x_wconf 90' lang='lat' dir='ltr'><strong>non</strong></span> <span class='ocrx_word' id='word_1_549' title='bbox 2617 3688 2789 3758; x_wconf 84' lang='lat' dir='ltr'><strong>ipsum</strong></span> <span class='ocrx_word' id='word_1_550' title='bbox 2842 3705 2970 3759; x_wconf 86' lang='lat' dir='ltr'><strong>ms.,</strong></span> <span class='ocrx_word' id='word_1_551' title='bbox 3008 3702 3068 3747; x_wconf 85' lang='lat' dir='ltr'><strong>ut</strong></span> <span class='ocrx_word' id='word_1_552' title='bbox 3114 3692 3183 3748; x_wconf 90' lang='lat' dir='ltr'><strong>ad</strong></span> <span class='ocrx_word' id='word_1_553' title='bbox 3230 3692 3480 3751; x_wconf 80' lang='lat' dir='ltr'><strong>Retraet.</strong></span> <span class='ocrx_word' id='word_1_554' title='bbox 3517 3696 3668 3750; x_wconf 86' lang='lat' dir='ltr'><strong>libros</strong></span> 
     </span>
    </p>
   </div>
   <div class='ocr_carea' id='block_1_83' title="bbox 2096 3786 2337 3830">
    <p class='ocr_par' dir='ltr' id='par_1_83' title="bbox 2096 3786 2337 3830">
     <span class='ocr_line' id='line_1_84' title="bbox 2096 3786 2337 3830; baseline 0 -1"><span class='ocrx_word' id='word_1_555' title='bbox 2096 3786 2337 3830; x_wconf 87' lang='lat' dir='ltr'><strong>monent.</strong></span> 
     </span>
    </p>
   </div>
   <div class='ocr_carea' id='block_1_84' title="bbox 2164 3869 3666 3943">
    <p class='ocr_par' dir='ltr' id='par_1_84' title="bbox 2164 3869 3666 3943">
     <span class='ocr_line' id='line_1_85' title="bbox 2164 3869 3666 3943; baseline 0.004 -20"><span class='ocrx_word' id='word_1_556' title='bbox 2164 3869 2391 3923; x_wconf 74' lang='lat' dir='ltr'><strong>Abbatite</strong></span> <span class='ocrx_word' id='word_1_557' title='bbox 2418 3870 2475 3924; x_wconf 91' lang='lat' dir='ltr'><strong>S.</strong></span> <span class='ocrx_word' id='word_1_558' title='bbox 2510 3869 2753 3925; x_wconf 73' lang='lat' dir='ltr'><strong>AUDOENI</strong></span> <span class='ocrx_word' id='word_1_559' title='bbox 2773 3871 3200 3943; x_wconf 80' lang='lat' dir='ltr'><strong>Rotltomagensis</strong></span> <span class='ocrx_word' id='word_1_560' title='bbox 3224 3874 3465 3932; x_wconf 87' lang='lat' dir='ltr'><strong>codices.</strong></span> <span class='ocrx_word' id='word_1_561' title='bbox 3486 3878 3559 3931; x_wconf 79' lang='lat' dir='ltr'><strong>Ex</strong></span> <span class='ocrx_word' id='word_1_562' title='bbox 3594 3875 3666 3929; x_wconf 84' lang='lat' dir='ltr'><strong>bis</strong></span> 
     </span>
    </p>
   </div>
   <div class='ocr_carea' id='block_1_85' title="bbox 2101 3962 3668 4039">
    <p class='ocr_par' dir='ltr' id='par_1_85' title="bbox 2101 3962 3668 4039">
     <span class='ocr_line' id='line_1_86' title="bbox 2101 3962 3668 4039; baseline 0.003 -22"><span class='ocrx_word' id='word_1_563' title='bbox 2101 3964 2242 4032; x_wconf 82' lang='lat' dir='ltr'><strong>Opus</strong></span> <span class='ocrx_word' id='word_1_564' title='bbox 2266 3964 2329 4017; x_wconf 86' lang='lat' dir='ltr'><strong>de</strong></span> <span class='ocrx_word' id='word_1_565' title='bbox 2353 3962 2587 4029; x_wconf 66' lang='lat' dir='ltr'><strong>Cit-itote,</strong></span> <span class='ocrx_word' id='word_1_566' title='bbox 2618 3963 2888 4019; x_wconf 84' lang='lat' dir='ltr'><strong>Sermones</strong></span> <span class='ocrx_word' id='word_1_567' title='bbox 2916 3974 2973 4020; x_wconf 91' lang='lat' dir='ltr'><strong>et</strong></span> <span class='ocrx_word' id='word_1_568' title='bbox 3004 3967 3229 4035; x_wconf 88' lang='lat' dir='ltr'><strong>plurima</strong></span> <span class='ocrx_word' id='word_1_569' title='bbox 3258 3967 3364 4022; x_wconf 87' lang='lat' dir='ltr'><strong>alia</strong></span> <span class='ocrx_word' id='word_1_570' title='bbox 3398 3969 3668 4039; x_wconf 78' lang='lat' dir='ltr'><strong>AuguStini</strong></span> 
     </span>
    </p>
   </div>
   <div class='ocr_carea' id='block_1_86' title="bbox 2098 4055 3666 4130">
    <p class='ocr_par' dir='ltr' id='par_1_86' title="bbox 2098 4055 3666 4130">
     <span class='ocr_line' id='line_1_87' title="bbox 2098 4055 3666 4130; baseline 0.003 -21"><span class='ocrx_word' id='word_1_571' title='bbox 2098 4058 2297 4126; x_wconf 86' lang='lat' dir='ltr'><strong>scripta</strong></span> <span class='ocrx_word' id='word_1_572' title='bbox 2318 4057 2602 4112; x_wconf 90' lang='lat' dir='ltr'><strong>emendata</strong></span> <span class='ocrx_word' id='word_1_573' title='bbox 2625 4066 2769 4111; x_wconf 89' lang='lat' dir='ltr'><strong>sunt.</strong></span> <span class='ocrx_word' id='word_1_574' title='bbox 2802 4055 3079 4128; x_wconf 71' lang='lat' dir='ltr'><strong>Praecipue</strong></span> <span class='ocrx_word' id='word_1_575' title='bbox 3118 4058 3172 4113; x_wconf 89' lang='lat' dir='ltr'><strong>in</strong></span> <span class='ocrx_word' id='word_1_576' title='bbox 3200 4067 3346 4114; x_wconf 91' lang='lat' dir='ltr'><strong>torno</strong></span> <span class='ocrx_word' id='word_1_577' title='bbox 3368 4063 3541 4130; x_wconf 90' lang='lat' dir='ltr'><strong>primo</strong></span> <span class='ocrx_word' id='word_1_578' title='bbox 3570 4060 3666 4114; x_wconf 85' lang='lat' dir='ltr'><strong>fre-</strong></span> 
     </span>
    </p>
   </div>
   <div class='ocr_carea' id='block_1_87' title="bbox 2098 4148 3665 4224">
    <p class='ocr_par' dir='ltr' id='par_1_87' title="bbox 2098 4148 3665 4224">
     <span class='ocr_line' id='line_1_88' title="bbox 2098 4148 3665 4224; baseline 0.003 -24"><span class='ocrx_word' id='word_1_579' title='bbox 2098 4160 2325 4215; x_wconf 80' lang='lat' dir='ltr'><strong>quenter</strong></span> <span class='ocrx_word' id='word_1_580' title='bbox 2344 4148 2703 4204; x_wconf 71' lang='lat' dir='ltr'><strong>Audoenenses</strong></span> <span class='ocrx_word' id='word_1_581' title='bbox 2725 4149 3087 4219; x_wconf 83' lang='lat' dir='ltr'><strong>appellantur,</strong></span> <span class='ocrx_word' id='word_1_582' title='bbox 3110 4152 3163 4205; x_wconf 87' lang='lat' dir='ltr'><strong>in</strong></span> <span class='ocrx_word' id='word_1_583' title='bbox 3186 4155 3538 4222; x_wconf 88' lang='lat' dir='ltr'><strong>sequentibus</strong></span> <span class='ocrx_word' id='word_1_584' title='bbox 3564 4168 3665 4224; x_wconf 79' lang='lat' dir='ltr'><strong>pur-</strong></span> 
     </span>
    </p>
   </div>
   <div class='ocr_carea' id='block_1_88' title="bbox 2097 4239 3671 4311">
    <p class='ocr_par' dir='ltr' id='par_1_88' title="bbox 2097 4239 3671 4311">
     <span class='ocr_line' id='line_1_89' title="bbox 2097 4239 3671 4311; baseline 0.002 -19"><span class='ocrx_word' id='word_1_585' title='bbox 2097 4239 2232 4293; x_wconf 88' lang='lat' dir='ltr'><strong>cius.</strong></span> <span class='ocrx_word' id='word_1_586' title='bbox 2265 4239 2543 4293; x_wconf 86' lang='lat' dir='ltr'><strong>Nescimus</strong></span> <span class='ocrx_word' id='word_1_587' title='bbox 2564 4278 2580 4304; x_wconf 97' lang='lat'><strong>,</strong></span> <span class='ocrx_word' id='word_1_588' title='bbox 2611 4255 2677 4294; x_wconf 90' lang='lat' dir='ltr'><strong>an</strong></span> <span class='ocrx_word' id='word_1_589' title='bbox 2710 4255 2898 4295; x_wconf 86' lang='lat' dir='ltr'><strong>omnes</strong></span> <span class='ocrx_word' id='word_1_590' title='bbox 2926 4242 3084 4296; x_wconf 91' lang='lat' dir='ltr'><strong>unius</strong></span> <span class='ocrx_word' id='word_1_591' title='bbox 3111 4242 3283 4296; x_wconf 73' lang='lat' dir='ltr'><strong>aetatis</strong></span> <span class='ocrx_word' id='word_1_592' title='bbox 3311 4243 3541 4311; x_wconf 86' lang='lat' dir='ltr'><strong>fuerint,</strong></span> <span class='ocrx_word' id='word_1_593' title='bbox 3581 4243 3671 4298; x_wconf 87' lang='lat' dir='ltr'><strong>sed</strong></span> 
     </span>
    </p>
   </div>
   <div class='ocr_carea' id='block_1_89' title="bbox 2100 4326 3668 4399">
    <p class='ocr_par' dir='ltr' id='par_1_89' title="bbox 2100 4326 3668 4399">
     <span class='ocr_line' id='line_1_90' title="bbox 2100 4326 3668 4399; baseline 0.003 -19"><span class='ocrx_word' id='word_1_594' title='bbox 2100 4326 2151 4380; x_wconf 88' lang='lat' dir='ltr'><strong>in</strong></span> <span class='ocrx_word' id='word_1_595' title='bbox 2183 4342 2348 4396; x_wconf 88' lang='lat' dir='ltr'><strong>opere</strong></span> <span class='ocrx_word' id='word_1_596' title='bbox 2390 4326 2793 4382; x_wconf 79' lang='lat' dir='ltr'><strong>Enarrationum</strong></span> <span class='ocrx_word' id='word_1_597' title='bbox 2840 4329 2896 4383; x_wconf 83' lang='lat' dir='ltr'><strong>in</strong></span> <span class='ocrx_word' id='word_1_598' title='bbox 2935 4328 3201 4399; x_wconf 83' lang='lat' dir='ltr'><strong>Psalmos,</strong></span> <span class='ocrx_word' id='word_1_599' title='bbox 3255 4331 3361 4389; x_wconf 86' lang='lat'><strong>700</strong></span> <span class='ocrx_word' id='word_1_600' title='bbox 3408 4347 3571 4390; x_wconf 91' lang='lat' dir='ltr'><strong>annos</strong></span> <span class='ocrx_word' id='word_1_601' title='bbox 3609 4333 3668 4386; x_wconf 86' lang='lat' dir='ltr'><strong>iis</strong></span> 
     </span>
    </p>
   </div>
   <div class='ocr_carea' id='block_1_90' title="bbox 417 4409 2365 4519">
    <p class='ocr_par' dir='ltr' id='par_1_90' title="bbox 417 4409 2365 4519">
     <span class='ocr_line' id='line_1_91' title="bbox 417 4409 2365 4519; baseline 0.004 -54"><span class='ocrx_word' id='word_1_602' title='bbox 417 4410 670 4466; x_wconf 78' lang='lat' dir='ltr'><strong>bliotheca</strong></span> <span class='ocrx_word' id='word_1_603' title='bbox 715 4411 927 4482; x_wconf 84' lang='lat' dir='ltr'><strong>Belgica</strong></span> <span class='ocrx_word' id='word_1_604' title='bbox 976 4409 1352 4483; x_wconf 79' lang='lat' dir='ltr'><strong>Manuscripta,</strong></span> <span class='ocrx_word' id='word_1_605' title='bbox 1391 4423 1546 4483; x_wconf 86' lang='lat' dir='ltr'><strong>parte</strong></span> <span class='ocrx_word' id='word_1_606' title='bbox 1590 4430 1865 4488; x_wconf 65' lang='lat' dir='ltr'><strong>n,‘pagg.</strong></span> <span class='ocrx_word' id='word_1_607' title='bbox 1892 4420 1998 4474; x_wconf 72' lang='grc'><strong>254</strong></span> <span class='ocrx_word' id='word_1_608' title='bbox 2026 4457 2074 4519; x_wconf 63' lang='grc' dir='ltr'>Β</span> <span class='ocrx_word' id='word_1_609' title='bbox 2101 4418 2365 4472; x_wconf 83' lang='lat' dir='ltr'><strong>tribuunt.</strong></span> 
     </span>
    </p>
   </div>
   <div class='ocr_carea' id='block_1_91' title="bbox 418 4502 726 4575">
    <p class='ocr_par' dir='ltr' id='par_1_91' title="bbox 418 4502 726 4575">
     <span class='ocr_line' id='line_1_92' title="bbox 418 4502 726 4575; baseline 0 -18"><span class='ocrx_word' id='word_1_610' title='bbox 418 4502 726 4575; x_wconf 71' lang='lat' dir='ltr'><strong>(stt-is).</strong></span> 
     </span>
    </p>
   </div>
   <div class='ocr_carea' id='block_1_92' title="bbox 492 4596 2001 4671">
    <p class='ocr_par' dir='ltr' id='par_1_92' title="bbox 492 4596 2001 4671">
     <span class='ocr_line' id='line_1_93' title="bbox 492 4596 2001 4671; baseline 0.004 -19"><span class='ocrx_word' id='word_1_611' title='bbox 492 4597 550 4652; x_wconf 87' lang='lat' dir='ltr'><strong>S.</strong></span> <span class='ocrx_word' id='word_1_612' title='bbox 580 4600 811 4664; x_wconf 64' lang='lat' dir='ltr'><strong>Ausum,</strong></span> <span class='ocrx_word' id='word_1_613' title='bbox 828 4597 866 4652; x_wconf 90' lang='lat' dir='ltr'><strong>i.</strong></span> <span class='ocrx_word' id='word_1_614' title='bbox 886 4611 936 4652; x_wconf 89' lang='lat' dir='ltr'><strong>e.</strong></span> <span class='ocrx_word' id='word_1_615' title='bbox 950 4596 1161 4652; x_wconf 70' lang='lat' dir='ltr'><strong>canobii</strong></span> <span class='ocrx_word' id='word_1_616' title='bbox 1178 4597 1509 4669; x_wconf 81' lang='lat' dir='ltr'><strong>Elnonensis,</strong></span> <span class='ocrx_word' id='word_1_617' title='bbox 1528 4602 1691 4671; x_wconf 79' lang='lat' dir='ltr'><strong>vulgo</strong></span> <span class='ocrx_word' id='word_1_618' title='bbox 1707 4602 2001 4659; x_wconf 57' lang='lat' dir='ltr'><strong>SAmandi</strong></span> 
     </span>
    </p>
   </div>
   <div class='ocr_carea' id='block_1_93' title="bbox 421 4689 1997 4761">
    <p class='ocr_par' dir='ltr' id='par_1_93' title="bbox 421 4689 1997 4761">
     <span class='ocr_line' id='line_1_94' title="bbox 421 4689 1997 4761; baseline 0.004 -19"><span class='ocrx_word' id='word_1_619' title='bbox 421 4690 477 4742; x_wconf 89' lang='lat' dir='ltr'><strong>in</strong></span> <span class='ocrx_word' id='word_1_620' title='bbox 526 4689 760 4758; x_wconf 87' lang='lat' dir='ltr'><strong>Pabula,</strong></span> <span class='ocrx_word' id='word_1_621' title='bbox 793 4690 1006 4747; x_wconf 84' lang='lat' dir='ltr'><strong>codices</strong></span> <span class='ocrx_word' id='word_1_622' title='bbox 1055 4691 1263 4761; x_wconf 84' lang='lat' dir='ltr'><strong>triginta</strong></span> <span class='ocrx_word' id='word_1_623' title='bbox 1312 4693 1414 4746; x_wconf 84' lang='lat' dir='ltr'><strong>duo</strong></span> <span class='ocrx_word' id='word_1_624' title='bbox 1462 4695 1763 4749; x_wconf 88' lang='lat' dir='ltr'><strong>transmissi</strong></span> <span class='ocrx_word' id='word_1_625' title='bbox 1796 4706 1997 4749; x_wconf 86' lang='lat' dir='ltr'><strong>eranta</strong></span> 
     </span>
    </p>
   </div>
   <div class='ocr_carea' id='block_1_94' title="bbox 423 4779 2000 4853">
    <p class='ocr_par' dir='ltr' id='par_1_94' title="bbox 423 4779 2000 4853">
     <span class='ocr_line' id='line_1_95' title="bbox 423 4779 2000 4853; baseline 0.006 -20"><span class='ocrx_word' id='word_1_626' title='bbox 423 4779 575 4833; x_wconf 74' lang='lat' dir='ltr'><strong>Max.</strong></span> <span class='ocrx_word' id='word_1_627' title='bbox 640 4780 958 4849; x_wconf 76' lang='lat' dir='ltr'><strong>Morillonio,</strong></span> <span class='ocrx_word' id='word_1_628' title='bbox 1014 4784 1304 4853; x_wconf 68' lang='lat' dir='ltr'><strong>provinciae</strong></span> <span class='ocrx_word' id='word_1_629' title='bbox 1357 4783 1739 4840; x_wconf 77' lang='lat' dir='ltr'><strong>Medelinensis</strong></span> <span class='ocrx_word' id='word_1_630' title='bbox 1791 4785 2000 4841; x_wconf 82' lang='lat' dir='ltr'><strong>Vicurio</strong></span> 
     </span>
    </p>
   </div>
   <div class='ocr_carea' id='block_1_95' title="bbox 424 4869 2002 4948">
    <p class='ocr_par' dir='ltr' id='par_1_95' title="bbox 424 4869 2002 4948">
     <span class='ocr_line' id='line_1_96' title="bbox 424 4869 2002 4948; baseline 0.006 -24"><span class='ocrx_word' id='word_1_631' title='bbox 424 4869 680 4940; x_wconf 82' lang='lat' dir='ltr'><strong>generali.</strong></span> <span class='ocrx_word' id='word_1_632' title='bbox 704 4870 760 4923; x_wconf 86' lang='lat' dir='ltr'><strong>In</strong></span> <span class='ocrx_word' id='word_1_633' title='bbox 789 4871 926 4929; x_wconf 82' lang='lat' dir='ltr'><strong>Bibl.</strong></span> <span class='ocrx_word' id='word_1_634' title='bbox 958 4874 1107 4946; x_wconf 83' lang='lat' dir='ltr'><strong>Belg.</strong></span> <span class='ocrx_word' id='word_1_635' title='bbox 1134 4874 1257 4932; x_wconf 74' lang='lat' dir='ltr'><strong>MS.</strong></span> <span class='ocrx_word' id='word_1_636' title='bbox 1286 4890 1337 4945; x_wconf 91' lang='lat' dir='ltr'><strong>p.</strong></span> <span class='ocrx_word' id='word_1_637' title='bbox 1364 4890 1403 4941; x_wconf 59' lang='grc' dir='ltr'><strong>ιδ</strong></span> <span class='ocrx_word' id='word_1_638' title='bbox 1430 4891 1485 4947; x_wconf 82' lang='lat' dir='ltr'><strong>p.</strong></span> <span class='ocrx_word' id='word_1_639' title='bbox 1509 4875 1580 4931; x_wconf 76' lang='lat'><strong>52</strong></span> <span class='ocrx_word' id='word_1_640' title='bbox 1616 4891 1792 4948; x_wconf 67' lang='lat' dir='ltr'><strong>seqq.,</strong></span> <span class='ocrx_word' id='word_1_641' title='bbox 1822 4876 2002 4948; x_wconf 75' lang='lat' dir='ltr'><strong>Augu-</strong></span> 
     </span>
    </p>
   </div>
   <div class='ocr_carea' id='block_1_96' title="bbox 426 4959 1741 5035">
    <p class='ocr_par' dir='ltr' id='par_1_96' title="bbox 426 4959 1741 5035">
     <span class='ocr_line' id='line_1_97' title="bbox 426 4959 1741 5035; baseline 0.005 -19"><span class='ocrx_word' id='word_1_642' title='bbox 426 4959 869 5035; x_wconf 84' lang='lat' dir='ltr'><strong>stinianosltujus</strong></span> <span class='ocrx_word' id='word_1_643' title='bbox 898 4969 1205 5022; x_wconf 87' lang='lat' dir='ltr'><strong>monasterii</strong></span> <span class='ocrx_word' id='word_1_644' title='bbox 1233 4968 1447 5024; x_wconf 80' lang='lat' dir='ltr'><strong>codices</strong></span> <span class='ocrx_word' id='word_1_645' title='bbox 1480 4970 1741 5024; x_wconf 88' lang='lat' dir='ltr'><strong>invenies.</strong></span> 
     </span>
    </p>
   </div>
   <div class='ocr_carea' id='block_1_97' title="bbox 497 5050 2001 5116">
    <p class='ocr_par' dir='ltr' id='par_1_97' title="bbox 497 5050 2001 5116">
     <span class='ocr_line' id='line_1_98' title="bbox 497 5050 2001 5116; baseline 0.009 -13"><span class='ocrx_word' id='word_1_646' title='bbox 497 5050 936 5115; x_wconf 61' lang='lat' dir='ltr'><strong>Caunnonsnses,</strong></span> <span class='ocrx_word' id='word_1_647' title='bbox 963 5053 1063 5106; x_wconf 90' lang='lat' dir='ltr'><strong>i.e.</strong></span> <span class='ocrx_word' id='word_1_648' title='bbox 1090 5055 1319 5110; x_wconf 82' lang='lat' dir='ltr'><strong>biblioth.</strong></span> <span class='ocrx_word' id='word_1_649' title='bbox 1344 5059 1557 5113; x_wconf 71' lang='lat' dir='ltr'><strong>ctenobii</strong></span> <span class='ocrx_word' id='word_1_650' title='bbox 1579 5059 2001 5116; x_wconf 81' lang='lat' dir='ltr'><strong>Camberonettsis</strong></span> 
     </span>
    </p>
   </div>
   <div class='ocr_carea' id='block_1_98' title="bbox 431 5140 2002 5219">
    <p class='ocr_par' dir='ltr' id='par_1_98' title="bbox 431 5140 2002 5219">
     <span class='ocr_line' id='line_1_99' title="bbox 431 5140 2002 5219; baseline 0.006 -21"><span class='ocrx_word' id='word_1_651' title='bbox 431 5143 563 5198; x_wconf 84' lang='lat' dir='ltr'><strong>0rd.</strong></span> <span class='ocrx_word' id='word_1_652' title='bbox 611 5140 955 5195; x_wconf 84' lang='lat' dir='ltr'><strong>Cisterciensis</strong></span> <span class='ocrx_word' id='word_1_653' title='bbox 998 5143 1052 5195; x_wconf 87' lang='lat' dir='ltr'><strong>in</strong></span> <span class='ocrx_word' id='word_1_654' title='bbox 1102 5144 1379 5200; x_wconf 82' lang='lat' dir='ltr'><strong>Harmonia</strong></span> <span class='ocrx_word' id='word_1_655' title='bbox 1408 5152 1549 5203; x_wconf 81' lang='lat' dir='ltr'><strong>haud</strong></span> <span class='ocrx_word' id='word_1_656' title='bbox 1575 5154 1753 5219; x_wconf 84' lang='lat' dir='ltr'><strong>procul</strong></span> <span class='ocrx_word' id='word_1_657' title='bbox 1787 5152 1857 5205; x_wconf 80' lang='lat' dir='ltr'><strong>ab</strong></span> <span class='ocrx_word' id='word_1_658' title='bbox 1879 5154 2002 5206; x_wconf 89' lang='lat' dir='ltr'><strong>urbe</strong></span> 
     </span>
    </p>
   </div>
   <div class='ocr_carea' id='block_1_99' title="bbox 427 5230 1997 5315">
    <p class='ocr_par' dir='ltr' id='par_1_99' title="bbox 427 5230 1997 5315">
     <span class='ocr_line' id='line_1_100' title="bbox 427 5230 1997 5315; baseline 0.007 -26"><span class='ocrx_word' id='word_1_659' title='bbox 427 5232 703 5289; x_wconf 68' lang='lat' dir='ltr'><strong>Montensi.</strong></span> <span class='ocrx_word' id='word_1_660' title='bbox 732 5230 933 5286; x_wconf 86' lang='lat' dir='ltr'><strong>Praesto</strong></span> <span class='ocrx_word' id='word_1_661' title='bbox 954 5232 1169 5289; x_wconf 85' lang='lat' dir='ltr'><strong>fuerunt</strong></span> <span class='ocrx_word' id='word_1_662' title='bbox 1185 5236 1419 5305; x_wconf 82' lang='lat' dir='ltr'><strong>triginta.</strong></span> <span class='ocrx_word' id='word_1_663' title='bbox 1444 5240 1527 5293; x_wconf 85' lang='lat' dir='ltr'><strong>Cf.</strong></span> <span class='ocrx_word' id='word_1_664' title='bbox 1548 5240 1685 5295; x_wconf 78' lang='lat' dir='ltr'><strong>Bibl.</strong></span> <span class='ocrx_word' id='word_1_665' title='bbox 1706 5242 1851 5315; x_wconf 81' lang='lat' dir='ltr'><strong>Belg.</strong></span> <span class='ocrx_word' id='word_1_666' title='bbox 1876 5244 1997 5301; x_wconf 77' lang='lat' dir='ltr'><strong>MS.</strong></span> 
     </span>
    </p>
   </div>
   <div class='ocr_carea' id='block_1_100' title="bbox 426 5323 951 5396">
    <p class='ocr_par' dir='ltr' id='par_1_100' title="bbox 426 5323 951 5396">
     <span class='ocr_line' id='line_1_101' title="bbox 426 5323 951 5396; baseline -0.006 -13"><span class='ocrx_word' id='word_1_667' title='bbox 426 5342 483 5396; x_wconf 87' lang='lat' dir='ltr'><strong>p.</strong></span> <span class='ocrx_word' id='word_1_668' title='bbox 515 5340 553 5395; x_wconf 84' lang='grc' dir='ltr'><strong>ι,</strong></span> <span class='ocrx_word' id='word_1_669' title='bbox 587 5340 642 5396; x_wconf 89' lang='lat' dir='ltr'><strong>p.</strong></span> <span class='ocrx_word' id='word_1_670' title='bbox 666 5323 773 5381; x_wconf 69' lang='lat'><strong>546</strong></span> <span class='ocrx_word' id='word_1_671' title='bbox 798 5336 951 5396; x_wconf 90' lang='lat' dir='ltr'><strong>seqq.</strong></span> 
     </span>
    </p>
   </div>
   <div class='ocr_carea' id='block_1_101' title="bbox 500 5487 2007 5563">
    <p class='ocr_par' dir='ltr' id='par_1_101' title="bbox 500 5487 2007 5563">
     <span class='ocr_line' id='line_1_102' title="bbox 500 5487 2007 5563; baseline 0.007 -23"><span class='ocrx_word' id='word_1_672' title='bbox 500 5487 577 5563; x_wconf 78' lang='grc' dir='ltr'><strong>(α)</strong></span> <span class='ocrx_word' id='word_1_673' title='bbox 605 5488 742 5544; x_wconf 87' lang='lat' dir='ltr'><strong>Sunt</strong></span> <span class='ocrx_word' id='word_1_674' title='bbox 783 5499 961 5546; x_wconf 90' lang='lat' dir='ltr'><strong>tamen</strong></span> <span class='ocrx_word' id='word_1_675' title='bbox 1002 5488 1141 5563; x_wconf 63' lang='lat' dir='ltr'><strong>inter</strong></span> <span class='ocrx_word' id='word_1_676' title='bbox 1162 5503 1265 5563; x_wconf 80' lang='lat' dir='ltr'><strong>eos</strong></span> <span class='ocrx_word' id='word_1_677' title='bbox 1294 5498 1348 5544; x_wconf 89' lang='lat' dir='ltr'><strong>et</strong></span> <span class='ocrx_word' id='word_1_678' title='bbox 1373 5489 1567 5563; x_wconf 79' lang='lat' dir='ltr'><strong>Belgici</strong></span> <span class='ocrx_word' id='word_1_679' title='bbox 1593 5490 1805 5563; x_wconf 85' lang='lat' dir='ltr'><strong>quidam</strong></span> <span class='ocrx_word' id='word_1_680' title='bbox 1827 5534 1841 5559; x_wconf 90' lang='lat'><strong>,</strong></span> <span class='ocrx_word' id='word_1_681' title='bbox 1871 5509 2007 5563; x_wconf 91' lang='lat' dir='ltr'><strong>quos</strong></span> 
     </span>
    </p>
   </div>
   <div class='ocr_carea' id='block_1_102' title="bbox 430 5560 1997 5632">
    <p class='ocr_par' dir='ltr' id='par_1_102' title="bbox 430 5560 1997 5632">
     <span class='ocr_line' id='line_1_103' title="bbox 430 5560 1997 5632; baseline 0.005 -20"><span class='ocrx_word' id='word_1_682' title='bbox 430 5560 944 5632; x_wconf 86' lang='lat' dir='ltr'><strong>ips_i_consuluerunt</strong></span> <span class='ocrx_word' id='word_1_683' title='bbox 972 5572 1026 5616; x_wconf 89' lang='lat' dir='ltr'><strong>et</strong></span> <span class='ocrx_word' id='word_1_684' title='bbox 1053 5560 1427 5632; x_wconf 86' lang='lat' dir='ltr'><strong>Corbeienses,</strong></span> <span class='ocrx_word' id='word_1_685' title='bbox 1468 5560 1563 5615; x_wconf 86' lang='lat' dir='ltr'><strong>sed</strong></span> <span class='ocrx_word' id='word_1_686' title='bbox 1590 5561 1687 5632; x_wconf 82' lang='lat' dir='ltr'><strong>hos</strong></span> <span class='ocrx_word' id='word_1_687' title='bbox 1716 5560 1997 5632; x_wconf 74' lang='lat' dir='ltr'><strong>seiungere</strong></span> 
     </span>
    </p>
   </div>
   <div class='ocr_carea' id='block_1_103' title="bbox 431 5628 1994 5699">
    <p class='ocr_par' dir='ltr' id='par_1_103' title="bbox 431 5628 1994 5699">
     <span class='ocr_line' id='line_1_104' title="bbox 431 5628 1994 5699; baseline 0.003 -17"><span class='ocrx_word' id='word_1_688' title='bbox 431 5628 821 5692; x_wconf 88' lang='lat' dir='ltr'><strong>dubitavimus,</strong></span> <span class='ocrx_word' id='word_1_689' title='bbox 871 5632 1061 5697; x_wconf 88' lang='lat' dir='ltr'><strong>partim</strong></span> <span class='ocrx_word' id='word_1_690' title='bbox 1114 5631 1254 5699; x_wconf 90' lang='lat' dir='ltr'><strong>quod</strong></span> <span class='ocrx_word' id='word_1_691' title='bbox 1303 5631 1403 5697; x_wconf 87' lang='lat' dir='ltr'><strong>ipsi</strong></span> <span class='ocrx_word' id='word_1_692' title='bbox 1461 5644 1554 5685; x_wconf 88' lang='lat' dir='ltr'><strong>eos</strong></span> <span class='ocrx_word' id='word_1_693' title='bbox 1601 5628 1994 5688; x_wconf 76' lang='lat' dir='ltr'><strong>Gallicanorum</strong></span> 
     </span>
    </p>
   </div>
   <div class='ocr_carea' id='block_1_104' title="bbox 433 5699 1995 5771">
    <p class='ocr_par' dir='ltr' id='par_1_104' title="bbox 433 5699 1995 5771">
     <span class='ocr_line' id='line_1_105' title="bbox 433 5699 1995 5771; baseline 0.003 -16"><span class='ocrx_word' id='word_1_694' title='bbox 433 5699 646 5755; x_wconf 85' lang='lat' dir='ltr'><strong>nomine</strong></span> <span class='ocrx_word' id='word_1_695' title='bbox 671 5699 1215 5764; x_wconf 86' lang='lat' dir='ltr'><strong>comprehenderent.</strong></span> <span class='ocrx_word' id='word_1_696' title='bbox 1249 5705 1439 5771; x_wconf 85' lang='lat' dir='ltr'><strong>partim</strong></span> <span class='ocrx_word' id='word_1_697' title='bbox 1471 5702 1611 5769; x_wconf 85' lang='lat' dir='ltr'><strong>quod</strong></span> <span class='ocrx_word' id='word_1_698' title='bbox 1652 5703 1995 5761; x_wconf 78' lang='lat' dir='ltr'><strong>Corbeicnsis</strong></span> 
     </span>
    </p>
   </div>
   <div class='ocr_carea' id='block_1_105' title="bbox 2178 4510 3670 4582">
    <p class='ocr_par' dir='ltr' id='par_1_105' title="bbox 2178 4510 3670 4582">
     <span class='ocr_line' id='line_1_106' title="bbox 2178 4510 3670 4582; baseline 0.001 -20"><span class='ocrx_word' id='word_1_699' title='bbox 2178 4510 2281 4566; x_wconf 84' lang='lat' dir='ltr'><strong>PP.</strong></span> <span class='ocrx_word' id='word_1_700' title='bbox 2315 4514 2819 4566; x_wconf 69' lang='lat' dir='ltr'><strong>AUGUSTINIANORDI</strong></span> <span class='ocrx_word' id='word_1_701' title='bbox 2841 4512 3055 4582; x_wconf 80' lang='lat' dir='ltr'><strong>maioris</strong></span> <span class='ocrx_word' id='word_1_702' title='bbox 3077 4524 3343 4569; x_wconf 69' lang='lat' dir='ltr'><strong>conventus</strong></span> <span class='ocrx_word' id='word_1_703' title='bbox 3372 4511 3670 4569; x_wconf 81' lang='lat' dir='ltr'><strong>Parisiensis</strong></span> 
     </span>
    </p>
   </div>
   <div class='ocr_carea' id='block_1_106' title="bbox 2107 4602 3661 4683">
    <p class='ocr_par' dir='ltr' id='par_1_106' title="bbox 2107 4602 3661 4683">
     <span class='ocr_line' id='line_1_107' title="bbox 2107 4602 3661 4683; baseline 0.002 -27"><span class='ocrx_word' id='word_1_704' title='bbox 2107 4604 2341 4657; x_wconf 88' lang='lat' dir='ltr'><strong>codices.</strong></span> <span class='ocrx_word' id='word_1_705' title='bbox 2366 4603 2600 4667; x_wconf 82' lang='lat' dir='ltr'><strong>Quatuor</strong></span> <span class='ocrx_word' id='word_1_706' title='bbox 2618 4602 2683 4657; x_wconf 90' lang='lat' dir='ltr'><strong>ad</strong></span> <span class='ocrx_word' id='word_1_707' title='bbox 2698 4603 3083 4675; x_wconf 83' lang='lat' dir='ltr'><strong>Confessionum</strong></span> <span class='ocrx_word' id='word_1_708' title='bbox 3102 4606 3262 4663; x_wconf 83' lang='lat' dir='ltr'><strong>libros</strong></span> <span class='ocrx_word' id='word_1_709' title='bbox 3287 4609 3661 4683; x_wconf 86' lang='lat' dir='ltr'><strong>suppetebant;</strong></span> 
     </span>
    </p>
   </div>
   <div class='ocr_carea' id='block_1_107' title="bbox 2108 4694 2823 4761">
    <p class='ocr_par' dir='ltr' id='par_1_107' title="bbox 2108 4694 2823 4761">
     <span class='ocr_line' id='line_1_108' title="bbox 2108 4694 2823 4761; baseline 0.008 -16"><span class='ocrx_word' id='word_1_710' title='bbox 2108 4694 2260 4747; x_wconf 84' lang='lat' dir='ltr'><strong>unius</strong></span> <span class='ocrx_word' id='word_1_711' title='bbox 2287 4695 2482 4761; x_wconf 63' lang='lat' dir='ltr'><strong>saepius</strong></span> <span class='ocrx_word' id='word_1_712' title='bbox 2512 4694 2569 4748; x_wconf 84' lang='lat' dir='ltr'><strong>lit</strong></span> <span class='ocrx_word' id='word_1_713' title='bbox 2597 4695 2823 4751; x_wconf 84' lang='lat' dir='ltr'><strong>mentio.</strong></span> 
     </span>
    </p>
   </div>
   <div class='ocr_carea' id='block_1_108' title="bbox 2180 4784 3669 4858">
    <p class='ocr_par' dir='ltr' id='par_1_108' title="bbox 2180 4784 3669 4858">
     <span class='ocr_line' id='line_1_109' title="bbox 2180 4784 3669 4858; baseline 0.001 -21"><span class='ocrx_word' id='word_1_714' title='bbox 2180 4784 2467 4839; x_wconf 72' lang='lat' dir='ltr'><strong>Bsceensrs</strong></span> <span class='ocrx_word' id='word_1_715' title='bbox 2514 4784 2730 4840; x_wconf 73' lang='lat' dir='ltr'><strong>abbatise</strong></span> <span class='ocrx_word' id='word_1_716' title='bbox 2776 4787 2989 4843; x_wconf 84' lang='lat' dir='ltr'><strong>codices</strong></span> <span class='ocrx_word' id='word_1_717' title='bbox 3036 4788 3217 4858; x_wconf 89' lang='lat' dir='ltr'><strong>plures</strong></span> <span class='ocrx_word' id='word_1_718' title='bbox 3261 4805 3518 4844; x_wconf 88' lang='lat' dir='ltr'><strong>annorum</strong></span> <span class='ocrx_word' id='word_1_719' title='bbox 3571 4786 3669 4839; x_wconf 76' lang='lat'><strong>760</strong></span> 
     </span>
    </p>
   </div>
   <div class='ocr_carea' id='block_1_109' title="bbox 2108 4874 3664 4946">
    <p class='ocr_par' dir='ltr' id='par_1_109' title="bbox 2108 4874 3664 4946">
     <span class='ocr_line' id='line_1_110' title="bbox 2108 4874 3664 4946; baseline 0 -17"><span class='ocrx_word' id='word_1_720' title='bbox 2108 4874 2390 4929; x_wconf 82' lang='lat' dir='ltr'><strong>laudantur</strong></span> <span class='ocrx_word' id='word_1_721' title='bbox 2416 4876 2481 4929; x_wconf 88' lang='lat' dir='ltr'><strong>ad</strong></span> <span class='ocrx_word' id='word_1_722' title='bbox 2513 4875 2655 4946; x_wconf 86' lang='lat' dir='ltr'><strong>Opus</strong></span> <span class='ocrx_word' id='word_1_723' title='bbox 2684 4875 3030 4945; x_wconf 87' lang='lat' dir='ltr'><strong>Psalmorum,</strong></span> <span class='ocrx_word' id='word_1_724' title='bbox 3069 4895 3211 4935; x_wconf 88' lang='lat' dir='ltr'><strong>unus</strong></span> <span class='ocrx_word' id='word_1_725' title='bbox 3255 4880 3321 4935; x_wconf 90' lang='lat' dir='ltr'><strong>ad</strong></span> <span class='ocrx_word' id='word_1_726' title='bbox 3368 4881 3533 4935; x_wconf 91' lang='lat' dir='ltr'><strong>libros</strong></span> <span class='ocrx_word' id='word_1_727' title='bbox 3573 4876 3664 4929; x_wconf 83' lang='lat' dir='ltr'><strong>lle-</strong></span> 
     </span>
    </p>
   </div>
   <div class='ocr_carea' id='block_1_110' title="bbox 2105 4967 3666 5041">
    <p class='ocr_par' dir='ltr' id='par_1_110' title="bbox 2105 4967 3666 5041">
     <span class='ocr_line' id='line_1_111' title="bbox 2105 4967 3666 5041; baseline 0.003 -21"><span class='ocrx_word' id='word_1_728' title='bbox 2105 4977 2281 5033; x_wconf 86' lang='lat' dir='ltr'><strong>tract.,</strong></span> <span class='ocrx_word' id='word_1_729' title='bbox 2301 4969 2363 5020; x_wconf 85' lang='lat' dir='ltr'><strong>de</strong></span> <span class='ocrx_word' id='word_1_730' title='bbox 2390 4967 2498 5027; x_wconf 84' lang='lat' dir='ltr'><strong>Civ.</strong></span> <span class='ocrx_word' id='word_1_731' title='bbox 2516 4967 2630 5035; x_wconf 85' lang='lat' dir='ltr'><strong>Dei,</strong></span> <span class='ocrx_word' id='word_1_732' title='bbox 2659 4968 2938 5041; x_wconf 78' lang='lat' dir='ltr'><strong>Epistolas,</strong></span> <span class='ocrx_word' id='word_1_733' title='bbox 2965 4972 3157 5026; x_wconf 88' lang='lat' dir='ltr'><strong>librum</strong></span> <span class='ocrx_word' id='word_1_734' title='bbox 3186 4972 3248 5027; x_wconf 85' lang='lat' dir='ltr'><strong>de</strong></span> <span class='ocrx_word' id='word_1_735' title='bbox 3276 4972 3588 5032; x_wconf 71' lang='lat' dir='ltr'><strong>IIwresibus,</strong></span> <span class='ocrx_word' id='word_1_736' title='bbox 3611 4968 3666 5020; x_wconf 74' lang='lat' dir='ltr'><strong>de</strong></span> 
     </span>
    </p>
   </div>
   <div class='ocr_carea' id='block_1_111' title="bbox 2110 5058 3665 5135">
    <p class='ocr_par' dir='ltr' id='par_1_111' title="bbox 2110 5058 3665 5135">
     <span class='ocr_line' id='line_1_112' title="bbox 2110 5058 3665 5135; baseline 0.003 -24"><span class='ocrx_word' id='word_1_737' title='bbox 2110 5058 2358 5112; x_wconf 80' lang='lat' dir='ltr'><strong>Trinitate</strong></span> <span class='ocrx_word' id='word_1_738' title='bbox 2374 5070 2428 5114; x_wconf 91' lang='lat' dir='ltr'><strong>et</strong></span> <span class='ocrx_word' id='word_1_739' title='bbox 2457 5061 2524 5113; x_wconf 85' lang='lat' dir='ltr'><strong>ad</strong></span> <span class='ocrx_word' id='word_1_740' title='bbox 2548 5060 2842 5113; x_wconf 86' lang='lat' dir='ltr'><strong>Donatistas</strong></span> <span class='ocrx_word' id='word_1_741' title='bbox 2865 5062 3036 5131; x_wconf 88' lang='lat' dir='ltr'><strong>(tomo</strong></span> <span class='ocrx_word' id='word_1_742' title='bbox 3054 5062 3235 5118; x_wconf 84' lang='lat' dir='ltr'><strong>Vlllet</strong></span> <span class='ocrx_word' id='word_1_743' title='bbox 3264 5063 3459 5135; x_wconf 80' lang='lat' dir='ltr'><strong>lX),et</strong></span> <span class='ocrx_word' id='word_1_744' title='bbox 3486 5061 3665 5131; x_wconf 66' lang='lat' dir='ltr'><strong>sacpius</strong></span> 
     </span>
    </p>
   </div>
   <div class='ocr_carea' id='block_1_112' title="bbox 2105 5149 3664 5219">
    <p class='ocr_par' dir='ltr' id='par_1_112' title="bbox 2105 5149 3664 5219">
     <span class='ocr_line' id='line_1_113' title="bbox 2105 5149 3664 5219; baseline 0.001 -16"><span class='ocrx_word' id='word_1_745' title='bbox 2105 5149 2158 5203; x_wconf 86' lang='lat' dir='ltr'><strong>in</strong></span> <span class='ocrx_word' id='word_1_746' title='bbox 2191 5160 2334 5204; x_wconf 89' lang='lat' dir='ltr'><strong>tomo</strong></span> <span class='ocrx_word' id='word_1_747' title='bbox 2377 5151 2603 5213; x_wconf 80' lang='lat' dir='ltr'><strong>decimo;</strong></span> <span class='ocrx_word' id='word_1_748' title='bbox 2631 5149 2736 5204; x_wconf 88' lang='lat' dir='ltr'><strong>duo</strong></span> <span class='ocrx_word' id='word_1_749' title='bbox 2768 5150 2832 5205; x_wconf 89' lang='lat' dir='ltr'><strong>ad</strong></span> <span class='ocrx_word' id='word_1_750' title='bbox 2865 5152 3030 5206; x_wconf 88' lang='lat' dir='ltr'><strong>libros</strong></span> <span class='ocrx_word' id='word_1_751' title='bbox 3058 5155 3122 5207; x_wconf 86' lang='lat' dir='ltr'><strong>de</strong></span> <span class='ocrx_word' id='word_1_752' title='bbox 3160 5154 3421 5209; x_wconf 85' lang='lat' dir='ltr'><strong>Consensu</strong></span> <span class='ocrx_word' id='word_1_753' title='bbox 3450 5153 3664 5219; x_wconf 68' lang='lat' dir='ltr'><strong>Evangc-</strong></span> 
     </span>
    </p>
   </div>
   <div class='ocr_carea' id='block_1_113' title="bbox 2107 5244 3662 5317">
    <p class='ocr_par' dir='ltr' id='par_1_113' title="bbox 2107 5244 3662 5317">
     <span class='ocr_line' id='line_1_114' title="bbox 2107 5244 3662 5317; baseline -0.005 -18"><span class='ocrx_word' id='word_1_754' title='bbox 2107 5245 2342 5299; x_wconf 81' lang='lat' dir='ltr'><strong>(istarum</strong></span> <span class='ocrx_word' id='word_1_755' title='bbox 2385 5254 2436 5298; x_wconf 90' lang='lat' dir='ltr'><strong>et</strong></span> <span class='ocrx_word' id='word_1_756' title='bbox 2467 5244 2529 5296; x_wconf 83' lang='lat' dir='ltr'><strong>de</strong></span> <span class='ocrx_word' id='word_1_757' title='bbox 2571 5244 2815 5299; x_wconf 68' lang='lat' dir='ltr'><strong>Sermone</strong></span> <span class='ocrx_word' id='word_1_758' title='bbox 2844 5246 2895 5298; x_wconf 89' lang='lat' dir='ltr'><strong>in</strong></span> <span class='ocrx_word' id='word_1_759' title='bbox 2925 5245 3125 5313; x_wconf 81' lang='lat' dir='ltr'><strong>Monte,</strong></span> <span class='ocrx_word' id='word_1_760' title='bbox 3166 5248 3347 5317; x_wconf 88' lang='lat' dir='ltr'><strong>plures</strong></span> <span class='ocrx_word' id='word_1_761' title='bbox 3378 5249 3434 5302; x_wconf 84' lang='lat' dir='ltr'><strong>in</strong></span> <span class='ocrx_word' id='word_1_762' title='bbox 3473 5248 3662 5300; x_wconf 77' lang='lat' dir='ltr'><strong>Sermo-</strong></span> 
     </span>
    </p>
   </div>
   <div class='ocr_carea' id='block_1_114' title="bbox 2108 5339 2275 5391">
    <p class='ocr_par' dir='ltr' id='par_1_114' title="bbox 2108 5339 2275 5391">
     <span class='ocr_line' id='line_1_115' title="bbox 2108 5339 2275 5391; baseline -0.006 -1"><span class='ocrx_word' id='word_1_763' title='bbox 2108 5339 2275 5391; x_wconf 76' lang='lat' dir='ltr'><strong>tribus.</strong></span> 
     </span>
    </p>
   </div>
   <div class='ocr_carea' id='block_1_115' title="bbox 2113 5488 3660 5569">
    <p class='ocr_par' dir='ltr' id='par_1_115' title="bbox 2113 5488 3660 5569">
     <span class='ocr_line' id='line_1_116' title="bbox 2113 5488 3660 5569; baseline -0.001 -21"><span class='ocrx_word' id='word_1_764' title='bbox 2113 5494 2420 5569; x_wconf 68' lang='lat' dir='ltr'><strong>monasterii</strong></span> <span class='ocrx_word' id='word_1_765' title='bbox 2450 5488 2665 5569; x_wconf 82' lang='lat' dir='ltr'><strong>codices</strong></span> <span class='ocrx_word' id='word_1_766' title='bbox 2703 5496 2837 5551; x_wconf 81' lang='lat' dir='ltr'><strong>adeo</strong></span> <span class='ocrx_word' id='word_1_767' title='bbox 2875 5499 3021 5553; x_wconf 86' lang='lat' dir='ltr'><strong>omni</strong></span> <span class='ocrx_word' id='word_1_768' title='bbox 3052 5506 3296 5569; x_wconf 87' lang='lat' dir='ltr'><strong>tempore</strong></span> <span class='ocrx_word' id='word_1_769' title='bbox 3324 5497 3660 5569; x_wconf 66' lang='lat' dir='ltr'><strong>Maurinoruut</strong></span> 
     </span>
    </p>
   </div>
   <div class='ocr_carea' id='block_1_116' title="bbox 2109 5559 3658 5635">
    <p class='ocr_par' dir='ltr' id='par_1_116' title="bbox 2109 5559 3658 5635">
     <span class='ocr_line' id='line_1_117' title="bbox 2109 5559 3658 5635; baseline 0.002 -16"><span class='ocrx_word' id='word_1_770' title='bbox 2109 5565 2326 5619; x_wconf 85' lang='lat' dir='ltr'><strong>Patrum</strong></span> <span class='ocrx_word' id='word_1_771' title='bbox 2355 5565 2545 5618; x_wconf 78' lang='lat' dir='ltr'><strong>studiis</strong></span> <span class='ocrx_word' id='word_1_772' title='bbox 2573 5576 2879 5635; x_wconf 88' lang='lat' dir='ltr'><strong>paruerunt,</strong></span> <span class='ocrx_word' id='word_1_773' title='bbox 2931 5578 2990 5625; x_wconf 91' lang='lat' dir='ltr'><strong>ut</strong></span> <span class='ocrx_word' id='word_1_774' title='bbox 3020 5559 3177 5625; x_wconf 83' lang='lat' dir='ltr'><strong>veluti</strong></span> <span class='ocrx_word' id='word_1_775' title='bbox 3231 5568 3503 5626; x_wconf 81' lang='lat' dir='ltr'><strong>domestici</strong></span> <span class='ocrx_word' id='word_1_776' title='bbox 3534 5559 3658 5634; x_wconf 76' lang='lat' dir='ltr'><strong>apud</strong></span> 
     </span>
    </p>
   </div>
   <div class='ocr_carea' id='block_1_117' title="bbox 2103 5635 2834 5695">
    <p class='ocr_par' dir='ltr' id='par_1_117' title="bbox 2103 5635 2834 5695">
     <span class='ocr_line' id='line_1_118' title="bbox 2103 5635 2834 5695; baseline 0.003 -2"><span class='ocrx_word' id='word_1_777' title='bbox 2103 5651 2194 5694; x_wconf 85' lang='lat' dir='ltr'><strong>eos</strong></span> <span class='ocrx_word' id='word_1_778' title='bbox 2222 5636 2344 5693; x_wconf 79' lang='lat' dir='ltr'><strong>tacti</strong></span> <span class='ocrx_word' id='word_1_779' title='bbox 2386 5650 2505 5694; x_wconf 88' lang='lat' dir='ltr'><strong>esse</strong></span> <span class='ocrx_word' id='word_1_780' title='bbox 2534 5635 2834 5695; x_wconf 84' lang='lat' dir='ltr'><strong>videantur.</strong></span> 
     </span>
    </p>
   </div>
  </div>
