3882 6326
270 394 370 457 HS,
1153 400 1428 458 NOTITIA
1471 404 1894 464 LITTERARIA
1926 409 1992 464 IN
2031 411 2086 465 S.
2131 411 2598 470 AUGUSTINUM.

3434 408 3531 482 tit

331 505 770 605 Bscuenoueass
801 506 1075 577 exemplar
1125 508 1295 563 citant
1341 511 1392 563 in
1423 510 1758 568 Tractatibus
1797 518 1849 568 in
1877 522 1929 582 Α
1954 520 2076 574 salis
2104 519 2388 576 Benedicti.
2422 524 2497 576 Ex
2526 538 2592 578 eo
2619 524 2763 594 (nam
2791 526 3050 597 singulari
3074 545 3297 587 numero
3319 548 3532 605 semper

266 596 613 667 Erangelium
644 594 871 650 Joannis
913 607 1057 653 tomo
1084 600 1229 653 tertio
1256 606 1312 654 et
1339 601 1391 654 in
1435 601 1564 656 libro
1591 602 1655 658 de
1681 603 1860 658 licere-

257 691 406 743 sibus
430 698 580 742 tomo
610 699 814 743 octavo.

331 782 783 836 BBLLOVACENSIS
814 780 1065 836 Ecclesiae
1109 786 1384 854 exemplar
1425 788 1855 857 antiquissimum

253 871 325 925 ad
362 871 641 925 Tractatus
690 871 743 924 in
787 869 1007 925 Joannis
1047 871 1358 941 Epistolam,
1403 877 1488 931 cui
1537 877 1605 931 ad
1653 879 1855 933 calcem

258 963 564 1030 ascriptum
609 959 773 1016 fuerit
815 979 829 1015 :
871 977 1007 1016 anno
1051 965 1186 1035 regis
1228 964 1481 1020 Clotharii
1525 969 1855 1036 duodecimo;

262 1053 427 1108 aliud
458 1055 579 1108 item
625 1053 694 1105 ad
722 1055 1030 1123 posteriores
1059 1055 1103 1108 L
1149 1056 1388 1113 Psalmos
1430 1067 1573 1116 temo
1619 1063 1764 1115 tertio
1804 1074 1858 1116 et

261 1156 464 1216 quarto
495 1154 687 1215 praesto
718 1144 835 1200 fuit.

331 1239 428 1294 Ab
493 1238 597 1293 hoc
655 1238 837 1293 dltl'ert
905 1239 1076 1295 codex
1141 1241 1569 1299 BELLOVACENSIS
1631 1245 1855 1299 abbati-vc

248 1334 310 1385 S.
339 1332 598 1399 Qum'rttu
624 1333 894 1390 adhibitus
925 1335 1112 1390 iisdem
1135 1337 1454 1405 Tractatibus
1478 1339 1527 1390 in
1571 1338 1855 1408 Episto’um

245 1422 518 1476 Joannis.

327 1520 676 1590 BENthﬂANI,
703 1521 742 1574 i.
772 1535 821 1574 e.
851 1521 1169 1576 bibliotheca
1195 1524 1233 1579 S
1280 1524 1498 1579 BENIGNI
1532 1522 1856 1576 Divionensis

246 1608 508 1666 codices.
551 1610 607 1664 In
653 1609 1117 1679 Retractatiquum
1163 1626 1218 1667 et
1251 1613 1660 1668 COLfCSSIUDum
1706 1612 1852 1666 libris

248 1714 440 1753 unum
474 1699 579 1765 700
602 1700 757 1754 annis
791 1701 1144 1769 antiquiorem
1173 1712 1374 1757 uolant.
1400 1702 1592 1764 Nescio
1621 1719 1686 1758 an
1715 1703 1852 1760 idem

247 1790 354 1849 sit,
375 1790 468 1858 qui
490 1789 543 1842 in
569 1789 815 1858 Epistolis
843 1806 1052 1860 quoque
1079 1801 1131 1846 et
1157 1791 1477 1846 Tractatibus
1503 1794 1554 1847 in
1575 1791 1850 1855 Joannem,

1961 611 2268 678 laudarunt)
2303 613 2564 684 Epistolas,
2596 615 2721 669 item
2773 616 2953 684 plures
2980 621 3110 675 tomi
3152 623 3306 689 primi
3349 633 3403 679 ct
3436 626 3532 682 ali-

1958 709 2088 768 qunt
2117 703 2244 755 tomi
2276 705 2461 771 octat-i,
2492 707 2612 758 noni
2642 711 2697 758 et
2725 707 2906 760 decimi
2945 709 3065 764 libri
3109 713 3348 782 castigati
3381 724 3528 769 sunt.

2027 791 2426 847 Ct=rencma~ts
2457 795 2687 859 abbatia',
2718 796 2858 851 haud
2892 799 3051 853 dubie
3076 799 3353 865 Parisinm,
3374 805 3533 870 codi-

1957 894 2069 936 ces.
2106 881 2181 934 Ex
2210 882 2578 948 Cistcrtiensi,
2607 886 2650 938 si
2684 886 2842 940 modo
2865 902 3001 939 unus
3028 888 3145 953 fuit,
3172 891 3366 958 singuli
3395 907 3533 960 pene

1959 972 2085 1025 tomi
2112 972 2286 1042 primi,
2316 975 2472 1039 tertii,
2502 977 2632 1028 sexti
2659 985 2710 1030 et
2741 979 2906 1030 octari
2950 979 3100 1042 libri,
3149 989 3255 1033 tum
3294 984 3534 1036 secundo

1960 1070 2104 1117 tomo
2138 1063 2384 1133 Epistoch
2407 1065 2786 1120 emcndantur.
2820 1068 3194 1123 Cisterciensis
3222 1084 3382 1138 porro
3413 1088 3534 1126 cre-

1959 1153 2056 1206 bro
2082 1153 2382 1222 appellatur
2425 1154 2476 1207 in
2533 1155 2886 1210 Sermonibus.
2943 1155 3084 1211 Duos
3137 1158 3531 1215 Cistercienses

1959 1244 2176 1298 laudant
2205 1246 2254 1298 in
2287 1245 2437 1300 libris
2478 1244 2543 1297 de
2585 1245 2846 1299 Consensu
2896 1247 3344 1317 Erangelistarum
3389 1259 3534 1304 tonio

1959 1335 2127 1399 tertio,
2151 1333 2213 1387 de
2237 1334 2450 1390 Civitate
2476 1334 2593 1399 Dei,
2615 1344 2764 1389 tomo
2789 1338 3032 1404 'septimo,
3067 1339 3202 1390 libro
3227 1340 3290 1392 de
3317 1341 3532 1393 diversis

1960 1426 2335 1493 Quwstionibus
2362 1434 2511 1482 tomo
2538 1436 2699 1489 sexto,
2733 1435 2785 1481 et
2810 1427 2874 1480 de
2898 1425 3080 1480 Gratia
3110 1437 3156 1480 et
3188 1428 3345 1481 libero
3381 1430 3533 1482 Arbi-

1956 1518 2056 1570 trio
2085 1527 2227 1571 tomo
2257 1517 2470 1572 decimo.

2028 1610 2126 1664 PP.
2155 1610 2600 1666 Ctsrencmuswu
2623 1612 2683 1667 S.
2710 1612 2888 1666 Crucis
2915 1614 2970 1666 iu
2998 1613 3292 1667 Jerusalem
3317 1615 3370 1667 in
3397 1614 3533 1669 Urbe

1953 1702 2123 1758 codex
2149 1711 2320 1759 vetus.
2355 1704 2511 1760 Exeo
2545 1705 2686 1759 edita
2714 1706 3044 1774 estprimum
3077 1705 3313 1776 Epistola
3343 1706 3431 1772 29,
3465 1709 3531 1760 ad

1958 1795 2217 1864 Alypium.
2260 1795 2449 1851 Plures
2494 1796 2547 1849 in
2600 1796 2936 1851 Sermonibus
2965 1797 3203 1866 laudant,
3244 1813 3312 1852 ex
3357 1798 3532 1866 iisque

250 1878 408 1934 libro
436 1879 501 1933 de
529 1880 740 1933 diversis
775 1881 1146 1944 Quwstionibus
1181 1890 1360 1938 contra
1390 1883 1752 1948 Mendacium,
1793 1882 1857 1939 de
1888 1884 1928 1942 ll
1956 1885 2280 1939 Semnonum
2308 1886 2515 1954 aliquot
2538 1887 2879 1942 occasionem
2916 1887 3171 1941 didicisse
3217 1901 3276 1941 se
3323 1887 3529 1952 dicunt,

247 1969 404 2024 Cura
449 1985 546 2036 pro
572 1971 786 2023 mortuis
811 1971 1052 2041 gerenda,
1085 1973 1148 2026 de
1189 1972 1454 2038 Triuitate,
1495 1983 1623 2041 etc.,
1658 1981 1852 2042 prmsto

245 2059 388 2112 fuit.
422 2059 698 2124 Codicem,
729 2075 834 2129 quo
863 2060 914 2114 in
947 2060 1083 2116 libro
1111 2062 1174 2115 de
1204 2061 1446 2132 Symbolo
1470 2063 1547 2115 usi
1577 2071 1720 2130 sunt,
1750 2061 1855 2118 800

246 2165 541 2204 annorum
567 2158 773 2205 atatem
819 2150 1075 2220 praeferre
1123 2152 1362 2208 tradunt.
1391 2151 1519 2212 Tres
1563 2161 1653 2207 aut
1683 2153 1854 2226 plures

249 2244 590 2300 habuerunt
613 2243 674 2295 ad
706 2242 996 2297 Sermones
1025 2243 1385 2312 castigandus.

329 2335 792 2388 Bemunntsonuu
813 2335 1014 2405 collegii
1033 2333 1336 2387 Purisiensis
1349 2333 1519 2388 codex
1539 2349 1641 2390 ms.
1659 2350 1788 2387 unus
1802 2344 1855 2388 et

249 2427 423 2479 alter.
479 2425 681 2480 Profuit
723 2427 775 2478 in
827 2426 982 2481 libris
1013 2426 1076 2478 de
1113 2426 1280 2496 Opere
1311 2424 1676 2479 monac/torum
1707 2435 1852 2481 tomo

251 2524 435 2579 sexto,
477 2516 605 2569 item
653 2514 1048 2585 Expositionum
1086 2516 1334 2583 Epistola:
1372 2516 1440 2570 ad
1486 2516 1760 2584 Romanos,
1799 2527 1852 2571 ct

246 2607 485 2671 Galatas
522 2616 668 2660 tomo
708 2609 873 2672 tertio,
915 2622 1014 2662 nec
1045 2623 1149 2662 nou
1186 2609 1338 2663 libris
1376 2608 1467 2664 VII
1498 2609 1561 2662 dc
1599 2609 1851 2679 baptismo

243 2700 503 2755 ctlibris
531 2699 599 2753 IV
645 2707 822 2752 contra
867 2699 1191 2757 Cresconium
1228 2710 1375 2754 tomo
1421 2717 1573 2754 nouo.
1621 2701 1852 2754 Alterum

241 2789 553 2859 appellant
580 2787 645 2841 ad
673 2788 828 2841 libros
858 2800 1037 2843 contra
1074 2788 1417 2843 Maximinum
1444 2798 1491 2841 et
1523 2789 1852 2842 collationem

239 2896 388 2940 cum
425 2880 624 2934 eodem.
663 2879 934 2934 Diversum
963 2881 1032 2935 ab
1062 2881 1164 2935 hoc
1194 2890 1320 2949 puto
1352 2880 1544 2934 librum
1575 2878 1693 2937 PP.
1739 2880 1852 2935 Fu-

242 2973 514 3032 tieusium
542 2972 769 3028 cmuobii
800 2972 859 3027 S.
880 2972 1129 3026 Bernardi
1151 2972 1383 3034 Parisiis,
1409 2971 1552 3041 quod
1575 2973 1854 3044 exemplar

246 3063 523 3118 Fuls’ense
545 3064 820 3132 appellare
845 3064 1041 3119 solent.

324 3157 796 3211 BERNARDINOBUI
824 3158 889 3211 de
918 3155 1267 3210 misericordia
1295 3155 1392 3210 Dei
1422 3156 1556 3211 liber
1579 3169 1679 3210 ms.
1714 3169 1853 3210 unus

247 3249 523 3303 laudatur
550 3249 603 3302 in
633 3248 774 3302 libro
801 3247 864 3301 de
897 3246 1062 3317 Opere
1091 3246 1478 3301 monac/torum.

327 3339 635 3395 S.Bsarnu
657 3341 707 3393 in
735 3338 916 3409 Belgio
938 3339 1105 3394 codex
1131 3338 1501 3408 perantiquus,
1533 3337 1674 3393 unde
1701 3345 1856 3392 eruta

246 3439 340 3493 est.
375 3427 625 3498 Epistola
654 3428 933 3499 Augustini
963 3429 1030 3483 ad
1061 3427 1420 3494 Mercatorem,
1451 3441 1570 3497 qua:
1602 3427 1653 3481 in
1687 3427 1856 3482 Bene-

247 3520 472 3574 dictina
503 3519 734 3586 primum
764 3518 963 3588 prodiit
986 3534 1136 3574 num.
1166 3518 1291 3582 I95.

332 3611 676 3665 Βισοτωευε
703 3624 800 3664 seu
830 3609 1002 3664 codex
1035 3624 1134 3663 ms.
1162 3624 1228 3664 ex
1261 3608 1584 3664 bibliotheca
1633 3609 1856 3662 Ennium

254 3704 441 3758 Btcor
459 3701 911 3772 Rothomagensis.
945 3702 1022 3755 Ex
1038 3716 1102 3755 co
1129 3700 1560 3769 suntrccognita,
1588 3699 1855 3767 epistulaz,

254 3794 481 3862 aliquot
507 3792 634 3846 libri
661 3792 787 3845 tomi
810 3793 962 3855 sexti,
991 3791 1053 3844 de
1075 3790 1289 3844 Civitate
1320 3791 1410 3844 Dei
1444 3800 1586 3843 tumo
1616 3790 1855 3857 septimo,

261 3886 398 3941 libri
434 3885 497 3938 de
532 3883 734 3937 Natura
762 3884 902 3948 boni,
943 3884 1005 3936 de
1043 3881 1294 3936 Trinitate
1318 3881 1433 3946 XV,
1467 3892 1611 3935 tomo
1658 3889 1855 3945 octavo,

257 3985 317 4034 et
349 3975 475 4028 libri
502 3988 599 4028 sex
629 3983 804 4027 contra
833 3972 1112 4027 lulianum
1145 3983 1292 4028 tomo
1322 3973 1538 4026 decimo.

339 4063 812 4119 Cancassoasnsrs
829 4063 1077 4117 Ecclesia:
1100 4064 1233 4117 liber
1259 4077 1360 4116 ms.
1384 4062 1632 4115 laudatur
1652 4060 1718 4114 ad
1734 4059 1857 4115 Ser-

264 4171 468 4212 mones
489 4163 638 4209 tomo
663 4156 838 4224 quinto
864 4164 918 4209 et
943 4154 1008 4208 ad
1038 4153 1300 4208 Tractatus
1328 4151 1468 4206 CXX
1478 4150 1504 4204 I
1519 4150 1558 4205 V
1578 4152 1628 4205 in
1642 4149 1860 4206 Joannis

267 4246 624 4314 Evangelium
657 4255 800 4301 tomo
826 4247 997 4299 tertio.

348 4338 740 4403 anxorsmsrs,
775 4339 809 4390 i.
842 4351 893 4390 e.
918 4337 1137 4390 abbatice
1166 4336 1226 4390 S.
1262 4337 1404 4390 Petri
1431 4338 1486 4390 in
1516 4337 1644 4391 valle
1663 4336 1860 4392 Carno-

271 4434 415 4487 tonsi
444 4430 630 4487 codex.
661 4433 824 4487 Unius
848 4433 1057 4488 mentio
1085 4434 1143 4486 lit
1172 4434 1237 4487 ad
1270 4434 1466 4486 librum
1504 4445 1686 4487 contra
1713 4435 1860 4488 Men-

265 4524 486 4591 dacium
514 4531 657 4576 torno
691 4533 852 4589 sexto,
893 4523 1278 4579 libroscontra
1312 4520 1569 4576 Faustum
1599 4531 1743 4575 tomo
1774 4540 1859 4576 oc-

1956 1975 2191 2044 iteutque
2219 1988 2325 2044 quo
2351 1975 2472 2030 loco
2497 1989 2594 2030 eos
2620 1975 2951 2042 Augustinus
2977 1976 3190 2031 dixerit.

2023 2065 2512 2122 Cttnmxttenms
2553 2067 2775 2122 abbatiae
2817 2068 3093 2137 exemplar
3141 2067 3389 2121 librorum
3444 2085 3532 2122 sea:

1955 2169 2135 2212 contra
2159 2160 2435 2214 secundam
2459 2159 2662 2214 Juliani
2681 2160 3082 2228 responsionem.
3100 2160 3212 2214 Iloc
3232 2159 3404 2229 ipsum
3423 2168 3526 2224 est,

1957 2265 2019 2303 cx
2060 2265 2166 2318 quo
2197 2251 2400 2318 primus
2428 2265 2526 2305 eos
2553 2250 2960 2318 deprompserat
3009 2250 3303 2320 Vignerius,
3335 2265 3398 2305 ex
3439 2266 3529 2304 eo-

1955 2355 2058 2409 que
2085 2339 2266 2394 denuo
2293 2341 2662 2409 discrepantes
2707 2355 2734 2392 a
2782 2340 3104 2409 Vigueriana
3148 2339 3384 2394 editione
3419 2340 3526 2395 lec-

1956 2432 2131 2485 tiones
2159 2431 2211 2485 in
2241 2445 2396 2485 usum
2425 2431 2893 2486 Benedictinorum
2921 2443 3194 2500 excerptas
3222 2442 3366 2486 sunt.

2021 2524 2380 2577 (Ξοωεῐιτικιε
2409 2523 2728 2576 bibliomeca:
2755 2523 2970 2577 codices
2997 2523 3304 2590 complures
3335 2537 3531 2590 suppe-

1954 2614 2057 2666 tias
2089 2613 2345 2667 tulerunt.
2377 2612 2504 2665 Erat
2524 2613 2669 2666 cnim
2693 2612 2806 2665 bmc
2831 2612 3157 2666 bibliotheca
3181 2611 3330 2664 libris
3354 2619 3532 2664 vetus-

1954 2702 2024 2753 tis
2055 2701 2497 2764 inStructissima,
2528 2703 2618 2768 qui
2647 2715 2840 2754 omnes
2869 2700 3068 2753 deinde
3102 2700 3153 2752 in
3195 2699 3403 2767 Regiam
3430 2701 3531 2751 mi-

1953 2798 2194 2858 grarunt.
2236 2789 2293 2842 In
2328 2797 2475 2841 tomo
2515 2790 2680 2856 primo
2717 2787 2846 2839 nulli
2887 2785 3196 2846 adfuerunt,
3243 2785 3335 2838 sed
3372 2785 3534 2850 Epis-

1957 2879 2075 2933 tola:
2099 2878 2246 2947 juxta
2280 2877 2496 2932 eosdem
2528 2888 2772 2931 excussa:
2815 2881 2957 2930 sunt.
3005 2873 3318 2928 Laudantur
3366 2873 3532 2928 etiam

1957 2969 2119 3023 modo
2152 2985 2306 3034 unus,
2339 2967 2497 3022 modo
2523 2969 2628 3021 duo
2660 2966 2714 3020 in
2746 2975 2891 3021 tomo
2924 2967 3071 3019 tertio
3114 2975 3167 3021 et
3195 2974 3371 3028 sexto;
3398 2965 3527 3020 item

1957 3074 2101 3119 tomo
2127 3071 2312 3132 quarto
2341 3062 2393 3115 in
2423 3059 2856 3115 Enarrationibus
2883 3058 2936 3112 in
2966 3057 3201 3112 Psalmos
3237 3057 3531 3112 Colbertini

1955 3158 2168 3214 codices
2192 3159 2408 3227 optima:
2440 3164 2580 3211 notae
2603 3156 2700 3227 (a);
2727 3166 2825 3212 tres
2847 3157 2911 3210 ad
2935 3167 3070 3224 Opus
3089 3153 3152 3206 de
3174 3152 3385 3205 Civitate
3413 3149 3527 3203 Dei.

1881 3242 1926 3305 C
1959 3248 2163 3303 Passim
2191 3249 2354 3303 etiam
2381 3247 2432 3301 in
2469 3257 2616 3301 torno
2640 3257 2818 3301 octavo
2865 3261 3052 3301 corum
3103 3243 3161 3298 lit
3204 3241 3428 3306 mentio,
3481 3249 3533 3295 et

1957 3340 2170 3410 quidem
2215 3339 2282 3394 ad
2329 3340 2524 3394 librum
2567 3339 2632 3392 de
2676 3338 2996 3403 Ilwresibus,
3049 3344 3271 3406 quatuor
3323 3347 3533 3387 memo-

1958 3438 2178 3496 rantur;
2210 3431 2261 3484 in
2293 3431 2486 3484 decimo
2513 3445 2642 3483 vero
2669 3429 2737 3482 ad
2767 3428 3013 3497 singulos
3036 3426 3146 3480 fere
3175 3425 3340 3479 libros
3364 3424 3534 3478 citan~

1959 3529 2063 3575 tur.
2095 3522 2237 3576 Inter
2260 3523 2461 3589 plures,
2503 3535 2568 3573 ex
2605 3521 2800 3588 quibus
2841 3520 3115 3574 Sermones
3166 3525 3313 3570 tomo
3357 3515 3534 3582 quinto

1958 3611 2200 3680 ca~tigati
2238 3619 2388 3672 sunt,
2433 3625 2595 3662 unum
2640 3610 2913 3676 prarcipue
2953 3611 3405 3667 commemorant,
3444 3604 3535 3670 qui

1958 3703 2055 3756 821
2091 3710 2302 3756 notatus
2326 3700 2506 3768 fuerit,
2530 3699 2825 3753 Sermones
2856 3698 2924 3752 de
2941 3694 3123 3750 verbis
3146 3693 3418 3761 Evangelii
3443 3708 3536 3746 ve-

1960 3794 2058 3847 teri
2091 3792 2302 3857 ordine,
2336 3790 2628 3844 secundum
2661 3802 2816 3858 quem
2848 3789 2900 3841 iu
2935 3785 3093 3841 Beda:
3121 3799 3214 3840 seu
3247 3783 3397 3838 Flori
3425 3784 3536 3835 col-

1960 3885 2191 3940 lectione
2217 3884 2534 3953 plerumquc
2564 3880 2867 3944 laudantur,
2901 3880 3142 3946 digestos
3165 3876 3529 3942 complexum,

1959 3976 2134 4045 iisque
2158 3975 2390 4028 insertos
2425 3972 2710 4042 quosdam,
2745 3986 2970 4038 quorum
3014 3969 3095 4023 vel
3141 3967 3273 4022 nihil
3315 3979 3535 4035 prorsus

1961 4069 2015 4122 in
2052 4076 2176 4121 ante
2196 4067 2378 4129 editis,
2407 4065 2489 4120 vel
2519 4065 2815 4133 fragmenta
2843 4063 3018 4117 solum
3045 4061 3350 4116 exstabant.
3386 4059 3440 4112 lu
3480 4059 3536 4110 li-

1961 4162 2057 4217 bro
2077 4161 2140 4214 de
2167 4159 2434 4214 Mendacio
2456 4165 2598 4212 lomo
2617 4169 2760 4212 sexto
2782 4157 3126 4211 Colbertinus
3147 4155 3250 4211 800
3271 4169 3532 4208 annorum

1961 4261 2018 4307 et
2043 4251 2239 4307 ibidem
2283 4251 2338 4305 in
2368 4249 2506 4304 libro
2536 4249 2600 4302 de
2636 4247 2801 4318 Opere
2842 4247 3206 4301 monachorum
3248 4246 3385 4298 alius
3431 4245 3535 4297 900

1961 4342 2075 4397 fere
2105 4355 2368 4398 annorum
2403 4339 2722 4409 appellatur.
2775 4338 2851 4392 Ex
2883 4336 3191 4392 Colbertina
3237 4335 3422 4388 itidem
3460 4335 3535 4384 bi-

1962 4432 2228 4488 bliotheca
2251 4433 2392 4485 nacti
2415 4440 2542 4485 sunt
2566 4430 2814 4486 codicem
2839 4429 3025 4498 Operis
3054 4425 3334 4496 imperfecti
3356 4431 3535 4476 contra

1961 4524 2238 4579 secundant
2259 4522 2462 4577 Juliani
2483 4524 2860 4593 responsionem
2885 4521 3130 4575 mutilum
3173 4518 3330 4571 tertia
3357 4523 3529 4580 parte,

266 4626 389 4668 tavo
440 4624 496 4668 et
537 4614 733 4668 librum
775 4621 949 4666 contra
994 4613 1368 4676 Secundinum,
1410 4614 1501 4684 qui
1533 4615 1584 4668 in
1627 4614 1855 4684 Belgicis
1882 4605 2110 4671 Dillum
2159 4614 2334 4683 ipsum
2373 4627 2589 4682 nempe,
2627 4628 2692 4667 ex
2733 4626 2839 4684 quo
2877 4611 3125 4665 Claudius
3167 4604 3444 4658 Menardus
3481 4620 3527 4656 ει.

265 4706 561 4766 codicibus
585 4704 786 4760 frustra
815 4706 1071 4775 quaesitus
1097 4721 1163 4758 cx
1185 4720 1250 4760 eo
1277 4706 1436 4759 unico
1462 4706 1530 4759 ab
1557 4706 1853 4760 innumeris

266 4801 487 4856 mendi;
509 4811 832 4871 repurgatus
858 4815 977 4856 esse
1007 4800 1222 4869 dicitur,
1255 4803 1386 4856 item
1413 4801 1610 4854 librum
1642 4803 1705 4853 de
1733 4801 1850 4854 Na-

261 4902 392 4944 tura
411 4900 470 4946 ct
500 4890 706 4956 Gratia,
727 4899 778 4947 et
800 4893 863 4947 de
889 4891 1207 4963 Perfectione
1228 4891 1449 4950 hominis
1474 4901 1616 4945 tomo
1635 4891 1850 4944 decimo.

347 4984 431 5035 Ab
466 4983 530 5036 iis
562 4983 808 5038 diversus
837 4991 922 5039 est
961 4984 1098 5038 liber
1139 4983 1420 5038 Ecccesm
1466 4979 1849 5046 Canuureusm,

257 5072 365 5141 qui
397 5071 646 5126 laudatur
674 5074 727 5126 in
760 5074 1106 5127 Sermonibus.

332 5163 760 5216 Casaumsrsscu
775 5161 1088 5230 CASALINUS,
1107 5163 1141 5218 i.
1159 5177 1210 5218 e.
1226 5163 1394 5219 codex
1409 5175 1510 5215 ms.
1529 5160 1741 5220 carnobii
1755 5162 1854 5218 Ca,-

345 5325 422 5393 (a)
462 5325 607 5383 Inter
638 5326 735 5380 hos
756 5328 917 5381 etiam
948 5335 1065 5380 erat
1087 5342 1242 5387 unus,
1275 5328 1363 5393 qui
1399 5326 1665 5394 Epitomen
1698 5325 1848 5380 Com-

252 5398 641 5451 mentariorum
680 5397 956 5465 Augustini
1013 5396 1065 5448 in
1103 5395 1335 5450 Psalntos
1380 5398 1711 5464 continebat,
1759 5397 1842 5449 cui

250 5466 440 5518 codici
475 5466 837 5535 propylmum,
874 5481 1102 5519 camera)
1135 5465 1302 5519 forma
1351 5466 1416 5518 ad
1456 5465 1672 5519 Daridis
1700 5481 1846 5519 com-

256 5536 615 5598 plectendam
658 5537 945 5602 imaginem
985 5536 1250 5601 appictum
1275 5575 1290 5596 ,
1326 5536 1757 5602 conspiciebatur
1795 5543 1844 5588 et

256 5605 593 5670 inscriptum
625 5607 709 5658 his
739 5606 804 5657 ad
839 5605 1098 5658 fornicem
1126 5605 1337 5656 verbis:
1369 5604 1663 5672 Lundulfus
1691 5621 1847 5656 orans

255 5673 408 5745 hunc
439 5674 666 5745 libellum
704 5675 818 5741 ﬁeri
847 5677 1037 5745 jussit,
1069 5691 1170 5745 pro
1193 5690 1293 5742 quo
1331 5675 1487 5743 [unde
1522 5690 1693 5745 preces
1709 5689 1848 5745 “car-

258 5744 412 5794 mina
453 5745 538 5808 qui
575 5744 732 5812 legis.
762 5741 866 5799 etc'.
901 5744 979 5796 Ad
1019 5741 1262 5813 imaginis
1293 5741 1418 5797 vero
1453 5744 1618 5813 pedes
1642 5761 1657 5813 7:
1695 5741 1850 5795 Orate

260 5827 364 5875 pro
428 5814 671 5879 Annona,
710 5813 806 5868 hoc
854 5815 1109 5882 supplico.
1141 5812 1146 5813 7
1176 5813 1371 5869 Versus
1426 5812 1653 5882 subjecti
1713 5826 1845 5867 con-

1962 4709 2100 4765 IGI7
2134 4709 2363 4777 primum
2392 4707 2606 4775 priores
2634 4705 2770 4760 duos
2800 4705 2966 4758 libros
2995 4699 3381 4768 publicaverat.

2029 4801 2084 4857 In
2115 4799 2475 4855 Colbertinam
2518 4797 2896 4852 bibliothecam
2934 4793 3042 4859 jam
3076 4799 3207 4854 tum,
3242 4788 3423 4842 nescio
3466 4803 3531 4842 an

1957 4906 2168 4955 omnes.
2187 4890 2511 4946 transierant
2529 4887 2754 4941 Thuanei
2769 4897 2895 4936 mss.
2908 4922 2922 4941 .
2939 4880 3078 4935 unde
3091 4877 3325 4933 Thuanei
3338 4879 3534 4934 codices

1960 4980 2231 5035 interdum
2261 4976 2514 5032 censendi
2546 4983 2670 5027 sunt
2695 4988 2758 5027 ex
2787 4970 3114 5036 Colbertina,
3147 4984 3198 5024 c.
3229 4983 3282 5040 ε.
3311 4967 3364 5023 in
3398 4968 3532 5021 libro

1962 5073 2024 5126 de
2047 5073 2219 5140 Agone
2251 5068 2562 5130 Christiano,
2594 5076 2648 5120 et
2677 5065 2822 5118 Bono
2854 5066 3116 5137 conjugali
3151 5073 3296 5119 temo
3326 5071 3484 5115 sexto.

2030 5163 2482 5222 Couraamsssss,
2513 5156 2626 5210 vide
2652 5157 3067 5213 Conssutsusss.

1958 5333 2101 5379 stant
2126 5321 2241 5377 XIV
2270 5319 2536 5384 disticltis,
2562 5318 2825 5388 incipiunt
2855 5334 2866 5370 :

2045 5481 2235 5532 Cantica
2259 5480 2490 5530 Davidico
2513 5479 2754 5530 Christum
2779 5476 3073 5526 modulantia
3099 5473 3313 5534 plectro,

2135 5543 2405 5604 Explanata
2444 5547 2584 5590 tcnet
2608 5539 2806 5588 ﬂoridus
2833 5541 2924 5585 iste
2948 5537 3089 5582 liber.

1958 5648 2209 5701 Finiuut:

2047 5757 2208 5816 Atque
2232 5758 2353 5803 duos
2374 5756 2502 5802 inter
2521 5754 2824 5816 Clieriiliinos
2845 5763 2963 5816 socc
2993 5751 3247 5802 tremenda

2137 5812 2345 5878 Intonat,
2375 5823 2424 5864 et
2443 5815 2593 5874 rapidi
2620 5812 2825 5874 fulguris
2852 5813 2964 5873 igne
2984 5819 3145 5874 micat.
