3882 6310
445 389 546 447 115

1319 349 1872 432 sacramentum
1913 373 2003 428 AD
2040 371 2270 430 OPERA
2307 375 2366 432 s.
2410 377 2802 435 aususnon.

3582 376 3667 430 illi

511 498 900 552 (lonnstlttsns.
941 486 1319 558 Antiquissimi
1359 492 1414 539 ct
1443 483 1892 540 numerosissimi.
1923 482 2022 538 Vix
2055 486 2102 544 A
2200 487 2585 544 Fennsnressrs
2609 489 2826 542 abbatite
2853 488 3017 550 codex
3054 474 3228 559 riginti
3264 506 3353 542 sex
3387 488 3668 558 psalmascx

444 589 587 643 cnim
615 587 758 642 ullus
781 583 916 638 liber
945 588 1051 648 est,
1083 580 1212 648 quin
1244 577 1311 634 ad
1339 575 1564 632 eosdem
1589 575 1880 644 castigatus
1909 575 2024 630 lite-

446 681 539 733 rit.
564 675 696 731 Nam
737 675 807 728 ab
833 671 986 727 initio
1012 671 1192 724 statim
1211 711 1226 736 ,
1250 667 1316 722 ad
1349 667 1792 720 Retractalionnm
1821 666 2019 729 libros,

446 767 647 822 librum
679 766 744 818 de
787 762 982 817 Ordine
1010 769 1066 816 et
1098 761 1352 830 Regulam
1379 758 1448 811 ad
1477 757 1661 812 Servos
1701 753 1800 810 Dei
1831 763 2028 824 praesto

445 860 546 913 fuit
577 851 749 913 codex
781 857 885 911 900
920 855 1089 908 ferme
1125 867 1297 908 annos
1339 851 1664 920 pra~le:ens;
1713 848 1778 903 ad
1817 847 2030 918 Confes-

445 954 612 1006 siones
638 948 960 1004 Corbeiensis
990 957 1116 1001 ante
1157 960 1328 1000 annos
1360 945 1461 998 700
1486 943 1725 1011 scriptus
1757 939 2023 1003 laudatur,

449 1051 504 1094 cl.
529 1041 607 1095 sic
651 1039 717 1092 ad
759 1053 948 1093 omnes
983 1051 1120 1107 pene
1149 1036 1278 1090 tomi
1314 1032 1474 1101 primi
1506 1031 1707 1095 libros,
1741 1029 2032 1084 Corhcien-

447 1133 590 1186 sium
623 1131 843 1201 Optimae
877 1138 1019 1184 nota:
1051 1127 1107 1188 lit
1133 1125 1356 1180 mentio.

523 1221 624 1288 Qui
653 1220 720 1276 ad
753 1219 1018 1288 Epistolas
1059 1225 1209 1270 tomo
1238 1213 1461 1268 secundo
1489 1210 1716 1264 adhibiti
1744 1218 1889 1272 sunt,
1917 1208 2030 1278 plc-

451 1314 606 1384 rique
639 1321 763 1366 ante
793 1324 966 1364 annos
988 1308 1092 1363 800
1121 1315 1216 1360 aut
1244 1305 1348 1360 900
1378 1303 1566 1372 scripti
1595 1302 1871 1357 dicuntur.

522 1402 677 1458 Tomi
708 1401 846 1455 tertii
868 1400 1013 1463 libri,
1029 1406 1255 1464 excepto
1279 1409 1410 1463 uno,
1435 1407 1626 1448 omnes
1649 1392 1715 1446 ad
1738 1389 2032 1445 Corbeien-

451 1508 542 1550 ses
591 1490 802 1547 excussi
858 1498 1022 1558 sunt,
1075 1502 1305 1556 quorum
1361 1500 1499 1539 unus
1554 1486 1620 1539 ad
1683 1482 2032 1550 Quastionmn

454 1583 659 1656 Evang.
695 1581 888 1646 libros,
912 1580 1034 1644 900,
1066 1580 1194 1633 item
1226 1577 1364 1631 alter
1395 1576 1459 1630 ad
1482 1575 1651 1630 libros
1679 1573 1743 1626 de
1772 1571 2033 1626 Consensu

454 1673 926 1747 Evangelislarnm,
953 1672 1058 1728 900
1085 1679 1177 1724 aut
1200 1669 1336 1726 1000
1349 1681 1522 1723 annos
1541 1666 1740 1721 habere
1759 1676 1812 1720 et
1834 1665 2032 1734 optima

453 1782 617 1823 manu
651 1765 959 1837 descriptus
989 1763 1206 1818 dicitur.

2130 595 2294 650 opere
2321 571 2758 648 Enarrationum,
2783 595 2977 649 nempe
3009 578 3433 642 LXIII-XCVI“,
3459 581 3673 648 comple-

2129 675 2396 730 ctebatur.
2503 743 2510 748 κ

2203 764 2578 820 Frscmnensrs
2609 763 2751 823 liber
2779 778 2882 819 ms.
2914 763 3144 819 Notatur
3170 762 3236 817 ad
3266 761 3457 816 librum
3487 759 3546 813 de
3575 758 3678 814 lla~

2129 859 2290 931 gistro
2317 867 2461 912 tomo
2486 858 2674 928 primo,
2717 857 2784 910 ad
2824 857 3018 912 librum
3045 856 3108 909 de
3138 853 3403 909 Cansensu
3434 849 3680 921 Evangeli-

2130 959 2324 1001 storum
2363 957 2510 1001 tomo
2537 948 2705 1011 tertio,
2739 945 2805 1000 ad
2833 946 3025 999 librum
3054 945 3116 997 de
3143 939 3534 998 Catechfzandis
3561 939 3683 991 rudi-

2133 1040 2222 1092 bus
2252 1049 2398 1094 tomo
2426 1047 2591 1104 sexto,
2619 1036 2811 1091 Contra
2835 1037 3184 1090 adversarium
3212 1036 3338 1104 legis
3381 1040 3425 1084 οι-
3442 1029 3685 1100 propheta-

2132 1145 2248 1184 rum
2277 1140 2423 1185 tomo
2452 1138 2653 1184 octavo.
3097 1183 3103 1188 _

2207 1221 2623 1277 Ftomncnasxs.
2667 1213 2997 1274 Bibliotheca:
3042 1216 3393 1272 Floriarensis
3438 1230 3552 1267 mss.
3605 1213 3692 1266 lrc-

2134 1311 2486 1382 quontissime
2533 1311 2818 1366 laudantur
2868 1325 2972 1365 non
3019 1312 3190 1364 solum
3230 1308 3300 1362 ad
3358 1309 3591 1377 integros
3625 1315 3687 1357 ιο⁴

2137 1420 2276 1468 mos,
2306 1404 2466 1459 veluti
2495 1403 2816 1470 secundum,
2841 1401 3142 1472 Epistolas;
3179 1408 3453 1468 quartum,
3472 1395 3697 1450 ‘Enarra—

2136 1496 2302 1549 tiones
2339 1495 2394 1548 in
2425 1494 2706 1560 Psalmas;
2749 1494 3017 1562 quintum,
3051 1493 3326 1546 Sermones
3359 1488 3694 1558 complecten-

2139 1600 2244 1647 tem
2267 1605 2522 1661 :quorum
2557 1589 2683 1652 illis,
2703 1587 2793 1657 qui
2816 1588 2880 1640 ad
2915 1595 3117 1639 tomum
3144 1595 3398 1654 quartum
3423 1593 3697 1636 memoran-

2139 1695 2250 1751 tur,
2307 1683 2433 1738 anni
2482 1681 2788 1736 tribuuntur
2833 1678 2975 1742 700;
3017 1677 3109 1731 sed
3153 1678 3314 1730 etiam
3363 1673 3430 1729 ad
3478 1671 3698 1742 singulos

2140 1774 2310 1830 libros
2338 1788 2433 1843 per
2472 1772 2685 1828 diversa
2727 1770 3024 1833 volumina,
3065 1768 3227 1823 veluti
3277 1767 3342 1820 ad
3377 1761 3699 1818 Παναιτιαιὶοσ

523 1860 605 1927 Ad
651 1859 821 1914 libras
863 1857 1271 1911 Enarrationunt
1310 1853 1364 1908 in
1397 1853 1637 1911 Psalmos
1671 1859 1815 1904 tomo
1845 1856 2032 1918 quarto

2158 1881 2227 1921 tes
2248 1874 2302 1921 et
2320 1864 2518 1920 librum
2545 1864 2609 1918 de
2637 1863 2936 1928 Quantitate
2960 1861 3166 1921 animte,
3197 1859 3404 1928 primo;
3434 1855 3499 1910 ad
3527 1866 3699 1908 omnes

454 1952 680 2008 adhibiti
713 1959 834 2010 sunt
870 1965 968 2020 per
1005 1957 1178 2004 tctum
1211 1960 1376 2018 opus,
1409 1947 1546 2012 duo,
1573 1944 1626 1998 in
1665 1941 1885 1998 eosdem
1925 1948 2034 1994 tra-

452 2051 626 2099 ctatus
668 2041 937 2103 interdum
992 2040 1200 2111 plures,
1252 2038 1496 2109 plerique
1545 2045 1674 2091 ante
1717 2048 1887 2091 annos
1928 2031 2034 2087 800

452 2135 669 2204 scripti.

527 2227 740 2283 Pariter
778 2227 831 2283 in
874 2225 1212 2286 Sermonibus
1263 2232 1409 2279 tomo
1452 2221 1628 2292 quinto
1675 2215 2036 2272 Cnrbeienses

457 2320 676 2387 optima:
706 2328 848 2374 notae
878 2327 932 2374 et
958 2317 1305 2374 vctuszissimi
1341 2325 1616 2375 uetantur,
1645 2319 1700 2364 et
1726 2311 1778 2364 in
1811 2307 2037 2376 singulis

453 2425 594 2481 pene
619 2411 747 2464 tomi
776 2411 906 2464 sexti
937 2407 1092 2463 libris
1120 2407 1334 2463 codices
1359 2405 1463 2460 800
1481 2412 1536 2458 et
1559 2402 1949 2458 900Vannorum
1985 2405 2040 2452 et

457 2502 525 2562 ad
557 2501 723 2556 libros
750 2501 814 2555 de
842 2501 1056 2555 diversis
1100 2497 1486 2566 Quwstionibus
1528 2494 1597 2547 ad
1644 2489 2039 2561 Simpliciamtm

458 2610 600 2652 unus
629 2595 979 2663 peregregius
1016 2600 1134 2645 ante
1164 2606 1328 2644 annos
1368 2588 1510 2642 mille
1535 2584 1862 2653 descriptus.
1891 2580 1948 2634 ln
1982 2580 2043 2632 li-

455 2684 571 2744 bris
603 2685 666 2738 de
682 2683 894 2739 Civitate
927 2684 1020 2737 Dei
1047 2694 1196 2737 tomo
1223 2683 1433 2754 septimo
1456 2686 1654 2750 praesto
1677 2677 1893 2731 luerunt
1914 2674 2040 2729 duo.

456 2777 569 2844 Nec
598 2778 811 2847 parcius
842 2779 894 2832 in
914 2776 1078 2831 tribus
1108 2775 1479 2847 posterioribus
1507 2772 1668 2826 tomis
1696 2768 2044 2823 Corbeiensis

458 2870 695 2923 abbatia:
749 2869 1012 2921 librorum
1063 2866 1561 2932 antiquissimorum
1610 2870 1666 2913 et
1707 2857 2046 2924 elegantissi-

455 2973 670 3012 mormn
704 2957 762 3009 lit
785 2955 1011 3018 mentib,
1040 2961 1096 3006 et
1126 2953 1180 3005 in
1215 2953 1409 3004 ultimo
1433 2948 1648 3015 quidem
1681 2946 1747 2998 ad
1784 2946 1950 2998 libros
1981 2945 2046 2996 de

459 3047 645 3102 Gratia
685 3057 731 3099 et
762 3046 917 3098 libero
956 3041 1213 3107 Arbitrio,
1249 3053 1347 3093 nec
1383 3053 1488 3091 non
1531 3036 1596 3087 de
1636 3033 1968 3100 Correptione
1997 3041 2044 3084 et

459 3141 644 3194 Gratia
689 3153 854 3190 unum
890 3134 1311 3190 vetustissimum
1359 3141 1479 3183 ante
1520 3128 1663 3182 mille
1703 3142 1865 3179 annos
1912 3125 2045 3178 scri-

458 3240 608 3299 plum
629 3237 978 3284 censuerunt.

529 3322 736 3376 Aderat
761 3335 975 3391 quoque
1002 3334 1066 3375 ex
1098 3317 1285 3372 eadem
1314 3314 1636 3372 bibliotheca
1667 3312 2045 3378 Excrrptorum

459 3415 722 3485 Engyppii
754 3415 916 3467 codex
943 3421 998 3466 et
1025 3411 1160 3466 liber
1197 3426 1297 3465 ms.
1330 3419 1454 3463 ante
1484 3421 1656 3461 annos
1686 3402 1906 3460 circiter
1945 3399 2048 3454 500

459 3509 717 3577 scriptus,
747 3507 838 3576 qui
878 3504 1027 3560 Flori
1054 3518 1150 3559 seu
1195 3503 1349 3558 Beda:
1377 3500 1573 3570 vulgati
1611 3496 1966 3577 collectionem
1995 3493 2046 3546 in

462 3574 724 3672 Epistolas
754 3574 988 3668 Apostoli
1014 3595 1498 3674 complectebatur.
1764 3574 1767 3578 1

532 3691 952 3756 Commissam,
981 3691 1018 3743 i.
1062 3703 1113 3742 e.
1143 3687 1267 3741 Ilbl'l
1298 3700 1429 3740 mss.
1464 3683 1696 3737 abbatize
1724 3681 1784 3735 S.
1823 3677 2048 3734 Cornelii

465 3785 901 3856 (Iompcnjiensis.
951 3780 1101 3834 Unus
1132 3785 1476 3847 pervetustus
1520 3781 1851 3828 memoratur
1885 3770 1951 3824 ad
1984 3770 2048 3824 li—

463 3879 620 3930 hrum
644 3873 708 3924 de
738 3869 1136 3923 Immortalitate
1157 3869 1344 3919 attinnt:
1375 3874 1523 3919 torno
1552 3864 1736 3934 primo.
1763 3863 1953 3917 Plures
1981 3861 2046 3915 ad

466 3966 738 4020 Sermones
767 3972 915 4015 ιοωο
941 3967 1145 4027 quarto.

537 4051 768 4105 Abbatite
821 4052 888 4104 de
929 4050 1186 4104 Currum
1235 4049 1376 4117 apud
1426 4045 1744 4102 Cenomanos
1805 4045 2044 4099 codices.

465 4142 739 4198 Laudatur
767 4141 831 4195 ad
865 4139 1154 4210 Epistolas,
1195 4137 1322 4194 item
1362 4137 1436 4193 ad
1460 4136 1501 4190 Τ
1503 4145 1731 4190 ructatus
1760 4136 1812 4187 in
1845 4132 2045 4202 Evang.

464 4234 686 4288 Joannis
724 4242 869 4288 lt)ll".0
898 4232 1082 4296 tertio;
1115 4245 1214 4286 nec
1249 4245 1357 4286 non
1385 4238 1530 4284 tomo
1557 4236 1743 4298 quarto
1781 4226 1834 4280 in
1878 4223 2047 4278 Euar-

463 4327 748 4382 rationibus
800 4328 866 4381 ad
918 4324 1160 4380 Psalmos
1205 4322 1574 4392 perantiquus,
1620 4320 1708 4388 qui
1758 4317 1964 4387 priores
2007 4315 2048 4370 L

465 4421 705 4489 psalmos
733 4416 1217 4488 complectebatur.
1251 4415 1465 4469 Citatur
1494 4425 1709 4482 quoque
1738 4409 1812 4464 ad.
1849 4408 2045 4464 librum

464 4517 527 4569 de
553 4514 739 4569 Anima
765 4521 812 4568 et
841 4513 952 4584 ejus
986 4509 1182 4582 origine
1211 4518 1358 4563 tomo
1383 4502 1596 4560 decimo.
1709 4499 1712 4502 ⁴

535 4607 975 4662 Domntcsnonuu
1026 4601 1240 4671 majoris
1289 4607 1561 4652 conventus
1610 4594 1916 4648 Parisiensis
1968 4593 2047 4645 ria

464 4697 700 4750 Jacobtea
726 4695 850 4751 libri
882 4707 1014 4749 mss.
1040 4691 1267 4746 adhibiti
1308 4699 1432 4744 sunt
1458 4687 1523 4740 ad
1557 4686 1726 4739 libros
1753 4683 2047 4750 Confessio-

466 4803 588 4838 nnm
634 4795 688 4840 et
727 4787 790 4838 de
827 4786 990 4840 libero
1023 4783 1247 4837 Arbitrio
1287 4791 1434 4835 tomo
1463 4778 1649 4846 primo,
1693 4775 1759 4829 ad
1789 4773 1953 4827 libros
1987 4775 2047 4829 de

464 4878 717 4931 Trinitate
740 4885 885 4933 tomo
908 4889 1105 4947 octavo,
1132 4878 1329 4934 librum
1351 4876 1414 4929 de
1443 4873 1606 4928 Unico
1625 4869 1878 4941 baptismo
1901 4878 2047 4923 tomo

465 4986 622 5035 nono,
653 4969 825 5022 libros
857 4981 963 5024 tres
993 4972 1054 5024 de
1087 4971 1422 5026 Peccatornm
1449 4966 1647 5032 meritis
1675 4972 1723 5018 et
1753 4962 2048 5018 remissione

466 5075 616 5117 tomo
644 5059 859 5113 decimo.

537 5155 975 5215 Eenucrnensss,
1001 5151 1038 5203 i.
1059 5165 1110 5205 e.
1135 5152 1193 5205 S.
1227 5152 1478 5220 Ebrulphi
1497 5151 1777 5207 U-rtcsNSIs
1804 5147 2053 5216 codices.

464 5249 744 5304 Laudatur
786 5243 852 5298 ad
885 5243 1078 5297 librum
1116 5243 1179 5294 de
1212 5240 1611 5303 [inmortalitate
1653 5241 1840 5306 animo:
1888 5247 1943 5294 et
1984 5237 2046 5290 de

467 5341 766 5404 Quantitate
795 5336 981 5391 animae
1029 5342 1174 5386 tomo
1203 5333 1389 5401 primo,
1417 5331 1485 5384 ad
1526 5331 1717 5385 librum
1767 5331 1830 5384 de
1873 5331 2046 5398 Agone

465 5432 755 5486 Christiane
789 5437 842 5485 et
875 5428 937 5481 de
976 5424 1113 5479 Cura
1152 5422 1489 5494 probmortuis
1531 5423 1772 5492 gerenda,
1805 5422 2046 5490 aliosque

468 5523 634 5576 libros
665 5530 810 5576 tomo
837 5530 999 5576 sexto.

540 5613 714 5668 Codex
744 5630 837 5665 ms.
899 5613 968 5667 D.
1015 5612 1221 5667 Antonii
1254 5610 1456 5678 Faune,
1487 5609 1710 5670 doctoris
1748 5608 1903 5667 theol.
1939 5607 2046 5660 Pa-

470 5707 560 5759 ris.
596 5703 823 5774 praebuit
847 5702 1044 5757 librum
1075 5704 1137 5757 de
1165 5701 1318 5772 Fide,
1352 5701 1458 5772 Spe
1488 5709 1532 5756 el
1575 5697 1869 5762 (iltaritate;
1899 5707 1954 5753 et
1984 5697 2045 5750 li-

470 5799 595 5868 bros
628 5796 688 5850 (le
719 5794 931 5864 Civitate
965 5792 1080 5854 Dei.

2141 1971 2280 2028 pene
2312 1956 2448 2011 torni
2470 1956 2649 2019 tertii;
2683 1953 2747 2008 ad
2776 1953 2972 2008 librum
3002 1951 3064 2005 de
3091 1950 3220 2004 Orio
3251 1949 3459 2002 Dnleitii
3485 1943 3706 2016 (ματαίο-

2141 2039 2312 2112 nibus,
2332 2047 2395 2101 de
2423 2048 2598 2116 Agone
2611 2044 2925 2106 Christiano,
2949 2052 3002 2097 et
3029 2041 3114 2095 hic
3134 2039 3346 2109 quidem
3377 2038 3515 2101 duo;
3543 2035 3605 2086 de
3629 2048 3707 2084 ra-

2141 2137 2461 2193 tecltizantlis
2490 2137 2723 2201 rudibus,
2757 2135 2822 2189 de
2854 2133 3021 2201 Opere
3047 2130 3408 2185 monathorum
3446 2136 3500 2182 et
3529 2127 3591 2178 de
3618 2122 3712 2176 Pa-

2140 2233 2318 2288 tientia
2347 2241 2494 2285 tomo
2537 2239 2718 2293 sexto;
2747 2226 2812 2280 ad
2858 2226 3027 2279 libros
3073 2223 3136 2276 de
3174 2219 3492 2282 Ila'resibus,
3538 2214 3716 2270 Contra

2143 2323 2422 2384 Faustum,
2449 2321 2512 2372 de
2545 2317 2791 2370 Trinitate
2824 2324 2970 2368 tomo
2997 2319 3223 2374 octavo;
3255 2309 3321 2362 ad
3350 2307 3516 2361 libros
3544 2303 3629 2357 V'll
3665 2302 3720 2353 de

2146 2415 2430 2484 Baptismo,
2462 2409 2655 2465 Contra
2684 2405 2930 2460 Petiliani
2970 2405 3183 2469 litteras,
3216 2400 3278 2452 de
3308 2397 3519 2452 Unitale
3543 2392 3722 2446 Eccle-

2143 2507 2234 2560 sitc
2251 2512 2302 2559 et
2325 2503 2388 2556 de
2414 2500 2528 2556 Uno
2555 2499 2806 2570 baptismo
2827 2505 2972 2550 tomo
3001 2507 3178 2556 nono;
3205 2490 3439 2556 denique
3467 2485 3535 2538 ad
3560 2484 3726 2538 libros

2144 2611 2238 2652 sex
2268 2604 2446 2649 contra
2465 2591 2739 2645 Iulianum
2767 2596 2912 2642 tome
2932 2585 3161 2639 decimo.
3516 2605 3519 2608 -

2218 2690 2576 2744 FOSSATENHS
2604 2683 2666 2739 S.
2701 2681 2872 2735 Mauri
2896 2678 3109 2731 abbatiw
3135 2673 3319 2729 nescio
3352 2685 3484 2724 unus
3514 2665 3582 2720 an
3612 2666 3720 2738 pla-

2149 2799 2260 2850 res;
2311 2782 2407 2837 sed
2455 2774 2818 2834 verosimilius
2869 2769 3156 2840 posterius.
3209 2762 3446 2817 Adhibiti
3494 2767 3617 2814 sunt
3663 2756 3718 2811 ad

2150 2875 2542 2939 Confessionum
2569 2869 2738 2922 libros
2769 2875 2916 2919 lomo
2940 2862 3136 2932 primo,
3167 2856 3446 2925 Epistolas,
3470 2861 3615 2907 tomo
3642 2865 3714 2905 sc-

2149 2963 2362 3026 Cundo;
2411 2959 2476 3013 ad
2515 2958 2681 3011 libros
2721 2956 2784 3007 de
2809 2953 3070 3006 Consensn
3109 2947 3551 3016 Erangelistarnm
3587 2953 3715 2997 tomo

2154 3052 2336 3106 tertio.
2380 3047 2741 3115 Peranliquus
2771 3041 3023 3096 laudatur
3066 3039 3131 3092 ad
3172 3036 3412 3090 Psalmos
3441 3030 3714 3088 Graduales

2152 3143 2205 3197 in
2236 3123 2647 3195 Enarrationum
2671 3148 2832 3205 tepere
2858 3142 3004 3187 temo
3027 3131 3240 3201 quarto.
3267 3126 3542 3182 Sermones
3569 3122 3712 3178 etiam

2071 3202 2115 3262 θ
2153 3249 2218 3290 ex
2250 3231 2440 3286 iisdem
2487 3227 2732 3305 castigati
2764 3233 2920 3286 sunt;
2968 3222 3095 3276 item
3140 3229 3286 3272 tomo
3331 3211 3714 3271 scxtolibertle

2153 3307 2363 3377 diversis
2415 3316 2790 3386 Quwstionibns
2844 3309 3181 3376 XXXVIII,
3239 3318 3296 3364 ct
3346 3308 3412 3361 de
3466 3305 3596 3360 Cura
3638 3316 3714 3371 pro

2153 3415 2369 3471 ntortuis
2398 3415 2658 3487 gerenda;
2680 3423 2824 3465 tomo
2847 3419 3043 3461 oetavo
3065 3403 3288 3481 Collatia
3310 3418 3430 3454 cum
3454 3395 3714 3452 Maximino

2151 3520 2205 3566 et
2229 3508 2349 3562 libri
2374 3485 2554 3560 contra
2579 3504 2748 3575 ipsum
2769 3501 2890 3554 duo.
2919 3496 2998 3553 Ad
3027 3495 3295 3550 Tractatus
3321 3493 3374 3544 in
3407 3485 3713 3562 Evangelia»:

2151 3600 2369 3656 Joannis
2411 3574 2660 3652 laudatur
2712 3591 3022 3645 Fossatense
3072 3585 3347 3652 exemplar
3389 3583 3546 3652 jussu
3573 3574 3712 3660 Ingil-

2152 3693 2278 3747 berti
2305 3672 2516 3746 abbatis
2543 3685 2761 3741 circiter
2788 3695 2956 3735 annos
2982 3678 3087 3734 840
3116 3676 3402 3745 scriptum.

2224 3784 2328 3840 PP.
2363 3783 2843 3836 Fussascmonun
2871 3772 3242 3826 Parisirnsimn
3265 3767 3460 3821 codex.
3490 3766 3554 3820 llt'
3578 3774 3714 3816 annm

2155 3876 2348 3931 librum
2381 3889 2482 3928 ms.
2522 3871 2874 3940 praebuerunt
2919 3862 3110 3936 emend
3150 3860 3257 3915 ndo
3298 3858 3446 3914 libro
3478 3857 3539 3910 de
3567 3850 3714 3908 Mori-

2154 3967 2243 4020 bus
2281 3963 2691 4019 Manicltteorum
2719 3968 2863 4013 tomo
2895 3955 3090 4024 primo.

2225 4061 2328 4115 PP.
2363 4057 2690 4122 FULIENstuu
2719 4046 3012 4123 emnobii‘S.
3050 4042 3308 4098 Bernardi
3336 4038 3558 4094 Parisiis
3586 4031 3716 4091 cndi-

2153 4166 2243 4207 ccs
2289 4165 2420 4204 mss.
2468 4146 2574 4201 duo
2620 4140 2844 4197 adhibiti
2885 4145 3010 4192 sunt
3061 4135 3125 4188 ad
3174 4132 3547 4202 castigandum
3589 4123 3712 4195 Opus

2155 4240 2563 4296 Enorrationum
2591 4235 2644 4288 in
2670 4231 2924 4286 Psalmos.
2959 4227 3112 4282 Alter
3141 4224 3382 4294 psalmos
3405 4217 3662 4277 sexdecim
3687 4227 3714 4264 a

2151 4323 2349 4387 XXXV
2389 4328 2457 4383 ad
2487 4327 2527 4382 L
2550 4365 2566 4390 ,
2595 4324 2729 4379 alter
2763 4319 3058 4376 octodecim
3104 4333 3130 4369 a
3177 4313 3324 4370 (Iliad
3353 4309 3711 4368 CXVlllcom-

2153 4425 2342 4494 plcxus
2385 4427 2523 4473 erat.
2566 4417 2838 4471 Sermones
2877 4424 3088 4480 quoque
3136 4405 3200 4460 ad
3243 4403 3481 4473 ejusdem
3531 4394 3712 4451 biblio-

2154 4515 2321 4574 theca:
2351 4510 2566 4565 codii'es
2595 4504 2803 4560 excussi
2843 4511 3000 4563 sunt;
3033 4499 3162 4552 iczn
3191 4496 3324 4550 liber
3351 4491 3414 4545 de
3445 4487 3711 4544 Continen-

2153 4606 2242 4667 tia,
2271 4599 2587 4669 tleSymbolo
2615 4595 2682 4647 ad
2709 4592 3108 4646 (lateo/tumenos
3130 4600 3382 4641 sermones
3407 4589 3634 4652 quatuor,
3663 4580 3712 4625 et

2153 4695 2426 4749 Sermones
2456 4688 2517 4740 de
2544 4686 2753 4738 Cantica
2785 4698 2910 4736 novo
2932 4723 2945 4744 ,
2980 4681 3043 4732 de
3067 4688 3249 4745 quarta
3280 4675 3407 4741 feria
3426 4714 3440 4737 ,
3481 4671 3540 4724 de
3565 4669 3706 4720 Cata-

2150 4785 2342 4854 clysnto
2363 4789 2418 4834 et
2446 4780 2506 4832 de
2533 4779 2778 4846 Timpore
2805 4773 3082 4827 Barbarico
3114 4781 3257 4823 mmo
3283 4774 3448 4822 serto.

2223 4876 2484 4931 Fussasrs
2510 4870 2711 4940 collegii
2736 4867 2874 4937 apud
2908 4864 3172 4920 Tolosam
3198 4859 3476 4926 exemplar
3503 4851 3568 4907 ad
3593 4847 3708 4940 Epi-

2151 4964 2312 5020 stolas
2356 4970 2552 5032 prazsto
2598 4932 2716 5014 luit.
2771 4932 3039 5010 Laudatur
3090 4953 3251 5008 etiam
3298 4946 3368 5002 ad
3429 4943 3613 5020 librum
3658 4932 3708 4985 de

2153 5054 2326 5128 Agone
2355 5041 2648 5108 Christiano
2675 5056 2819 5102 tomo
2848 5053 3005 5098 sexto.

2221 5142 2540 5201 EcclesiteS.
2563 5139 2794 5195 Garum
2817 5133 3130 5187 Turonensis
3153 5130 3320 5186 codex
3345 5128 3560 5196 Optimae
3581 5124 3702 5172 natm

2150 5239 2400 5298 laudatur
2422 5234 2487 5306 ad
2514 5229 2876 5286 Enarrationes
2896 5227 2948 5279 in
2977 5224 3232 5286 Psalmos,
3263 5218 3572 5288 complexus
3604 5221 3699 5261 ceno

2150 5342 2254 5393 tum
2281 5328 2506 5400 priores;
2531 5325 2656 5378 item
2689 5320 2755 5376 ad
2787 5319 2950 5374 libros
2971 5317 3039 5372 de
3067 5315 3316 5368 Trinitate
3348 5322 3488 5363 tomo
3525 5311 3697 5358 octavo-

2220 5391 2368 5484 L-bri
2396 5432 2524 5470 mss.
2556 5413 2770 5473 abbatia:
2802 5409 3231 5467 Gnuuencsnsrs
3259 5398 3580 5455 creberrime
3603 5391 3698 5443 lau-

2149 5482 2363 5569 dantur.
2393 5511 2470 5565 Ex
2497 5507 2562 5562 iis
2583 5505 2913 5574 castigantur
2935 5498 3204 5568 Epistolas,
3231 5495 3518 5551 Sermones,
3550 5482 3697 5538 Enarc

2150 5603 2370 5658 rationes
2390 5601 2443 5653 in
2464 5596 2723 5666 Psalmos,
2747 5602 2802 5649 et
2831 5608 2896 5648 ex
2921 5606 3020 5645 uno
3051 5604 3236 5644 eorum
3265 5600 3398 5655 opus
3427 5580 3488 5632 tle
3509 5575 3696 5630 (ἐξιοῑιηιέ

2151 5697 2268 5751 Dei.
2306 5695 2470 5748 Porro
2501 5692 2552 5744 in
2578 5663 2739 5758 primo
2766 5693 2910 5741 tome
2948 5683 3068 5737 libri
3097 5682 3161 5734 tle
3183 5680 3337 5740 libero
3359 5670 3570 5730 Arbitrio
3593 5661 3696 5758 ..άιτ

2154 5785 2333 5848 Genesi
2355 5791 2531 5841 contra
2564 5778 2897 5834 Maniclm'os.
2922 5776 2983 5828 de
3017 5772 3244 5834 Moribus
3280 5764 3513 5824 Halosin:
3537 5753 3701 5811 τηὶίωτ
