3882 6332
174 307 201 361 s
226 309 317 388 \7‘
1129 300 1406 359 norma
1448 302 1707 357 LITTER.

1963 297 1969 350 ἶ
2008 298 2067 351 S.
2113 296 2576 352 AUGUSTINUM.
2610 322 2613 325 -
3393 299 3496 377 ll§

179 422 323 475 [στω
358 463 376 483 ,
402 420 465 473 sle
506 418 747 473 Moribus
769 405 1177 470 Manichaeorum
1198 423 1252 470 et
1283 414 1347 468 de
1370 430 1485 468 uera
1510 412 1816 483 Religione;
1845 413 1898 472 Α
1923 420 2110 461 mones
2141 396 2707 474 comprehendentem.
2759 408 2902 463 Unus
2943 410 3113 465 adfuit
3149 409 3301 465 libris
3331 413 3395 465 de
3410 412 3497 466 Ci-

183 513 250 565 in
290 513 493 576 tertia,
523 510 647 564 libri
688 509 752 563 de
784 506 1046 561 Cansensu
1084 505 1523 575 Evangelistarum
1543 545 1558 568 ,
1601 502 1665 555 de
1696 501 1817 557 Scr-
1919 500 2070 551 vitate
2100 497 2221 560 Dei,
2253 498 2376 551 item
2406 497 2469 550 ad
2501 496 2889 566 Canfessianum
2918 498 3085 554 libros
3114 509 3258 553 tomo
3297 503 3497 569 prima;

183 621 380 658 mane
414 602 623 656 l‘omini
659 601 713 653 in
763 609 928 653 mante
968 606 1022 652 et
1071 597 1337 651 Tractatus
1377 597 1430 650 in
1478 595 1817 663 Ettangelium
1921 588 2085 643 libros
2124 589 2190 641 tle
2226 588 2470 643 Sermone
2513 587 2563 640 in
2597 598 2766 641 mante
2801 596 2947 642 tomo
2984 590 3166 655 tertia;
3210 590 3273 643 de
3321 592 3499 661 Agane

182 693 489 755 Joannis;
518 692 569 745 in
600 698 740 743 sexta
761 729 777 754 ,
820 689 883 741 de
908 686 1149 757 Symbolo
1186 687 1253 739 ad
1282 684 1678 740 Cateclzumenas
1705 698 1817 735 ser-
1919 678 2209 732 Christiana
2255 689 2397 731 lomo
2438 688 2618 740 sexto:
2651 678 2713 731 de
2742 678 2993 733 Trinitate
3023 688 3167 734 lomo
3196 692 3404 745 octavo;
3435 681 3499 733 li-

188 800 403 838 mones
447 790 691 852 quatuor,
736 787 792 834 et
834 780 924 847 qui
979 778 1177 832 ibidem
1229 778 1473 847 proxime
1521 783 1819 845 sequuntur
1919 768 2045 823 bras
2071 784 2163 822 sex
2191 777 2367 821 contra
2394 766 2663 821 lulianum
2695 776 2839 821 tomo
2869 768 3083 822 decima.

192 879 534 932 Sermones
560 873 625 927 de
654 872 943 941 Disciplina
980 868 1304 937 Christiana,
1337 868 1398 922 de
1418 868 1666 939 Tempore
1689 866 1818 922 Bar-
1930 896 1933 899 η
1990 859 2277 927 Exemplar
2304 859 2354 911 Ν
2362 858 2509 911 icolai
2538 861 2858 919 MANESSIER,
2895 859 3120 913 doctoris
3140 860 3360 931 theologi
3392 860 3499 913 Pa-

197 969 410 1022 barico
436 1009 450 1033 ,
482 966 690 1021 Cantica
717 979 846 1017 nava
864 1003 880 1030 ,
903 971 1010 1019 etc.
1919 951 2144 1004 risiensis
2170 958 2214 1004 et
2252 951 2375 1003 socii
2405 951 2672 1005 Sorbanici
2692 993 2703 1015 ,
2726 952 2875 1020 juxta
2907 951 3049 1021 quod
3072 951 3208 1007 liber
3236 951 3299 1003 de
3322 951 3502 1004 Gratia

291 1060 687 1116 asseverans
706 1097 720 1122 ,
757 1056 792 1109 i.
826 1070 879 1109 θ.
923 1054 1063 1109 liber
1102 1068 1205 1109 ms.
1244 1051 1577 1107 bibliotheca:
1607 1050 1821 1104 abbalias
1921 1053 1967 1097 et
1989 1042 2147 1096 libera
2173 1041 2416 1107 Arbitrio,
2453 1055 2549 1096 nec
2579 1058 2681 1095 non
2712 1044 2773 1096 de
2804 1042 3133 1111 Con-optione
3160 1051 3207 1096 et
3234 1040 3415 1095 Gratia
3435 1043 3503 1095 ad

204 1155 281 1209 8,
322 1153 610 1221 (διποῙευω
643 1148 862 1202 Parisiis
907 1146 1156 1201 laudatur
1184 1147 1235 1200 in
1268 1147 1406 1200 libro
1431 1147 1492 1199 de
1525 1145 1667 1199 beam
1708 1143 1822 1197 Vm;
1922 1131 2234 1201 Prosperum
2258 1144 2305 1187 et
2338 1131 2591 1185 Hilarium
2617 1134 2737 1187 libri
2758 1135 2881 1198 duo,
2916 1135 2950 1187 i.
2977 1151 3025 1188 e.
3057 1126 3173 1188 libri
3205 1136 3265 1188 de
3293 1133 3503 1188 Pra’de-

198 1255 374 1298 tumo
420 1245 635 1313 primo;
680 1242 733 1295 in
775 1240 926 1295 libris
965 1238 1028 1292 de
1080 1238 1346 1292 Cansensa
1387 1236 1821 1308 Evangelistarmn
1920 1225 2191 1278 διὶηαιῑοηϐ
2217 1234 2505 1277 sattclorum
2529 1233 2573 1279 el
2600 1225 2744 1277 Dono
2780 1228 3163 1293 persrverantia:
3190 1268 3205 1292 ,
3240 1236 3383 1282 tomo
3412 1227 3501 1279 de—

197 1346 374 1388 tmno
428 1336 613 1398 tertia;
649 1334 702 1388 in
738 1333 880 1386 libro
915 1331 978 1384 de
1018 1331 1228 1384 diversis
1277 1330 1653 1392 chsrianibus
1686 1344 1730 1380 Ol

977 1351 978 1360 ι
1018 1331 1228 1384 diversis
1277 1330 1653 1392 chsrianibus
1686 1337 1824 1380 oclo—
1923 1315 2050 1366 τίηιο
2070 1313 2340 1368 ρῐηθῐιάοῐί
2368 1322 2510 1367 sum-

196 1431 367 1498 ginta
403 1428 571 1481 tritus
602 1435 654 1480 et
683 1426 746 1478 de
768 1422 1140 1489 ancstion'bns
1164 1421 1229 1472 ad
1255 1419 1649 1490 Simpficiann'm
1679 1430 1823 1492 torno
1995 1407 2152 1461 L'ber
2188 1406 2378 1459 domini
2405 1407 2616 1487 MARAN,
2646 1407 2995 1459 archidiaconi
3024 1407 3263 1461 Ecclesia:
3289 1408 3506 1461 Tolosa-

197 1530 401 1581 u-na;
431 1521 489 1571 in
517 1518 652 1571 libro
681 1516 745 1568 de
778 1513 983 1567 Natum
1013 1522 1067 1566 ει
1094 1511 1273 1565 Gratia
1300 1520 1442 1564 ιοιηο
1468 1484 1685 1562 decimo,
1815 1486 1823 1492 ’
1925 1496 2098 1549 tensis.
2129 1496 2411 1550 Adhibitus
2437 1484 2515 1551 est
2547 1497 2895 1551 emendandis
2917 1496 3199 1566 Epistolis;
3219 1499 3343 1552 item
3368 1499 3507 1551 lbra

284 1611 655 1666 Gzoncuxus
676 1650 690 1674 ,
722 1607 758 1660 i.
783 1621 832 1661 e.
857 1605 1027 1659 codex
1063 1603 1267 1657 Domini
1292 1602 1355 1655 de
1386 1602 1444 1655 S.
1469 1599 1711 1675 Georges,
1737 1615 1824 1654 ca-
1925 1587 1988 1640 de
2020 1587 2251 1641 Utilitate
2281 1587 2541 1652 credendi,
2572 1596 2747 1639 contra
2782 1586 3077 1642 Sermonem
3103 1589 3432 1654 Arianorum,
3457 1598 3511 1642 et

203 1702 413 1757 nonici
443 1699 654 1754 caluitii
681 1696 1057 1767 Lugdunensis,
1092 1702 1215 1763 post
1244 1692 1480 1760 episcopi
1511 1690 1736 1745 Clarazm.

1975 1678 2069 1731 bris
2107 1676 2410 1731 Collatianis
2450 1694 2562 1731 cum
2609 1678 2893 1732 Maximino
2925 1688 2969 1733 et
2998 1690 3173 1733 contra
3209 1696 3322 1734 eum
3365 1691 3508 1734 lomo

210 1795 358 1858 lani,
385 1800 464 1851 et.
500 1806 623 1844 cum
650 1790 715 1843 ad
735 1788 900 1841 linem
931 1800 1066 1854 Opus
1094 1784 1453 1839 Maurinorum
1487 1776 1818 1851 properaret,
1854 1772 1899 1830 Β
1926 1779 2121 1823 octava.

210 1880 634 1949 aniliiepisc0pi
670 1877 979 1931 Turonensis
1012 1890 1038 1926 a
1071 1888 1197 1941 rege
1229 1870 1512 1941 designati.
1545 1869 1857 1925 Adhibitus
1946 1884 1947 1887 ‘
2000 1860 2362 1915 MABTINBMIS
2391 1859 2530 1915 liber
2557 1860 2754 1915 citatur
2779 1860 2846 1915 ad
2871 1860 3036 1915 libros
3069 1860 3137 1914 de
3164 1860 3361 1915 GeneSi
3394 1877 3513 1913 con-

209 1983 303 2027 εει
346 1972 425 2024 ad
465 1970 632 2023 libros
662 1968 730 2021 de
770 1964 1028 2019 Cansensu
1060 1963 1498 2035 Euangelistarum
1537 1969 1683 2015 lomo
1728 1970 1830 2014 ter-
1930 1962 2008 2006 ινα
2050 1951 2365 2007 Μαηίσίιιῑοε
2394 1962 2542 2007 ῑοῐηο
2573 1953 2757 2022 ρνίηιοσ
2795 1952 3046 2009 Fortasse
3077 1953 3216 2006 idem
3250 1960 3332 2006 θεῖ
3360 1997 3373 2021 .
3416 1952 3508 2023 qui

209 2062 332 2125 tio;
368 2059 442 2113 ad
475 2058 665 2111 librum
694 2057 757 2108 de
788 2054 999 2107 diuersis
1032 2051 1411 2119 Qutestianibus
1440 2051 1701 2122 octoginta
1733 2050 1827 2102 tri-
1931 2042 2262 2112 frequentius
2283 2044 2501 2099 nomine
2532 2042 2796 2113 Sagiensis
2822 2044 2988 2096 venit.

214 2154 326 2205 bus
355 2161 516 2205 lomo
541 2159 709 2211 sexta;
737 2148 803 2200 ad
832 2146 999 2200 llbl‘tts
1031 2146 1093 2197 de
1126 2143 1389 2213 Baptisma
1422 2151 1598 2195 contra
1628 2139 1832 2194 Cresca-
2004 2126 2372 2189 MEDARDENSIS
2395 2134 2531 2189 liber
2563 2133 2807 2187 laudatur
2839 2133 2902 2186 ad
2936 2131 3186 2205 Regulam
3217 2135 3286 2188 ad
3326 2133 3516 2191 Servos

214 2246 389 2297 nium
428 2252 486 2296 et
516 2242 577 2296 de
610 2239 771 2295 Unico
813 2240 1063 2307 baptismo
1102 2244 1247 2289 tamo
1282 2234 1539 2297 nano;ad
1578 2233 1739 2288 libros
1770 2234 1831 2286 de
1933 2224 2029 2279 Dei
2055 2235 2199 2280 lomo
2227 2227 2412 2297 primo.
3516 2226 3520 2229 “

226 2339 590 2389 Peccatarum
616 2332 810 2386 meritis
838 2341 884 2385 et
925 2330 1220 2384 rem’ssione
1246 2338 1299 2383 et
1328 2328 1391 2381 de
1433 2326 1635 2395 Spiritu
1658 2335 1701 2379 e.‘
1724 2323 1831 2378 Lit-
2004 2316 2275 2369 METENSXS
2303 2316 2413 2367 vide
2434 2316 2853 2393 ARNULPllENSIS.

228 2440 355 2481 κτα
385 2437 529 2481 lomo
550 2426 769 2479 ἀει-ϋηο,
2003 2406 2341 2469 MICHAELINI,
2376 2406 2409 2459 i.
2441 2421 2488 2458 e.
2516 2390 2810 2460 monasterii
2840 2404 3118 2459 etabbaticc
3151 2404 3208 2459 S.
3248 2403 3517 2459 Michaelis

304 2518 371 2573 S.
414 2518 661 2571 Genitle
690 2532 722 2567 α
757 2514 930 2567 Pratis
953 2514 1003 2566 in
1038 2513 1275 2567 snbarbia
1306 2511 1589 2566 Parisiensi
1617 2510 1832 2566 codices

1985 2515 1993 2548 ε
2020 2508 2184 2551 mante
2210 2498 2261 2550 in
2293 2498 2518 2565 periculo
2545 2497 2701 2549 maris
2719 2496 2935 2550 codices
2967 2495 3401 2565 frequentissime
3427 2506 3518 2564 per

226 2608 508 2677 permulti
539 2607 730 2661 vetusti
762 2615 815 2659 et
843 2605 1114 2673 elegantes
1137 2604 1317 2658 ctzllali
1346 2612 1471 2657 sunt
1502 2601 1566 2655 ad
1596 2602 1833 2671 integros
1933 2591 2110 2644 omnia
2144 2592 2314 2643 decem
2342 2590 2613 2645 volumina
2640 2589 2896 2653 citantur,
2938 2590 3078 2657 qliad
3124 2588 3305 2655 plures
3353 2588 3517 2641 fuisse

222 2711 429 2755 tomos
488 2697 871 2765 Epis:olarum,
924 2695 1231 2749 Sermanum
1261 2733 1274 2758 ,
1328 2690 1729 2744 Enarratianum
1780 2690 1835 2742 in
1934 2680 2196 2749 liquidum
2242 2693 2323 2735 est
2367 2681 2774 2745 testimonium,
2820 2681 2945 2733 licet
2991 2680 3185 2747 ubique
3231 2681 3342 2733 lere
3381 2695 3517 2732 unus

222 2792 537 2853 Psalmos;
571 2789 671 2841 duo
709 2787 773 2841 ad
812 2801 945 2856 opus
971 2786 1034 2839 de
1064 2783 1283 2839 Civitate
1329 2780 1455 2845 Dei,
1490 2780 1553 2834 ad
1596 2788 1834 2832 tractatus
1936 2777 2139 2821 tantum
2169 2770 2432 2837 appellari
2458 2771 2623 2835 solet,
2656 2771 2823 2821 semel
2851 2768 2954 2819 duo
2984 2769 3048 2820 ad
3081 2768 3249 2819 libros
3292 2769 3353 2820 de
3399 2769 3514 2821 Nn-

221 2886 278 2937 in
316 2880 704 2951 Et-angelium,
749 2855 982 2949 itemque
1025 2877 1077 2929 in
1124 2873 1384 2946 Epistolas
1428 2870 1646 2926 Joannis
1692 2879 1835 2923 lomo
1940 2859 2057 2927 ptiis
2087 2868 2133 2912 et
2154 2856 2575 2928 Cancupiscentia
2600 2864 2992 2911 memorantur.
3019 2855 3282 2923 Castigala
3309 2867 3517 2911 suntex

223 2974 403 3037 tertia
419 2989 443 3038 ;
498 2985 626 3025 unus
656 2970 844 3031 alterve
872 2945 935 3022 in
976 2967 1241 3037 plerisque
1288 2964 1413 3019 lomi
1448 2963 1633 3033 primi,
1674 2961 1834 3025 tertii,
1939 2948 2018 3003 eis
2044 2947 2311 3019 Epistolaz,
2340 2947 2626 3013 Sermones,
2655 2945 3024 3000 Enarrationes
3046 2946 3097 2997 in
3124 2945 3378 3013 Pro/mos,
3399 2948 3518 3002 libri

225 3036 383 3120 sm:
463 3064 628 3117 octavi
659 3062 809 3116 libris
840 3060 1142 3135 opemtulit
1165 3082 1184 3126 ,π
1204 3073 1267 3113 ex
1296 3056 1491 3126 quibus
1519 3054 1565 3109 is
1590 3094 1605 3117 ,
1651 3054 1738 3122 qui

1986 3057 2001 3093 ε
2028 3036 2239 3093 Civitate
2263 3037 2361 3093 Dei
2389 3079 2404 3105 ,
2430 3048 2543 3093 tum
2573 3039 2814 3109 plerique
2836 3081 2848 3103 ,
2886 3047 2937 3092 et
2969 3048 3172 3092 tantum
3207 3053 3309 3094 non
3332 3054 3519 3093 omnes

228 3160 455 3213 librum
489 3157 552 3209 de
581 3154 851 3208 Mendacio
876 3132 1107 3208 Collatus
1135 3158 1218 3211 est
1244 3163 1504 3225 annorum
1533 3144 1658 3219 800,
1691 3152 1745 3198 et
1773 3142 1838 3198 ad
1866 3132 1909 3194 C
1944 3132 2071 3186 tomi
2100 3132 2269 3201 primi,
2310 3132 2457 3197 sexti,
2487 3131 2669 3203 octavi,
2696 3132 2816 3185 noni
2836 3138 2887 3185 et
2919 3130 3134 3197 decimi;
3159 3132 3314 3203 pauci
3342 3140 3518 3187 tamen

231 3253 457 3306 librum
501 3248 564 3301 de
586 3246 731 3301 Bona
771 3244 1040 3299 Viduitatis
1072 3242 1220 3296 mille
1244 3284 1258 3306 ,
1304 3249 1395 3293 aut
1431 3236 1663 3306 amplius
1691 3234 1835 3289 msti-
1942 3224 2095 3278 ιενιὶίο

233 3351 459 3397 matur.
513 3337 800 3406 Exemplar
826 3333 1170 3389 Germanense
1210 3329 1363 3383 valde
1404 3327 1613 3395 insigne
1634 3366 1648 3390 ,
1698 3324 1840 3393 quod
2014 3312 2309 3370 Nsvsnmcr
2333 3315 2531 3385 collegii
2562 3328 2656 3370 seu
2687 3314 2940 3387 gymnasii
2967 3355 2980 3379 ,
3015 3312 3252 3381 Parisiis,
3288 3313 3521 3377 codices.

235 3444 460 3488 recens
504 3437 627 3483 tunc
663 3405 847 3483 eidem,
875 3422 1213 3478 bibliothecae
1243 3419 1534 3474 donaverat
1563 3415 1667 3469 dux
1697 3413 1844 3467 Noa-
1943 3407 2113 3476 Hujus
2142 3407 2418 3476 exemplar
2444 3405 2834 3475 amplissimum
2876 3405 3093 3459 laudant
3131 3406 3195 3459 ad
3243 3406 3522 3474 Epistolas.

238 3521 462 3584 liensis,
492 3532 645 3573 usum
671 3513 916 3585 praestitit
942 3513 1078 3568 libro
1100 3511 1163 3565 de
1184 3510 1356 3581 Agaue
1375 3506 1665 3562 Christiano
1696 3513 1845 3581 lomo
1944 3502 2001 3556 In
2030 3500 2333 3555 Semnonum
2371 3514 2581 3567 quoque
2609 3508 2662 3552 et
2684 3499 2940 3552 librorum
2973 3498 3036 3550 de
3064 3496 3276 3551 Civitate
3320 3497 3414 3550 Dei
3441 3512 3527 3551 rc-

240 3622 428 3677 ιςτιο,
1946 3589 2249 3659 cegnitione
2279 3602 2385 3642 uno
2415 3588 2659 3655 ejusdem
2688 3587 3028 3640 bibliotheca:
3056 3588 3140 3641 usi
3184 3594 3326 3639 sunt.
3365 3587 3532 3641 Porro

322 3700 558 3771 Callegii
584 3699 909 3754 Genusum
936 3694 1073 3765 apud
1109 3691 1336 3746 Parisios
1361 3687 1529 3744 codex
1556 3686 1763 3757 amplus
1796 3692 1849 3741 et
1950 3679 2267 3734 Nauarricus
2308 3677 2553 3732 laudatur
2577 3676 2641 3729 ad
2691 3676 3101 3744 So.’ilaquiarum
3140 3676 3291 3729 libros
3316 3716 3331 3741 ,
3364 3677 3431 3730 ad
3461 3678 3529 3729 li-

248 3763 761 3863 elegans'laudatur
784 3788 836 3842 in
870 3763 1138 3856 Epistolis.
1950 3771 2104 3825 brum
2132 3768 2193 3823 de
2226 3767 2453 3821 Moribus
2488 3766 2726 3820 Ecclesia:
2749 3764 3035 3829 catholicw,
3067 3765 3130 3817 de
3157 3763 3386 3817 Moribus
3415 3764 3533 3817 Illa-

328 3855 613 3938 Jvoueuss
648 3877 922 3946 exemplar
954 3874 1256 3944 pertinebat
1299 3870 1365 3925 ad
1396 3868 1672 3924 dominum
1705 3864 1847 3935 Jaly.
1952 3864 2281 3929 nichwarum,
2312 3863 2449 3916 etde
2486 3861 2613 3914 Vera
2639 3859 2904 3929 lleligione
2932 3865 3075 3910 tamn
3106 3857 3268 3926 primo
3286 3873 3305 3920 ;
3332 3855 3534 3909 Novar-

254 3976 342 4030 Ex
387 3988 454 4027 co
501 3945 818 4026 emendatat
848 3967 1099 4022 dicuntur
1136 3962 1405 4034 Epistolw.
1454 3961 1664 4015 Citatur
1690 3957 1851 4012 etiam
1953 3955 2044 4006 rici
2073 3953 2177 4005 dna
2207 3952 2271 4005 ad
2303 3952 2497 4004 librum
2528 3949 2589 4004 de
2616 3951 2760 4003 bcata
2784 3948 2925 4013 Vita,
2955 3947 3149 4002 librum
3181 3948 3242 4000 de
3259 3945 3533 4019 Magistro,

260 4072 321 4123 in
348 4062 777 4137 Expositianibus
806 4062 857 4115 in
888 4056 1150 4129 Epistolas
1175 4055 1242 4109 ad
1266 4054 1526 4108 Romanas
1568 4060 1614 4105 et
1643 4048 1853 4102 Galatas
1952 4044 2169 4107 ibidem;
2195 4042 2258 4096 ad
2296 4057 2458 4095 unum
2491 4056 2678 4095 eorum
2710 4039 2967 4108 recogniti
2999 4048 3122 4092 sunt
3150 4037 3273 4091 libri
3299 4038 3364 4091 de
3396 4036 3533 4090 Can-

262 4126 632 4216 tomo'tertia.
666 4126 1135 4225 Jolyensis-codex
1172 4160 1435 4202 annorum
1465 4143 1570 4199 800
1612 4140 1856 4197 laudatur
1954 4151 2103 4189 sensu
2124 4132 2562 4203 Evangelistarum
2587 4141 2729 4184 tonio
2750 4129 3013 4193 tertia;ad
3038 4128 3175 4183 duos
3194 4128 3376 4181 itidem
3400 4126 3538 4181 liber

266 4251 342 4306 ad
381 4220 797 4302 Retractalianei.
1816 4294 1825 4301 _
1957 4227 2020 4280 de
2057 4226 2263 4279 diversis
2310 4223 2687 4290 Quaslianibus
2736 4222 2989 4289 octoginta
3024 4220 3218 4284 tribus;
3261 4220 3327 4273 ad
3379 4231 3536 4271 unum

354 4341 721 4394 Lsuounaams
745 4336 991 4390 Ecclesia
1013 4333 1226 4391 codices
1244 4332 1475 4388 citantur
1501 4329 1565 4383 ad
1593 4327 1859 4398 Epistolas
1959 4332 2147 4374 rursus
2175 4317 2312 4371 liber
2332 4315 2395 4370 de
2424 4314 2551 4369 Fide
2572 4323 2616 4367 et
2646 4313 2909 4383 Symbola,
2940 4312 3076 4367 liber
3097 4311 3160 4363 de
3183 4312 3357 4378 Agane
3386 4310 3549 4363 Cliri-'

276 4442 336 4488 et
370 4432 660 4487 Sermones.
703 4429 876 4485 Priori
915 4427 1034 4482 loco
1061 4423 1422 4495 antiquissimi
1455 4421 1695 4477 audiunt.
1729 4419 1809 4473 ΡΠ

1790 4434 1860 4473 ιε-
1961 4411 2127 4465 stiana
2150 4418 2203 4463 et
2233 4409 2301 4463 de
2330 4406 2655 4461 Divinatione
2681 4407 2966 4458 dccmonum
2999 4412 3141 4456 tomo
3169 4408 3323 4454 scala.

269 4535 508 4596 quenter
539 4522 803 4593 imprimis
833 4520 1126 4576 adfuerunt
1161 4512 1486 4585 castigandis
1526 4510 1859 4583 quampluri-
1888 4492 1939 4552 υ
2034 4498 2333 4554 NOAUENSE
2360 4497 2655 4565 exemplar,
2684 4494 2798 4548 υίάθ
2822 4493 2912 4546 sub
2938 4492 3399 4560 GEBMNBNS'PUS-

274 4621 387 4671 mis
425 4619 552 4669 lomi
596 4615 727 4669 sea‘ti
766 4613 915 4667 libris
942 4656 955 4679 ,
1004 4610 1070 4665 ad
1115 4623 1249 4679 quos
1294 4605 1587 4662 identidem
1620 4600 1807 4656 Ecclest

2038 4589 2394 4645 Νονιοιςεκειε
2417 4587 2659 4641 ecclesim
2690 4601 2819 4640 mss.
2853 4598 3115 4637 annorum
3147 4581 3211 4633 ad
3240 4578 3415 4631 minus
3438 4577 3542 4632 600

276 4705 639 4760 Laudanensis
666 4702 785 4757 labri
826 4706 1210 4755 memorantur.
1237 4696 1352 4751 Non
1376 4695 1619 4749 diversos
1648 4701 1775 4762 puto
1798 4706 1809 4742 ε

2023 4678 2417 4733 IEnarrationes
2445 4677 2493 4728 in
2517 4675 2751 4729 l’salmas
2774 4671 3132 4728 emendandas
3156 4665 3375 4719 adhibiti
3399 4675 3556 4720 sunt.‘

278 4800 389 4860 his,
422 4796 597 4865 quoat]
630 4793 960 4847 domicilium
991 4832 1005 4858 ,
1035 4790 1125 4858 qui
1160 4798 1304 4843 tomo
1324 4797 1463 4841 sexto
1488 4785 1553 4838 ad
1578 4759 1769 4837 librum
1805 4782 1867 4835 de
2041 4772 2267 4827 lllustris
2302 4767 2523 4823 familia:
2570 4767 3022 4821 l’umsnconeusrs
3055 4760 3215 4812 codex
3259 4759 3507 4811 carticeus
3528 4798 3543 4823 ,

280 4889 437 4941 Bona
464 4885 753 4945 ridaitatis.
792 4882 1127 4936 Laudinensis
1157 4878 1401 4933 Ecclesia:
1435 4876 1656 4946 Majoris
1682 4874 1868 4929 dicun-
1970 4881 2127 4937 quem
2168 4865 2293 4921 olim
2343 4861 2686 4916 Narbonensis
2723 4854 2978 4909 Ecclesia:
3011 4851 3175 4904 fuisse
3211 4850 3546 4904 Benedictini

283 4993 375 5035 tur
404 4980 501 5049 (a).
551 4982 627 5033 Ac
660 4976 957 5051 posteriori
983 4974 1137 5029 titulo
1168 4971 1431 5040 imprimis
1465 4969 1771 5039 frequenter
1796 4966 1867 5020 ci-
1972 4957 2333 5026 suspicantur,
2372 4955 2425 5009 in
2457 4947 2795 5003 sermonibus
2838 4957 2989 4996 usum
3025 4941 3293 5012 praestitit.
3450 4954 3543 5051 eo.-

283 5082 431 5125 tatur
456 5070 593 5123 liber
624 5083 726 5123 ms.
763 5077 905 5120 tumo
928 5046 1133 5130 octavo,
1165 5062 1333 5118 semel
1363 5075 1516 5115 nano.
1792 5124 1797 5127 _
1974 5050 2091 5103 dem
2133 5045 2382 5130 Ερὶειριω
2416 5043 2572 5130 dare,
2604 5037 2673 5088 42
2718 5044 2770 5090 cl
2800 5036 2887 5102 iii,
2922 5036 3238 5103 perbreves,
3278 5030 3346 5084 ad
3376 5030 3552 5091 Pauli-

364 5160 736 5214 LAUDUNENSi-S
764 5156 991 5210 Abantia:
1037 5154 1097 5211 S.
1138 5151 1388 5207 Vincentii
1415 5149 1587 5204 codex
1628 5124 1872 5201 libris‘de
1975 5154 2129 5205 num,
2155 5120 2382 5189 antehac
2410 5128 2622 5184 inedita:
2650 5135 2818 5181 eruta:
2843 5136 2985 5181 sunt.

288 5253 507 5307 Cieitate
533 5252 623 5306 Dei
656 5262 801 5306 tomo
823 5250 1033 5317 septimo
1064 5256 1117 5302 et
1145 5248 1211 5301 de
1236 5244 1488 5299 Trinitate
1518 5250 1662 5297 tomo
1702 5252 1873 5293 octauo
2047 5227 2317 5284 Cartlmsia
2349 5223 2641 5278 PORTARUM
2672 5218 2933 5289 Bngicnsis
2961 5218 3233 5288 provincia:
3263 5214 3313 5267 in
3341 5209 3553 5264 Gallicis

291 5344 415 5398 usui
451 5343 567 5396 fuit.
879 5299 900 5317 Γ
1980 5321 2281 5390 praebuerat
2310 5314 2584 5381 exemplar
2612 5327 2712 5365 ms.
2762 5313 3016 5365 librorum
3058 5315 3235 5361 contra
3281 5299 3555 5354 secundam

370 5438 637 5490 Lmensns
683 5434 897 5488 abbatiaz
937 5430 1152 5486 codices
1196 5428 1376 5482 collati
1417 5435 1540 5480 sunt
1572 5424 1637 5477 ad
1681 5432 1880 5476 tomum
1980 5410 2176 5467 Iuliani
2204 5408 2600 5475 responsionem.

295 5536 561 5592 quartum,
593 5524 970 5593 Expositioncs
1014 5521 1065 5574 in
1104 5518 1368 5583 Psalmos,
1402 5525 1456 5571 et
1485 5515 1715 5584 quintum
1756 5512 1881 5566 Ser-
2013 5518 2015 5520 ·
2054 5496 2543 5563 ιι“οΑτειι.ιῑΝδεε,ἱ.
2566 5490 2925 5557 enatantes.
2946 5488 3085 5540 Petri
3117 5486 3177 5536 de
3202 5480 3447 5535 Pratellis
3473 5495 3550 5534 ca.

369 5707 449 5781 (τι)
483 5705 589 5762 Sed
619 5704 787 5762 codex
814 5704 877 5758 ad
908 5702 1073 5758 libros
1103 5698 1535 5754 Retractationum
1557 5697 2094 5752 commemoratus-cs
2128 5682 2343 5753 :lrcltira
2369 5680 2605 5734 Laudina
2628 5673 2693 5728 ad
2730 5668 3046 5737 Anglicanas
3074 5666 3319 5737 pertinet.
