3882 6312
392 268 496 355 ειει

1274 252 1829 315 SUPPLEMENIUM
1869 246 2227 317 monens.
2264 246 2324 301 ε.
2365 240 2761 313 AUGUSTINI.
3527 236 3615 295 rso

391 352 527 433 dices
555 394 674 431 mss.
703 385 828 430 ante
850 390 1019 429 annos
1041 373 1145 429 600
1174 373 1377 428 exarati
1402 371 1689 427 laudantur
1718 369 1775 424 in
1802 380 1967 437 opere
1993 365 2044 425 Δ
2140 361 2379 431 Denique
2403 374 2470 416 ex
2497 373 2603 415 uno
2629 355 2903 415 emendati
2923 363 3049 412 sunt
3077 364 3221 411 torno
3244 368 3398 420 nono,
3420 351 3535 407 libri
3562 354 3616 408 de

390 468 795 521 Enarrationum
820 467 874 518 in
910 463 1180 527 Psalmos;
1205 463 1273 517 ad
1310 462 1531 517 eosdem
1564 458 1819 517 recensiti
1846 466 1974 513 sunt

392 560 689 626 Sermones,
712 563 767 610 et
786 555 986 624 singuli
1007 555 1129 610 libri
1155 570 1226 610 ex
1249 554 1442 610 mediis
1468 554 1630 609 tomis
1645 593 1663 619 ,
1692 567 1744 607 e.
1768 566 1847 620 g.,
1868 550 1973 603 Re-

392 650 745 713 tractationes,
772 648 837 701 de
859 646 1045 701 Libero
1066 646 1279 701 arbitrio
1301 657 1348 701 et
1367 646 1432 700 de
1453 644 1636 700 Genesi
1656 653 1831 698 contra
1858 641 1975 695 Ma-

385 741 633 803 nicliwos,
667 746 815 792 tomo
849 738 1050 808 primo;
1104 737 1167 791 de
1203 737 1466 793 Consensu
1507 732 1969 805 Evangelislarum,

384 833 447 883 de
472 828 721 885 Sermone
742 828 792 881 in
816 840 985 884 monte
1009 869 1023 892 ,
1050 839 1106 882 et
1138 828 1410 883 Tractatus
1429 829 1482 881 in
1514 826 1711 894 Evang.
1751 824 1975 878 Joannis

386 930 537 973 tumo
566 922 747 984 tertio;
776 919 915 974 liber
938 920 999 973 de
1025 918 1419 974 Catechizandis
1442 917 1655 971 rudibus
1674 956 1688 976 .
1718 916 1781 969 de
1799 924 1975 969 sancta

408 1008 728 1081 Virginitate,
759 1009 822 1063 de
846 1010 1113 1083 Conjugiis
1138 1010 1440 1065 adulterinis
1461 1050 1476 1073 ,
1499 1008 1563 1061 de
1585 1006 1877 1073 Mendacio,
1913 1006 1977 1060 de

397 1098 695 1167 Patientia;
722 1110 768 1155 et
796 1100 861 1155 ad
892 1102 1023 1155 duos
1053 1102 1188 1156 liber
1227 1102 1292 1153 de
1324 1098 1460 1154 Cura
1494 1114 1587 1169 pro
1630 1096 1850 1151 Mortuis
1890 1112 1977 1168 ge-

392 1194 576 1257 renda,
593 1202 739 1265 to‘mo
758 1201 918 1257 sexto.
943 1191 1050 1247 Nec
1068 1190 1279 1261 parcius
1311 1190 1596 1245 laudantur
1614 1197 1759 1242 tomo
1774 1197 1974 1253 octavo,

396 1281 490 1335 ubi
522 1282 643 1336 libri
673 1292 852 1335 contra
882 1279 1159 1349 Faustum,
1182 1288 1361 1334 contra
1386 1278 1746 1332 Adversarium
1774 1277 1901 1348 legis
1917 1290 1980 1329 ae

397 1372 785 1441 prapltetarum,
808 1381 989 1423 contra
1018 1369 1319 1424 Sermonem
1347 1368 1676 1431 Arianorum,
1705 1376 1759 1423 et
1776 1366 1839 1420 de
1862 1364 1953 1419 τ’νί

397 1458 598 1522 nitate;
628 1466 683 1512 et
730 1474 865 1511 nono
907 1458 972 1511 ad
1015 1458 1185 1514 libros
1226 1468 1407 1512 contra
1441 1457 1730 1528 Epistolam
1765 1456 1953 1509 Parme

398 1548 563 1613 niani,
594 1547 657 1601 de
675 1546 940 1617 Baptismo
966 1589 980 1614 ,
1005 1557 1183 1602 contra
1219 1549 1414 1603 litteras
1438 1548 1686 1602 Petiliani
1697 1564 1717 1614 ;
1743 1547 1979 1616 denique

396 1638 593 1711 decimo
643 1638 709 1693 ad
754 1638 922 1693 libros
960 1640 1023 1691 de
1070 1638 1407 1693 Peecatorum
1460 1638 1655 1692 meritis
1712 1646 1763 1692 et
1803 1635 1982 1691 remis-

2075 450 2373 521 Baptismo;
2391 451 2607 517 decimo,
2644 447 2766 503 libri
2807 448 2873 503 de
2903 445 3237 501 Peccatorum
3266 442 3458 498 meritis
3484 453 3528 497 et
3553 460 3621 500 re-

2074 542 2312 598 missione
2336 583 2352 609 ,
2384 543 2449 595 de
2485 541 2685 611 Spiritu
2722 549 2771 594 et
2807 539 2979 596 littera
3000 578 3017 605 ,
3049 547 3106 594 et
3141 538 3206 591 de
3230 536 3413 592 Anima
3444 545 3490 589 et
3523 537 3619 607 ejus

2075 633 2291 705 origine.
2966 680 2975 690 .

2149 723 2288 778 Libri
2307 724 2480 779 Raeti.
2511 722 2675 794 Regia
2702 722 3030 779 biblimbeca
3061 718 3382 777 Parisiensis
3405 718 3509 787 jam
3530 726 3625 773 tum

2076 815 2205 870 satis
2227 830 2471 886 magnam
2495 816 2751 871 librorum
2778 828 2909 870 mss.
2934 812 3223 888 Augustini
3237 811 3509 880 complexa
3531 821 3631 865 erat

2076 906 2307 975 copiam,
2336 923 2478 961 nunc
2504 921 2633 965 vero
2653 947 2669 974 ,
2702 906 2940 977 migratis
2965 907 3019 960 in
3049 905 3297 961 eamdem
3345 902 3632 957 Colbertinis

2077 1014 2131 1053 et
2155 998 2411 1053 Tltuaneis
2439 998 2679 1068 singulas
2701 996 2811 1054 lere
2831 997 3058 1067 catalogi
3080 1011 3269 1052 eorum
3298 993 3520 1065 paginas
3543 995 3633 1049 Au-

2077 1090 2320 1162 gustinus
2354 1100 2599 1161 occupat.
2644 1090 2817 1146 Tanto
2855 1090 3027 1160 magis
3060 1089 3211 1159 juvat
3253 1088 3440 1151 scire,
3480 1087 3565 1155 qui
3593 1086 3637 1141 in

2081 1196 2235 1236 usum
2264 1182 2514 1236 conversi
2534 1180 2661 1246 sint,
2687 1194 2795 1250 quo
2821 1181 3023 1235 rectius
3048 1180 3117 1235 de
3140 1177 3419 1233 universis
3437 1176 3640 1246 iudicari

2078 1279 2260 1341 queat.
2292 1270 2458 1341 Igitur
2485 1269 2554 1325 ad
2586 1269 2772 1341 Regios
2795 1270 3012 1325 codices
3049 1268 3243 1341 singuli
3276 1267 3426 1334 fere,
3456 1265 3643 1321 duobus

2080 1361 2320 1417 tribusve
2360 1361 2638 1430 exceptis,
2688 1358 2817 1415 tomi
2856 1360 3011 1431 primi
3050 1358 3176 1414 libri
3219 1356 3473 1427 castigati
3518 1366 3645 1410 sunt.

2081 1451 2245 1506 Iidem
2272 1450 2339 1506 ad
2368 1448 2635 1507 Epistolas
2663 1458 2862 1523 priesto
2883 1451 3117 1516 luerunt,
3149 1465 3255 1504 non
3289 1449 3423 1504 item
3446 1447 3497 1501 in
3516 1446 3647 1500 tertio

2081 1555 2138 1596 CI.
2162 1557 2296 1596 ηοηρ
2322 1550 2489 1596 tomo.

2156 1630 2265 1688 Sed
2295 1631 2348 1687 iu
2380 1630 2816 1687 Enarrationibus
2845 1633 2899 1687 in
2941 1631 3183 1688 Psalmos
3211 1632 3383 1702 adjuti
3412 1640 3539 1687 sunt
3564 1647 3648 1686 ro-

394 1729 558 1795 sione,
587 1728 651 1781 de
674 1726 879 1781 Natura
908 1736 955 1783 et
976 1727 1176 1795 Gratia,
1199 1728 1263 1782 de
1293 1728 1504 1799 Nuptiis
1529 1737 1575 1782 et
1597 1726 1967 1797 Concupiscen-
2005 1726 2053 1786 B
2077 1723 2187 1777 dice
2217 1721 2395 1794 Regio,
2423 1738 2582 1794 quem
2601 1723 2679 1779 sic
2696 1723 3098 1794 descripserunt
3126 1742 3139 1780 :
3167 1742 3187 1776 ι
3224 1723 3320 1780 Est
3336 1723 3498 1781 Liber
3514 1722 3652 1779 mira:

397 1822 489 1887 tia,
510 1822 575 1875 de
599 1822 781 1874 Anima
802 1830 847 1876 et
869 1825 981 1894 ejus
1002 1823 1219 1892 origine,
1248 1822 1315 1877 ad
1336 1821 1502 1878 libros
1520 1830 1751 1891 quatuor
1779 1821 1848 1875 ad
1872 1820 1977 1875 Bo—

394 1912 649 1982 nifacium
676 1922 853 1966 contra
878 1912 1008 1966 duas
1032 1911 1298 1983 Epistolas
1322 1911 1724 1983 Pelagianorum
1748 1951 1765 1979 ,
1795 1911 1861 1967 ad
1905 1911 1975 1966 li-

395 2000 527 2056 bros
559 2016 723 2071 porro
764 2018 857 2057 sex
881 2013 1059 2058 contra
1095 2004 1372 2059 lulianum
1410 2005 1475 2059 de
1516 2002 1698 2059 Gratia
1724 2012 1773 2057 et
1818 2002 1978 2057 libero

396 2093 627 2148 Arbitrio
648 2134 665 2159 ,
690 2094 754 2148 de
785 2095 1117 2164 Carreptione
1144 2104 1190 2150 et
1211 2095 1397 2151 Gratia
1423 2136 1437 2161 ,
1464 2094 1532 2150 ad
1553 2094 1721 2150 libros
1749 2093 1979 2163 denique

398 2182 463 2235 de
496 2180 956 2238 Prtedestinatione
979 2194 1274 2239 sanctorum
1303 2194 1359 2241 et
1392 2186 1543 2239 Dono
1566 2184 1974 2255 perseverantia.

474 2273 739 2329 Puxsnsrs
763 2274 933 2330 codex
964 2276 1210 2331 laudatur
1235 2276 1301 2331 ad
1325 2277 1521 2332 librum
1547 2276 1611 2331 de
1629 2274 1976 2339 Continentia,

403 2364 749 2435 additusque,
764 2366 875 2436 jam
907 2368 959 2423 in
991 2367 1296 2423 Colbertinis
1318 2384 1439 2423 eum
1463 2369 1711 2439 reperiri.

438 2456 778 2514 ﬁsusnses.
821 2459 934 2515 lloc
976 2461 1193 2516 nomine
1232 2460 1447 2531 quidem
1473 2461 1581 2517 duo
1615 2462 1829 2532 generis
1868 2476 1983 2515 ma-

399 2549 669 2621 nuscripti
694 2549 1087 2619 intelliguntur,
1122 2554 1349 2607 ecclesiw
1380 2552 1693 2609 cathedralis
1719 2552 1982 2608 Remensis

400 2636 612 2693 scilicet
640 2649 694 2694 et
728 2640 945 2695 abbatiae
968 2642 1031 2696 S.
1067 2642 1288 2714 Remigii
1322 2643 1532 2710 Remis;
1566 2645 1879 2713 plerumque
1907 2653 1985 2698 ta-

398 2742 524 2783 men
551 2730 690 2784 nuda
715 2732 804 2787 illa
845 2733 1135 2804 appellatio
1166 2734 1333 2790 libros
1364 2736 1621 2791 Ecclesia:
1659 2736 1986 2791 cathedralis

400 2820 713 2890 signiﬁcat,
759 2839 987 2894 quorum
1033 2842 1166 2881 unus
1206 2827 1406 2897 profuit
1454 2830 1593 2883 libro
1634 2830 1699 2880 de
1736 2827 1988 2897 Magistro

398 2921 550 2967 tumo
575 2915 780 2983 primo;
805 2915 1082 2982 Epistolis,
1117 2916 1268 2971 libris
1291 2918 1356 2970 de
1381 2914 1514 2968 Fide
1534 2924 1582 2968 et
1606 2916 1887 2981 Operibus,
1925 2916 1987 2967 de

402 3002 555 3057 Bono
596 3005 859 3077 conjugali
881 3048 895 3071 ,
926 3008 990 3059 de
1032 3015 1211 3059 sancta
1238 3006 1578 3073 Virginitate,
1617 3005 1681 3058 de
1705 3002 1841 3057 Cura
1892 3020 1985 3074 pro

2058 1812 2462 1884 .magnitudinis
2501 1822 2554 1869 et
2583 1814 2639 1869 in
2667 1815 2803 1869 duos
2833 1830 2975 1870 nunc
3002 1824 3180 1871 tomos
3222 1815 3452 1883 divisus,
3487 1813 3578 1885 qui
3605 1814 3652 1867 in

2081 1907 2254 1971 prima
2284 1903 2491 1974 pagella
2521 1918 2694 1960 vacua
2726 1905 2945 1975 praefert
2977 1923 2992 1962 :
3024 1906 3143 1961 Hoc
3188 1908 3498 1960 immensum
3530 1920 3653 1974 opus

2081 1993 2293 2048 donavit
2318 1996 2446 2049 mihi
2462 1996 2539 2049 vir
2557 1997 2818 2068 egregius,
2845 1998 3107 2053 Dominus
3130 1998 3360 2054 Joannes
3384 1996 3658 2060 Bocaccio,

2082 2092 2231 2151 poeta
2262 2086 2425 2139 nostri
2449 2088 2713 2158 temporis,
2745 2087 2885 2157 quod
2911 2087 2976 2142 de
3005 2087 3279 2143 Florentia
3308 2084 3663 2142 Mediolanum

2081 2173 2148 2226 ad
2192 2190 2271 2228 nte
2308 2177 2536 2245 pervenit
2582 2176 2721 2233 1555
2746 2177 2917 2248 April.
2947 2178 3030 2233 l0.
3061 2177 3218 2243 Quod
3245 2177 3532 2232 Francisci
3564 2175 3661 2230 Pe-

2083 2266 2312 2321 trarelize
2340 2281 2503 2321 manu
2534 2269 2850 2337 inscriptum
2892 2268 3162 2339 intelliges
3194 2284 3260 2324 ex
3289 2268 3422 2323 data
3455 2267 3527 2321 ab
3558 2266 3677 2336 ipso

2080 2355 2146 2409 ad
2175 2355 2487 2412 Bocaccium
2512 2357 2761 2426 epistola,
2792 2372 2915 2427 quae
2950 2358 3226 2412 Variarum
3258 2360 3310 2413 in
3344 2357 3558 2411 Veneta
3592 2367 3678 2412 est

2081 2445 2171 2510 2i,
2200 2446 2252 2499 in
2277 2445 2566 2501 Basileensi
2592 2446 2683 2516 22,
2707 2448 2995 2516 incipiens,
3022 2446 3196 2501 Beasti
3218 2463 3297 2501 me
3321 2461 3543 2500 munere
3563 2463 3680 2499 ma-

2083 2538 2293 2607 gniﬁco.
2325 2546 2459 2603 etc.,
2486 2538 2578 2594 ubi
2604 2538 2889 2610 Augustini
2921 2542 2972 2593 in
3003 2539 3253 2593 Psalmos
3285 2555 3420 2603 opus
3453 2539 3679 2591 immen-

2083 2647 2195 2685 sum
2226 2639 2384 2685 totum
2410 2646 2514 2684 uno
2542 2632 2800 2685 uolumine
2829 2628 3276 2699 comprehensum,
3306 2628 3551 2681 Boeaccii
3584 2629 3673 2683 lie-

2089 2721 2279 2778 nelicio
2300 2721 2401 2776 sibi
2430 2721 2807 2776 transmissum
2833 2729 3082 2781 testatur,
3106 2719 3351 2773 scribens
3376 2717 3668 2773 Medio.'ani

2088 2828 2120 2866 ν
2144 2813 2263 2866 idus
2285 2810 2434 2864 Maii.
2468 2828 2488 2862 ι
2517 2810 2664 2865 llanc
2692 2810 3001 2865 Petrarclia:
3023 2808 3309 2878 epistolam
3333 2808 3668 2864 Benedictini

2089 2901 2192 2953 lioc
2220 2900 2336 2966 ipso
2362 2908 2507 2952 torno
2530 2908 2650 2966 post
2678 2898 2887 2953 indices
2912 2898 3323 2966 praefationibus
3353 2899 3670 2967 snbiunetos

2089 2987 2450 3043 recudendam
2478 2998 2761 3043 curarunt.

400 3095 617 3147 mortuis
638 3076 897 3165 gerenda,
928 3103 1073 3148 tomo
1092 3104 1234 3147 sexto
1252 3110 1271 3158 ;
1313 3092 1465 3147 libris
1504 3093 1568 3147 de
1603 3092 1815 3147 Civitate
1848 3092 1976 3161 Dei,

2158 3083 2324 3136 Porro
2370 3081 2437 3136 ad
2485 3081 2792 3147 Sermones,
2844 3091 2991 3138 tomo
3041 3084 3255 3154 quinto,
3306 3093 3518 3154 printer
3566 3085 3664 3139 alia

400 3192 550 3236 tomu
571 3184 822 3250 septimo;
851 3183 1001 3237 libris
1038 3191 1219 3235 contra
1250 3182 1551 3237 Sermonem
1586 3183 1897 3237 Arianorum
1926 3194 1982 3239 et

401 3276 467 3353 de
490 3274 774 3341 Trinitate,
819 3284 967 3331 tomo
1007 3283 1211 3342 octavo;
1248 3276 1479 3345 denique
1508 3278 1655 3333 libris
1683 3278 1747 3332 de
1778 3276 1983 3332 Natura

402 3374 449 3418 et
475 3362 677 3433 Gratia,
706 3365 767 3422 de
790 3364 1115 3438 Perfectione
1128 3368 1352 3438 justitia:
1371 3366 1616 3436 hominis,
1643 3369 1706 3423 de
1735 3368 1915 3423 Gratia
1936 3380 1984 3424 et

404 3454 565 3535 libero
594 3454 840 3525 Arbitrio,
863 3457 1288 3527 deCorreptfone
1312 3468 1358 3513 et
1380 3456 1563 3515 Gratia
1593 3468 1737 3516 tomo
1765 3461 1983 3516 decimo.

376 3559 381 3592 π
474 3546 857 3619 REIIGIENSES,
894 3550 933 3604 i.
965 3565 1017 3607 e.
1048 3550 1265 3607 abbatite
1290 3550 1349 3606 S.
1387 3549 1608 3624 Remigii
1632 3552 1895 3607 Remensis
1923 3552 1989 3607 li-

403 3637 504 3714 bri.
539 3638 691 3697 Unus
717 3641 991 3699 adhibitus
1030 3641 1129 3698 fuit
1151 3644 1293 3699 libro
1320 3643 1384 3698 de
1418 3643 1715 3710 Quantitate
1758 3646 1945 3700 animae
1968 3686 1983 3711 ,

408 3740 557 3787 tomo
584 3734 749 3801 primo
764 3750 784 3800 ;
816 3735 970 3789 libris
992 3735 1056 3788 de
1080 3733 1342 3790 Consensu
1365 3733 1834 3803 Evengelistarum,
1856 3734 1990 3789 Tra-

406 3826 621 3877 ctatibus
644 3826 696 3878 in
724 3823 924 3894 Evang.
956 3823 1207 3889 Joannis,
1246 3832 1392 3879 tomo
1427 3826 1595 3877 tertio.

380 3942 385 3961 .
479 3914 854 3967 Puritertomo
893 3922 1078 3983 quarto
1114 3914 1349 3982 plurium
1394 3914 1445 3966 in
1496 3914 1715 3970 eosdem
1752 3916 1990 3971 Psalmos

407 4002 563 4071 capia
591 4001 713 4064 fuit,
736 4015 964 4069 quorum
996 4001 1087 4055 alii
1114 4011 1242 4057 ante
1267 4015 1439 4056 annos
1467 4001 1591 4068 500,
1623 4004 1715 4057 alii
1740 4016 1863 4061 ante
1884 4006 1991 4061 800

407 4094 665 4162 descripti
693 4103 867 4147 erant.
906 4093 1098 4149 Plures
1120 4094 1246 4149 item
1282 4094 1671 4151 consuluerunt
1697 4096 1749 4151 in
1782 4097 1991 4153 Sermo-

409 4187 579 4238 nibus.
605 4184 775 4237 Tomo
812 4193 955 4239 sexto
986 4199 1115 4241 vero
1155 4185 1471 4255 proluerunt
1498 4186 1553 4241 in
1594 4187 1747 4242 libris
1776 4186 1839 4241 de
1860 4185 1992 4242 Fide

410 4284 455 4328 et
478 4273 724 4344 Symbolo
750 4314 763 4337 ,
789 4274 854 4327 de
876 4275 1049 4345 Agaue
1076 4276 1372 4331 Christiano
1389 4318 1403 4343 ,
1428 4278 1493 4331 de
1522 4276 1689 4346 Opere
1713 4279 1991 4332 monacho-

408 4380 521 4431 rum
563 4364 706 4441 etde
750 4362 1080 4421 Divinatione
1127 4366 1430 4420 daemonum.
1469 4367 1815 4436 Remigianus
1855 4385 1986 4422 unus

2086 3173 2413 3243 exemplaria
2442 3188 2507 3228 ex
2537 3173 2861 3229 bibliotheca
2894 3173 3081 3244 Regia,
3111 3174 3281 3230 adluit
3308 3192 3481 3231 unum
3517 3178 3661 3233 volu-

2086 3281 2208 3321 men
2256 3264 2548 3335 singulare,
2580 3278 2610 3318 a
2638 3262 2836 3319 Iacobo
2883 3265 3169 3321 Sirmondo
3218 3268 3520 3323 occasione
3550 3270 3647 3323 Ser

2086 3372 2306 3412 mouum
2331 3370 2362 3411 a
2391 3371 2451 3412 se
2476 3357 2743 3413 editorum
2774 3355 3076 3424 laudatum,
3120 3360 3504 3427 complectens
3543 3360 3670 3413 duas

2088 3450 2295 3520 priores
2326 3459 2505 3519 partes
2531 3448 2813 3505 collectorii
2836 3449 3150 3505 Sermonum
3169 3450 3671 3523 Augustinianorum

2090 3543 2313 3598 Roberto
2356 3544 2421 3597 de
2451 3541 2662 3608 Bardis,
2687 3542 3022 3597 Cancellario
3052 3541 3379 3609 Parisiensi,
3428 3554 3670 3607 auctore.

2096 3632 2341 3688 adornati
2371 3632 2438 3706 (a
2463 3634 2502 3703 ).

2161 3725 2270 3781 Nec
2296 3726 2475 3795 pauci,
2510 3726 2675 3780 immo
2702 3725 2901 3795 singuli
2934 3741 3075 3795 pene
3117 3725 3240 3781 libri
3288 3728 3418 3782 tomi
3450 3728 3580 3783 sexti
3608 3741 3671 3781 ex

2090 3817 2277 3872 iisdem
2302 3816 2546 3887 castigati
2575 3824 2722 3881 sunt,
2752 3828 2817 3872 ex
2839 3816 3033 3886 quibus
3050 3831 3189 3871 unus
3217 3816 3284 3871 ad
3316 3816 3522 3873 librum
3551 3833 3668 3871 con-

2092 3920 2170 3963 tra
2202 3906 2531 3961 Mendacium
2561 3916 2816 3961 censetur
2843 3921 3105 3961 annorum
3149 3907 3277 3963 900.

2161 3990 2242 4055 Ad
2275 4002 2443 4056 libros
2470 4000 2534 4055 de
2562 3999 2775 4054 Civitate
2818 3998 2913 4054 Dei
2945 4001 3308 4055 recensendos
3337 4001 3448 4056 duo
3481 4016 3671 4072 suppe«

2093 4094 2299 4149 tcbant.
2322 4094 2440 4148 Duo
2467 4092 2649 4148 itidem
2674 4091 2742 4146 ad
2772 4092 2968 4148 librum
2990 4094 3056 4147 de
3078 4091 3375 4148 Iliensibus
3396 4096 3471 4147 ad
3502 4093 3667 4162 Quad-

2092 4184 2377 4247 vultdenm,
2410 4192 2556 4237 tomo
2586 4184 2824 4250 septimo.

2138 4258 2314 4330 ὐκαι
2342 4273 2574 4344 denique
2601 4272 2877 4333 adhibitus
2904 4283 2991 4331 est
3023 4283 3170 4330 torno
3196 4276 3391 4328 decimo
3425 4276 3578 4330 libris
3608 4275 3669 4328 de

2098 4366 2280 4422 Gratia
2307 4375 2353 4419 et
2385 4365 2543 4420 libero
2588 4364 2839 4428 Arbitrio,
2874 4381 2974 4420 nec
3004 4382 3111 4421 nun
3152 4366 3214 4419 de
3241 4364 3568 4435 Correptiane
3609 4376 3659 4419 et

410 4437 659 4509 laudatur
702 4470 914 4524 uirque
950 4456 1015 4509 ad
1060 4456 1229 4511 lLbros
1268 4456 1331 4509 de
1359 4456 1574 4511 Civitate
1599 4434 1724 4523 Dei,
1758 4468 1811 4515 et
1847 4470 1992 4514 tonio
2024 4434 2073 4493 Ῑ)
2095 4458 2298 4524 Gratia,
2331 4459 2455 4512 item
2501 4458 2566 4510 de
2613 4455 3075 4511 Prtedestinatione
3102 4434 3402 4513 sanctorum
3428 4466 3479 4510 et
3510 4456 3661 4510 Dono

411 4557 588 4620 octavo
610 4546 676 4602 ad
700 4546 862 4602 libros
883 4556 1063 4601 contra
1080 4547 1420 4602 Maximinum
1448 4561 1493 4603 et
1518 4549 1854 4605 Collationent
1877 4570 1991 4606 cum

407 4638 538 4707 ipso,
573 4638 672 4693 duo
699 4655 826 4695 vero
858 4639 1055 4695 ibidem
1090 4640 1140 4693 in
1164 4638 1314 4692 libris
1343 4641 1405 4693 de
1427 4638 1695 4694 Trinitate.

481 4821 577 4890 (a)
618 4822 691 4876 De
717 4825 815 4894 lioc
840 4826 1148 4887 Collectorio
1174 4826 1269 4894 ipsi
1294 4825 1624 4880 Benedictini
1653 4826 1706 4878 in
1732 4824 1891 4881 Prml’.
1917 4826 1991 4889 ad,

407 4902 615 4959 tomum
645 4892 881 4957 quintum
913 4898 1026 4949 ln‘c
1057 4892 1327 4953 referunt:
1358 4913 1376 4945 ι
1414 4897 1661 4951 Robertus
1690 4896 1753 4949 de
1778 4895 1981 4959 Bai-dis,

408 4958 733 5033 l’arisiensis
766 4962 1155 5028 Cancellaiius,
1189 4968 1345 5020 altam
1379 4966 1740 5033 pulchriorem
1772 4980 1835 5020 ac
1869 4958 1983 5020 una?

2097 4549 2505 4617 perseverantior.

2168 4638 2319 4691 Liber
2350 4637 2844 4693 Rectouoursitsrs.
2877 4639 2957 4697 Ad
2983 4639 3145 4709 hunc,
3193 4641 3380 4710 paucis
3406 4638 3667 4708 exceptis.

2088 4828 2152 4881 de
2186 4824 2501 4895 ornamentis
2531 4832 2577 4879 et
2604 4825 2983 4895 impedimentis
3015 4826 3266 4881 Ecclesia:
3283 4828 3387 4882 sire
3418 4828 3646 4895 ﬁdelium

2088 4912 2148 4949 ac
2188 4896 2250 4949 de.
2301 4892 2722 4950 retributionibus
2776 4896 2970 4951 ultimis
3011 4897 3265 4952 bonorum
3302 4908 3349 4951 et
3391 4892 3646 4952 malorum

2089 4964 2349 5021 Servatur
2392 4964 2814 5037 iubibliotlieca
2846 4967 3027 5037 Regia
3073 4969 3467 5037 manuscriptus
3514 4983 3645 5021 unus

408 5030 490 5099 gis
515 5027 854 5110 Δὶςιείιιιιξρεπηι
889 5032 1078 5110 («piam
1107 5027 1524 5110 vulgzita,_quagm
1547 5044 1672 5110 ante
1700 5051 1987 5110 recensnue-
2086 5051 2193 5105 quo
2222 5037 2413 5110 primm
2439 5035 2560 5110 dum.
2588 5036 2743 5110 istius
2773 5027 3360 5110 colleciiouismpartes'
3382 5040 3635 5110 contineri

409 5099 566 5161 rant)
597 5098 903 5152 instituerat
939 5098 1259 5155 ειτηιοηιιῖιι
1307 5098 1737 5162 dis-tributionem
1778 5107 1831 5160 in
1864 5106 1987 5160 Col-

412 5169 647 5242 leetorio,
689 5179 745 5220 ut
773 5177 949 5242 Vt_)C.tl,
998 5170 1304 5242 Sermonem
1347 5175 1643 5241 Augustini,
1693 5193 1983 5242 numquam

409 5238 646 5314 vulgato,
690 5238 837 5314 aliud
879 5238 1128 5314 trecentis
1173 5240 1326 5314 annis
1362 5238 1559 5314 abhinc
1607 5238 1752 5313 retrn
1782 5238 1995 5314 elapsis

412 5307 770 5384 excogitavit,
806 5309 994 5384 ii~dein
1036 5308 1394 5384 Sernimtibus
1424 5312 1475 5364 in
1516 5310 1749 5384 quinque
1798 5307 1979 5384 partes

412 5377 678 5449 discretis.
730 5377 793 5431 In
824 5381 986 5444 primi
1014 5386 1159 5449 parte
1196 5379 1397 5433 collecti
1438 5391 1556 5434 sunt
1603 5377 1872 5437 Sermones
1920 5388 1984 5440 de

412 5446 712 5517 quibusdam
745 5452 895 5517 gestis
919 5458 965 5503 et
989 5446 1177 5502 sanctis
1205 5451 1386 5503 veteris
1430 5450 1759 5505 Testamenti.
1802 5453 1868 5507 In
1898 5473 1981 5509 se-

414 5516 583 5594 cunda
604 5516 1227 5594 partedesoletnnitatibus
1246 5521 1499 5594 etlsattetis
1522 5522 1635 5594 novi
1652 5520 1855 5576 Testam
1870 5526 1981 5594 inti.

416 5581 481 5637 In
509 5581 657 5659 tertia
684 5587 747 5637 de
776 5592 935 5659 uerbis
958 5602 1004 5643 et
1034 5581 1303 5659 scripturis
1339 5591 1518 5644 veteris
1560 5588 1885 5645 Testamenti.
1918 5593 1982 5645 In

416 5663 596 5723 quarta
615 5654 683 5710 de
698 5656 854 5708 verbis
876 5668 920 5711 et
945 5654 1207 5727 scripturis
1229 5662 1341 5716 novi
1368 5660 1692 5716 Testamenti.
1722 5659 1787 5714 In
1809 5664 1984 5729 quinta

2089 5103 2310 5166 tfurziet
2350 5107 2405 5159 in
2444 5103 2757 5159 Colbertina
2788 5104 2917 5168 duo,
2952 5107 3004 5159 in
3042 5103 3234 5175 quibus
3260 5108 3419 5163 index
3456 5108 3659 5164 Sermo

2090 5192 2216 5229 num
2243 5176 2453 5229 illarum
2486 5175 2984 5245 quinquepartium
3025 5187 3461 5245 reprmsentatur.
3494 5179 3662 5233 (Stete-

2089 5261 2227 5316 rum,
2253 5244 2669 5316 judicant,glicet
2694 5244 3014 5299 Sirinondus
3064 5244 3113 5299 in
3141 5247 3299 5311 prter.
3329 5265 3549 5302 suorum
3577 5246 3663 5301 XL

2089 5312 2408 5386 Sermouum
2459 5313 2713 5386 atlirtnet,
2749 5316 3162 5386 in_recensendis
3210 5318 3657 5386 opprobandisqne

2091 5385 2363 5455 Augustini
2394 5383 2655 5455 operibus.
2674 5423 2689 5436 .
2707 5422 2721 5436 .
2752 5383 2964 5438 minime
2983 5383 3411 5441 contemnendum
3432 5404 3539 5442 esse
3559 5387 3632 5439 llo
3646 5414 3658 5423 -

2094 5453 2220 5527 berti
2242 5453 2595 5527 stt/fragium;
2612 5464 2797 5527 tamen
2818 5455 3147 5527 adulterinos
3179 5456 3472 5517 SermOut-s
3498 5469 3662 5527 prope

2093 5522 2675 5597 innumeros_'adtnisit,
2706 5531 2763 5577 ut
2784 5525 2872 5592 qui
2898 5527 2947 5578 iu
2983 5529 3151 5595 prima
3182 5522 3671 5597 Collectorii'parte

2090 5594 2237 5666 solos
2274 5594 2544 5662 legitimos
2583 5596 2932 5665 relinqueret,
2971 5594 3126 5650 istam
3160 5612 3294 5666 pene
3327 5598 3390 5652 ad
3426 5594 3649 5652 nihilum

2091 5664 2397 5731 reduceret,
2426 5673 2527 5718 etc.
2574 5680 2592 5715 ι
2742 5662 2751 5665 ⁷
3161 5662 3172 5666 ν
3212 5692 3217 5697 .
3564 5672 3569 5681 .
3602 5674 3607 5678 -
3638 5662 3663 5680 .ι
