  <div class='ocr_page' id='page_1' title='image "/cluster/home/n/w/nwhite01/storage/ocr_20150623/47/uva.x000827107/068.png"; bbox 0 0 3882 6314; ppageno 0'>
   <div class='ocr_carea' id='block_1_1' title="bbox 127 306 2476 387">
    <p class='ocr_par' dir='ltr' id='par_1_1' title="bbox 127 306 2476 387">
     <span class='ocr_line' id='line_1_1' title="bbox 127 306 2476 387; baseline 0.01 -24"><span class='ocrx_word' id='word_1_1' title='bbox 127 322 207 378; x_wconf 68' lang='grc' dir='ltr'><strong><em>ηε</em></strong></span> <span class='ocrx_word' id='word_1_2' title='bbox 1015 306 1292 375; x_wconf 75' lang='grc' dir='ltr'><strong><em>ΝοτιτιΑ</em></strong></span> <span class='ocrx_word' id='word_1_3' title='bbox 1333 319 1755 378; x_wconf 70' lang='lat' dir='ltr'><strong><em>LITTERARIA</em></strong></span> <span class='ocrx_word' id='word_1_4' title='bbox 1795 323 1860 378; x_wconf 83' lang='lat' dir='ltr'><strong><em>lN</em></strong></span> <span class='ocrx_word' id='word_1_5' title='bbox 1899 325 1959 380; x_wconf 90' lang='lat' dir='ltr'><strong><em>s.</em></strong></span> <span class='ocrx_word' id='word_1_6' title='bbox 2003 327 2476 387; x_wconf 73' lang='lat' dir='ltr'><strong><em>AUGUSTINUM.</em></strong></span> 
     </span>
    </p>
   </div>
   <div class='ocr_carea' id='block_1_2' title="bbox 3285 353 3388 407">
    <p class='ocr_par' dir='ltr' id='par_1_2' title="bbox 3285 353 3388 407">
     <span class='ocr_line' id='line_1_2' title="bbox 3285 353 3388 407; baseline 0.029 -3"><span class='ocrx_word' id='word_1_7' title='bbox 3285 353 3388 407; x_wconf 57' lang='lat' dir='ltr'><strong><em>l2!</em></strong></span> 
     </span>
    </p>
   </div>
   <div class='ocr_carea' id='block_1_3' title="bbox 128 427 3389 518">
    <p class='ocr_par' dir='ltr' id='par_1_3' title="bbox 128 427 3389 518">
     <span class='ocr_line' id='line_1_3' title="bbox 128 427 3389 518; baseline 0.01 -33"><span class='ocrx_word' id='word_1_8' title='bbox 128 445 299 485; x_wconf 85' lang='lat' dir='ltr'><strong><em>omnes</em></strong></span> <span class='ocrx_word' id='word_1_9' title='bbox 329 433 461 484; x_wconf 82' lang='lat' dir='ltr'><strong><em>tomi</em></strong></span> <span class='ocrx_word' id='word_1_10' title='bbox 495 431 659 499; x_wconf 85' lang='lat' dir='ltr'><strong><em>primi</em></strong></span> <span class='ocrx_word' id='word_1_11' title='bbox 682 429 802 484; x_wconf 84' lang='lat' dir='ltr'><strong><em>libri</em></strong></span> <span class='ocrx_word' id='word_1_12' title='bbox 832 427 1050 482; x_wconf 76' lang='lat' dir='ltr'><strong><em>excuSSi</em></strong></span> <span class='ocrx_word' id='word_1_13' title='bbox 1080 438 1224 483; x_wconf 90' lang='lat' dir='ltr'><strong><em>sunt.</em></strong></span> <span class='ocrx_word' id='word_1_14' title='bbox 1257 429 1538 484; x_wconf 82' lang='lat' dir='ltr'><strong>Laudatur</strong></span> <span class='ocrx_word' id='word_1_15' title='bbox 1564 447 1703 501; x_wconf 69' lang='lat' dir='ltr'><strong><em>prm-</em></strong></span> <span class='ocrx_word' id='word_1_16' title='bbox 1729 437 1781 494; x_wconf 83' lang='grc' dir='ltr'><strong>Α</strong></span> <span class='ocrx_word' id='word_1_17' title='bbox 1809 433 1965 503; x_wconf 85' lang='lat' dir='ltr'><strong><em>ltujtts</em></strong></span> <span class='ocrx_word' id='word_1_18' title='bbox 1993 437 2339 495; x_wconf 71' lang='lat' dir='ltr'><strong><em>bibliouiecae</em></strong></span> <span class='ocrx_word' id='word_1_19' title='bbox 2367 444 2541 499; x_wconf 73' lang='lat' dir='ltr'><strong><em>anatis</em></strong></span> <span class='ocrx_word' id='word_1_20' title='bbox 2560 445 2840 518; x_wconf 82' lang='lat' dir='ltr'><strong>aliquanto</strong></span> <span class='ocrx_word' id='word_1_21' title='bbox 2863 456 3198 515; x_wconf 80' lang='lat' dir='ltr'><strong><em>recentioris.</em></strong></span> <span class='ocrx_word' id='word_1_22' title='bbox 3227 460 3389 518; x_wconf 82' lang='lat' dir='ltr'><strong><em>Theo-</em></strong></span> 
     </span>
    </p>
   </div>
   <div class='ocr_carea' id='block_1_4' title="bbox 129 519 1275 578">
    <p class='ocr_par' dir='ltr' id='par_1_4' title="bbox 129 519 1275 578">
     <span class='ocr_line' id='line_1_4' title="bbox 129 519 1275 578; baseline -0.003 0"><span class='ocrx_word' id='word_1_23' title='bbox 129 533 262 578; x_wconf 72' lang='lat' dir='ltr'><strong><em>tcrea</em></strong></span> <span class='ocrx_word' id='word_1_24' title='bbox 293 522 345 575; x_wconf 89' lang='lat' dir='ltr'><strong><em>in</em></strong></span> <span class='ocrx_word' id='word_1_25' title='bbox 370 531 516 575; x_wconf 76' lang='lat' dir='ltr'><strong><em>sexto</em></strong></span> <span class='ocrx_word' id='word_1_26' title='bbox 547 521 620 573; x_wconf 85' lang='lat' dir='ltr'><strong><em>ad</em></strong></span> <span class='ocrx_word' id='word_1_27' title='bbox 656 520 854 574; x_wconf 90' lang='lat' dir='ltr'><strong>librum</strong></span> <span class='ocrx_word' id='word_1_28' title='bbox 886 520 950 572; x_wconf 86' lang='lat' dir='ltr'><strong><em>de</em></strong></span> <span class='ocrx_word' id='word_1_29' title='bbox 980 519 1275 575; x_wconf 77' lang='lat' dir='ltr'><strong><em>Mendacio.</em></strong></span> 
     </span>
    </p>
   </div>
   <div class='ocr_carea' id='block_1_5' title="bbox 198 610 1704 668">
    <p class='ocr_par' dir='ltr' id='par_1_5' title="bbox 198 610 1704 668">
     <span class='ocr_line' id='line_1_5' title="bbox 198 610 1704 668; baseline -0.001 0"><span class='ocrx_word' id='word_1_30' title='bbox 198 614 346 668; x_wconf 74' lang='lat' dir='ltr'><strong><em>Liber</em></strong></span> <span class='ocrx_word' id='word_1_31' title='bbox 371 629 466 667; x_wconf 86' lang='lat' dir='ltr'><strong><em>ms.</em></strong></span> <span class='ocrx_word' id='word_1_32' title='bbox 498 612 726 666; x_wconf 66' lang='lat' dir='ltr'><strong><em>abbatite</em></strong></span> <span class='ocrx_word' id='word_1_33' title='bbox 744 611 1017 667; x_wconf 71' lang='lat' dir='ltr'><strong><em>Ssetsasrs</em></strong></span> <span class='ocrx_word' id='word_1_34' title='bbox 1042 612 1105 667; x_wconf 94' lang='grc'><strong><em>8.</em></strong></span> <span class='ocrx_word' id='word_1_35' title='bbox 1135 610 1373 666; x_wconf 78' lang='lat' dir='ltr'><strong><em>Martini.</em></strong></span> <span class='ocrx_word' id='word_1_36' title='bbox 1396 611 1557 666; x_wconf 85' lang='lat' dir='ltr'><strong><em>Juxta</em></strong></span> <span class='ocrx_word' id='word_1_37' title='bbox 1580 628 1704 667; x_wconf 87' lang='lat' dir='ltr'><strong><em>cum</em></strong></span> 
     </span>
    </p>
   </div>
   <div class='ocr_carea' id='block_1_6' title="bbox 127 705 1706 773">
    <p class='ocr_par' dir='ltr' id='par_1_6' title="bbox 127 705 1706 773">
     <span class='ocr_line' id='line_1_6' title="bbox 127 705 1706 773; baseline -0.003 -9"><span class='ocrx_word' id='word_1_38' title='bbox 127 707 373 764; x_wconf 72' lang='lat' dir='ltr'><strong><em>recensiti</em></strong></span> <span class='ocrx_word' id='word_1_39' title='bbox 403 713 534 760; x_wconf 89' lang='lat' dir='ltr'><strong><em>sunt</em></strong></span> <span class='ocrx_word' id='word_1_40' title='bbox 559 706 682 759; x_wconf 84' lang='lat' dir='ltr'><strong>libri</strong></span> <span class='ocrx_word' id='word_1_41' title='bbox 711 707 774 757; x_wconf 90' lang='lat' dir='ltr'><strong><em>de</em></strong></span> <span class='ocrx_word' id='word_1_42' title='bbox 801 705 1051 760; x_wconf 79' lang='lat' dir='ltr'><strong><em>Sermone</em></strong></span> <span class='ocrx_word' id='word_1_43' title='bbox 1075 706 1130 758; x_wconf 90' lang='lat' dir='ltr'><strong><em>in</em></strong></span> <span class='ocrx_word' id='word_1_44' title='bbox 1147 715 1316 760; x_wconf 88' lang='lat' dir='ltr'><strong><em>monte</em></strong></span> <span class='ocrx_word' id='word_1_45' title='bbox 1345 713 1494 761; x_wconf 90' lang='lat' dir='ltr'><strong><em>tomo</em></strong></span> <span class='ocrx_word' id='word_1_46' title='bbox 1522 707 1706 773; x_wconf 84' lang='lat' dir='ltr'><strong><em>tertio;</em></strong></span> 
     </span>
    </p>
   </div>
   <div class='ocr_carea' id='block_1_7' title="bbox 125 797 1702 870">
    <p class='ocr_par' dir='ltr' id='par_1_7' title="bbox 125 797 1702 870">
     <span class='ocr_line' id='line_1_7' title="bbox 125 797 1702 870; baseline -0.004 -12"><span class='ocrx_word' id='word_1_47' title='bbox 125 803 256 858; x_wconf 85' lang='lat' dir='ltr'><strong><em>liber</em></strong></span> <span class='ocrx_word' id='word_1_48' title='bbox 290 809 476 855; x_wconf 89' lang='lat' dir='ltr'><strong><em>contra</em></strong></span> <span class='ocrx_word' id='word_1_49' title='bbox 517 797 855 852; x_wconf 62' lang='lat' dir='ltr'><strong><em>Mendacium</em></strong></span> <span class='ocrx_word' id='word_1_50' title='bbox 897 805 951 852; x_wconf 88' lang='lat' dir='ltr'><strong><em>et</em></strong></span> <span class='ocrx_word' id='word_1_51' title='bbox 991 799 1055 852; x_wconf 88' lang='lat' dir='ltr'><strong><em>de</em></strong></span> <span class='ocrx_word' id='word_1_52' title='bbox 1105 797 1270 870; x_wconf 85' lang='lat' dir='ltr'><strong><em>Opere</em></strong></span> <span class='ocrx_word' id='word_1_53' title='bbox 1323 797 1702 852; x_wconf 83' lang='lat' dir='ltr'><strong><em>Monachorum</em></strong></span> 
     </span>
    </p>
   </div>
   <div class='ocr_carea' id='block_1_8' title="bbox 124 887 1706 957">
    <p class='ocr_par' dir='ltr' id='par_1_8' title="bbox 124 887 1706 957">
     <span class='ocr_line' id='line_1_8' title="bbox 124 887 1706 957; baseline -0.002 -10"><span class='ocrx_word' id='word_1_54' title='bbox 124 907 262 948; x_wconf 89' lang='lat' dir='ltr'><strong><em>tomo</em></strong></span> <span class='ocrx_word' id='word_1_55' title='bbox 304 901 481 957; x_wconf 70' lang='lat' dir='ltr'><strong><em>sexto;</em></strong></span> <span class='ocrx_word' id='word_1_56' title='bbox 513 891 849 944; x_wconf 68' lang='lat' dir='ltr'><strong><em>libri‘contra</em></strong></span> <span class='ocrx_word' id='word_1_57' title='bbox 895 887 1155 943; x_wconf 78' lang='lat' dir='ltr'><strong><em>Faustum</em></strong></span> <span class='ocrx_word' id='word_1_58' title='bbox 1186 900 1241 944; x_wconf 88' lang='lat' dir='ltr'><strong><em>et</em></strong></span> <span class='ocrx_word' id='word_1_59' title='bbox 1267 900 1448 943; x_wconf 90' lang='lat' dir='ltr'><strong><em>contra</em></strong></span> <span class='ocrx_word' id='word_1_60' title='bbox 1494 891 1706 945; x_wconf 84' lang='lat' dir='ltr'><strong><em>Sermo-</em></strong></span> 
     </span>
    </p>
   </div>
   <div class='ocr_carea' id='block_1_9' title="bbox 118 980 1705 1052">
    <p class='ocr_par' dir='ltr' id='par_1_9' title="bbox 118 980 1705 1052">
     <span class='ocr_line' id='line_1_9' title="bbox 118 980 1705 1052; baseline -0.002 -13"><span class='ocrx_word' id='word_1_61' title='bbox 118 1001 180 1039; x_wconf 88' lang='lat' dir='ltr'><strong><em>ne</em></strong></span> <span class='ocrx_word' id='word_1_62' title='bbox 199 1001 231 1036; x_wconf 89' lang='lat' dir='ltr'><strong><em>n</em></strong></span> <span class='ocrx_word' id='word_1_63' title='bbox 262 983 591 1036; x_wconf 79' lang='lat' dir='ltr'><strong><em>Arianorum.</em></strong></span> <span class='ocrx_word' id='word_1_64' title='bbox 626 987 777 1035; x_wconf 84' lang='lat' dir='ltr'><strong><em>torno</em></strong></span> <span class='ocrx_word' id='word_1_65' title='bbox 807 989 1026 1044; x_wconf 83' lang='lat' dir='ltr'><strong><em>octavo;</em></strong></span> <span class='ocrx_word' id='word_1_66' title='bbox 1056 980 1178 1034; x_wconf 86' lang='lat' dir='ltr'><strong>libri</strong></span> <span class='ocrx_word' id='word_1_67' title='bbox 1205 981 1272 1034; x_wconf 92' lang='lat' dir='ltr'><strong><em>de</em></strong></span> <span class='ocrx_word' id='word_1_68' title='bbox 1307 982 1493 1035; x_wconf 80' lang='lat' dir='ltr'><strong><em>Anima</em></strong></span> <span class='ocrx_word' id='word_1_69' title='bbox 1522 993 1570 1036; x_wconf 91' lang='lat' dir='ltr'><strong><em>et</em></strong></span> <span class='ocrx_word' id='word_1_70' title='bbox 1593 984 1705 1052; x_wconf 82' lang='lat' dir='ltr'><strong><em>ejus</em></strong></span> 
     </span>
    </p>
   </div>
   <div class='ocr_carea' id='block_1_10' title="bbox 120 1071 766 1145">
    <p class='ocr_par' dir='ltr' id='par_1_10' title="bbox 120 1071 766 1145">
     <span class='ocr_line' id='line_1_10' title="bbox 120 1071 766 1145; baseline -0.008 -16"><span class='ocrx_word' id='word_1_71' title='bbox 120 1076 344 1145; x_wconf 76' lang='lat' dir='ltr'><strong><em>origine,</em></strong></span> <span class='ocrx_word' id='word_1_72' title='bbox 377 1084 521 1128; x_wconf 90' lang='lat' dir='ltr'><strong><em>tomo</em></strong></span> <span class='ocrx_word' id='word_1_73' title='bbox 550 1071 766 1124; x_wconf 85' lang='lat' dir='ltr'><strong><em>decimo.</em></strong></span> 
     </span>
    </p>
   </div>
   <div class='ocr_carea' id='block_1_11' title="bbox 189 1159 1707 1232">
    <p class='ocr_par' dir='ltr' id='par_1_11' title="bbox 189 1159 1707 1232">
     <span class='ocr_line' id='line_1_11' title="bbox 189 1159 1707 1232; baseline -0.005 -11"><span class='ocrx_word' id='word_1_74' title='bbox 189 1167 526 1228; x_wconf 72' lang='lat' dir='ltr'><strong><em>Senetensns,</em></strong></span> <span class='ocrx_word' id='word_1_75' title='bbox 556 1161 594 1216; x_wconf 92' lang='lat' dir='ltr'><strong>i.</strong></span> <span class='ocrx_word' id='word_1_76' title='bbox 626 1177 673 1216; x_wconf 90' lang='lat' dir='ltr'><strong><em>e.</em></strong></span> <span class='ocrx_word' id='word_1_77' title='bbox 705 1160 765 1217; x_wconf 90' lang='grc'><strong><em>8.</em></strong></span> <span class='ocrx_word' id='word_1_78' title='bbox 798 1159 972 1232; x_wconf 82' lang='lat' dir='ltr'><strong><em>Sergii</em></strong></span> <span class='ocrx_word' id='word_1_79' title='bbox 1003 1161 1386 1232; x_wconf 80' lang='lat' dir='ltr'><strong><em>Andegavensis</em></strong></span> <span class='ocrx_word' id='word_1_80' title='bbox 1416 1161 1556 1217; x_wconf 87' lang='lat' dir='ltr'><strong>liber</strong></span> <span class='ocrx_word' id='word_1_81' title='bbox 1590 1160 1707 1215; x_wconf 88' lang='lat' dir='ltr'><strong>lau-</strong></span> 
     </span>
    </p>
   </div>
   <div class='ocr_carea' id='block_1_12' title="bbox 113 1252 1708 1324">
    <p class='ocr_par' dir='ltr' id='par_1_12' title="bbox 113 1252 1708 1324">
     <span class='ocr_line' id='line_1_12' title="bbox 113 1252 1708 1324; baseline -0.003 -12"><span class='ocrx_word' id='word_1_82' title='bbox 113 1258 277 1312; x_wconf 81' lang='lat' dir='ltr'><strong><em>datur</em></strong></span> <span class='ocrx_word' id='word_1_83' title='bbox 317 1265 467 1310; x_wconf 87' lang='lat' dir='ltr'><strong><em>tomo</em></strong></span> <span class='ocrx_word' id='word_1_84' title='bbox 511 1255 678 1324; x_wconf 85' lang='lat' dir='ltr'><strong><em>primo</em></strong></span> <span class='ocrx_word' id='word_1_85' title='bbox 704 1252 770 1307; x_wconf 85' lang='lat' dir='ltr'><strong><em>ad</em></strong></span> <span class='ocrx_word' id='word_1_86' title='bbox 798 1254 968 1307; x_wconf 87' lang='lat' dir='ltr'><strong><em>libros</em></strong></span> <span class='ocrx_word' id='word_1_87' title='bbox 997 1253 1062 1308; x_wconf 89' lang='lat' dir='ltr'><strong><em>de</em></strong></span> <span class='ocrx_word' id='word_1_88' title='bbox 1089 1253 1393 1320; x_wconf 84' lang='lat' dir='ltr'><strong><em>Quantitate</em></strong></span> <span class='ocrx_word' id='word_1_89' title='bbox 1429 1255 1627 1309; x_wconf 76' lang='lat' dir='ltr'><strong><em>Anima:</em></strong></span> <span class='ocrx_word' id='word_1_90' title='bbox 1653 1265 1708 1310; x_wconf 88' lang='lat' dir='ltr'><strong><em>et</em></strong></span> 
     </span>
    </p>
   </div>
   <div class='ocr_carea' id='block_1_13' title="bbox 112 1344 1713 1416">
    <p class='ocr_par' dir='ltr' id='par_1_13' title="bbox 112 1344 1713 1416">
     <span class='ocr_line' id='line_1_13' title="bbox 112 1344 1713 1416; baseline -0.004 -12"><span class='ocrx_word' id='word_1_91' title='bbox 112 1352 176 1404; x_wconf 92' lang='lat' dir='ltr'><strong><em>de</em></strong></span> <span class='ocrx_word' id='word_1_92' title='bbox 201 1351 368 1402; x_wconf 74' lang='lat' dir='ltr'><strong><em>libero</em></strong></span> <span class='ocrx_word' id='word_1_93' title='bbox 391 1347 654 1408; x_wconf 79' lang='lat' dir='ltr'><strong><em>Arbitrio;</em></strong></span> <span class='ocrx_word' id='word_1_94' title='bbox 701 1345 769 1400; x_wconf 83' lang='lat' dir='ltr'><strong><em>ad</em></strong></span> <span class='ocrx_word' id='word_1_95' title='bbox 816 1345 1207 1416; x_wconf 75' lang='lat' dir='ltr'><strong><em>Expositionem</em></strong></span> <span class='ocrx_word' id='word_1_96' title='bbox 1252 1346 1550 1399; x_wconf 78' lang='lat' dir='ltr'><strong><em>inchoatam</em></strong></span> <span class='ocrx_word' id='word_1_97' title='bbox 1580 1344 1713 1416; x_wconf 83' lang='lat' dir='ltr'><strong><em>Epi-</em></strong></span> 
     </span>
    </p>
   </div>
   <div class='ocr_carea' id='block_1_14' title="bbox 111 1434 1571 1507">
    <p class='ocr_par' dir='ltr' id='par_1_14' title="bbox 111 1434 1571 1507">
     <span class='ocr_line' id='line_1_14' title="bbox 111 1434 1571 1507; baseline -0.004 -14"><span class='ocrx_word' id='word_1_98' title='bbox 111 1439 258 1494; x_wconf 76' lang='lat' dir='ltr'><strong><em>stoltc</em></strong></span> <span class='ocrx_word' id='word_1_99' title='bbox 283 1439 355 1492; x_wconf 91' lang='lat' dir='ltr'><strong><em>ad</em></strong></span> <span class='ocrx_word' id='word_1_100' title='bbox 385 1435 634 1501; x_wconf 79' lang='lat' dir='ltr'><strong><em>Galatas;</em></strong></span> <span class='ocrx_word' id='word_1_101' title='bbox 657 1435 722 1489; x_wconf 87' lang='lat' dir='ltr'><strong><em>ad</em></strong></span> <span class='ocrx_word' id='word_1_102' title='bbox 747 1434 940 1489; x_wconf 87' lang='lat' dir='ltr'><strong>librum</strong></span> <span class='ocrx_word' id='word_1_103' title='bbox 968 1434 1034 1487; x_wconf 88' lang='lat' dir='ltr'><strong><em>de</em></strong></span> <span class='ocrx_word' id='word_1_104' title='bbox 1055 1434 1234 1507; x_wconf 82' lang='lat' dir='ltr'><strong><em>Agone</em></strong></span> <span class='ocrx_word' id='word_1_105' title='bbox 1255 1434 1571 1490; x_wconf 88' lang='lat' dir='ltr'><strong><em>Christiano.</em></strong></span> 
     </span>
    </p>
   </div>
   <div class='ocr_carea' id='block_1_15' title="bbox 180 1526 1710 1598">
    <p class='ocr_par' dir='ltr' id='par_1_15' title="bbox 180 1526 1710 1598">
     <span class='ocr_line' id='line_1_15' title="bbox 180 1526 1710 1598; baseline -0.001 -14"><span class='ocrx_word' id='word_1_106' title='bbox 180 1529 366 1584; x_wconf 70' lang='lat' dir='ltr'><strong><em>Codex</em></strong></span> <span class='ocrx_word' id='word_1_107' title='bbox 403 1529 841 1595; x_wconf 69' lang='lat' dir='ltr'><strong><em>SlGIBUINENSlS,</em></strong></span> <span class='ocrx_word' id='word_1_108' title='bbox 886 1528 924 1581; x_wconf 93' lang='lat' dir='ltr'><strong><em>i.</em></strong></span> <span class='ocrx_word' id='word_1_109' title='bbox 966 1541 1017 1581; x_wconf 90' lang='lat' dir='ltr'><strong><em>e.</em></strong></span> <span class='ocrx_word' id='word_1_110' title='bbox 1069 1526 1289 1582; x_wconf 69' lang='lat' dir='ltr'><strong><em>abbatiae</em></strong></span> <span class='ocrx_word' id='word_1_111' title='bbox 1328 1527 1389 1582; x_wconf 98' lang='grc'><strong><em>8.</em></strong></span> <span class='ocrx_word' id='word_1_112' title='bbox 1429 1526 1710 1598; x_wconf 82' lang='lat' dir='ltr'><strong><em>Cygiranni</em></strong></span> 
     </span>
    </p>
   </div>
   <div class='ocr_carea' id='block_1_16' title="bbox 111 1616 1709 1677">
    <p class='ocr_par' dir='ltr' id='par_1_16' title="bbox 111 1616 1709 1677">
     <span class='ocr_line' id='line_1_16' title="bbox 111 1616 1709 1677; baseline -0.003 -1"><span class='ocrx_word' id='word_1_113' title='bbox 111 1637 207 1677; x_wconf 89' lang='lat' dir='ltr'><strong><em>seu</em></strong></span> <span class='ocrx_word' id='word_1_114' title='bbox 238 1622 690 1676; x_wconf 61' lang='lat' dir='ltr'><strong><em>Crornsuuenus.</em></strong></span> <span class='ocrx_word' id='word_1_115' title='bbox 719 1617 946 1673; x_wconf 85' lang='lat' dir='ltr'><strong>Notatur</strong></span> <span class='ocrx_word' id='word_1_116' title='bbox 973 1618 1025 1671; x_wconf 93' lang='lat' dir='ltr'><strong><em>in</em></strong></span> <span class='ocrx_word' id='word_1_117' title='bbox 1059 1617 1210 1672; x_wconf 88' lang='lat' dir='ltr'><strong>libris</strong></span> <span class='ocrx_word' id='word_1_118' title='bbox 1251 1617 1316 1670; x_wconf 90' lang='lat' dir='ltr'><strong><em>de</em></strong></span> <span class='ocrx_word' id='word_1_119' title='bbox 1353 1616 1500 1671; x_wconf 87' lang='lat' dir='ltr'><strong><em>Bono</em></strong></span> <span class='ocrx_word' id='word_1_120' title='bbox 1539 1619 1709 1672; x_wconf 58' lang='lat' dir='ltr'><strong><em>vidui-</em></strong></span> 
     </span>
    </p>
   </div>
   <div class='ocr_carea' id='block_1_17' title="bbox 111 1709 1710 1776">
    <p class='ocr_par' dir='ltr' id='par_1_17' title="bbox 111 1709 1710 1776">
     <span class='ocr_line' id='line_1_17' title="bbox 111 1709 1710 1776; baseline 0 -12"><span class='ocrx_word' id='word_1_121' title='bbox 111 1715 238 1766; x_wconf 88' lang='lat' dir='ltr'><strong><em>tatis</em></strong></span> <span class='ocrx_word' id='word_1_122' title='bbox 279 1723 337 1767; x_wconf 86' lang='lat' dir='ltr'><strong><em>et</em></strong></span> <span class='ocrx_word' id='word_1_123' title='bbox 376 1721 559 1766; x_wconf 89' lang='lat' dir='ltr'><strong><em>contra</em></strong></span> <span class='ocrx_word' id='word_1_124' title='bbox 606 1709 938 1765; x_wconf 77' lang='lat' dir='ltr'><strong><em>Mendacium</em></strong></span> <span class='ocrx_word' id='word_1_125' title='bbox 969 1720 1114 1765; x_wconf 90' lang='lat' dir='ltr'><strong><em>tomo</em></strong></span> <span class='ocrx_word' id='word_1_126' title='bbox 1142 1720 1322 1776; x_wconf 74' lang='lat' dir='ltr'><strong><em>sexto;</em></strong></span> <span class='ocrx_word' id='word_1_127' title='bbox 1352 1710 1418 1765; x_wconf 87' lang='lat' dir='ltr'><strong><em>ad</em></strong></span> <span class='ocrx_word' id='word_1_128' title='bbox 1451 1711 1621 1765; x_wconf 88' lang='lat' dir='ltr'><strong><em>libros</em></strong></span> <span class='ocrx_word' id='word_1_129' title='bbox 1646 1711 1710 1764; x_wconf 89' lang='lat' dir='ltr'><strong><em>de</em></strong></span> 
     </span>
    </p>
   </div>
   <div class='ocr_carea' id='block_1_18' title="bbox 1808 526 3387 618">
    <p class='ocr_par' dir='ltr' id='par_1_18' title="bbox 1808 526 3387 618">
     <span class='ocr_line' id='line_1_18' title="bbox 1808 526 3387 618; baseline 0.019 -41"><span class='ocrx_word' id='word_1_130' title='bbox 1808 526 2097 582; x_wconf 84' lang='lat' dir='ltr'><strong><em>doricenses</em></strong></span> <span class='ocrx_word' id='word_1_131' title='bbox 2140 531 2206 583; x_wconf 84' lang='lat' dir='ltr'><strong>ad</strong></span> <span class='ocrx_word' id='word_1_132' title='bbox 2254 532 2526 589; x_wconf 86' lang='lat' dir='ltr'><strong><em>Sermones</em></strong></span> <span class='ocrx_word' id='word_1_133' title='bbox 2551 553 2765 608; x_wconf 88' lang='lat' dir='ltr'><strong>quoque</strong></span> <span class='ocrx_word' id='word_1_134' title='bbox 2796 552 2992 610; x_wconf 72' lang='lat' dir='ltr'><strong><em>prmsto</em></strong></span> <span class='ocrx_word' id='word_1_135' title='bbox 3040 547 3285 615; x_wconf 86' lang='lat' dir='ltr'><strong><em>luertmt;</em></strong></span> <span class='ocrx_word' id='word_1_136' title='bbox 3336 553 3387 618; x_wconf 80' lang='lat' dir='ltr'><strong><em>in</em></strong></span> 
     </span>
    </p>
   </div>
   <div class='ocr_carea' id='block_1_19' title="bbox 1810 629 3386 711">
    <p class='ocr_par' dir='ltr' id='par_1_19' title="bbox 1810 629 3386 711">
     <span class='ocr_line' id='line_1_19' title="bbox 1810 629 3386 711; baseline 0.013 -38"><span class='ocrx_word' id='word_1_137' title='bbox 1810 629 1954 674; x_wconf 91' lang='lat' dir='ltr'><strong><em>tomo</em></strong></span> <span class='ocrx_word' id='word_1_138' title='bbox 1998 630 2172 676; x_wconf 78' lang='lat' dir='ltr'><strong><em>octavo</em></strong></span> <span class='ocrx_word' id='word_1_139' title='bbox 2211 640 2342 681; x_wconf 84' lang='lat' dir='ltr'><strong><em>vero</em></strong></span> <span class='ocrx_word' id='word_1_140' title='bbox 2377 631 2590 685; x_wconf 84' lang='lat' dir='ltr'><strong>nonnisi</strong></span> <span class='ocrx_word' id='word_1_141' title='bbox 2646 631 2770 688; x_wconf 85' lang='lat' dir='ltr'><strong>libri</strong></span> <span class='ocrx_word' id='word_1_142' title='bbox 2813 635 2878 690; x_wconf 88' lang='lat' dir='ltr'><strong><em>de</em></strong></span> <span class='ocrx_word' id='word_1_143' title='bbox 2931 636 3183 704; x_wconf 81' lang='lat' dir='ltr'><strong><em>Trinitate</em></strong></span> <span class='ocrx_word' id='word_1_144' title='bbox 3230 658 3386 711; x_wconf 78' lang='lat' dir='ltr'><strong><em>opem</em></strong></span> 
     </span>
    </p>
   </div>
   <div class='ocr_carea' id='block_1_20' title="bbox 1808 709 2340 779">
    <p class='ocr_par' dir='ltr' id='par_1_20' title="bbox 1808 709 2340 779">
     <span class='ocr_line' id='line_1_20' title="bbox 1808 709 2340 779; baseline 0.013 -15"><span class='ocrx_word' id='word_1_145' title='bbox 1808 709 1934 765; x_wconf 86' lang='lat' dir='ltr'><strong><em>hinc</em></strong></span> <span class='ocrx_word' id='word_1_146' title='bbox 1958 716 2166 779; x_wconf 76' lang='lat' dir='ltr'><strong><em>experti</em></strong></span> <span class='ocrx_word' id='word_1_147' title='bbox 2195 728 2340 772; x_wconf 88' lang='lat' dir='ltr'><strong><em>sunt.</em></strong></span> 
     </span>
    </p>
   </div>
   <div class='ocr_carea' id='block_1_21' title="bbox 1877 799 3389 880">
    <p class='ocr_par' dir='ltr' id='par_1_21' title="bbox 1877 799 3389 880">
     <span class='ocr_line' id='line_1_21' title="bbox 1877 799 3389 880; baseline 0.016 -26"><span class='ocrx_word' id='word_1_148' title='bbox 1877 799 2020 854; x_wconf 80' lang='lat' dir='ltr'><strong><em>Libri</em></strong></span> <span class='ocrx_word' id='word_1_149' title='bbox 2053 802 2381 863; x_wconf 82' lang='lat' dir='ltr'><strong><em>Bibliotheca:</em></strong></span> <span class='ocrx_word' id='word_1_150' title='bbox 2402 811 2696 870; x_wconf 66' lang='lat' dir='ltr'><strong><em>TBUANBE.</em></strong></span> <span class='ocrx_word' id='word_1_151' title='bbox 2731 817 2808 872; x_wconf 81' lang='lat' dir='ltr'><strong><em>Ex</em></strong></span> <span class='ocrx_word' id='word_1_152' title='bbox 2836 819 3096 878; x_wconf 82' lang='lat' dir='ltr'><strong><em>Thuaneo</em></strong></span> <span class='ocrx_word' id='word_1_153' title='bbox 3124 838 3389 880; x_wconf 85' lang='lat' dir='ltr'><strong><em>annorum</em></strong></span> 
     </span>
    </p>
   </div>
   <div class='ocr_carea' id='block_1_22' title="bbox 1810 892 3391 979">
    <p class='ocr_par' dir='ltr' id='par_1_22' title="bbox 1810 892 3391 979">
     <span class='ocr_line' id='line_1_22' title="bbox 1810 892 3391 979; baseline 0.015 -35"><span class='ocrx_word' id='word_1_154' title='bbox 1810 892 1912 948; x_wconf 74' lang='lat'><strong><em>700</em></strong></span> <span class='ocrx_word' id='word_1_155' title='bbox 1938 892 2018 947; x_wconf 72' lang='lat' dir='ltr'><strong><em>vel</em></strong></span> <span class='ocrx_word' id='word_1_156' title='bbox 2053 894 2166 949; x_wconf 88' lang='lat'><strong><em>800</em></strong></span> <span class='ocrx_word' id='word_1_157' title='bbox 2189 901 2453 968; x_wconf 82' lang='lat' dir='ltr'><strong><em>recogniti</em></strong></span> <span class='ocrx_word' id='word_1_158' title='bbox 2485 915 2608 960; x_wconf 91' lang='lat' dir='ltr'><strong><em>sunt</em></strong></span> <span class='ocrx_word' id='word_1_159' title='bbox 2654 905 3047 979; x_wconf 77' lang='lat' dir='ltr'><strong><em>Confessionum</em></strong></span> <span class='ocrx_word' id='word_1_160' title='bbox 3077 913 3218 968; x_wconf 88' lang='lat' dir='ltr'><strong>libri.</strong></span> <span class='ocrx_word' id='word_1_161' title='bbox 3246 914 3391 970; x_wconf 87' lang='lat' dir='ltr'><strong><em>Idem</em></strong></span> 
     </span>
    </p>
   </div>
   <div class='ocr_carea' id='block_1_23' title="bbox 1808 982 3392 1065">
    <p class='ocr_par' dir='ltr' id='par_1_23' title="bbox 1808 982 3392 1065">
     <span class='ocr_line' id='line_1_23' title="bbox 1808 982 3392 1065; baseline 0.014 -29"><span class='ocrx_word' id='word_1_162' title='bbox 1808 982 2037 1039; x_wconf 78' lang='lat' dir='ltr'><strong><em>fortasse</em></strong></span> <span class='ocrx_word' id='word_1_163' title='bbox 2065 994 2183 1051; x_wconf 86' lang='lat' dir='ltr'><strong><em>est,</em></strong></span> <span class='ocrx_word' id='word_1_164' title='bbox 2223 1004 2454 1056; x_wconf 88' lang='lat' dir='ltr'><strong><em>quocum</em></strong></span> <span class='ocrx_word' id='word_1_165' title='bbox 2486 996 2664 1049; x_wconf 89' lang='lat' dir='ltr'><strong><em>collati</em></strong></span> <span class='ocrx_word' id='word_1_166' title='bbox 2689 1009 2814 1054; x_wconf 90' lang='lat' dir='ltr'><strong><em>sunt</em></strong></span> <span class='ocrx_word' id='word_1_167' title='bbox 2843 1002 2896 1054; x_wconf 90' lang='lat' dir='ltr'><strong><em>in</em></strong></span> <span class='ocrx_word' id='word_1_168' title='bbox 2927 1003 3116 1056; x_wconf 84' lang='lat' dir='ltr'><strong><em>eodem</em></strong></span> <span class='ocrx_word' id='word_1_169' title='bbox 3150 1005 3392 1065; x_wconf 80' lang='lat' dir='ltr'><strong><em>tomoli-</em></strong></span> 
     </span>
    </p>
   </div>
   <div class='ocr_carea' id='block_1_24' title="bbox 1807 1073 3380 1159">
    <p class='ocr_par' dir='ltr' id='par_1_24' title="bbox 1807 1073 3380 1159">
     <span class='ocr_line' id='line_1_24' title="bbox 1807 1073 3380 1159; baseline 0.013 -31"><span class='ocrx_word' id='word_1_170' title='bbox 1807 1073 1891 1128; x_wconf 88' lang='lat' dir='ltr'><strong>bri</strong></span> <span class='ocrx_word' id='word_1_171' title='bbox 1913 1076 1976 1128; x_wconf 90' lang='lat' dir='ltr'><strong><em>de</em></strong></span> <span class='ocrx_word' id='word_1_172' title='bbox 1997 1074 2156 1130; x_wconf 89' lang='lat' dir='ltr'><strong><em>Beata</em></strong></span> <span class='ocrx_word' id='word_1_173' title='bbox 2196 1077 2341 1144; x_wconf 84' lang='lat' dir='ltr'><strong><em>Vita,</em></strong></span> <span class='ocrx_word' id='word_1_174' title='bbox 2371 1081 2811 1156; x_wconf 80' lang='lat' dir='ltr'><strong><em>Soliloquiorunt,</em></strong></span> <span class='ocrx_word' id='word_1_175' title='bbox 2843 1091 2907 1145; x_wconf 86' lang='lat' dir='ltr'><strong><em>de</em></strong></span> <span class='ocrx_word' id='word_1_176' title='bbox 2933 1090 3091 1146; x_wconf 78' lang='lat' dir='ltr'><strong><em>libero</em></strong></span> <span class='ocrx_word' id='word_1_177' title='bbox 3123 1094 3348 1147; x_wconf 80' lang='lat' dir='ltr'><strong><em>Arbitrio</em></strong></span> <span class='ocrx_word' id='word_1_178' title='bbox 3367 1138 3380 1159; x_wconf 89' lang='lat'><strong><em>,</em></strong></span> 
     </span>
    </p>
   </div>
   <div class='ocr_carea' id='block_1_25' title="bbox 1808 1164 3386 1249">
    <p class='ocr_par' dir='ltr' id='par_1_25' title="bbox 1808 1164 3386 1249">
     <span class='ocr_line' id='line_1_25' title="bbox 1808 1164 3386 1249; baseline 0.015 -33"><span class='ocrx_word' id='word_1_179' title='bbox 1808 1164 1874 1218; x_wconf 88' lang='lat' dir='ltr'><strong><em>de</em></strong></span> <span class='ocrx_word' id='word_1_180' title='bbox 1912 1181 2030 1218; x_wconf 71' lang='lat' dir='ltr'><strong><em>t&#39;era</em></strong></span> <span class='ocrx_word' id='word_1_181' title='bbox 2077 1165 2344 1240; x_wconf 84' lang='lat' dir='ltr'><strong><em>Religione</em></strong></span> <span class='ocrx_word' id='word_1_182' title='bbox 2369 1182 2416 1226; x_wconf 90' lang='lat' dir='ltr'><strong><em>et</em></strong></span> <span class='ocrx_word' id='word_1_183' title='bbox 2448 1174 2649 1244; x_wconf 82' lang='lat' dir='ltr'><strong><em>Regula</em></strong></span> <span class='ocrx_word' id='word_1_184' title='bbox 2675 1178 2742 1231; x_wconf 88' lang='lat' dir='ltr'><strong><em>ad</em></strong></span> <span class='ocrx_word' id='word_1_185' title='bbox 2767 1195 2937 1234; x_wconf 77' lang='lat' dir='ltr'><strong><em>servos</em></strong></span> <span class='ocrx_word' id='word_1_186' title='bbox 2967 1181 3089 1249; x_wconf 86' lang='lat' dir='ltr'><strong><em>Dei.</em></strong></span> <span class='ocrx_word' id='word_1_187' title='bbox 3132 1183 3278 1238; x_wconf 85' lang='lat' dir='ltr'><strong>Libri</strong></span> <span class='ocrx_word' id='word_1_188' title='bbox 3320 1185 3386 1241; x_wconf 74' lang='lat' dir='ltr'><strong><em>de</em></strong></span> 
     </span>
    </p>
   </div>
   <div class='ocr_carea' id='block_1_26' title="bbox 1813 1253 3395 1330">
    <p class='ocr_par' dir='ltr' id='par_1_26' title="bbox 1813 1253 3395 1330">
     <span class='ocr_line' id='line_1_26' title="bbox 1813 1253 3395 1330; baseline 0.013 -22"><span class='ocrx_word' id='word_1_189' title='bbox 1813 1253 2007 1310; x_wconf 83' lang='lat' dir='ltr'><strong><em>Ordine</em></strong></span> <span class='ocrx_word' id='word_1_190' title='bbox 2029 1257 2239 1312; x_wconf 86' lang='lat' dir='ltr'><strong><em>duobus</em></strong></span> <span class='ocrx_word' id='word_1_191' title='bbox 2268 1263 2438 1330; x_wconf 74' lang='lat' dir='ltr'><strong><em>gavisi</em></strong></span> <span class='ocrx_word' id='word_1_192' title='bbox 2463 1274 2611 1319; x_wconf 91' lang='lat' dir='ltr'><strong><em>sunt.</em></strong></span> <span class='ocrx_word' id='word_1_193' title='bbox 2635 1265 2804 1322; x_wconf 85' lang='lat' dir='ltr'><strong><em>Tomo</em></strong></span> <span class='ocrx_word' id='word_1_194' title='bbox 2827 1272 2978 1329; x_wconf 87' lang='lat' dir='ltr'><strong><em>tertio</em></strong></span> <span class='ocrx_word' id='word_1_195' title='bbox 2999 1272 3194 1327; x_wconf 81' lang='lat' dir='ltr'><strong>citatur</strong></span> <span class='ocrx_word' id='word_1_196' title='bbox 3215 1274 3395 1328; x_wconf 84' lang='lat' dir='ltr'><strong>Thua-</strong></span> 
     </span>
    </p>
   </div>
   <div class='ocr_carea' id='block_1_27' title="bbox 1812 1347 3395 1430">
    <p class='ocr_par' dir='ltr' id='par_1_27' title="bbox 1812 1347 3395 1430">
     <span class='ocr_line' id='line_1_27' title="bbox 1812 1347 3395 1430; baseline 0.013 -32"><span class='ocrx_word' id='word_1_197' title='bbox 1812 1360 1945 1400; x_wconf 83' lang='lat' dir='ltr'><strong><em>nens</em></strong></span> <span class='ocrx_word' id='word_1_198' title='bbox 1984 1349 2054 1400; x_wconf 89' lang='lat' dir='ltr'><strong><em>ad</em></strong></span> <span class='ocrx_word' id='word_1_199' title='bbox 2081 1347 2470 1420; x_wconf 71' lang='lat' dir='ltr'><strong><em>Expositionem</em></strong></span> <span class='ocrx_word' id='word_1_200' title='bbox 2511 1359 2850 1425; x_wconf 81' lang='lat' dir='ltr'><strong><em>quarumdam</em></strong></span> <span class='ocrx_word' id='word_1_201' title='bbox 2898 1363 3303 1430; x_wconf 76' lang='lat' dir='ltr'><strong><em>propositionum</em></strong></span> <span class='ocrx_word' id='word_1_202' title='bbox 3331 1381 3395 1421; x_wconf 72' lang='lat' dir='ltr'><strong><em>es:</em></strong></span> 
     </span>
    </p>
   </div>
   <div class='ocr_carea' id='block_1_28' title="bbox 1815 1437 3391 1522">
    <p class='ocr_par' dir='ltr' id='par_1_28' title="bbox 1815 1437 3391 1522">
     <span class='ocr_line' id='line_1_28' title="bbox 1815 1437 3391 1522; baseline 0.011 -31"><span class='ocrx_word' id='word_1_203' title='bbox 1815 1437 2054 1504; x_wconf 83' lang='lat' dir='ltr'><strong><em>Epistola</em></strong></span> <span class='ocrx_word' id='word_1_204' title='bbox 2081 1444 2151 1494; x_wconf 90' lang='lat' dir='ltr'><strong><em>ad</em></strong></span> <span class='ocrx_word' id='word_1_205' title='bbox 2182 1443 2478 1511; x_wconf 85' lang='lat' dir='ltr'><strong><em>Romanos,</em></strong></span> <span class='ocrx_word' id='word_1_206' title='bbox 2529 1463 2628 1504; x_wconf 87' lang='lat' dir='ltr'><strong><em>nec</em></strong></span> <span class='ocrx_word' id='word_1_207' title='bbox 2673 1465 2779 1505; x_wconf 90' lang='lat' dir='ltr'><strong><em>non</em></strong></span> <span class='ocrx_word' id='word_1_208' title='bbox 2824 1450 2876 1505; x_wconf 91' lang='lat' dir='ltr'><strong><em>iu</em></strong></span> <span class='ocrx_word' id='word_1_209' title='bbox 2927 1450 3264 1522; x_wconf 73' lang='lat' dir='ltr'><strong><em>Expositione</em></strong></span> <span class='ocrx_word' id='word_1_210' title='bbox 3307 1457 3391 1509; x_wconf 85' lang='lat' dir='ltr'><strong><em>in-</em></strong></span> 
     </span>
    </p>
   </div>
   <div class='ocr_carea' id='block_1_29' title="bbox 1809 1530 2623 1601">
    <p class='ocr_par' dir='ltr' id='par_1_29' title="bbox 1809 1530 2623 1601">
     <span class='ocr_line' id='line_1_29' title="bbox 1809 1530 2623 1601; baseline 0.014 -19"><span class='ocrx_word' id='word_1_211' title='bbox 1809 1531 1994 1583; x_wconf 83' lang='lat' dir='ltr'><strong><em>choata</em></strong></span> <span class='ocrx_word' id='word_1_212' title='bbox 2027 1530 2273 1601; x_wconf 64' lang='lat' dir='ltr'><strong><em>Epistolas</em></strong></span> <span class='ocrx_word' id='word_1_213' title='bbox 2291 1539 2359 1588; x_wconf 89' lang='lat' dir='ltr'><strong><em>ad</em></strong></span> <span class='ocrx_word' id='word_1_214' title='bbox 2387 1536 2623 1593; x_wconf 86' lang='lat' dir='ltr'><strong><em>Galatas.</em></strong></span> 
     </span>
    </p>
   </div>
   <div class='ocr_carea' id='block_1_30' title="bbox 1885 1621 3178 1703">
    <p class='ocr_par' dir='ltr' id='par_1_30' title="bbox 1885 1621 3178 1703">
     <span class='ocr_line' id='line_1_30' title="bbox 1885 1621 3178 1703; baseline 0.011 -28"><span class='ocrx_word' id='word_1_215' title='bbox 1885 1621 2164 1678; x_wconf 70' lang='lat' dir='ltr'><strong><em>Vsuexsns</em></strong></span> <span class='ocrx_word' id='word_1_216' title='bbox 2195 1625 2331 1682; x_wconf 84' lang='lat' dir='ltr'><strong>liber</strong></span> <span class='ocrx_word' id='word_1_217' title='bbox 2359 1643 2690 1685; x_wconf 74' lang='lat' dir='ltr'><strong>memoratur</strong></span> <span class='ocrx_word' id='word_1_218' title='bbox 2708 1633 2776 1686; x_wconf 80' lang='lat' dir='ltr'><strong><em>ad</em></strong></span> <span class='ocrx_word' id='word_1_219' title='bbox 2801 1632 3178 1703; x_wconf 77' lang='lat' dir='ltr'><strong><em>Confessioues.</em></strong></span> 
     </span>
    </p>
   </div>
   <div class='ocr_carea' id='block_1_31' title="bbox 1884 1715 3396 1784">
    <p class='ocr_par' dir='ltr' id='par_1_31' title="bbox 1884 1715 3396 1784">
     <span class='ocr_line' id='line_1_31' title="bbox 1884 1715 3396 1784; baseline 0.007 -15"><span class='ocrx_word' id='word_1_220' title='bbox 1884 1715 2202 1784; x_wconf 71' lang='lat' dir='ltr'><strong><em>VEDASTINI,</em></strong></span> <span class='ocrx_word' id='word_1_221' title='bbox 2259 1720 2295 1774; x_wconf 93' lang='lat' dir='ltr'><strong><em>i.</em></strong></span> <span class='ocrx_word' id='word_1_222' title='bbox 2340 1735 2390 1774; x_wconf 82' lang='lat' dir='ltr'><strong><em>e.</em></strong></span> <span class='ocrx_word' id='word_1_223' title='bbox 2438 1721 2558 1776; x_wconf 82' lang='lat' dir='ltr'><strong>libri</strong></span> <span class='ocrx_word' id='word_1_224' title='bbox 2589 1723 2807 1778; x_wconf 79' lang='lat' dir='ltr'><strong><em>abbatia:</em></strong></span> <span class='ocrx_word' id='word_1_225' title='bbox 2838 1725 2898 1780; x_wconf 87' lang='grc'><strong><em>8.</em></strong></span> <span class='ocrx_word' id='word_1_226' title='bbox 2941 1725 3151 1780; x_wconf 79' lang='lat' dir='ltr'><strong><em>Vedasti</em></strong></span> <span class='ocrx_word' id='word_1_227' title='bbox 3177 1727 3396 1780; x_wconf 74' lang='lat' dir='ltr'><strong><em>Atreba-</em></strong></span> 
     </span>
    </p>
   </div>
   <div class='ocr_carea' id='block_1_32' title="bbox 108 1803 3392 1895">
    <p class='ocr_par' dir='ltr' id='par_1_32' title="bbox 108 1803 3392 1895">
     <span class='ocr_line' id='line_1_32' title="bbox 108 1803 3392 1895; baseline 0.004 -37"><span class='ocrx_word' id='word_1_228' title='bbox 108 1805 335 1858; x_wconf 78' lang='lat' dir='ltr'><strong><em>Civitate</em></strong></span> <span class='ocrx_word' id='word_1_229' title='bbox 375 1803 505 1870; x_wconf 88' lang='lat' dir='ltr'><strong><em>Dei,</em></strong></span> <span class='ocrx_word' id='word_1_230' title='bbox 541 1811 694 1858; x_wconf 83' lang='lat' dir='ltr'><strong><em>torno</em></strong></span> <span class='ocrx_word' id='word_1_231' title='bbox 731 1805 982 1873; x_wconf 86' lang='lat' dir='ltr'><strong><em>septimo;</em></strong></span> <span class='ocrx_word' id='word_1_232' title='bbox 1029 1804 1094 1858; x_wconf 82' lang='lat' dir='ltr'><strong><em>ad</em></strong></span> <span class='ocrx_word' id='word_1_233' title='bbox 1137 1804 1330 1859; x_wconf 90' lang='lat' dir='ltr'><strong>librum</strong></span> <span class='ocrx_word' id='word_1_234' title='bbox 1363 1805 1431 1858; x_wconf 92' lang='lat' dir='ltr'><strong><em>ad</em></strong></span> <span class='ocrx_word' id='word_1_235' title='bbox 1463 1804 1708 1860; x_wconf 86' lang='lat' dir='ltr'><strong><em>Orosium</em></strong></span> <span class='ocrx_word' id='word_1_236' title='bbox 1741 1804 1784 1864; x_wconf 86' lang='grc' dir='ltr'><strong>Β</strong></span> <span class='ocrx_word' id='word_1_237' title='bbox 1815 1809 1987 1862; x_wconf 70' lang='lat' dir='ltr'><strong><em>tensis.</em></strong></span> <span class='ocrx_word' id='word_1_238' title='bbox 2019 1809 2292 1863; x_wconf 82' lang='lat' dir='ltr'><strong>Laudatur</strong></span> <span class='ocrx_word' id='word_1_239' title='bbox 2316 1810 2642 1867; x_wconf 77' lang='lat' dir='ltr'><strong><em>Vedastinus</em></strong></span> <span class='ocrx_word' id='word_1_240' title='bbox 2668 1814 2836 1869; x_wconf 80' lang='lat' dir='ltr'><strong><em>codex</em></strong></span> <span class='ocrx_word' id='word_1_241' title='bbox 2870 1824 3015 1870; x_wconf 88' lang='lat' dir='ltr'><strong><em>tomo</em></strong></span> <span class='ocrx_word' id='word_1_242' title='bbox 3036 1818 3204 1895; x_wconf 80' lang='lat' dir='ltr'><strong><em>primo</em></strong></span> <span class='ocrx_word' id='word_1_243' title='bbox 3230 1819 3294 1870; x_wconf 86' lang='lat' dir='ltr'><strong><em>ad</em></strong></span> <span class='ocrx_word' id='word_1_244' title='bbox 3328 1818 3392 1872; x_wconf 88' lang='lat' dir='ltr'><strong>li-</strong></span> 
     </span>
    </p>
   </div>
   <div class='ocr_carea' id='block_1_33' title="bbox 109 1894 1712 1961">
    <p class='ocr_par' dir='ltr' id='par_1_33' title="bbox 109 1894 1712 1961">
     <span class='ocr_line' id='line_1_33' title="bbox 109 1894 1712 1961; baseline 0.003 -14"><span class='ocrx_word' id='word_1_245' title='bbox 109 1906 300 1948; x_wconf 83' lang='lat' dir='ltr'><strong><em>contra</em></strong></span> <span class='ocrx_word' id='word_1_246' title='bbox 327 1894 762 1949; x_wconf 86' lang='lat' dir='ltr'><strong><em>Priscillianistas</em></strong></span> <span class='ocrx_word' id='word_1_247' title='bbox 784 1935 798 1961; x_wconf 92' lang='lat'><strong><em>,</em></strong></span> <span class='ocrx_word' id='word_1_248' title='bbox 831 1901 978 1949; x_wconf 89' lang='lat' dir='ltr'><strong><em>tomo</em></strong></span> <span class='ocrx_word' id='word_1_249' title='bbox 1002 1905 1216 1960; x_wconf 85' lang='lat' dir='ltr'><strong><em>octavo;</em></strong></span> <span class='ocrx_word' id='word_1_250' title='bbox 1244 1896 1313 1951; x_wconf 85' lang='lat' dir='ltr'><strong><em>ad</em></strong></span> <span class='ocrx_word' id='word_1_251' title='bbox 1336 1896 1503 1951; x_wconf 91' lang='lat' dir='ltr'><strong><em>libros</em></strong></span> <span class='ocrx_word' id='word_1_252' title='bbox 1535 1908 1712 1952; x_wconf 91' lang='lat' dir='ltr'><strong><em>contra</em></strong></span> 
     </span>
    </p>
   </div>
   <div class='ocr_carea' id='block_1_34' title="bbox 112 1985 1710 2059">
    <p class='ocr_par' dir='ltr' id='par_1_34' title="bbox 112 1985 1710 2059">
     <span class='ocr_line' id='line_1_34' title="bbox 112 1985 1710 2059; baseline 0.003 -22"><span class='ocrx_word' id='word_1_253' title='bbox 112 1987 321 2040; x_wconf 86' lang='lat' dir='ltr'><strong><em>litteras</em></strong></span> <span class='ocrx_word' id='word_1_254' title='bbox 349 1985 600 2039; x_wconf 85' lang='lat' dir='ltr'><strong><em>Petiliani</em></strong></span> <span class='ocrx_word' id='word_1_255' title='bbox 617 2027 632 2051; x_wconf 91' lang='lat'><strong><em>,</em></strong></span> <span class='ocrx_word' id='word_1_256' title='bbox 667 1997 848 2040; x_wconf 90' lang='lat' dir='ltr'><strong><em>contra</em></strong></span> <span class='ocrx_word' id='word_1_257' title='bbox 881 1987 1207 2041; x_wconf 86' lang='lat' dir='ltr'><strong><em>Cresconium</em></strong></span> <span class='ocrx_word' id='word_1_258' title='bbox 1228 1999 1280 2044; x_wconf 84' lang='lat' dir='ltr'><strong><em>et</em></strong></span> <span class='ocrx_word' id='word_1_259' title='bbox 1311 1989 1374 2042; x_wconf 89' lang='lat' dir='ltr'><strong><em>de</em></strong></span> <span class='ocrx_word' id='word_1_260' title='bbox 1399 1988 1563 2043; x_wconf 88' lang='lat' dir='ltr'><strong><em>Unico</em></strong></span> <span class='ocrx_word' id='word_1_261' title='bbox 1583 1990 1710 2059; x_wconf 81' lang='lat' dir='ltr'><strong><em>bap-</em></strong></span> 
     </span>
    </p>
   </div>
   <div class='ocr_carea' id='block_1_35' title="bbox 113 2079 1710 2149">
    <p class='ocr_par' dir='ltr' id='par_1_35' title="bbox 113 2079 1710 2149">
     <span class='ocr_line' id='line_1_35' title="bbox 113 2079 1710 2149; baseline 0.003 -19"><span class='ocrx_word' id='word_1_262' title='bbox 113 2081 272 2132; x_wconf 78' lang='lat' dir='ltr'><strong><em>tismo</em></strong></span> <span class='ocrx_word' id='word_1_263' title='bbox 294 2119 310 2145; x_wconf 95' lang='lat'><strong><em>,</em></strong></span> <span class='ocrx_word' id='word_1_264' title='bbox 343 2090 491 2132; x_wconf 88' lang='lat' dir='ltr'><strong><em>tomo</em></strong></span> <span class='ocrx_word' id='word_1_265' title='bbox 525 2095 692 2144; x_wconf 85' lang='lat' dir='ltr'><strong><em>nouo;</em></strong></span> <span class='ocrx_word' id='word_1_266' title='bbox 725 2079 976 2149; x_wconf 77' lang='lat' dir='ltr'><strong><em>idemque</em></strong></span> <span class='ocrx_word' id='word_1_267' title='bbox 995 2079 1060 2131; x_wconf 86' lang='lat' dir='ltr'><strong>ad</strong></span> <span class='ocrx_word' id='word_1_268' title='bbox 1094 2079 1263 2133; x_wconf 90' lang='lat' dir='ltr'><strong>libros</strong></span> <span class='ocrx_word' id='word_1_269' title='bbox 1288 2081 1350 2133; x_wconf 90' lang='lat' dir='ltr'><strong><em>de</em></strong></span> <span class='ocrx_word' id='word_1_270' title='bbox 1373 2079 1710 2136; x_wconf 85' lang='lat' dir='ltr'><strong><em>Peccatorum</em></strong></span> 
     </span>
    </p>
   </div>
   <div class='ocr_carea' id='block_1_36' title="bbox 113 2172 1709 2245">
    <p class='ocr_par' dir='ltr' id='par_1_36' title="bbox 113 2172 1709 2245">
     <span class='ocr_line' id='line_1_36' title="bbox 113 2172 1709 2245; baseline 0.002 -22"><span class='ocrx_word' id='word_1_271' title='bbox 113 2172 328 2224; x_wconf 83' lang='lat' dir='ltr'><strong><em>meritis</em></strong></span> <span class='ocrx_word' id='word_1_272' title='bbox 358 2182 406 2224; x_wconf 87' lang='lat' dir='ltr'><strong><em>et</em></strong></span> <span class='ocrx_word' id='word_1_273' title='bbox 428 2172 754 2234; x_wconf 53' lang='lat' dir='ltr'><strong><em>remisione,</em></strong></span> <span class='ocrx_word' id='word_1_274' title='bbox 786 2172 850 2225; x_wconf 85' lang='lat' dir='ltr'><strong><em>ad</em></strong></span> <span class='ocrx_word' id='word_1_275' title='bbox 880 2173 1072 2226; x_wconf 85' lang='lat' dir='ltr'><strong><em>librum</em></strong></span> <span class='ocrx_word' id='word_1_276' title='bbox 1105 2175 1167 2226; x_wconf 84' lang='lat' dir='ltr'><strong><em>de</em></strong></span> <span class='ocrx_word' id='word_1_277' title='bbox 1209 2172 1417 2226; x_wconf 82' lang='lat' dir='ltr'><strong><em>Natura</em></strong></span> <span class='ocrx_word' id='word_1_278' title='bbox 1441 2184 1488 2228; x_wconf 91' lang='lat' dir='ltr'><strong><em>et</em></strong></span> <span class='ocrx_word' id='word_1_279' title='bbox 1513 2175 1709 2245; x_wconf 86' lang='lat' dir='ltr'><strong><em>gratia,</em></strong></span> 
     </span>
    </p>
   </div>
   <div class='ocr_carea' id='block_1_37' title="bbox 117 2260 1711 2330">
    <p class='ocr_par' dir='ltr' id='par_1_37' title="bbox 117 2260 1711 2330">
     <span class='ocr_line' id='line_1_37' title="bbox 117 2260 1711 2330; baseline 0.003 -17"><span class='ocrx_word' id='word_1_280' title='bbox 117 2263 182 2314; x_wconf 87' lang='lat' dir='ltr'><strong><em>de</em></strong></span> <span class='ocrx_word' id='word_1_281' title='bbox 218 2260 548 2330; x_wconf 78' lang='lat' dir='ltr'><strong><em>Perfectione</em></strong></span> <span class='ocrx_word' id='word_1_282' title='bbox 578 2263 802 2330; x_wconf 80' lang='lat' dir='ltr'><strong><em>justitirc</em></strong></span> <span class='ocrx_word' id='word_1_283' title='bbox 837 2262 1062 2315; x_wconf 85' lang='lat' dir='ltr'><strong><em>hominis</em></strong></span> <span class='ocrx_word' id='word_1_284' title='bbox 1087 2305 1101 2329; x_wconf 92' lang='lat'><strong><em>,</em></strong></span> <span class='ocrx_word' id='word_1_285' title='bbox 1144 2265 1269 2318; x_wconf 88' lang='lat' dir='ltr'><strong><em>item</em></strong></span> <span class='ocrx_word' id='word_1_286' title='bbox 1311 2264 1376 2317; x_wconf 84' lang='lat' dir='ltr'><strong><em>ad</em></strong></span> <span class='ocrx_word' id='word_1_287' title='bbox 1421 2265 1616 2319; x_wconf 89' lang='lat' dir='ltr'><strong><em>librum</em></strong></span> <span class='ocrx_word' id='word_1_288' title='bbox 1647 2267 1711 2318; x_wconf 93' lang='lat' dir='ltr'><strong><em>de</em></strong></span> 
     </span>
    </p>
   </div>
   <div class='ocr_carea' id='block_1_38' title="bbox 125 2353 1711 2427">
    <p class='ocr_par' dir='ltr' id='par_1_38' title="bbox 125 2353 1711 2427">
     <span class='ocr_line' id='line_1_38' title="bbox 125 2353 1711 2427; baseline 0.004 -21"><span class='ocrx_word' id='word_1_289' title='bbox 125 2353 311 2407; x_wconf 85' lang='lat' dir='ltr'><strong><em>Gratia</em></strong></span> <span class='ocrx_word' id='word_1_290' title='bbox 340 2355 533 2408; x_wconf 84' lang='lat' dir='ltr'><strong><em>Christi</em></strong></span> <span class='ocrx_word' id='word_1_291' title='bbox 571 2364 621 2406; x_wconf 86' lang='lat' dir='ltr'><strong><em>et</em></strong></span> <span class='ocrx_word' id='word_1_292' title='bbox 660 2356 726 2407; x_wconf 87' lang='lat' dir='ltr'><strong><em>de</em></strong></span> <span class='ocrx_word' id='word_1_293' title='bbox 772 2355 993 2409; x_wconf 83' lang='lat' dir='ltr'><strong><em>Peccato</em></strong></span> <span class='ocrx_word' id='word_1_294' title='bbox 1030 2357 1300 2427; x_wconf 79' lang='lat' dir='ltr'><strong><em>originali,</em></strong></span> <span class='ocrx_word' id='word_1_295' title='bbox 1335 2358 1397 2410; x_wconf 91' lang='lat' dir='ltr'><strong><em>de</em></strong></span> <span class='ocrx_word' id='word_1_296' title='bbox 1427 2356 1636 2426; x_wconf 80' lang='lat' dir='ltr'><strong><em>Nuptiis</em></strong></span> <span class='ocrx_word' id='word_1_297' title='bbox 1663 2369 1711 2413; x_wconf 88' lang='lat' dir='ltr'><strong><em>et</em></strong></span> 
     </span>
    </p>
   </div>
   <div class='ocr_carea' id='block_1_39' title="bbox 125 2445 1709 2520">
    <p class='ocr_par' dir='ltr' id='par_1_39' title="bbox 125 2445 1709 2520">
     <span class='ocr_line' id='line_1_39' title="bbox 125 2445 1709 2520; baseline 0.006 -24"><span class='ocrx_word' id='word_1_298' title='bbox 125 2445 553 2515; x_wconf 81' lang='lat' dir='ltr'><strong><em>Concupiscentia</em></strong></span> <span class='ocrx_word' id='word_1_299' title='bbox 582 2455 636 2500; x_wconf 86' lang='lat' dir='ltr'><strong><em>et</em></strong></span> <span class='ocrx_word' id='word_1_300' title='bbox 666 2447 730 2498; x_wconf 91' lang='lat' dir='ltr'><strong><em>de</em></strong></span> <span class='ocrx_word' id='word_1_301' title='bbox 755 2446 941 2500; x_wconf 84' lang='lat' dir='ltr'><strong><em>Anima</em></strong></span> <span class='ocrx_word' id='word_1_302' title='bbox 968 2456 1018 2503; x_wconf 87' lang='lat' dir='ltr'><strong><em>et</em></strong></span> <span class='ocrx_word' id='word_1_303' title='bbox 1039 2451 1148 2519; x_wconf 86' lang='lat' dir='ltr'><strong><em>ejus</em></strong></span> <span class='ocrx_word' id='word_1_304' title='bbox 1178 2448 1412 2520; x_wconf 80' lang='lat' dir='ltr'><strong><em>Origine,</em></strong></span> <span class='ocrx_word' id='word_1_305' title='bbox 1446 2460 1591 2503; x_wconf 89' lang='lat' dir='ltr'><strong><em>tomo</em></strong></span> <span class='ocrx_word' id='word_1_306' title='bbox 1617 2451 1709 2505; x_wconf 88' lang='lat' dir='ltr'><strong><em>de-</em></strong></span> 
     </span>
    </p>
   </div>
   <div class='ocr_carea' id='block_1_40' title="bbox 127 2539 278 2591">
    <p class='ocr_par' dir='ltr' id='par_1_40' title="bbox 127 2539 278 2591">
     <span class='ocr_line' id='line_1_40' title="bbox 127 2539 278 2591; baseline 0.007 -1"><span class='ocrx_word' id='word_1_307' title='bbox 127 2539 278 2591; x_wconf 82' lang='lat' dir='ltr'><strong><em>cimo.</em></strong></span> 
     </span>
    </p>
   </div>
   <div class='ocr_carea' id='block_1_41' title="bbox 199 2632 1711 2704">
    <p class='ocr_par' dir='ltr' id='par_1_41' title="bbox 199 2632 1711 2704">
     <span class='ocr_line' id='line_1_41' title="bbox 199 2632 1711 2704; baseline 0.006 -19"><span class='ocrx_word' id='word_1_308' title='bbox 199 2632 370 2687; x_wconf 70' lang='lat' dir='ltr'><strong><em>Codex</em></strong></span> <span class='ocrx_word' id='word_1_309' title='bbox 399 2634 579 2690; x_wconf 67' lang='lat' dir='ltr'><strong><em>SILV’E</em></strong></span> <span class='ocrx_word' id='word_1_310' title='bbox 609 2635 951 2690; x_wconf 70' lang='lat' dir='ltr'><strong><em>MAJouENSIs.</em></strong></span> <span class='ocrx_word' id='word_1_311' title='bbox 980 2635 1108 2704; x_wconf 86' lang='lat' dir='ltr'><strong>Ejus</strong></span> <span class='ocrx_word' id='word_1_312' title='bbox 1140 2637 1198 2690; x_wconf 78' lang='lat' dir='ltr'><strong><em>ﬁt</em></strong></span> <span class='ocrx_word' id='word_1_313' title='bbox 1231 2639 1512 2692; x_wconf 79' lang='lat' dir='ltr'><strong><em>metitioad</em></strong></span> <span class='ocrx_word' id='word_1_314' title='bbox 1543 2638 1711 2694; x_wconf 87' lang='lat' dir='ltr'><strong>libros</strong></span> 
     </span>
    </p>
   </div>
   <div class='ocr_carea' id='block_1_42' title="bbox 129 2722 1323 2795">
    <p class='ocr_par' dir='ltr' id='par_1_42' title="bbox 129 2722 1323 2795">
     <span class='ocr_line' id='line_1_42' title="bbox 129 2722 1323 2795; baseline 0.003 -20"><span class='ocrx_word' id='word_1_315' title='bbox 129 2723 189 2776; x_wconf 84' lang='lat' dir='ltr'><strong><em>de</em></strong></span> <span class='ocrx_word' id='word_1_316' title='bbox 210 2722 476 2777; x_wconf 86' lang='lat' dir='ltr'><strong><em>Consensu</em></strong></span> <span class='ocrx_word' id='word_1_317' title='bbox 512 2724 951 2795; x_wconf 74' lang='lat' dir='ltr'><strong><em>Evangelistarum</em></strong></span> <span class='ocrx_word' id='word_1_318' title='bbox 986 2737 1132 2780; x_wconf 82' lang='lat' dir='ltr'><strong><em>temo</em></strong></span> <span class='ocrx_word' id='word_1_319' title='bbox 1156 2730 1323 2781; x_wconf 86' lang='lat' dir='ltr'><strong><em>tertio.</em></strong></span> 
     </span>
    </p>
   </div>
   <div class='ocr_carea' id='block_1_43' title="bbox 193 2815 1712 2888">
    <p class='ocr_par' dir='ltr' id='par_1_43' title="bbox 193 2815 1712 2888">
     <span class='ocr_line' id='line_1_43' title="bbox 193 2815 1712 2888; baseline 0.003 -19"><span class='ocrx_word' id='word_1_320' title='bbox 193 2815 651 2870; x_wconf 58' lang='lat' dir='ltr'><strong><em>Stussecraxqs</em></strong></span> <span class='ocrx_word' id='word_1_321' title='bbox 712 2815 957 2871; x_wconf 71' lang='lat' dir='ltr'><strong><em>Erclesia&#39;</em></strong></span> <span class='ocrx_word' id='word_1_322' title='bbox 1011 2818 1291 2888; x_wconf 78' lang='lat' dir='ltr'><strong><em>exemplar</em></strong></span> <span class='ocrx_word' id='word_1_323' title='bbox 1346 2819 1712 2888; x_wconf 76' lang='lat' dir='ltr'><strong><em>suppeditavit</em></strong></span> 
     </span>
    </p>
   </div>
   <div class='ocr_carea' id='block_1_44' title="bbox 131 2904 1136 2974">
    <p class='ocr_par' dir='ltr' id='par_1_44' title="bbox 131 2904 1136 2974">
     <span class='ocr_line' id='line_1_44' title="bbox 131 2904 1136 2974; baseline 0.006 -18"><span class='ocrx_word' id='word_1_324' title='bbox 131 2904 401 2974; x_wconf 84' lang='lat' dir='ltr'><strong><em>Epistolas</em></strong></span> <span class='ocrx_word' id='word_1_325' title='bbox 431 2918 483 2959; x_wconf 88' lang='lat' dir='ltr'><strong><em>et</em></strong></span> <span class='ocrx_word' id='word_1_326' title='bbox 515 2907 670 2960; x_wconf 63' lang='lat' dir='ltr'><strong><em>libros</em></strong></span> <span class='ocrx_word' id='word_1_327' title='bbox 695 2907 756 2959; x_wconf 87' lang='lat' dir='ltr'><strong><em>de</em></strong></span> <span class='ocrx_word' id='word_1_328' title='bbox 779 2906 992 2961; x_wconf 77' lang='lat' dir='ltr'><strong><em>Civitate</em></strong></span> <span class='ocrx_word' id='word_1_329' title='bbox 1022 2906 1136 2962; x_wconf 87' lang='lat' dir='ltr'><strong><em>Dei.</em></strong></span> 
     </span>
    </p>
   </div>
   <div class='ocr_carea' id='block_1_45' title="bbox 195 2997 1711 3067">
    <p class='ocr_par' dir='ltr' id='par_1_45' title="bbox 195 2997 1711 3067">
     <span class='ocr_line' id='line_1_45' title="bbox 195 2997 1711 3067; baseline 0.003 -16"><span class='ocrx_word' id='word_1_330' title='bbox 195 2997 337 3051; x_wconf 75' lang='lat' dir='ltr'><strong><em>Sane</em></strong></span> <span class='ocrx_word' id='word_1_331' title='bbox 363 3012 502 3051; x_wconf 64' lang='grc' dir='ltr'><strong><em>ναίει.</em></strong></span> <span class='ocrx_word' id='word_1_332' title='bbox 536 2997 688 3051; x_wconf 76' lang='lat' dir='ltr'><strong><em>Modo</em></strong></span> <span class='ocrx_word' id='word_1_333' title='bbox 719 3016 872 3067; x_wconf 88' lang='lat' dir='ltr'><strong><em>unus,</em></strong></span> <span class='ocrx_word' id='word_1_334' title='bbox 901 3000 1060 3052; x_wconf 72' lang='lat' dir='ltr'><strong><em>modo</em></strong></span> <span class='ocrx_word' id='word_1_335' title='bbox 1089 3001 1214 3062; x_wconf 85' lang='lat' dir='ltr'><strong><em>duo,</em></strong></span> <span class='ocrx_word' id='word_1_336' title='bbox 1244 3000 1408 3054; x_wconf 91' lang='lat' dir='ltr'><strong><em>immo</em></strong></span> <span class='ocrx_word' id='word_1_337' title='bbox 1435 3010 1536 3052; x_wconf 73' lang='lat' dir='ltr'><strong><em>tres</em></strong></span> <span class='ocrx_word' id='word_1_338' title='bbox 1563 3000 1711 3054; x_wconf 85' lang='lat' dir='ltr'><strong><em>iden-</em></strong></span> 
     </span>
    </p>
   </div>
   <div class='ocr_carea' id='block_1_46' title="bbox 137 3087 1710 3160">
    <p class='ocr_par' dir='ltr' id='par_1_46' title="bbox 137 3087 1710 3160">
     <span class='ocr_line' id='line_1_46' title="bbox 137 3087 1710 3160; baseline 0.007 -22"><span class='ocrx_word' id='word_1_339' title='bbox 137 3087 289 3140; x_wconf 88' lang='lat' dir='ltr'><strong><em>tidem</em></strong></span> <span class='ocrx_word' id='word_1_340' title='bbox 323 3090 547 3143; x_wconf 82' lang='lat' dir='ltr'><strong>adhibiti</strong></span> <span class='ocrx_word' id='word_1_341' title='bbox 593 3098 721 3144; x_wconf 86' lang='lat' dir='ltr'><strong><em>sunt</em></strong></span> <span class='ocrx_word' id='word_1_342' title='bbox 765 3091 830 3143; x_wconf 87' lang='lat' dir='ltr'><strong><em>ad</em></strong></span> <span class='ocrx_word' id='word_1_343' title='bbox 875 3092 1114 3160; x_wconf 83' lang='lat' dir='ltr'><strong><em>singulos</em></strong></span> <span class='ocrx_word' id='word_1_344' title='bbox 1161 3091 1309 3156; x_wconf 82' lang='lat' dir='ltr'><strong><em>fere,</em></strong></span> <span class='ocrx_word' id='word_1_345' title='bbox 1345 3109 1480 3160; x_wconf 81' lang='lat' dir='ltr'><strong><em>quos</em></strong></span> <span class='ocrx_word' id='word_1_346' title='bbox 1534 3101 1710 3146; x_wconf 79' lang='lat' dir='ltr'><strong><em>tomus</em></strong></span> 
     </span>
    </p>
   </div>
   <div class='ocr_carea' id='block_1_47' title="bbox 1815 1899 3396 1975">
    <p class='ocr_par' dir='ltr' id='par_1_47' title="bbox 1815 1899 3396 1975">
     <span class='ocr_line' id='line_1_47' title="bbox 1815 1899 3396 1975; baseline 0.006 -23"><span class='ocrx_word' id='word_1_347' title='bbox 1815 1899 1942 1953; x_wconf 86' lang='lat' dir='ltr'><strong><em>bros</em></strong></span> <span class='ocrx_word' id='word_1_348' title='bbox 1967 1900 2426 1968; x_wconf 77' lang='lat' dir='ltr'><strong><em>lietractationum,</em></strong></span> <span class='ocrx_word' id='word_1_349' title='bbox 2453 1904 2873 1975; x_wconf 81' lang='lat' dir='ltr'><strong><em>Confessionum,</em></strong></span> <span class='ocrx_word' id='word_1_350' title='bbox 2909 1909 2972 1960; x_wconf 87' lang='lat' dir='ltr'><strong><em>de</em></strong></span> <span class='ocrx_word' id='word_1_351' title='bbox 2993 1908 3140 1962; x_wconf 66' lang='grc' dir='ltr'><strong><em>ὑεαά</em></strong></span> <span class='ocrx_word' id='word_1_352' title='bbox 3165 1906 3302 1974; x_wconf 83' lang='lat' dir='ltr'><strong><em>Vita,</em></strong></span> <span class='ocrx_word' id='word_1_353' title='bbox 3334 1910 3396 1962; x_wconf 90' lang='lat' dir='ltr'><strong><em>de</em></strong></span> 
     </span>
    </p>
   </div>
   <div class='ocr_carea' id='block_1_48' title="bbox 1816 1989 3397 2062">
    <p class='ocr_par' dir='ltr' id='par_1_48' title="bbox 1816 1989 3397 2062">
     <span class='ocr_line' id='line_1_48' title="bbox 1816 1989 3397 2062; baseline 0.009 -20"><span class='ocrx_word' id='word_1_354' title='bbox 1816 1989 2028 2055; x_wconf 78' lang='lat' dir='ltr'><strong><em>Ordine,</em></strong></span> <span class='ocrx_word' id='word_1_355' title='bbox 2055 1991 2464 2062; x_wconf 82' lang='lat' dir='ltr'><strong><em>Soliloquiorum</em></strong></span> <span class='ocrx_word' id='word_1_356' title='bbox 2483 2036 2496 2054; x_wconf 84' lang='lat'><strong>.</strong></span> <span class='ocrx_word' id='word_1_357' title='bbox 2532 1996 2596 2047; x_wconf 91' lang='lat' dir='ltr'><strong><em>de</em></strong></span> <span class='ocrx_word' id='word_1_358' title='bbox 2621 1993 3017 2050; x_wconf 85' lang='lat' dir='ltr'><strong><em>Immortal.&#39;tate</em></strong></span> <span class='ocrx_word' id='word_1_359' title='bbox 3043 1999 3228 2051; x_wconf 76' lang='lat' dir='ltr'><strong><em>anima:</em></strong></span> <span class='ocrx_word' id='word_1_360' title='bbox 3253 2006 3306 2052; x_wconf 87' lang='lat' dir='ltr'><strong><em>et</em></strong></span> <span class='ocrx_word' id='word_1_361' title='bbox 3333 2001 3397 2056; x_wconf 84' lang='lat' dir='ltr'><strong><em>de</em></strong></span> 
     </span>
    </p>
   </div>
   <div class='ocr_carea' id='block_1_49' title="bbox 1812 2081 3398 2158">
    <p class='ocr_par' dir='ltr' id='par_1_49' title="bbox 1812 2081 3398 2158">
     <span class='ocr_line' id='line_1_49' title="bbox 1812 2081 3398 2158; baseline 0.003 -19"><span class='ocrx_word' id='word_1_362' title='bbox 1812 2081 1999 2139; x_wconf 78' lang='lat' dir='ltr'><strong><em>Genesi</em></strong></span> <span class='ocrx_word' id='word_1_363' title='bbox 2049 2093 2227 2137; x_wconf 90' lang='lat' dir='ltr'><strong><em>contra</em></strong></span> <span class='ocrx_word' id='word_1_364' title='bbox 2273 2083 2627 2152; x_wconf 81' lang='lat' dir='ltr'><strong><em>Manichtros;</em></strong></span> <span class='ocrx_word' id='word_1_365' title='bbox 2667 2086 2792 2142; x_wconf 88' lang='lat' dir='ltr'><strong><em>item</em></strong></span> <span class='ocrx_word' id='word_1_366' title='bbox 2840 2088 2906 2142; x_wconf 82' lang='lat' dir='ltr'><strong><em>ad</em></strong></span> <span class='ocrx_word' id='word_1_367' title='bbox 2961 2088 3218 2158; x_wconf 80' lang='lat' dir='ltr'><strong><em>Epistolas</em></strong></span> <span class='ocrx_word' id='word_1_368' title='bbox 3248 2100 3398 2144; x_wconf 84' lang='lat' dir='ltr'><strong><em>tomo</em></strong></span> 
     </span>
    </p>
   </div>
   <div class='ocr_carea' id='block_1_50' title="bbox 1811 2175 2050 2228">
    <p class='ocr_par' dir='ltr' id='par_1_50' title="bbox 1811 2175 2050 2228">
     <span class='ocr_line' id='line_1_50' title="bbox 1811 2175 2050 2228; baseline 0.017 -4"><span class='ocrx_word' id='word_1_369' title='bbox 1811 2175 2050 2228; x_wconf 83' lang='lat' dir='ltr'><strong><em>secundo.</em></strong></span> 
     </span>
    </p>
   </div>
   <div class='ocr_carea' id='block_1_51' title="bbox 1887 2266 3392 2333">
    <p class='ocr_par' dir='ltr' id='par_1_51' title="bbox 1887 2266 3392 2333">
     <span class='ocr_line' id='line_1_51' title="bbox 1887 2266 3392 2333; baseline 0.004 -15"><span class='ocrx_word' id='word_1_370' title='bbox 1887 2266 2195 2333; x_wconf 74' lang='lat' dir='ltr'><strong><em>\‘tcronmt,</em></strong></span> <span class='ocrx_word' id='word_1_371' title='bbox 2243 2284 2335 2322; x_wconf 85' lang='lat' dir='ltr'><strong><em>seu</em></strong></span> <span class='ocrx_word' id='word_1_372' title='bbox 2381 2270 2595 2325; x_wconf 82' lang='lat' dir='ltr'><strong><em>codices</em></strong></span> <span class='ocrx_word' id='word_1_373' title='bbox 2634 2272 2849 2326; x_wconf 77' lang='lat' dir='ltr'><strong><em>abbatitc</em></strong></span> <span class='ocrx_word' id='word_1_374' title='bbox 2878 2271 2937 2327; x_wconf 88' lang='grc'><strong><em>8.</em></strong></span> <span class='ocrx_word' id='word_1_375' title='bbox 2983 2272 3198 2325; x_wconf 81' lang='lat' dir='ltr'><strong><em>Victoris</em></strong></span> <span class='ocrx_word' id='word_1_376' title='bbox 3237 2271 3392 2324; x_wconf 83' lang='lat' dir='ltr'><strong><em>Pari-</em></strong></span> 
     </span>
    </p>
   </div>
   <div class='ocr_carea' id='block_1_52' title="bbox 1809 2356 3396 2432">
    <p class='ocr_par' dir='ltr' id='par_1_52' title="bbox 1809 2356 3396 2432">
     <span class='ocr_line' id='line_1_52' title="bbox 1809 2356 3396 2432; baseline 0.004 -24"><span class='ocrx_word' id='word_1_377' title='bbox 1809 2357 2009 2410; x_wconf 89' lang='lat' dir='ltr'><strong><em>siensis.</em></strong></span> <span class='ocrx_word' id='word_1_378' title='bbox 2048 2356 2170 2410; x_wconf 86' lang='lat' dir='ltr'><strong><em>Tres</em></strong></span> <span class='ocrx_word' id='word_1_379' title='bbox 2216 2361 2573 2427; x_wconf 83' lang='lat' dir='ltr'><strong><em>suppetebant</em></strong></span> <span class='ocrx_word' id='word_1_380' title='bbox 2614 2361 2679 2414; x_wconf 82' lang='lat' dir='ltr'><strong><em>ad</em></strong></span> <span class='ocrx_word' id='word_1_381' title='bbox 2726 2361 3068 2432; x_wconf 79' lang='lat' dir='ltr'><strong><em>eaStigandos</em></strong></span> <span class='ocrx_word' id='word_1_382' title='bbox 3100 2362 3262 2415; x_wconf 87' lang='lat' dir='ltr'><strong>libros</strong></span> <span class='ocrx_word' id='word_1_383' title='bbox 3291 2359 3396 2414; x_wconf 80' lang='lat' dir='ltr'><strong><em>Re-</em></strong></span> 
     </span>
    </p>
   </div>
   <div class='ocr_carea' id='block_1_53' title="bbox 1811 2449 3392 2522">
    <p class='ocr_par' dir='ltr' id='par_1_53' title="bbox 1811 2449 3392 2522">
     <span class='ocr_line' id='line_1_53' title="bbox 1811 2449 3392 2522; baseline 0.003 -22"><span class='ocrx_word' id='word_1_384' title='bbox 1811 2449 2172 2502; x_wconf 83' lang='lat' dir='ltr'><strong><em>tractationum</em></strong></span> <span class='ocrx_word' id='word_1_385' title='bbox 2211 2457 2266 2504; x_wconf 89' lang='lat' dir='ltr'><strong><em>et</em></strong></span> <span class='ocrx_word' id='word_1_386' title='bbox 2295 2449 2714 2520; x_wconf 76' lang='lat' dir='ltr'><strong><em>Confessionum,</em></strong></span> <span class='ocrx_word' id='word_1_387' title='bbox 2749 2453 2811 2505; x_wconf 89' lang='lat' dir='ltr'><strong><em>de</em></strong></span> <span class='ocrx_word' id='word_1_388' title='bbox 2840 2453 3065 2518; x_wconf 83' lang='lat' dir='ltr'><strong><em>Ordine,</em></strong></span> <span class='ocrx_word' id='word_1_389' title='bbox 3099 2453 3162 2506; x_wconf 86' lang='lat' dir='ltr'><strong><em>de</em></strong></span> <span class='ocrx_word' id='word_1_390' title='bbox 3192 2452 3392 2522; x_wconf 53' lang='lat' dir='ltr'><strong><em>Magis.</em></strong></span> 
     </span>
    </p>
   </div>
   <div class='ocr_carea' id='block_1_54' title="bbox 1812 2541 3393 2611">
    <p class='ocr_par' dir='ltr' id='par_1_54' title="bbox 1812 2541 3393 2611">
     <span class='ocr_line' id='line_1_54' title="bbox 1812 2541 3393 2611; baseline 0.004 -19"><span class='ocrx_word' id='word_1_391' title='bbox 1812 2550 1911 2605; x_wconf 88' lang='lat' dir='ltr'><strong><em>tro,</em></strong></span> <span class='ocrx_word' id='word_1_392' title='bbox 1936 2541 1998 2594; x_wconf 91' lang='lat' dir='ltr'><strong><em>de</em></strong></span> <span class='ocrx_word' id='word_1_393' title='bbox 2024 2542 2323 2606; x_wconf 84' lang='lat' dir='ltr'><strong><em>Quantitate</em></strong></span> <span class='ocrx_word' id='word_1_394' title='bbox 2351 2547 2566 2610; x_wconf 67' lang='lat' dir='ltr'><strong><em>animae,</em></strong></span> <span class='ocrx_word' id='word_1_395' title='bbox 2600 2547 2664 2599; x_wconf 80' lang='lat' dir='ltr'><strong><em>de</em></strong></span> <span class='ocrx_word' id='word_1_396' title='bbox 2697 2545 2926 2598; x_wconf 82' lang='lat' dir='ltr'><strong><em>Moribus</em></strong></span> <span class='ocrx_word' id='word_1_397' title='bbox 2954 2547 3393 2611; x_wconf 68' lang='lat' dir='ltr'><strong><em>Manicharorum;</em></strong></span> 
     </span>
    </p>
   </div>
   <div class='ocr_carea' id='block_1_55' title="bbox 1811 2631 3396 2699">
    <p class='ocr_par' dir='ltr' id='par_1_55' title="bbox 1811 2631 3396 2699">
     <span class='ocr_line' id='line_1_55' title="bbox 1811 2631 3396 2699; baseline 0.001 -15"><span class='ocrx_word' id='word_1_398' title='bbox 1811 2631 1920 2684; x_wconf 91' lang='lat' dir='ltr'><strong><em>duo</em></strong></span> <span class='ocrx_word' id='word_1_399' title='bbox 1964 2633 2015 2685; x_wconf 93' lang='lat' dir='ltr'><strong><em>in</em></strong></span> <span class='ocrx_word' id='word_1_400' title='bbox 2051 2633 2200 2686; x_wconf 88' lang='lat' dir='ltr'><strong>libris</strong></span> <span class='ocrx_word' id='word_1_401' title='bbox 2252 2645 2427 2687; x_wconf 86' lang='lat' dir='ltr'><strong><em>contra</em></strong></span> <span class='ocrx_word' id='word_1_402' title='bbox 2469 2635 2832 2699; x_wconf 75' lang='lat' dir='ltr'><strong><em>Academicos,</em></strong></span> <span class='ocrx_word' id='word_1_403' title='bbox 2887 2636 2951 2688; x_wconf 90' lang='lat' dir='ltr'><strong><em>de</em></strong></span> <span class='ocrx_word' id='word_1_404' title='bbox 2998 2633 3396 2688; x_wconf 88' lang='lat' dir='ltr'><strong><em>Immortalitate</em></strong></span> 
     </span>
    </p>
   </div>
   <div class='ocr_carea' id='block_1_56' title="bbox 1811 2722 3396 2782">
    <p class='ocr_par' dir='ltr' id='par_1_56' title="bbox 1811 2722 3396 2782">
     <span class='ocr_line' id='line_1_56' title="bbox 1811 2722 3396 2782; baseline 0.003 -10"><span class='ocrx_word' id='word_1_405' title='bbox 1811 2722 2018 2782; x_wconf 67' lang='lat' dir='ltr'><strong><em>animm,</em></strong></span> <span class='ocrx_word' id='word_1_406' title='bbox 2047 2723 2111 2773; x_wconf 91' lang='lat' dir='ltr'><strong><em>de</em></strong></span> <span class='ocrx_word' id='word_1_407' title='bbox 2139 2722 2322 2774; x_wconf 84' lang='lat' dir='ltr'><strong><em>Genesi</em></strong></span> <span class='ocrx_word' id='word_1_408' title='bbox 2350 2733 2526 2774; x_wconf 80' lang='lat' dir='ltr'><strong><em>contra</em></strong></span> <span class='ocrx_word' id='word_1_409' title='bbox 2550 2724 2605 2774; x_wconf 87' lang='grc' dir='ltr'><em>Μ</em></span> <span class='ocrx_word' id='word_1_410' title='bbox 2611 2724 2864 2775; x_wconf 77' lang='lat' dir='ltr'><strong><em>anichteos</em></strong></span> <span class='ocrx_word' id='word_1_411' title='bbox 2891 2734 2937 2774; x_wconf 89' lang='lat' dir='ltr'><strong><em>et</em></strong></span> <span class='ocrx_word' id='word_1_412' title='bbox 2967 2725 3191 2774; x_wconf 82' lang='lat' dir='ltr'><strong><em>moribus</em></strong></span> <span class='ocrx_word' id='word_1_413' title='bbox 3217 2723 3396 2776; x_wconf 83' lang='lat' dir='ltr'><strong><em>Eccle-</em></strong></span> 
     </span>
    </p>
   </div>
   <div class='ocr_carea' id='block_1_57' title="bbox 1813 2809 3395 2883">
    <p class='ocr_par' dir='ltr' id='par_1_57' title="bbox 1813 2809 3395 2883">
     <span class='ocr_line' id='line_1_57' title="bbox 1813 2809 3395 2883; baseline 0.001 -21"><span class='ocrx_word' id='word_1_414' title='bbox 1813 2811 1905 2862; x_wconf 76' lang='lat' dir='ltr'><strong><em>sia:</em></strong></span> <span class='ocrx_word' id='word_1_415' title='bbox 1930 2809 2228 2874; x_wconf 76' lang='lat' dir='ltr'><strong><em>cat/tollere;</em></strong></span> <span class='ocrx_word' id='word_1_416' title='bbox 2259 2827 2388 2863; x_wconf 80' lang='lat' dir='ltr'><strong><em>unus</em></strong></span> <span class='ocrx_word' id='word_1_417' title='bbox 2418 2809 2468 2864; x_wconf 89' lang='lat' dir='ltr'><strong><em>in</em></strong></span> <span class='ocrx_word' id='word_1_418' title='bbox 2493 2811 2712 2880; x_wconf 83' lang='lat' dir='ltr'><strong>reliquis</strong></span> <span class='ocrx_word' id='word_1_419' title='bbox 2742 2812 2894 2883; x_wconf 85' lang='lat' dir='ltr'><strong><em>primi</em></strong></span> <span class='ocrx_word' id='word_1_420' title='bbox 2925 2812 3050 2864; x_wconf 90' lang='lat' dir='ltr'><strong><em>tomi</em></strong></span> <span class='ocrx_word' id='word_1_421' title='bbox 3085 2812 3270 2878; x_wconf 81' lang='lat' dir='ltr'><strong><em>paucis</em></strong></span> <span class='ocrx_word' id='word_1_422' title='bbox 3300 2827 3395 2866; x_wconf 79' lang='lat' dir='ltr'><strong><em>ex-</em></strong></span> 
     </span>
    </p>
   </div>
   <div class='ocr_carea' id='block_1_58' title="bbox 1814 2900 3395 2970">
    <p class='ocr_par' dir='ltr' id='par_1_58' title="bbox 1814 2900 3395 2970">
     <span class='ocr_line' id='line_1_58' title="bbox 1814 2900 3395 2970; baseline 0.002 -16"><span class='ocrx_word' id='word_1_423' title='bbox 1814 2901 2008 2969; x_wconf 85' lang='lat' dir='ltr'><strong><em>ceptis.</em></strong></span> <span class='ocrx_word' id='word_1_424' title='bbox 2056 2901 2410 2968; x_wconf 81' lang='lat' dir='ltr'><strong><em>Profuerunt,</em></strong></span> <span class='ocrx_word' id='word_1_425' title='bbox 2461 2918 2620 2970; x_wconf 82' lang='lat' dir='ltr'><strong><em>porro</em></strong></span> <span class='ocrx_word' id='word_1_426' title='bbox 2661 2900 3012 2956; x_wconf 82' lang='lat' dir='ltr'><strong><em>emendandis</em></strong></span> <span class='ocrx_word' id='word_1_427' title='bbox 3061 2901 3309 2970; x_wconf 81' lang='lat' dir='ltr'><strong><em>Epistolis</em></strong></span> <span class='ocrx_word' id='word_1_428' title='bbox 3339 2911 3395 2957; x_wconf 89' lang='lat' dir='ltr'><strong><em>et</em></strong></span> 
     </span>
    </p>
   </div>
   <div class='ocr_carea' id='block_1_59' title="bbox 1815 2990 3395 3063">
    <p class='ocr_par' dir='ltr' id='par_1_59' title="bbox 1815 2990 3395 3063">
     <span class='ocr_line' id='line_1_59' title="bbox 1815 2990 3395 3063; baseline 0.001 -18"><span class='ocrx_word' id='word_1_429' title='bbox 1815 2990 2169 3061; x_wconf 74' lang='lat' dir='ltr'><strong><em>Sermonibus,</em></strong></span> <span class='ocrx_word' id='word_1_430' title='bbox 2216 3000 2360 3046; x_wconf 90' lang='lat' dir='ltr'><strong><em>tomo</em></strong></span> <span class='ocrx_word' id='word_1_431' title='bbox 2393 2995 2621 3047; x_wconf 79' lang='lat' dir='ltr'><strong><em>secundo</em></strong></span> <span class='ocrx_word' id='word_1_432' title='bbox 2641 3004 2692 3048; x_wconf 86' lang='lat' dir='ltr'><strong><em>et</em></strong></span> <span class='ocrx_word' id='word_1_433' title='bbox 2717 2994 2934 3063; x_wconf 89' lang='lat' dir='ltr'><strong><em>quinto;</em></strong></span> <span class='ocrx_word' id='word_1_434' title='bbox 2968 3009 3065 3048; x_wconf 87' lang='lat' dir='ltr'><strong><em>nec</em></strong></span> <span class='ocrx_word' id='word_1_435' title='bbox 3098 3008 3201 3046; x_wconf 82' lang='lat' dir='ltr'><strong><em>non</em></strong></span> <span class='ocrx_word' id='word_1_436' title='bbox 3244 2994 3395 3048; x_wconf 86' lang='lat' dir='ltr'><strong>libris</strong></span> 
     </span>
    </p>
   </div>
   <div class='ocr_carea' id='block_1_60' title="bbox 1819 3081 3395 3153">
    <p class='ocr_par' dir='ltr' id='par_1_60' title="bbox 1819 3081 3395 3153">
     <span class='ocr_line' id='line_1_60' title="bbox 1819 3081 3395 3153; baseline 0.002 -18"><span class='ocrx_word' id='word_1_437' title='bbox 1819 3082 2171 3148; x_wconf 66' lang='lat' dir='ltr'><strong><em>Quaslionmn</em></strong></span> <span class='ocrx_word' id='word_1_438' title='bbox 2230 3081 2654 3153; x_wconf 84' lang='lat' dir='ltr'><strong><em>Evangeliorum,</em></strong></span> <span class='ocrx_word' id='word_1_439' title='bbox 2711 3085 3065 3151; x_wconf 64' lang='lat' dir='ltr'><strong><em>Quaestionum</em></strong></span> <span class='ocrx_word' id='word_1_440' title='bbox 3111 3082 3282 3138; x_wconf 79' lang='lat' dir='ltr'><strong><em>XVII</em></strong></span> <span class='ocrx_word' id='word_1_441' title='bbox 3341 3085 3395 3138; x_wconf 90' lang='lat' dir='ltr'><strong><em>in</em></strong></span> 
     </span>
    </p>
   </div>
   <div class='ocr_carea' id='block_1_61' title="bbox 141 3161 1701 3247">
    <p class='ocr_par' dir='ltr' id='par_1_61' title="bbox 141 3178 1701 3247">
     <span class='ocr_line' id='line_1_61' title="bbox 141 3178 1701 3247; baseline 0.008 -21"><span class='ocrx_word' id='word_1_442' title='bbox 141 3178 324 3240; x_wconf 80' lang='lat' dir='ltr'><strong><em>primus</em></strong></span> <span class='ocrx_word' id='word_1_443' title='bbox 350 3180 725 3247; x_wconf 64' lang='lat' dir='ltr'><strong><em>complrctitur</em></strong></span> <span class='ocrx_word' id='word_1_444' title='bbox 751 3181 938 3234; x_wconf 86' lang='lat' dir='ltr'><strong>libros.</strong></span> <span class='ocrx_word' id='word_1_445' title='bbox 964 3182 1042 3236; x_wconf 87' lang='lat' dir='ltr'><strong>Ad</strong></span> <span class='ocrx_word' id='word_1_446' title='bbox 1071 3184 1286 3236; x_wconf 77' lang='lat' dir='ltr'><strong><em>eosdem</em></strong></span> <span class='ocrx_word' id='word_1_447' title='bbox 1317 3199 1558 3239; x_wconf 52' lang='lat' dir='ltr'><strong><em>excussa:</em></strong></span> <span class='ocrx_word' id='word_1_448' title='bbox 1587 3193 1701 3239; x_wconf 89' lang='lat' dir='ltr'><strong><em>sunt</em></strong></span> 
     </span>
    </p>
   </div>
   <div class='ocr_carea' id='block_1_62' title="bbox 1815 3161 3395 3247">
    <p class='ocr_par' dir='ltr' id='par_1_62' title="bbox 1819 3174 3395 3247">
     <span class='ocr_line' id='line_1_62' title="bbox 1819 3174 3395 3247; baseline 0.003 -20"><span class='ocrx_word' id='word_1_449' title='bbox 1819 3174 2120 3230; x_wconf 72' lang='lat' dir='ltr'><strong><em>Mattlueum</em></strong></span> <span class='ocrx_word' id='word_1_450' title='bbox 2141 3220 2154 3243; x_wconf 94' lang='lat'><strong><em>,</em></strong></span> <span class='ocrx_word' id='word_1_451' title='bbox 2188 3186 2334 3230; x_wconf 86' lang='lat' dir='ltr'><strong><em>tomo</em></strong></span> <span class='ocrx_word' id='word_1_452' title='bbox 2361 3179 2540 3243; x_wconf 86' lang='lat' dir='ltr'><strong><em>tertio;</em></strong></span> <span class='ocrx_word' id='word_1_453' title='bbox 2571 3180 2695 3234; x_wconf 89' lang='lat' dir='ltr'><strong><em>item</em></strong></span> <span class='ocrx_word' id='word_1_454' title='bbox 2725 3178 2876 3233; x_wconf 87' lang='lat' dir='ltr'><strong>libris</strong></span> <span class='ocrx_word' id='word_1_455' title='bbox 2905 3179 2968 3232; x_wconf 91' lang='lat' dir='ltr'><strong><em>de</em></strong></span> <span class='ocrx_word' id='word_1_456' title='bbox 2991 3178 3213 3232; x_wconf 81' lang='lat' dir='ltr'><strong><em>Diversis</em></strong></span> <span class='ocrx_word' id='word_1_457' title='bbox 3250 3194 3395 3247; x_wconf 80' lang='lat' dir='ltr'><strong><em>qua:-</em></strong></span> 
     </span>
    </p>
   </div>
   <div class='ocr_carea' id='block_1_63' title="bbox 142 3265 1711 3346">
    <p class='ocr_par' dir='ltr' id='par_1_63' title="bbox 142 3265 1711 3346">
     <span class='ocr_line' id='line_1_63' title="bbox 142 3265 1711 3346; baseline 0.008 -29"><span class='ocrx_word' id='word_1_458' title='bbox 142 3265 404 3334; x_wconf 74' lang='lat' dir='ltr'><strong><em>Epistola&#39;,</em></strong></span> <span class='ocrx_word' id='word_1_459' title='bbox 437 3272 666 3324; x_wconf 86' lang='lat' dir='ltr'><strong><em>secundo</em></strong></span> <span class='ocrx_word' id='word_1_460' title='bbox 697 3283 870 3337; x_wconf 90' lang='lat' dir='ltr'><strong><em>tomo;</em></strong></span> <span class='ocrx_word' id='word_1_461' title='bbox 923 3272 1043 3326; x_wconf 86' lang='lat' dir='ltr'><strong>libri</strong></span> <span class='ocrx_word' id='word_1_462' title='bbox 1088 3273 1445 3341; x_wconf 73' lang='lat' dir='ltr'><strong><em>Qua‘stionum</em></strong></span> <span class='ocrx_word' id='word_1_463' title='bbox 1476 3274 1711 3346; x_wconf 67' lang='lat' dir='ltr'><strong><em>Evange-</em></strong></span> 
     </span>
    </p>
   </div>
   <div class='ocr_carea' id='block_1_64' title="bbox 145 3357 1706 3436">
    <p class='ocr_par' dir='ltr' id='par_1_64' title="bbox 145 3357 1706 3436">
     <span class='ocr_line' id='line_1_64' title="bbox 145 3357 1706 3436; baseline 0.009 -28"><span class='ocrx_word' id='word_1_464' title='bbox 145 3357 316 3411; x_wconf 88' lang='lat' dir='ltr'><strong><em>liorum</em></strong></span> <span class='ocrx_word' id='word_1_465' title='bbox 345 3372 487 3414; x_wconf 91' lang='lat' dir='ltr'><strong><em>tomo</em></strong></span> <span class='ocrx_word' id='word_1_466' title='bbox 515 3364 695 3427; x_wconf 88' lang='lat' dir='ltr'><strong><em>tertio;</em></strong></span> <span class='ocrx_word' id='word_1_467' title='bbox 728 3363 1031 3432; x_wconf 78' lang='lat' dir='ltr'><strong><em>Sermones,</em></strong></span> <span class='ocrx_word' id='word_1_468' title='bbox 1055 3367 1265 3436; x_wconf 86' lang='lat' dir='ltr'><strong><em>quinto;</em></strong></span> <span class='ocrx_word' id='word_1_469' title='bbox 1295 3376 1348 3421; x_wconf 90' lang='lat' dir='ltr'><strong><em>et</em></strong></span> <span class='ocrx_word' id='word_1_470' title='bbox 1371 3368 1420 3420; x_wconf 93' lang='lat' dir='ltr'><strong><em>in</em></strong></span> <span class='ocrx_word' id='word_1_471' title='bbox 1451 3377 1591 3420; x_wconf 74' lang='lat' dir='ltr'><strong><em>sexto</em></strong></span> <span class='ocrx_word' id='word_1_472' title='bbox 1622 3369 1706 3422; x_wconf 80' lang='lat' dir='ltr'><strong><em>vix</em></strong></span> 
     </span>
    </p>
   </div>
   <div class='ocr_carea' id='block_1_65' title="bbox 147 3458 1710 3527">
    <p class='ocr_par' dir='ltr' id='par_1_65' title="bbox 147 3458 1710 3527">
     <span class='ocr_line' id='line_1_65' title="bbox 147 3458 1710 3527; baseline 0.007 -23"><span class='ocrx_word' id='word_1_473' title='bbox 147 3459 249 3506; x_wconf 83' lang='lat' dir='ltr'><strong><em>tres</em></strong></span> <span class='ocrx_word' id='word_1_474' title='bbox 279 3464 368 3507; x_wconf 83' lang='lat' dir='ltr'><strong><em>aut</em></strong></span> <span class='ocrx_word' id='word_1_475' title='bbox 394 3468 626 3524; x_wconf 74' lang='lat' dir='ltr'><strong>quatuor</strong></span> <span class='ocrx_word' id='word_1_476' title='bbox 651 3458 990 3524; x_wconf 63' lang='lat' dir='ltr'><strong><em>numerabis,</em></strong></span> <span class='ocrx_word' id='word_1_477' title='bbox 1029 3459 1117 3527; x_wconf 89' lang='lat' dir='ltr'><strong><em>qui</em></strong></span> <span class='ocrx_word' id='word_1_478' title='bbox 1150 3474 1215 3512; x_wconf 83' lang='lat' dir='ltr'><strong><em>ex</em></strong></span> <span class='ocrx_word' id='word_1_479' title='bbox 1247 3459 1432 3513; x_wconf 87' lang='lat' dir='ltr'><strong><em>iisdem</em></strong></span> <span class='ocrx_word' id='word_1_480' title='bbox 1458 3475 1563 3513; x_wconf 90' lang='lat' dir='ltr'><strong><em>non</em></strong></span> <span class='ocrx_word' id='word_1_481' title='bbox 1596 3460 1710 3515; x_wconf 84' lang='lat' dir='ltr'><strong><em>l&#39;ue-</em></strong></span> 
     </span>
    </p>
   </div>
   <div class='ocr_carea' id='block_1_66' title="bbox 145 3544 1709 3616">
    <p class='ocr_par' dir='ltr' id='par_1_66' title="bbox 145 3544 1709 3616">
     <span class='ocr_line' id='line_1_66' title="bbox 145 3544 1709 3616; baseline 0.007 -21"><span class='ocrx_word' id='word_1_482' title='bbox 145 3544 248 3597; x_wconf 88' lang='lat' dir='ltr'><strong><em>rint</em></strong></span> <span class='ocrx_word' id='word_1_483' title='bbox 274 3549 535 3616; x_wconf 76' lang='lat' dir='ltr'><strong><em>cast’gati.</em></strong></span> <span class='ocrx_word' id='word_1_484' title='bbox 571 3548 742 3602; x_wconf 84' lang='lat' dir='ltr'><strong><em>Temo</em></strong></span> <span class='ocrx_word' id='word_1_485' title='bbox 766 3558 942 3602; x_wconf 76' lang='lat' dir='ltr'><strong><em>octavo</em></strong></span> <span class='ocrx_word' id='word_1_486' title='bbox 972 3550 1219 3604; x_wconf 86' lang='lat' dir='ltr'><strong>laudatur</strong></span> <span class='ocrx_word' id='word_1_487' title='bbox 1247 3551 1413 3605; x_wconf 83' lang='lat' dir='ltr'><strong><em>codex</em></strong></span> <span class='ocrx_word' id='word_1_488' title='bbox 1453 3551 1709 3606; x_wconf 84' lang='lat' dir='ltr'><strong><em>Surbtmi-</em></strong></span> 
     </span>
    </p>
   </div>
   <div class='ocr_carea' id='block_1_67' title="bbox 144 3639 1708 3718">
    <p class='ocr_par' dir='ltr' id='par_1_67' title="bbox 144 3639 1708 3718">
     <span class='ocr_line' id='line_1_67' title="bbox 144 3639 1708 3718; baseline 0.006 -30"><span class='ocrx_word' id='word_1_489' title='bbox 144 3651 232 3690; x_wconf 84' lang='lat' dir='ltr'><strong><em>cus</em></strong></span> <span class='ocrx_word' id='word_1_490' title='bbox 271 3639 331 3691; x_wconf 86' lang='lat' dir='ltr'><strong><em>ad</em></strong></span> <span class='ocrx_word' id='word_1_491' title='bbox 375 3639 570 3694; x_wconf 89' lang='lat' dir='ltr'><strong>librtun</strong></span> <span class='ocrx_word' id='word_1_492' title='bbox 610 3651 788 3694; x_wconf 78' lang='lat' dir='ltr'><strong><em>contra</em></strong></span> <span class='ocrx_word' id='word_1_493' title='bbox 820 3643 1178 3711; x_wconf 84' lang='lat' dir='ltr'><strong><em>Adintanlum,</em></strong></span> <span class='ocrx_word' id='word_1_494' title='bbox 1221 3653 1394 3697; x_wconf 88' lang='lat' dir='ltr'><strong><em>contra</em></strong></span> <span class='ocrx_word' id='word_1_495' title='bbox 1425 3644 1708 3718; x_wconf 77' lang='lat' dir='ltr'><strong><em>Epistulam</em></strong></span> 
     </span>
    </p>
   </div>
   <div class='ocr_carea' id='block_1_68' title="bbox 148 3725 1710 3804">
    <p class='ocr_par' dir='ltr' id='par_1_68' title="bbox 148 3725 1710 3804">
     <span class='ocr_line' id='line_1_68' title="bbox 148 3725 1710 3804; baseline 0.008 -27"><span class='ocrx_word' id='word_1_496' title='bbox 148 3725 428 3792; x_wconf 72' lang='lat' dir='ltr'><strong><em>.llanichwi.</em></strong></span> <span class='ocrx_word' id='word_1_497' title='bbox 462 3731 524 3784; x_wconf 86' lang='lat' dir='ltr'><strong><em>de</em></strong></span> <span class='ocrx_word' id='word_1_498' title='bbox 555 3730 764 3784; x_wconf 74' lang='lat' dir='ltr'><strong><em>Natura</em></strong></span> <span class='ocrx_word' id='word_1_499' title='bbox 791 3731 943 3796; x_wconf 90' lang='lat' dir='ltr'><strong><em>boni,</em></strong></span> <span class='ocrx_word' id='word_1_500' title='bbox 970 3742 1149 3786; x_wconf 89' lang='lat' dir='ltr'><strong><em>contra</em></strong></span> <span class='ocrx_word' id='word_1_501' title='bbox 1181 3733 1540 3786; x_wconf 76' lang='lat' dir='ltr'><strong><em>Adi-ersarium</em></strong></span> <span class='ocrx_word' id='word_1_502' title='bbox 1583 3735 1710 3804; x_wconf 83' lang='lat' dir='ltr'><strong><em>legis</em></strong></span> 
     </span>
    </p>
   </div>
   <div class='ocr_carea' id='block_1_69' title="bbox 143 3821 1704 3888">
    <p class='ocr_par' dir='ltr' id='par_1_69' title="bbox 143 3821 1704 3888">
     <span class='ocr_line' id='line_1_69' title="bbox 143 3821 1704 3888; baseline 0.005 -18"><span class='ocrx_word' id='word_1_503' title='bbox 143 3829 186 3870; x_wconf 78' lang='lat' dir='ltr'><strong><em>rt</em></strong></span> <span class='ocrx_word' id='word_1_504' title='bbox 211 3823 599 3888; x_wconf 85' lang='lat' dir='ltr'><strong><em>praphetarum,</em></strong></span> <span class='ocrx_word' id='word_1_505' title='bbox 632 3823 701 3875; x_wconf 89' lang='lat' dir='ltr'><strong><em>ad</em></strong></span> <span class='ocrx_word' id='word_1_506' title='bbox 734 3821 972 3876; x_wconf 87' lang='lat' dir='ltr'><strong><em>Orositmt</em></strong></span> <span class='ocrx_word' id='word_1_507' title='bbox 1013 3835 1190 3877; x_wconf 83' lang='lat' dir='ltr'><strong><em>contra</em></strong></span> <span class='ocrx_word' id='word_1_508' title='bbox 1238 3824 1704 3885; x_wconf 83' lang='lat' dir='ltr'><strong><em>Priscillianistas.</em></strong></span> 
     </span>
    </p>
   </div>
   <div class='ocr_carea' id='block_1_70' title="bbox 143 3912 1704 3980">
    <p class='ocr_par' dir='ltr' id='par_1_70' title="bbox 143 3912 1704 3980">
     <span class='ocr_line' id='line_1_70' title="bbox 143 3912 1704 3980; baseline 0.008 -23"><span class='ocrx_word' id='word_1_509' title='bbox 143 3919 311 3964; x_wconf 73' lang='lat' dir='ltr'><strong><em>contra</em></strong></span> <span class='ocrx_word' id='word_1_510' title='bbox 369 3912 673 3966; x_wconf 76' lang='lat' dir='ltr'><strong><em>Sermonem</em></strong></span> <span class='ocrx_word' id='word_1_511' title='bbox 727 3913 1069 3980; x_wconf 74' lang='lat' dir='ltr'><strong><em>Arianorum,</em></strong></span> <span class='ocrx_word' id='word_1_512' title='bbox 1120 3926 1295 3968; x_wconf 82' lang='lat' dir='ltr'><strong><em>contra</em></strong></span> <span class='ocrx_word' id='word_1_513' title='bbox 1341 3915 1704 3971; x_wconf 77' lang='lat' dir='ltr'><strong><em>Maximinum.</em></strong></span> 
     </span>
    </p>
   </div>
   <div class='ocr_carea' id='block_1_71' title="bbox 139 3999 1711 4074">
    <p class='ocr_par' dir='ltr' id='par_1_71' title="bbox 139 3999 1711 4074">
     <span class='ocr_line' id='line_1_71' title="bbox 139 3999 1711 4074; baseline 0.007 -22"><span class='ocrx_word' id='word_1_514' title='bbox 139 3999 274 4054; x_wconf 84' lang='lat' dir='ltr'><strong>Libri</strong></span> <span class='ocrx_word' id='word_1_515' title='bbox 311 4019 437 4057; x_wconf 72' lang='lat' dir='ltr'><strong><em>vero</em></strong></span> <span class='ocrx_word' id='word_1_516' title='bbox 461 4005 524 4057; x_wconf 86' lang='lat' dir='ltr'><strong><em>de</em></strong></span> <span class='ocrx_word' id='word_1_517' title='bbox 552 4004 699 4056; x_wconf 84' lang='lat' dir='ltr'><strong><em>Trini</em></strong></span> <span class='ocrx_word' id='word_1_518' title='bbox 722 4015 801 4057; x_wconf 89' lang='lat' dir='ltr'><strong><em>ate</em></strong></span> <span class='ocrx_word' id='word_1_519' title='bbox 825 4006 890 4058; x_wconf 84' lang='lat' dir='ltr'><strong><em>ad</em></strong></span> <span class='ocrx_word' id='word_1_520' title='bbox 921 4007 1142 4074; x_wconf 85' lang='lat' dir='ltr'><strong><em>quinque</em></strong></span> <span class='ocrx_word' id='word_1_521' title='bbox 1170 4007 1497 4062; x_wconf 84' lang='lat' dir='ltr'><strong><em>Sorbonicos</em></strong></span> <span class='ocrx_word' id='word_1_522' title='bbox 1526 4025 1711 4062; x_wconf 81' lang='lat' dir='ltr'><strong><em>recen-</em></strong></span> 
     </span>
    </p>
   </div>
   <div class='ocr_carea' id='block_1_72' title="bbox 137 4093 1710 4167">
    <p class='ocr_par' dir='ltr' id='par_1_72' title="bbox 137 4093 1710 4167">
     <span class='ocr_line' id='line_1_72' title="bbox 137 4093 1710 4167; baseline 0.008 -27"><span class='ocrx_word' id='word_1_523' title='bbox 137 4093 220 4144; x_wconf 86' lang='lat' dir='ltr'><strong><em>siti</em></strong></span> <span class='ocrx_word' id='word_1_524' title='bbox 257 4105 391 4147; x_wconf 88' lang='lat' dir='ltr'><strong><em>sunt.</em></strong></span> <span class='ocrx_word' id='word_1_525' title='bbox 425 4095 663 4150; x_wconf 76' lang='lat' dir='ltr'><strong><em>Tandem</em></strong></span> <span class='ocrx_word' id='word_1_526' title='bbox 693 4096 747 4150; x_wconf 90' lang='lat' dir='ltr'><strong><em>in</em></strong></span> <span class='ocrx_word' id='word_1_527' title='bbox 780 4104 926 4151; x_wconf 86' lang='lat' dir='ltr'><strong><em>tomo</em></strong></span> <span class='ocrx_word' id='word_1_528' title='bbox 970 4098 1168 4150; x_wconf 83' lang='lat' dir='ltr'><strong><em>decimo</em></strong></span> <span class='ocrx_word' id='word_1_529' title='bbox 1210 4098 1298 4151; x_wconf 83' lang='lat' dir='ltr'><strong><em>vix</em></strong></span> <span class='ocrx_word' id='word_1_530' title='bbox 1324 4106 1542 4167; x_wconf 81' lang='lat' dir='ltr'><strong><em>quatuor</em></strong></span> <span class='ocrx_word' id='word_1_531' title='bbox 1585 4107 1710 4152; x_wconf 87' lang='lat' dir='ltr'><strong><em>sunt</em></strong></span> 
     </span>
    </p>
   </div>
   <div class='ocr_carea' id='block_1_73' title="bbox 138 4187 1706 4257">
    <p class='ocr_par' dir='ltr' id='par_1_73' title="bbox 138 4187 1706 4257">
     <span class='ocr_line' id='line_1_73' title="bbox 138 4187 1706 4257; baseline 0.006 -21"><span class='ocrx_word' id='word_1_532' title='bbox 138 4197 200 4236; x_wconf 82' lang='lat' dir='ltr'><strong><em>ex</em></strong></span> <span class='ocrx_word' id='word_1_533' title='bbox 227 4187 491 4254; x_wconf 58' lang='lat' dir='ltr'><strong><em>omnibus&#39;,</em></strong></span> <span class='ocrx_word' id='word_1_534' title='bbox 524 4189 612 4257; x_wconf 90' lang='lat' dir='ltr'><strong><em>qui</em></strong></span> <span class='ocrx_word' id='word_1_535' title='bbox 645 4202 750 4242; x_wconf 91' lang='lat' dir='ltr'><strong><em>non</em></strong></span> <span class='ocrx_word' id='word_1_536' title='bbox 773 4204 837 4243; x_wconf 78' lang='lat' dir='ltr'><strong><em>ex</em></strong></span> <span class='ocrx_word' id='word_1_537' title='bbox 867 4205 970 4242; x_wconf 83' lang='lat' dir='ltr'><strong><em>uno</em></strong></span> <span class='ocrx_word' id='word_1_538' title='bbox 995 4190 1186 4244; x_wconf 82' lang='lat' dir='ltr'><strong><em>saltem</em></strong></span> <span class='ocrx_word' id='word_1_539' title='bbox 1215 4189 1500 4244; x_wconf 84' lang='lat' dir='ltr'><strong><em>Sorbonico</em></strong></span> <span class='ocrx_word' id='word_1_540' title='bbox 1525 4206 1706 4245; x_wconf 86' lang='lat' dir='ltr'><strong><em>emen-</em></strong></span> 
     </span>
    </p>
   </div>
   <div class='ocr_carea' id='block_1_74' title="bbox 138 4276 491 4332">
    <p class='ocr_par' dir='ltr' id='par_1_74' title="bbox 138 4276 491 4332">
     <span class='ocr_line' id='line_1_74' title="bbox 138 4276 491 4332; baseline 0.014 -5"><span class='ocrx_word' id='word_1_541' title='bbox 138 4276 236 4330; x_wconf 78' lang='lat' dir='ltr'><strong><em>dati</em></strong></span> <span class='ocrx_word' id='word_1_542' title='bbox 268 4277 491 4332; x_wconf 62' lang='lat' dir='ltr'><strong><em>fuerint.</em></strong></span> 
     </span>
    </p>
   </div>
   <div class='ocr_carea' id='block_1_75' title="bbox 198 4368 1705 4426">
    <p class='ocr_par' dir='ltr' id='par_1_75' title="bbox 198 4368 1705 4426">
     <span class='ocr_line' id='line_1_75' title="bbox 198 4368 1705 4426; baseline 0.004 -6"><span class='ocrx_word' id='word_1_543' title='bbox 198 4368 600 4424; x_wconf 65' lang='lat' dir='ltr'><strong><em>Scessnoxsxsrs</em></strong></span> <span class='ocrx_word' id='word_1_544' title='bbox 643 4369 861 4423; x_wconf 79' lang='lat' dir='ltr'><strong><em>abbatia:</em></strong></span> <span class='ocrx_word' id='word_1_545' title='bbox 900 4368 966 4422; x_wconf 83' lang='grc' dir='ltr'><em>Β.</em></span> <span class='ocrx_word' id='word_1_546' title='bbox 1012 4369 1196 4425; x_wconf 77' lang='lat' dir='ltr'><strong><em>Maria:</em></strong></span> <span class='ocrx_word' id='word_1_547' title='bbox 1225 4371 1362 4426; x_wconf 87' lang='lat' dir='ltr'><strong>liber</strong></span> <span class='ocrx_word' id='word_1_548' title='bbox 1392 4388 1527 4425; x_wconf 92' lang='lat' dir='ltr'><strong><em>unus</em></strong></span> <span class='ocrx_word' id='word_1_549' title='bbox 1553 4372 1705 4426; x_wconf 85' lang='lat' dir='ltr'><strong>libris</strong></span> 
     </span>
    </p>
   </div>
   <div class='ocr_carea' id='block_1_76' title="bbox 129 4455 1286 4530">
    <p class='ocr_par' dir='ltr' id='par_1_76' title="bbox 129 4455 1286 4530">
     <span class='ocr_line' id='line_1_76' title="bbox 129 4455 1286 4530; baseline 0.004 -22"><span class='ocrx_word' id='word_1_550' title='bbox 129 4457 189 4509; x_wconf 78' lang='lat' dir='ltr'><strong><em>de</em></strong></span> <span class='ocrx_word' id='word_1_551' title='bbox 218 4455 437 4513; x_wconf 78' lang='lat' dir='ltr'><strong><em>Civitate</em></strong></span> <span class='ocrx_word' id='word_1_552' title='bbox 465 4460 560 4514; x_wconf 81' lang='lat' dir='ltr'><strong><em>L‘ei</em></strong></span> <span class='ocrx_word' id='word_1_553' title='bbox 590 4460 1042 4530; x_wconf 79' lang='lat' dir='ltr'><strong><em>recognoscendis</em></strong></span> <span class='ocrx_word' id='word_1_554' title='bbox 1074 4461 1286 4530; x_wconf 79' lang='lat' dir='ltr'><strong><em>profuit.</em></strong></span> 
     </span>
    </p>
   </div>
   <div class='ocr_carea' id='block_1_77' title="bbox 1810 3268 3395 3341">
    <p class='ocr_par' dir='ltr' id='par_1_77' title="bbox 1810 3268 3395 3341">
     <span class='ocr_line' id='line_1_77' title="bbox 1810 3268 3395 3341; baseline 0.003 -22"><span class='ocrx_word' id='word_1_555' title='bbox 1810 3268 2059 3322; x_wconf 84' lang='lat' dir='ltr'><strong><em>stionibns</em></strong></span> <span class='ocrx_word' id='word_1_556' title='bbox 2080 3269 2148 3321; x_wconf 89' lang='lat' dir='ltr'><strong><em>ad</em></strong></span> <span class='ocrx_word' id='word_1_557' title='bbox 2175 3268 2571 3340; x_wconf 86' lang='lat' dir='ltr'><strong><em>Si.-nplicianttm</em></strong></span> <span class='ocrx_word' id='word_1_558' title='bbox 2591 3313 2603 3333; x_wconf 93' lang='lat'><strong><em>,</em></strong></span> <span class='ocrx_word' id='word_1_559' title='bbox 2647 3271 2710 3324; x_wconf 90' lang='lat' dir='ltr'><strong><em>de</em></strong></span> <span class='ocrx_word' id='word_1_560' title='bbox 2743 3272 2870 3325; x_wconf 89' lang='lat' dir='ltr'><strong><em>Octo</em></strong></span> <span class='ocrx_word' id='word_1_561' title='bbox 2895 3270 3110 3325; x_wconf 88' lang='lat' dir='ltr'><strong><em>Dulcitii</em></strong></span> <span class='ocrx_word' id='word_1_562' title='bbox 3151 3273 3395 3341; x_wconf 75' lang='lat' dir='ltr'><strong><em>qttwstio-</em></strong></span> 
     </span>
    </p>
   </div>
   <div class='ocr_carea' id='block_1_78' title="bbox 1812 3361 3395 3436">
    <p class='ocr_par' dir='ltr' id='par_1_78' title="bbox 1812 3361 3395 3436">
     <span class='ocr_line' id='line_1_78' title="bbox 1812 3361 3395 3436; baseline 0.005 -24"><span class='ocrx_word' id='word_1_563' title='bbox 1812 3361 1987 3425; x_wconf 84' lang='lat' dir='ltr'><strong><em>nibus,</em></strong></span> <span class='ocrx_word' id='word_1_564' title='bbox 2035 3362 2098 3414; x_wconf 88' lang='lat' dir='ltr'><strong><em>de</em></strong></span> <span class='ocrx_word' id='word_1_565' title='bbox 2141 3361 2272 3414; x_wconf 79' lang='lat' dir='ltr'><strong><em>Fide</em></strong></span> <span class='ocrx_word' id='word_1_566' title='bbox 2301 3373 2346 3416; x_wconf 88' lang='lat' dir='ltr'><strong><em>et</em></strong></span> <span class='ocrx_word' id='word_1_567' title='bbox 2377 3363 2655 3434; x_wconf 81' lang='lat' dir='ltr'><strong><em>Symbolo,</em></strong></span> <span class='ocrx_word' id='word_1_568' title='bbox 2681 3367 2746 3418; x_wconf 91' lang='lat' dir='ltr'><strong><em>de</em></strong></span> <span class='ocrx_word' id='word_1_569' title='bbox 2775 3366 2949 3436; x_wconf 83' lang='lat' dir='ltr'><strong><em>Agone</em></strong></span> <span class='ocrx_word' id='word_1_570' title='bbox 2980 3366 3302 3429; x_wconf 87' lang='lat' dir='ltr'><strong><em>Christiano,</em></strong></span> <span class='ocrx_word' id='word_1_571' title='bbox 3333 3368 3395 3420; x_wconf 91' lang='lat' dir='ltr'><strong><em>de</em></strong></span> 
     </span>
    </p>
   </div>
   <div class='ocr_carea' id='block_1_79' title="bbox 1812 3451 3396 3521">
    <p class='ocr_par' dir='ltr' id='par_1_79' title="bbox 1812 3451 3396 3521">
     <span class='ocr_line' id='line_1_79' title="bbox 1812 3451 3396 3521; baseline 0.003 -17"><span class='ocrx_word' id='word_1_572' title='bbox 1812 3451 2202 3504; x_wconf 77' lang='lat' dir='ltr'><strong><em>Catechizandis</em></strong></span> <span class='ocrx_word' id='word_1_573' title='bbox 2231 3455 2441 3507; x_wconf 82' lang='lat' dir='ltr'><strong><em>rudibus</em></strong></span> <span class='ocrx_word' id='word_1_574' title='bbox 2462 3495 2476 3517; x_wconf 91' lang='lat'><strong><em>,</em></strong></span> <span class='ocrx_word' id='word_1_575' title='bbox 2510 3456 2573 3508; x_wconf 89' lang='lat' dir='ltr'><strong><em>de</em></strong></span> <span class='ocrx_word' id='word_1_576' title='bbox 2599 3454 2745 3508; x_wconf 85' lang='lat' dir='ltr'><strong><em>Bono</em></strong></span> <span class='ocrx_word' id='word_1_577' title='bbox 2771 3458 3054 3521; x_wconf 79' lang='lat' dir='ltr'><strong><em>viduitatis,</em></strong></span> <span class='ocrx_word' id='word_1_578' title='bbox 3087 3458 3149 3510; x_wconf 82' lang='lat' dir='ltr'><strong><em>de</em></strong></span> <span class='ocrx_word' id='word_1_579' title='bbox 3175 3457 3396 3509; x_wconf 77' lang='lat' dir='ltr'><strong><em>Menda-</em></strong></span> 
     </span>
    </p>
   </div>
   <div class='ocr_carea' id='block_1_80' title="bbox 1811 3542 3396 3612">
    <p class='ocr_par' dir='ltr' id='par_1_80' title="bbox 1811 3542 3396 3612">
     <span class='ocr_line' id='line_1_80' title="bbox 1811 3542 3396 3612; baseline 0.004 -18"><span class='ocrx_word' id='word_1_580' title='bbox 1811 3543 1920 3606; x_wconf 89' lang='lat' dir='ltr'><strong><em>cio,</em></strong></span> <span class='ocrx_word' id='word_1_581' title='bbox 1959 3553 2135 3594; x_wconf 88' lang='lat' dir='ltr'><strong><em>contra</em></strong></span> <span class='ocrx_word' id='word_1_582' title='bbox 2177 3542 2541 3609; x_wconf 80' lang='lat' dir='ltr'><strong><em>Mendacium,</em></strong></span> <span class='ocrx_word' id='word_1_583' title='bbox 2585 3546 2647 3598; x_wconf 89' lang='lat' dir='ltr'><strong><em>de</em></strong></span> <span class='ocrx_word' id='word_1_584' title='bbox 2689 3545 2855 3612; x_wconf 89' lang='lat' dir='ltr'><strong><em>Opere</em></strong></span> <span class='ocrx_word' id='word_1_585' title='bbox 2905 3550 3299 3611; x_wconf 83' lang='lat' dir='ltr'><strong><em>monachorum,</em></strong></span> <span class='ocrx_word' id='word_1_586' title='bbox 3334 3548 3396 3600; x_wconf 89' lang='lat' dir='ltr'><strong><em>de</em></strong></span> 
     </span>
    </p>
   </div>
   <div class='ocr_carea' id='block_1_81' title="bbox 1813 3634 3394 3703">
    <p class='ocr_par' dir='ltr' id='par_1_81' title="bbox 1813 3634 3394 3703">
     <span class='ocr_line' id='line_1_81' title="bbox 1813 3634 3394 3703; baseline 0.002 -17"><span class='ocrx_word' id='word_1_587' title='bbox 1813 3634 1950 3687; x_wconf 86' lang='lat' dir='ltr'><strong><em>Cura</em></strong></span> <span class='ocrx_word' id='word_1_588' title='bbox 1996 3650 2090 3703; x_wconf 88' lang='lat' dir='ltr'><strong><em>pro</em></strong></span> <span class='ocrx_word' id='word_1_589' title='bbox 2137 3636 2352 3687; x_wconf 84' lang='lat' dir='ltr'><strong><em>mortuis</em></strong></span> <span class='ocrx_word' id='word_1_590' title='bbox 2379 3637 2599 3702; x_wconf 87' lang='lat' dir='ltr'><strong><em>gerenda</em></strong></span> <span class='ocrx_word' id='word_1_591' title='bbox 2629 3644 2681 3688; x_wconf 89' lang='lat' dir='ltr'><strong><em>et</em></strong></span> <span class='ocrx_word' id='word_1_592' title='bbox 2711 3636 2774 3688; x_wconf 90' lang='lat' dir='ltr'><strong><em>de</em></strong></span> <span class='ocrx_word' id='word_1_593' title='bbox 2805 3634 3088 3688; x_wconf 86' lang='lat' dir='ltr'><strong><em>Patientia.</em></strong></span> <span class='ocrx_word' id='word_1_594' title='bbox 3135 3637 3394 3689; x_wconf 71' lang='lat' dir='ltr'><strong><em>Similiter</em></strong></span> 
     </span>
    </p>
   </div>
   <div class='ocr_carea' id='block_1_82' title="bbox 1813 3727 3394 3794">
    <p class='ocr_par' dir='ltr' id='par_1_82' title="bbox 1813 3727 3394 3794">
     <span class='ocr_line' id='line_1_82' title="bbox 1813 3727 3394 3794; baseline 0.001 -15"><span class='ocrx_word' id='word_1_595' title='bbox 1813 3727 1932 3780; x_wconf 87' lang='lat' dir='ltr'><strong>libri</strong></span> <span class='ocrx_word' id='word_1_596' title='bbox 1966 3727 2093 3780; x_wconf 88' lang='lat' dir='ltr'><strong><em>tomi</em></strong></span> <span class='ocrx_word' id='word_1_597' title='bbox 2122 3727 2321 3791; x_wconf 84' lang='lat' dir='ltr'><strong><em>octavi,</em></strong></span> <span class='ocrx_word' id='word_1_598' title='bbox 2355 3729 2417 3782; x_wconf 86' lang='lat' dir='ltr'><strong><em>de</em></strong></span> <span class='ocrx_word' id='word_1_599' title='bbox 2440 3727 2757 3794; x_wconf 77' lang='lat' dir='ltr'><strong><em>Ilwresibus,</em></strong></span> <span class='ocrx_word' id='word_1_600' title='bbox 2787 3728 3032 3780; x_wconf 80' lang='lat' dir='ltr'><strong><em>adversus</em></strong></span> <span class='ocrx_word' id='word_1_601' title='bbox 3069 3727 3306 3793; x_wconf 67' lang='lat' dir='ltr'><strong><em>Judaros,</em></strong></span> <span class='ocrx_word' id='word_1_602' title='bbox 3334 3730 3394 3782; x_wconf 87' lang='lat' dir='ltr'><strong><em>de</em></strong></span> 
     </span>
    </p>
   </div>
   <div class='ocr_carea' id='block_1_83' title="bbox 1816 3816 3393 3882">
    <p class='ocr_par' dir='ltr' id='par_1_83' title="bbox 1816 3816 3393 3882">
     <span class='ocr_line' id='line_1_83' title="bbox 1816 3816 3393 3882; baseline 0 -12"><span class='ocrx_word' id='word_1_603' title='bbox 1816 3816 2051 3870; x_wconf 85' lang='lat' dir='ltr'><strong><em>Utilitate</em></strong></span> <span class='ocrx_word' id='word_1_604' title='bbox 2079 3818 2349 3882; x_wconf 74' lang='lat' dir='ltr'><strong><em>credendi,</em></strong></span> <span class='ocrx_word' id='word_1_605' title='bbox 2382 3818 2445 3870; x_wconf 92' lang='lat' dir='ltr'><strong><em>de</em></strong></span> <span class='ocrx_word' id='word_1_606' title='bbox 2473 3817 2674 3870; x_wconf 86' lang='lat' dir='ltr'><strong><em>duabus</em></strong></span> <span class='ocrx_word' id='word_1_607' title='bbox 2700 3818 2979 3870; x_wconf 65' lang='lat' dir='ltr'><strong><em>Anitnabtts</em></strong></span> <span class='ocrx_word' id='word_1_608' title='bbox 2997 3857 3009 3880; x_wconf 89' lang='lat'><strong><em>,</em></strong></span> <span class='ocrx_word' id='word_1_609' title='bbox 3043 3827 3223 3871; x_wconf 75' lang='lat' dir='ltr'><strong><em>contra</em></strong></span> <span class='ocrx_word' id='word_1_610' title='bbox 3259 3816 3393 3870; x_wconf 79' lang='lat' dir='ltr'><strong><em>For-</em></strong></span> 
     </span>
    </p>
   </div>
   <div class='ocr_carea' id='block_1_84' title="bbox 1813 3908 3391 3976">
    <p class='ocr_par' dir='ltr' id='par_1_84' title="bbox 1813 3908 3391 3976">
     <span class='ocr_line' id='line_1_84' title="bbox 1813 3908 3391 3976; baseline 0.001 -16"><span class='ocrx_word' id='word_1_611' title='bbox 1813 3919 2066 3967; x_wconf 78' lang='lat' dir='ltr'><strong><em>tunatam.</em></strong></span> <span class='ocrx_word' id='word_1_612' title='bbox 2099 3917 2276 3960; x_wconf 86' lang='lat' dir='ltr'><strong><em>contra</em></strong></span> <span class='ocrx_word' id='word_1_613' title='bbox 2310 3909 2661 3973; x_wconf 81' lang='lat' dir='ltr'><strong><em>Adimantum,</em></strong></span> <span class='ocrx_word' id='word_1_614' title='bbox 2688 3920 2867 3962; x_wconf 82' lang='lat' dir='ltr'><strong><em>contra</em></strong></span> <span class='ocrx_word' id='word_1_615' title='bbox 2901 3908 3184 3976; x_wconf 74' lang='lat' dir='ltr'><strong><em>Epistolam</em></strong></span> <span class='ocrx_word' id='word_1_616' title='bbox 3215 3908 3391 3968; x_wconf 48' lang='lat' dir='ltr'><strong><em>Manis</em></strong></span> 
     </span>
    </p>
   </div>
   <div class='ocr_carea' id='block_1_85' title="bbox 1811 3998 3394 4064">
    <p class='ocr_par' dir='ltr' id='par_1_85' title="bbox 1811 3998 3394 4064">
     <span class='ocr_line' id='line_1_85' title="bbox 1811 3998 3394 4064; baseline 0.001 -12"><span class='ocrx_word' id='word_1_617' title='bbox 1811 4000 1958 4063; x_wconf 76' lang='lat' dir='ltr'><strong><em>chrei,</em></strong></span> <span class='ocrx_word' id='word_1_618' title='bbox 1983 4011 2158 4052; x_wconf 88' lang='lat' dir='ltr'><strong><em>contra</em></strong></span> <span class='ocrx_word' id='word_1_619' title='bbox 2187 3998 2462 4064; x_wconf 81' lang='lat' dir='ltr'><strong><em>Faustum,</em></strong></span> <span class='ocrx_word' id='word_1_620' title='bbox 2492 4000 2619 4054; x_wconf 86' lang='lat' dir='ltr'><strong><em>Acta</em></strong></span> <span class='ocrx_word' id='word_1_621' title='bbox 2646 4017 2760 4053; x_wconf 88' lang='lat' dir='ltr'><strong><em>cum</em></strong></span> <span class='ocrx_word' id='word_1_622' title='bbox 2793 3999 2995 4062; x_wconf 83' lang='lat' dir='ltr'><strong><em>Felice,</em></strong></span> <span class='ocrx_word' id='word_1_623' title='bbox 3026 4001 3161 4055; x_wconf 86' lang='lat' dir='ltr'><strong><em>liber</em></strong></span> <span class='ocrx_word' id='word_1_624' title='bbox 3185 4003 3248 4053; x_wconf 92' lang='lat' dir='ltr'><strong><em>de</em></strong></span> <span class='ocrx_word' id='word_1_625' title='bbox 3277 4000 3394 4054; x_wconf 83' lang='lat' dir='ltr'><strong><em>Na-</em></strong></span> 
     </span>
    </p>
   </div>
   <div class='ocr_carea' id='block_1_86' title="bbox 1811 4091 3394 4156">
    <p class='ocr_par' dir='ltr' id='par_1_86' title="bbox 1811 4091 3394 4156">
     <span class='ocr_line' id='line_1_86' title="bbox 1811 4091 3394 4156; baseline 0.003 -13"><span class='ocrx_word' id='word_1_626' title='bbox 1811 4101 1927 4144; x_wconf 85' lang='lat' dir='ltr'><strong><em>tura</em></strong></span> <span class='ocrx_word' id='word_1_627' title='bbox 1956 4093 2096 4156; x_wconf 86' lang='lat' dir='ltr'><strong><em>boni,</em></strong></span> <span class='ocrx_word' id='word_1_628' title='bbox 2131 4091 2266 4145; x_wconf 89' lang='lat' dir='ltr'><strong>liber</strong></span> <span class='ocrx_word' id='word_1_629' title='bbox 2290 4093 2359 4144; x_wconf 88' lang='lat' dir='ltr'><strong><em>ad</em></strong></span> <span class='ocrx_word' id='word_1_630' title='bbox 2391 4092 2630 4146; x_wconf 85' lang='lat' dir='ltr'><strong><em>Orosium</em></strong></span> <span class='ocrx_word' id='word_1_631' title='bbox 2659 4103 2837 4146; x_wconf 85' lang='lat' dir='ltr'><strong><em>contra</em></strong></span> <span class='ocrx_word' id='word_1_632' title='bbox 2874 4091 3300 4147; x_wconf 82' lang='lat' dir='ltr'><strong><em>Priscillianistas</em></strong></span> <span class='ocrx_word' id='word_1_633' title='bbox 3326 4095 3394 4148; x_wconf 86' lang='lat' dir='ltr'><strong><em>ad</em></strong></span> 
     </span>
    </p>
   </div>
   <div class='ocr_carea' id='block_1_87' title="bbox 1811 4183 3394 4251">
    <p class='ocr_par' dir='ltr' id='par_1_87' title="bbox 1811 4183 3394 4251">
     <span class='ocr_line' id='line_1_87' title="bbox 1811 4183 3394 4251; baseline 0.002 -14"><span class='ocrx_word' id='word_1_634' title='bbox 1811 4201 1968 4237; x_wconf 83' lang='lat' dir='ltr'><strong><em>unum</em></strong></span> <span class='ocrx_word' id='word_1_635' title='bbox 1988 4185 2069 4237; x_wconf 84' lang='lat' dir='ltr'><strong><em>vel</em></strong></span> <span class='ocrx_word' id='word_1_636' title='bbox 2091 4184 2219 4237; x_wconf 81' lang='lat' dir='ltr'><strong><em>duos</em></strong></span> <span class='ocrx_word' id='word_1_637' title='bbox 2243 4183 2545 4239; x_wconf 69' lang='lat' dir='ltr'><strong><em>Victorinus</em></strong></span> <span class='ocrx_word' id='word_1_638' title='bbox 2568 4186 2785 4239; x_wconf 77' lang='lat' dir='ltr'><strong><em>excussi</em></strong></span> <span class='ocrx_word' id='word_1_639' title='bbox 2820 4196 2971 4251; x_wconf 90' lang='lat' dir='ltr'><strong><em>sunt;</em></strong></span> <span class='ocrx_word' id='word_1_640' title='bbox 3008 4203 3104 4241; x_wconf 73' lang='lat' dir='ltr'><strong><em>nec</em></strong></span> <span class='ocrx_word' id='word_1_641' title='bbox 3135 4203 3238 4242; x_wconf 90' lang='lat' dir='ltr'><strong><em>non</em></strong></span> <span class='ocrx_word' id='word_1_642' title='bbox 3259 4187 3394 4241; x_wconf 88' lang='lat' dir='ltr'><strong>liber</strong></span> 
     </span>
    </p>
   </div>
   <div class='ocr_carea' id='block_1_88' title="bbox 1810 4275 3395 4346">
    <p class='ocr_par' dir='ltr' id='par_1_88' title="bbox 1810 4275 3395 4346">
     <span class='ocr_line' id='line_1_88' title="bbox 1810 4275 3395 4346; baseline 0.003 -16"><span class='ocrx_word' id='word_1_643' title='bbox 1810 4278 1874 4330; x_wconf 87' lang='lat' dir='ltr'><strong><em>de</em></strong></span> <span class='ocrx_word' id='word_1_644' title='bbox 1904 4279 2054 4330; x_wconf 86' lang='lat' dir='ltr'><strong><em>unico</em></strong></span> <span class='ocrx_word' id='word_1_645' title='bbox 2082 4275 2379 4346; x_wconf 66' lang='lat' dir='ltr'><strong><em>B.:ptisnzo,</em></strong></span> <span class='ocrx_word' id='word_1_646' title='bbox 2406 4288 2550 4332; x_wconf 83' lang='lat' dir='ltr'><strong><em>tonio</em></strong></span> <span class='ocrx_word' id='word_1_647' title='bbox 2572 4295 2737 4342; x_wconf 86' lang='lat' dir='ltr'><strong><em>nono;</em></strong></span> <span class='ocrx_word' id='word_1_648' title='bbox 2764 4280 2899 4334; x_wconf 89' lang='lat' dir='ltr'><strong>liber</strong></span> <span class='ocrx_word' id='word_1_649' title='bbox 2920 4282 2982 4333; x_wconf 86' lang='lat' dir='ltr'><strong><em>de</em></strong></span> <span class='ocrx_word' id='word_1_650' title='bbox 2998 4279 3179 4333; x_wconf 78' lang='lat' dir='ltr'><strong><em>Gratia</em></strong></span> <span class='ocrx_word' id='word_1_651' title='bbox 3202 4280 3395 4334; x_wconf 81' lang='lat' dir='ltr'><strong><em>Christi</em></strong></span> 
     </span>
    </p>
   </div>
   <div class='ocr_carea' id='block_1_89' title="bbox 1809 4366 3394 4439">
    <p class='ocr_par' dir='ltr' id='par_1_89' title="bbox 1809 4366 3394 4439">
     <span class='ocr_line' id='line_1_89' title="bbox 1809 4366 3394 4439; baseline 0.003 -19"><span class='ocrx_word' id='word_1_652' title='bbox 1809 4376 1862 4420; x_wconf 87' lang='lat' dir='ltr'><strong><em>et</em></strong></span> <span class='ocrx_word' id='word_1_653' title='bbox 1894 4367 2029 4422; x_wconf 89' lang='lat' dir='ltr'><strong>liber</strong></span> <span class='ocrx_word' id='word_1_654' title='bbox 2055 4369 2116 4418; x_wconf 86' lang='lat' dir='ltr'><strong><em>de</em></strong></span> <span class='ocrx_word' id='word_1_655' title='bbox 2142 4366 2364 4421; x_wconf 87' lang='lat' dir='ltr'><strong><em>Peccato</em></strong></span> <span class='ocrx_word' id='word_1_656' title='bbox 2395 4370 2665 4439; x_wconf 87' lang='lat' dir='ltr'><strong><em>originali,</em></strong></span> <span class='ocrx_word' id='word_1_657' title='bbox 2698 4371 2814 4424; x_wconf 91' lang='lat' dir='ltr'><strong>libri</strong></span> <span class='ocrx_word' id='word_1_658' title='bbox 2849 4371 2912 4424; x_wconf 92' lang='lat' dir='ltr'><strong><em>de</em></strong></span> <span class='ocrx_word' id='word_1_659' title='bbox 2944 4369 3159 4439; x_wconf 74' lang='lat' dir='ltr'><strong><em>Nuptiis</em></strong></span> <span class='ocrx_word' id='word_1_660' title='bbox 3187 4381 3230 4424; x_wconf 85' lang='lat' dir='ltr'><strong><em>et</em></strong></span> <span class='ocrx_word' id='word_1_661' title='bbox 3259 4371 3394 4432; x_wconf 49' lang='lat' dir='ltr'><strong><em>(Ione</em></strong></span> 
     </span>
    </p>
   </div>
   <div class='ocr_carea' id='block_1_90' title="bbox 1810 4459 3388 4528">
    <p class='ocr_par' dir='ltr' id='par_1_90' title="bbox 1810 4459 3388 4528">
     <span class='ocr_line' id='line_1_90' title="bbox 1810 4459 3388 4528; baseline 0.002 -18"><span class='ocrx_word' id='word_1_662' title='bbox 1810 4459 2118 4528; x_wconf 82' lang='lat' dir='ltr'><strong><em>cupiscentia</em></strong></span> <span class='ocrx_word' id='word_1_663' title='bbox 2144 4467 2198 4512; x_wconf 88' lang='lat' dir='ltr'><strong><em>et</em></strong></span> <span class='ocrx_word' id='word_1_664' title='bbox 2229 4459 2353 4512; x_wconf 88' lang='lat' dir='ltr'><strong>libri</strong></span> <span class='ocrx_word' id='word_1_665' title='bbox 2394 4475 2486 4514; x_wconf 89' lang='lat' dir='ltr'><strong><em>sex</em></strong></span> <span class='ocrx_word' id='word_1_666' title='bbox 2515 4471 2690 4513; x_wconf 90' lang='lat' dir='ltr'><strong><em>contra</em></strong></span> <span class='ocrx_word' id='word_1_667' title='bbox 2710 4459 2982 4514; x_wconf 77' lang='lat' dir='ltr'><strong><em>lulianum</em></strong></span> <span class='ocrx_word' id='word_1_668' title='bbox 3011 4473 3155 4516; x_wconf 86' lang='lat' dir='ltr'><strong><em>tomo</em></strong></span> <span class='ocrx_word' id='word_1_669' title='bbox 3173 4461 3388 4513; x_wconf 89' lang='lat' dir='ltr'><strong><em>decimo.</em></strong></span> 
     </span>
    </p>
   </div>
   <div class='ocr_carea' id='block_1_91' title="bbox 192 4528 3394 4629">
    <p class='ocr_par' dir='ltr' id='par_1_91' title="bbox 192 4528 3394 4629">
     <span class='ocr_line' id='line_1_91' title="bbox 192 4528 3394 4629; baseline 0 -27"><span class='ocrx_word' id='word_1_670' title='bbox 192 4549 555 4604; x_wconf 63' lang='lat' dir='ltr'><strong><em>Terrenum:</em></strong></span> <span class='ocrx_word' id='word_1_671' title='bbox 586 4528 902 4605; x_wconf 79' lang='lat' dir='ltr'><strong><em>bibliotheca:</em></strong></span> <span class='ocrx_word' id='word_1_672' title='bbox 924 4528 1157 4607; x_wconf 79' lang='lat' dir='ltr'><strong><em>codices.</em></strong></span> <span class='ocrx_word' id='word_1_673' title='bbox 1196 4553 1307 4607; x_wconf 90' lang='lat' dir='ltr'><strong><em>Duo</em></strong></span> <span class='ocrx_word' id='word_1_674' title='bbox 1338 4553 1448 4608; x_wconf 86' lang='lat' dir='ltr'><strong><em>lere</em></strong></span> <span class='ocrx_word' id='word_1_675' title='bbox 1479 4553 1702 4608; x_wconf 86' lang='lat' dir='ltr'><strong><em>laudan-</em></strong></span> <span class='ocrx_word' id='word_1_676' title='bbox 1731 4528 1780 4586; x_wconf 72' lang='grc' dir='ltr'><strong>θ</strong></span> <span class='ocrx_word' id='word_1_677' title='bbox 1882 4550 2283 4604; x_wconf 61' lang='grc' dir='ltr'><strong><em>νιδυοοικεηδιε</em></strong></span> <span class='ocrx_word' id='word_1_678' title='bbox 2312 4552 2530 4606; x_wconf 77' lang='lat' dir='ltr'><strong><em>abbatiw</em></strong></span> <span class='ocrx_word' id='word_1_679' title='bbox 2559 4554 2706 4608; x_wconf 84' lang='lat' dir='ltr'><strong>libri.</strong></span> <span class='ocrx_word' id='word_1_680' title='bbox 2741 4553 2887 4607; x_wconf 86' lang='lat' dir='ltr'><strong>Libri</strong></span> <span class='ocrx_word' id='word_1_681' title='bbox 2934 4553 3344 4622; x_wconf 83' lang='lat' dir='ltr'><strong><em>Soliloquiorum</em></strong></span> <span class='ocrx_word' id='word_1_682' title='bbox 3370 4590 3394 4629; x_wconf 28' lang='grc'><strong><em>,-</em></strong></span> 
     </span>
    </p>
   </div>
   <div class='ocr_carea' id='block_1_92' title="bbox 125 4639 1506 4711">
    <p class='ocr_par' dir='ltr' id='par_1_92' title="bbox 125 4639 1506 4711">
     <span class='ocr_line' id='line_1_92' title="bbox 125 4639 1506 4711; baseline 0.004 -21"><span class='ocrx_word' id='word_1_683' title='bbox 125 4648 214 4692; x_wconf 88' lang='lat' dir='ltr'><strong>tur</strong></span> <span class='ocrx_word' id='word_1_684' title='bbox 246 4639 295 4690; x_wconf 92' lang='lat' dir='ltr'><strong><em>in</em></strong></span> <span class='ocrx_word' id='word_1_685' title='bbox 327 4640 650 4695; x_wconf 83' lang='lat' dir='ltr'><strong><em>recensione</em></strong></span> <span class='ocrx_word' id='word_1_686' title='bbox 681 4639 1029 4709; x_wconf 83' lang='lat' dir='ltr'><strong><em>Epistolarum</em></strong></span> <span class='ocrx_word' id='word_1_687' title='bbox 1058 4642 1506 4711; x_wconf 78' lang='lat' dir='ltr'><strong><em>l‘reqttenIiSsime.</em></strong></span> 
     </span>
    </p>
   </div>
   <div class='ocr_carea' id='block_1_93' title="bbox 193 4727 1701 4797">
    <p class='ocr_par' dir='ltr' id='par_1_93' title="bbox 193 4727 1701 4797">
     <span class='ocr_line' id='line_1_93' title="bbox 193 4727 1701 4797; baseline 0.007 -19"><span class='ocrx_word' id='word_1_688' title='bbox 193 4727 336 4780; x_wconf 86' lang='lat' dir='ltr'><strong><em>Libri</em></strong></span> <span class='ocrx_word' id='word_1_689' title='bbox 358 4728 856 4797; x_wconf 61' lang='lat' dir='ltr'><strong><em>Tnzononteesses,</em></strong></span> <span class='ocrx_word' id='word_1_690' title='bbox 883 4731 916 4784; x_wconf 94' lang='lat' dir='ltr'><strong><em>i.</em></strong></span> <span class='ocrx_word' id='word_1_691' title='bbox 950 4747 999 4786; x_wconf 91' lang='lat' dir='ltr'><strong><em>e.</em></strong></span> <span class='ocrx_word' id='word_1_692' title='bbox 1033 4732 1254 4788; x_wconf 75' lang='lat' dir='ltr'><strong><em>abbatire</em></strong></span> <span class='ocrx_word' id='word_1_693' title='bbox 1292 4736 1352 4790; x_wconf 92' lang='lat' dir='ltr'><strong><em>S.</em></strong></span> <span class='ocrx_word' id='word_1_694' title='bbox 1395 4734 1701 4789; x_wconf 81' lang='lat' dir='ltr'><strong><em>Theoderici</em></strong></span> 
     </span>
    </p>
   </div>
   <div class='ocr_carea' id='block_1_94' title="bbox 119 4818 1700 4893">
    <p class='ocr_par' dir='ltr' id='par_1_94' title="bbox 119 4818 1700 4893">
     <span class='ocr_line' id='line_1_94' title="bbox 119 4818 1700 4893; baseline 0.007 -24"><span class='ocrx_word' id='word_1_695' title='bbox 119 4835 277 4888; x_wconf 82' lang='lat' dir='ltr'><strong><em>prape</em></strong></span> <span class='ocrx_word' id='word_1_696' title='bbox 299 4818 507 4876; x_wconf 48' lang='lat' dir='ltr'><strong><em>Remos.</em></strong></span> <span class='ocrx_word' id='word_1_697' title='bbox 537 4820 711 4875; x_wconf 88' lang='lat' dir='ltr'><strong><em>Unum</em></strong></span> <span class='ocrx_word' id='word_1_698' title='bbox 736 4823 1248 4892; x_wconf 86' lang='lat' dir='ltr'><strong><em>Theodoricensem,</em></strong></span> <span class='ocrx_word' id='word_1_699' title='bbox 1275 4827 1362 4893; x_wconf 88' lang='lat' dir='ltr'><strong><em>qui</em></strong></span> <span class='ocrx_word' id='word_1_700' title='bbox 1387 4829 1512 4880; x_wconf 84' lang='lat' dir='ltr'><strong><em>olim</em></strong></span> <span class='ocrx_word' id='word_1_701' title='bbox 1541 4828 1700 4880; x_wconf 85' lang='lat' dir='ltr'><strong><em>lliuc-</em></strong></span> 
     </span>
    </p>
   </div>
   <div class='ocr_carea' id='block_1_95' title="bbox 118 4910 1697 4977">
    <p class='ocr_par' dir='ltr' id='par_1_95' title="bbox 118 4910 1697 4977">
     <span class='ocr_line' id='line_1_95' title="bbox 118 4910 1697 4977; baseline 0.006 -16"><span class='ocrx_word' id='word_1_702' title='bbox 118 4911 254 4962; x_wconf 82' lang='lat' dir='ltr'><strong><em>mari</em></strong></span> <span class='ocrx_word' id='word_1_703' title='bbox 307 4910 592 4966; x_wconf 78' lang='lat' dir='ltr'><strong><em>Bernensis</em></strong></span> <span class='ocrx_word' id='word_1_704' title='bbox 640 4913 838 4977; x_wconf 78' lang='lat' dir='ltr'><strong><em>fuerit,</em></strong></span> <span class='ocrx_word' id='word_1_705' title='bbox 893 4914 1108 4968; x_wconf 84' lang='lat' dir='ltr'><strong>laudant</strong></span> <span class='ocrx_word' id='word_1_706' title='bbox 1157 4915 1222 4969; x_wconf 81' lang='lat' dir='ltr'><strong><em>ad</em></strong></span> <span class='ocrx_word' id='word_1_707' title='bbox 1275 4917 1697 4970; x_wconf 83' lang='lat' dir='ltr'><strong><em>Retractutioncs.</em></strong></span> 
     </span>
    </p>
   </div>
   <div class='ocr_carea' id='block_1_96' title="bbox 119 5002 1697 5073">
    <p class='ocr_par' dir='ltr' id='par_1_96' title="bbox 119 5002 1697 5073">
     <span class='ocr_line' id='line_1_96' title="bbox 119 5002 1697 5073; baseline 0.006 -21"><span class='ocrx_word' id='word_1_708' title='bbox 119 5002 314 5054; x_wconf 70' lang='lat' dir='ltr'><strong><em>Nescio</em></strong></span> <span class='ocrx_word' id='word_1_709' title='bbox 344 5018 410 5055; x_wconf 87' lang='lat' dir='ltr'><strong><em>an</em></strong></span> <span class='ocrx_word' id='word_1_710' title='bbox 446 5004 589 5058; x_wconf 90' lang='lat' dir='ltr'><strong><em>idem</em></strong></span> <span class='ocrx_word' id='word_1_711' title='bbox 640 5005 748 5069; x_wconf 86' lang='lat' dir='ltr'><strong><em>sit,</em></strong></span> <span class='ocrx_word' id='word_1_712' title='bbox 791 5005 942 5073; x_wconf 78' lang='lat' dir='ltr'><strong><em>cujus</em></strong></span> <span class='ocrx_word' id='word_1_713' title='bbox 979 5007 1142 5060; x_wconf 85' lang='lat' dir='ltr'><strong><em>etiam</em></strong></span> <span class='ocrx_word' id='word_1_714' title='bbox 1192 5005 1258 5060; x_wconf 85' lang='lat' dir='ltr'><strong><em>ad</em></strong></span> <span class='ocrx_word' id='word_1_715' title='bbox 1311 5007 1474 5061; x_wconf 87' lang='lat' dir='ltr'><strong><em>libros</em></strong></span> <span class='ocrx_word' id='word_1_716' title='bbox 1521 5020 1697 5061; x_wconf 87' lang='lat' dir='ltr'><strong><em>contra</em></strong></span> 
     </span>
    </p>
   </div>
   <div class='ocr_carea' id='block_1_97' title="bbox 118 5093 1696 5168">
    <p class='ocr_par' dir='ltr' id='par_1_97' title="bbox 118 5093 1696 5168">
     <span class='ocr_line' id='line_1_97' title="bbox 118 5093 1696 5168; baseline 0.006 -27"><span class='ocrx_word' id='word_1_717' title='bbox 118 5093 468 5160; x_wconf 72' lang='lat' dir='ltr'><strong><em>Academicos,</em></strong></span> <span class='ocrx_word' id='word_1_718' title='bbox 501 5095 564 5148; x_wconf 85' lang='lat' dir='ltr'><strong><em>de</em></strong></span> <span class='ocrx_word' id='word_1_719' title='bbox 589 5094 802 5158; x_wconf 86' lang='lat' dir='ltr'><strong><em>Ordine,</em></strong></span> <span class='ocrx_word' id='word_1_720' title='bbox 829 5095 892 5148; x_wconf 88' lang='lat' dir='ltr'><strong><em>de</em></strong></span> <span class='ocrx_word' id='word_1_721' title='bbox 920 5095 1105 5150; x_wconf 84' lang='lat' dir='ltr'><strong><em>Genesi</em></strong></span> <span class='ocrx_word' id='word_1_722' title='bbox 1127 5105 1302 5150; x_wconf 86' lang='lat' dir='ltr'><strong><em>contra</em></strong></span> <span class='ocrx_word' id='word_1_723' title='bbox 1327 5095 1696 5168; x_wconf 71' lang='lat' dir='ltr'><strong><em>Manio/terum,</em></strong></span> 
     </span>
    </p>
   </div>
   <div class='ocr_carea' id='block_1_98' title="bbox 118 5183 1699 5260">
    <p class='ocr_par' dir='ltr' id='par_1_98' title="bbox 118 5183 1699 5260">
     <span class='ocr_line' id='line_1_98' title="bbox 118 5183 1699 5260; baseline 0.006 -24"><span class='ocrx_word' id='word_1_724' title='bbox 118 5193 163 5236; x_wconf 85' lang='lat' dir='ltr'><strong><em>et</em></strong></span> <span class='ocrx_word' id='word_1_725' title='bbox 196 5183 264 5236; x_wconf 88' lang='lat' dir='ltr'><strong><em>de</em></strong></span> <span class='ocrx_word' id='word_1_726' title='bbox 297 5183 524 5238; x_wconf 70' lang='lat' dir='ltr'><strong><em>Moribus</em></strong></span> <span class='ocrx_word' id='word_1_727' title='bbox 556 5185 808 5241; x_wconf 79' lang='lat' dir='ltr'><strong><em>Ecclesia:</em></strong></span> <span class='ocrx_word' id='word_1_728' title='bbox 827 5188 1089 5242; x_wconf 81' lang='lat' dir='ltr'><strong><em>catholica:</em></strong></span> <span class='ocrx_word' id='word_1_729' title='bbox 1114 5199 1258 5243; x_wconf 87' lang='lat' dir='ltr'><strong><em>tomo</em></strong></span> <span class='ocrx_word' id='word_1_730' title='bbox 1281 5190 1445 5260; x_wconf 78' lang='lat' dir='ltr'><strong><em>prima</em></strong></span> <span class='ocrx_word' id='word_1_731' title='bbox 1470 5187 1525 5243; x_wconf 83' lang='lat' dir='ltr'><strong><em>lit</em></strong></span> <span class='ocrx_word' id='word_1_732' title='bbox 1550 5204 1699 5244; x_wconf 87' lang='lat' dir='ltr'><strong><em>tuen-</em></strong></span> 
     </span>
    </p>
   </div>
   <div class='ocr_carea' id='block_1_99' title="bbox 121 5272 1694 5347">
    <p class='ocr_par' dir='ltr' id='par_1_99' title="bbox 121 5272 1694 5347">
     <span class='ocr_line' id='line_1_99' title="bbox 121 5272 1694 5347; baseline 0.006 -24"><span class='ocrx_word' id='word_1_733' title='bbox 121 5273 205 5326; x_wconf 86' lang='lat' dir='ltr'><strong>tio.</strong></span> <span class='ocrx_word' id='word_1_734' title='bbox 243 5272 447 5328; x_wconf 83' lang='lat' dir='ltr'><strong><em>Passim</em></strong></span> <span class='ocrx_word' id='word_1_735' title='bbox 476 5275 678 5330; x_wconf 90' lang='lat' dir='ltr'><strong>dicitur</strong></span> <span class='ocrx_word' id='word_1_736' title='bbox 707 5277 912 5347; x_wconf 72' lang='lat' dir='ltr'><strong><em>aptium:</em></strong></span> <span class='ocrx_word' id='word_1_737' title='bbox 947 5287 1083 5330; x_wconf 77' lang='lat' dir='ltr'><strong><em>uotw</em></strong></span> <span class='ocrx_word' id='word_1_738' title='bbox 1106 5286 1159 5332; x_wconf 85' lang='lat' dir='ltr'><strong><em>et</em></strong></span> <span class='ocrx_word' id='word_1_739' title='bbox 1186 5279 1250 5331; x_wconf 85' lang='lat' dir='ltr'><strong><em>ad</em></strong></span> <span class='ocrx_word' id='word_1_740' title='bbox 1279 5280 1447 5333; x_wconf 78' lang='lat' dir='ltr'><strong>libros</strong></span> <span class='ocrx_word' id='word_1_741' title='bbox 1488 5278 1550 5332; x_wconf 86' lang='lat' dir='ltr'><strong><em>de</em></strong></span> <span class='ocrx_word' id='word_1_742' title='bbox 1595 5278 1694 5332; x_wconf 85' lang='lat' dir='ltr'><strong><em>0r-</em></strong></span> 
     </span>
    </p>
   </div>
   <div class='ocr_carea' id='block_1_100' title="bbox 121 5367 1687 5437">
    <p class='ocr_par' dir='ltr' id='par_1_100' title="bbox 121 5367 1687 5437">
     <span class='ocr_line' id='line_1_100' title="bbox 121 5367 1687 5437; baseline 0.006 -24"><span class='ocrx_word' id='word_1_743' title='bbox 121 5367 252 5427; x_wconf 84' lang='lat' dir='ltr'><strong><em>dine,</em></strong></span> <span class='ocrx_word' id='word_1_744' title='bbox 288 5377 659 5437; x_wconf 76' lang='lat' dir='ltr'><strong><em>nongentarum</em></strong></span> <span class='ocrx_word' id='word_1_745' title='bbox 688 5367 801 5422; x_wconf 79' lang='lat' dir='ltr'><strong><em>fere</em></strong></span> <span class='ocrx_word' id='word_1_746' title='bbox 831 5381 1114 5431; x_wconf 89' lang='lat' dir='ltr'><strong><em>annorum,</em></strong></span> <span class='ocrx_word' id='word_1_747' title='bbox 1139 5384 1258 5437; x_wconf 69' lang='lat' dir='ltr'><strong><em>quae</em></strong></span> <span class='ocrx_word' id='word_1_748' title='bbox 1284 5370 1544 5437; x_wconf 75' lang='lat' dir='ltr'><strong><em>temporis</em></strong></span> <span class='ocrx_word' id='word_1_749' title='bbox 1568 5384 1687 5423; x_wconf 74' lang='lat' dir='ltr'><strong><em>uoza</em></strong></span> 
     </span>
    </p>
   </div>
   <div class='ocr_carea' id='block_1_101' title="bbox 123 5454 1691 5516">
    <p class='ocr_par' dir='ltr' id='par_1_101' title="bbox 123 5454 1691 5516">
     <span class='ocr_line' id='line_1_101' title="bbox 123 5454 1691 5516; baseline 0.008 -12"><span class='ocrx_word' id='word_1_750' title='bbox 123 5454 164 5506; x_wconf 89' lang='lat' dir='ltr'><strong><em>in</em></strong></span> <span class='ocrx_word' id='word_1_751' title='bbox 185 5465 397 5510; x_wconf 63' lang='lat' dir='ltr'><strong><em>atatem</em></strong></span> <span class='ocrx_word' id='word_1_752' title='bbox 433 5457 706 5510; x_wconf 84' lang='lat' dir='ltr'><strong><em>lliucmari</em></strong></span> <span class='ocrx_word' id='word_1_753' title='bbox 738 5459 1012 5512; x_wconf 81' lang='lat' dir='ltr'><strong><em>convenit.</em></strong></span> <span class='ocrx_word' id='word_1_754' title='bbox 1041 5459 1120 5512; x_wconf 83' lang='lat' dir='ltr'><strong>Ad</strong></span> <span class='ocrx_word' id='word_1_755' title='bbox 1149 5459 1367 5513; x_wconf 87' lang='lat' dir='ltr'><strong><em>eosdem</em></strong></span> <span class='ocrx_word' id='word_1_756' title='bbox 1395 5463 1691 5516; x_wconf 73' lang='lat' dir='ltr'><strong><em>emendata:</em></strong></span> 
     </span>
    </p>
   </div>
   <div class='ocr_carea' id='block_1_102' title="bbox 122 5547 1686 5618">
    <p class='ocr_par' dir='ltr' id='par_1_102' title="bbox 122 5547 1686 5618">
     <span class='ocr_line' id='line_1_102' title="bbox 122 5547 1686 5618; baseline 0.006 -21"><span class='ocrx_word' id='word_1_757' title='bbox 122 5556 233 5600; x_wconf 71' lang='lat' dir='ltr'><strong><em>sunt</em></strong></span> <span class='ocrx_word' id='word_1_758' title='bbox 279 5547 547 5618; x_wconf 62' lang='lat' dir='ltr'><strong><em>Epistolas.</em></strong></span> <span class='ocrx_word' id='word_1_759' title='bbox 597 5550 1000 5605; x_wconf 86' lang='lat' dir='ltr'><strong><em>Vetustissimus</em></strong></span> <span class='ocrx_word' id='word_1_760' title='bbox 1049 5558 1104 5603; x_wconf 89' lang='lat' dir='ltr'><strong><em>et</em></strong></span> <span class='ocrx_word' id='word_1_761' title='bbox 1147 5551 1364 5617; x_wconf 61' lang='lat' dir='ltr'><strong><em>optimae</em></strong></span> <span class='ocrx_word' id='word_1_762' title='bbox 1408 5561 1544 5606; x_wconf 74' lang='lat' dir='ltr'><strong><em>nota:</em></strong></span> <span class='ocrx_word' id='word_1_763' title='bbox 1587 5568 1686 5606; x_wconf 91' lang='lat' dir='ltr'><strong><em>ms.</em></strong></span> 
     </span>
    </p>
   </div>
   <div class='ocr_carea' id='block_1_103' title="bbox 121 5642 1686 5713">
    <p class='ocr_par' dir='ltr' id='par_1_103' title="bbox 121 5642 1686 5713">
     <span class='ocr_line' id='line_1_103' title="bbox 121 5642 1686 5713; baseline 0.003 -21"><span class='ocrx_word' id='word_1_764' title='bbox 121 5644 302 5696; x_wconf 64' lang='lat' dir='ltr'><strong><em>citetur</em></strong></span> <span class='ocrx_word' id='word_1_765' title='bbox 323 5644 388 5698; x_wconf 79' lang='lat' dir='ltr'><strong><em>ad</em></strong></span> <span class='ocrx_word' id='word_1_766' title='bbox 422 5643 693 5696; x_wconf 85' lang='lat' dir='ltr'><strong><em>Tractatus</em></strong></span> <span class='ocrx_word' id='word_1_767' title='bbox 717 5644 768 5696; x_wconf 90' lang='lat' dir='ltr'><strong><em>in</em></strong></span> <span class='ocrx_word' id='word_1_768' title='bbox 799 5642 1082 5713; x_wconf 84' lang='lat' dir='ltr'><strong><em>Epistolam</em></strong></span> <span class='ocrx_word' id='word_1_769' title='bbox 1108 5642 1327 5696; x_wconf 81' lang='lat' dir='ltr'><strong><em>Joannis</em></strong></span> <span class='ocrx_word' id='word_1_770' title='bbox 1351 5651 1494 5697; x_wconf 80' lang='lat' dir='ltr'><strong><em>tonio</em></strong></span> <span class='ocrx_word' id='word_1_771' title='bbox 1519 5647 1686 5710; x_wconf 85' lang='lat' dir='ltr'><strong><em>tertio;</em></strong></span> 
     </span>
    </p>
   </div>
   <div class='ocr_carea' id='block_1_104' title="bbox 121 5730 1685 5815">
    <p class='ocr_par' dir='ltr' id='par_1_104' title="bbox 121 5730 1685 5815">
     <span class='ocr_line' id='line_1_104' title="bbox 121 5730 1685 5815; baseline 0.008 -34"><span class='ocrx_word' id='word_1_772' title='bbox 121 5730 157 5785; x_wconf 81' lang='lat' dir='ltr'><strong><em>in</em></strong></span> <span class='ocrx_word' id='word_1_773' title='bbox 194 5731 626 5790; x_wconf 81' lang='lat' dir='ltr'><strong><em>Ennrrationibus</em></strong></span> <span class='ocrx_word' id='word_1_774' title='bbox 668 5735 716 5786; x_wconf 90' lang='lat' dir='ltr'><strong><em>in</em></strong></span> <span class='ocrx_word' id='word_1_775' title='bbox 764 5733 996 5788; x_wconf 75' lang='lat' dir='ltr'><strong><em>Psahnos</em></strong></span> <span class='ocrx_word' id='word_1_776' title='bbox 1029 5741 1217 5815; x_wconf 24' lang='lat' dir='ltr'><strong><em>tamen.</em></strong></span> <span class='ocrx_word' id='word_1_777' title='bbox 1254 5735 1331 5789; x_wconf 81' lang='lat' dir='ltr'><strong><em>usi</em></strong></span> <span class='ocrx_word' id='word_1_778' title='bbox 1380 5744 1511 5812; x_wconf 80' lang='lat' dir='ltr'><strong><em>sunt</em></strong></span> <span class='ocrx_word' id='word_1_779' title='bbox 1537 5736 1685 5794; x_wconf 76' lang='lat' dir='ltr'><strong>libris</strong></span> 
     </span>
    </p>
   </div>
   <div class='ocr_carea' id='block_1_105' title="bbox 1807 4640 3387 4711">
    <p class='ocr_par' dir='ltr' id='par_1_105' title="bbox 1807 4640 3387 4711">
     <span class='ocr_line' id='line_1_105' title="bbox 1807 4640 3387 4711; baseline 0.002 -19"><span class='ocrx_word' id='word_1_780' title='bbox 1807 4642 1867 4694; x_wconf 88' lang='lat' dir='ltr'><strong><em>de</em></strong></span> <span class='ocrx_word' id='word_1_781' title='bbox 1899 4640 2293 4696; x_wconf 73' lang='lat' dir='ltr'><strong><em>Immortalitate</em></strong></span> <span class='ocrx_word' id='word_1_782' title='bbox 2317 4644 2531 4708; x_wconf 66' lang='lat' dir='ltr'><strong><em>animae,</em></strong></span> <span class='ocrx_word' id='word_1_783' title='bbox 2578 4644 2642 4697; x_wconf 84' lang='lat' dir='ltr'><strong><em>de</em></strong></span> <span class='ocrx_word' id='word_1_784' title='bbox 2677 4645 2981 4711; x_wconf 84' lang='lat' dir='ltr'><strong><em>Quantitate</em></strong></span> <span class='ocrx_word' id='word_1_785' title='bbox 3007 4645 3225 4704; x_wconf 69' lang='lat' dir='ltr'><strong><em>animat,</em></strong></span> <span class='ocrx_word' id='word_1_786' title='bbox 3259 4643 3387 4695; x_wconf 91' lang='lat' dir='ltr'><strong><em>tomi</em></strong></span> 
     </span>
    </p>
   </div>
   <div class='ocr_carea' id='block_1_106' title="bbox 1805 4732 3388 4805">
    <p class='ocr_par' dir='ltr' id='par_1_106' title="bbox 1805 4732 3388 4805">
     <span class='ocr_line' id='line_1_106' title="bbox 1805 4732 3388 4805; baseline 0.002 -22"><span class='ocrx_word' id='word_1_787' title='bbox 1805 4734 1959 4803; x_wconf 78' lang='lat' dir='ltr'><strong><em>primi</em></strong></span> <span class='ocrx_word' id='word_1_788' title='bbox 1989 4748 2053 4787; x_wconf 83' lang='lat' dir='ltr'><strong><em>ex</em></strong></span> <span class='ocrx_word' id='word_1_789' title='bbox 2085 4749 2190 4787; x_wconf 91' lang='lat' dir='ltr'><strong><em>uno</em></strong></span> <span class='ocrx_word' id='word_1_790' title='bbox 2216 4734 2460 4805; x_wconf 80' lang='lat' dir='ltr'><strong><em>castigati</em></strong></span> <span class='ocrx_word' id='word_1_791' title='bbox 2489 4745 2644 4798; x_wconf 87' lang='lat' dir='ltr'><strong><em>sunt;</em></strong></span> <span class='ocrx_word' id='word_1_792' title='bbox 2691 4737 2815 4790; x_wconf 88' lang='lat' dir='ltr'><strong><em>item</em></strong></span> <span class='ocrx_word' id='word_1_793' title='bbox 2851 4732 3101 4803; x_wconf 72' lang='lat' dir='ltr'><strong><em>Epistolte</em></strong></span> <span class='ocrx_word' id='word_1_794' title='bbox 3127 4742 3273 4785; x_wconf 83' lang='lat' dir='ltr'><strong><em>tutuo</em></strong></span> <span class='ocrx_word' id='word_1_795' title='bbox 3301 4749 3388 4786; x_wconf 82' lang='lat' dir='ltr'><strong><em>se-</em></strong></span> 
     </span>
    </p>
   </div>
   <div class='ocr_carea' id='block_1_107' title="bbox 1805 4823 3387 4894">
    <p class='ocr_par' dir='ltr' id='par_1_107' title="bbox 1805 4823 3387 4894">
     <span class='ocr_line' id='line_1_107' title="bbox 1805 4823 3387 4894; baseline 0.002 -18"><span class='ocrx_word' id='word_1_796' title='bbox 1805 4823 1991 4887; x_wconf 88' lang='lat' dir='ltr'><strong><em>cundo,</em></strong></span> <span class='ocrx_word' id='word_1_797' title='bbox 2024 4823 2395 4879; x_wconf 85' lang='lat' dir='ltr'><strong><em>Enarrationes</em></strong></span> <span class='ocrx_word' id='word_1_798' title='bbox 2416 4828 2468 4880; x_wconf 85' lang='lat' dir='ltr'><strong><em>in</em></strong></span> <span class='ocrx_word' id='word_1_799' title='bbox 2492 4826 2750 4887; x_wconf 81' lang='lat' dir='ltr'><strong><em>Psalmos,</em></strong></span> <span class='ocrx_word' id='word_1_800' title='bbox 2785 4832 2990 4894; x_wconf 71' lang='lat' dir='ltr'><strong><em>quarto,</em></strong></span> <span class='ocrx_word' id='word_1_801' title='bbox 3028 4831 3079 4877; x_wconf 88' lang='lat' dir='ltr'><strong><em>et</em></strong></span> <span class='ocrx_word' id='word_1_802' title='bbox 3112 4823 3387 4880; x_wconf 84' lang='lat' dir='ltr'><strong><em>Sermones</em></strong></span> 
     </span>
    </p>
   </div>
   <div class='ocr_carea' id='block_1_108' title="bbox 1806 4914 3392 4985">
    <p class='ocr_par' dir='ltr' id='par_1_108' title="bbox 1806 4914 3392 4985">
     <span class='ocr_line' id='line_1_108' title="bbox 1806 4914 3392 4985; baseline 0.002 -20"><span class='ocrx_word' id='word_1_803' title='bbox 1806 4921 1949 4966; x_wconf 90' lang='lat' dir='ltr'><strong><em>l0mo</em></strong></span> <span class='ocrx_word' id='word_1_804' title='bbox 1969 4915 2165 4981; x_wconf 87' lang='lat' dir='ltr'><strong><em>quinto.</em></strong></span> <span class='ocrx_word' id='word_1_805' title='bbox 2201 4915 2349 4970; x_wconf 85' lang='lat' dir='ltr'><strong><em>Unus</em></strong></span> <span class='ocrx_word' id='word_1_806' title='bbox 2375 4931 2593 4985; x_wconf 82' lang='lat' dir='ltr'><strong><em>qucque</em></strong></span> <span class='ocrx_word' id='word_1_807' title='bbox 2622 4914 2892 4966; x_wconf 83' lang='lat' dir='ltr'><strong><em>adhibitus</em></strong></span> <span class='ocrx_word' id='word_1_808' title='bbox 2922 4923 3006 4967; x_wconf 86' lang='lat' dir='ltr'><strong><em>est</em></strong></span> <span class='ocrx_word' id='word_1_809' title='bbox 3034 4915 3100 4968; x_wconf 89' lang='lat' dir='ltr'><strong><em>ad</em></strong></span> <span class='ocrx_word' id='word_1_810' title='bbox 3132 4915 3297 4970; x_wconf 89' lang='lat' dir='ltr'><strong><em>libros</em></strong></span> <span class='ocrx_word' id='word_1_811' title='bbox 3329 4918 3392 4969; x_wconf 76' lang='lat' dir='ltr'><strong><em>de</em></strong></span> 
     </span>
    </p>
   </div>
   <div class='ocr_carea' id='block_1_109' title="bbox 1805 5006 3400 5081">
    <p class='ocr_par' dir='ltr' id='par_1_109' title="bbox 1805 5006 3400 5081">
     <span class='ocr_line' id='line_1_109' title="bbox 1805 5006 3400 5081; baseline 0.003 -21"><span class='ocrx_word' id='word_1_812' title='bbox 1805 5008 2017 5060; x_wconf 76' lang='lat' dir='ltr'><strong><em>Civitate</em></strong></span> <span class='ocrx_word' id='word_1_813' title='bbox 2061 5007 2192 5074; x_wconf 88' lang='lat' dir='ltr'><strong><em>Dei,</em></strong></span> <span class='ocrx_word' id='word_1_814' title='bbox 2247 5019 2392 5061; x_wconf 90' lang='lat' dir='ltr'><strong><em>tomo</em></strong></span> <span class='ocrx_word' id='word_1_815' title='bbox 2438 5007 2675 5075; x_wconf 85' lang='lat' dir='ltr'><strong><em>septimo.</em></strong></span> <span class='ocrx_word' id='word_1_816' title='bbox 2730 5006 2785 5061; x_wconf 92' lang='lat' dir='ltr'><strong><em>ln</em></strong></span> <span class='ocrx_word' id='word_1_817' title='bbox 2840 5015 2983 5060; x_wconf 84' lang='lat' dir='ltr'><strong><em>tumo</em></strong></span> <span class='ocrx_word' id='word_1_818' title='bbox 3016 5011 3160 5062; x_wconf 91' lang='lat' dir='ltr'><strong><em>tertio</em></strong></span> <span class='ocrx_word' id='word_1_819' title='bbox 3202 5009 3400 5081; x_wconf 31' lang='lat' dir='ltr'><strong><em>collati.</em></strong></span> 
     </span>
    </p>
   </div>
   <div class='ocr_carea' id='block_1_110' title="bbox 1804 5095 3397 5169">
    <p class='ocr_par' dir='ltr' id='par_1_110' title="bbox 1804 5095 3397 5169">
     <span class='ocr_line' id='line_1_110' title="bbox 1804 5095 3397 5169; baseline 0.001 -17"><span class='ocrx_word' id='word_1_820' title='bbox 1804 5107 2071 5152; x_wconf 87' lang='lat' dir='ltr'><strong><em>suntcum</em></strong></span> <span class='ocrx_word' id='word_1_821' title='bbox 2113 5114 2216 5150; x_wconf 90' lang='lat' dir='ltr'><strong><em>uno</em></strong></span> <span class='ocrx_word' id='word_1_822' title='bbox 2260 5097 2383 5151; x_wconf 90' lang='lat' dir='ltr'><strong>libri</strong></span> <span class='ocrx_word' id='word_1_823' title='bbox 2416 5097 2478 5150; x_wconf 89' lang='lat' dir='ltr'><strong><em>de</em></strong></span> <span class='ocrx_word' id='word_1_824' title='bbox 2518 5095 2779 5152; x_wconf 85' lang='lat' dir='ltr'><strong><em>Consensu</em></strong></span> <span class='ocrx_word' id='word_1_825' title='bbox 2811 5097 3290 5169; x_wconf 82' lang='lat' dir='ltr'><strong><em>Evangelistarum,</em></strong></span> <span class='ocrx_word' id='word_1_826' title='bbox 3326 5100 3397 5154; x_wconf 80' lang='lat' dir='ltr'><strong><em>de.</em></strong></span> 
     </span>
    </p>
   </div>
   <div class='ocr_carea' id='block_1_111' title="bbox 1805 5187 3390 5268">
    <p class='ocr_par' dir='ltr' id='par_1_111' title="bbox 1805 5187 3390 5268">
     <span class='ocr_line' id='line_1_111' title="bbox 1805 5187 3390 5268; baseline 0 -27"><span class='ocrx_word' id='word_1_827' title='bbox 1805 5188 2053 5242; x_wconf 84' lang='lat' dir='ltr'><strong><em>Sermone</em></strong></span> <span class='ocrx_word' id='word_1_828' title='bbox 2080 5189 2133 5241; x_wconf 86' lang='lat' dir='ltr'><strong><em>in</em></strong></span> <span class='ocrx_word' id='word_1_829' title='bbox 2159 5197 2359 5255; x_wconf 80' lang='lat' dir='ltr'><strong><em>monte,</em></strong></span> <span class='ocrx_word' id='word_1_830' title='bbox 2409 5187 2683 5243; x_wconf 78' lang='lat' dir='ltr'><strong><em>Tractalus</em></strong></span> <span class='ocrx_word' id='word_1_831' title='bbox 2712 5191 2764 5243; x_wconf 89' lang='lat' dir='ltr'><strong><em>in</em></strong></span> <span class='ocrx_word' id='word_1_832' title='bbox 2808 5189 3096 5260; x_wconf 82' lang='lat' dir='ltr'><strong><em>Epistolam</em></strong></span> <span class='ocrx_word' id='word_1_833' title='bbox 3122 5189 3348 5244; x_wconf 78' lang='lat' dir='ltr'><strong><em>Joannis</em></strong></span> <span class='ocrx_word' id='word_1_834' title='bbox 3367 5230 3390 5268; x_wconf 34' lang='lat'><strong><em>,.</em></strong></span> 
     </span>
    </p>
   </div>
   <div class='ocr_carea' id='block_1_112' title="bbox 1801 5281 3388 5356">
    <p class='ocr_par' dir='ltr' id='par_1_112' title="bbox 1801 5281 3388 5356">
     <span class='ocr_line' id='line_1_112' title="bbox 1801 5281 3388 5356; baseline 0 -22"><span class='ocrx_word' id='word_1_835' title='bbox 1801 5295 1922 5334; x_wconf 90' lang='lat' dir='ltr'><strong><em>cum</em></strong></span> <span class='ocrx_word' id='word_1_836' title='bbox 1951 5281 2168 5345; x_wconf 86' lang='lat' dir='ltr'><strong><em>duobus,</em></strong></span> <span class='ocrx_word' id='word_1_837' title='bbox 2197 5281 2469 5337; x_wconf 66' lang='lat' dir='ltr'><strong><em>Tractatu‘s</em></strong></span> <span class='ocrx_word' id='word_1_838' title='bbox 2500 5285 2550 5336; x_wconf 87' lang='lat' dir='ltr'><strong><em>in</em></strong></span> <span class='ocrx_word' id='word_1_839' title='bbox 2586 5283 2916 5356; x_wconf 79' lang='lat' dir='ltr'><strong><em>Et&#39;angelium</em></strong></span> <span class='ocrx_word' id='word_1_840' title='bbox 2943 5285 3196 5347; x_wconf 81' lang='lat' dir='ltr'><strong><em>Joannis;</em></strong></span> <span class='ocrx_word' id='word_1_841' title='bbox 3235 5295 3388 5352; x_wconf 59' lang='lat' dir='ltr'><strong><em>tumo,</em></strong></span> 
     </span>
    </p>
   </div>
   <div class='ocr_carea' id='block_1_113' title="bbox 1798 5373 3390 5448">
    <p class='ocr_par' dir='ltr' id='par_1_113' title="bbox 1798 5373 3390 5448">
     <span class='ocr_line' id='line_1_113' title="bbox 1798 5373 3390 5448; baseline -0.001 -22"><span class='ocrx_word' id='word_1_842' title='bbox 1798 5384 1942 5428; x_wconf 76' lang='lat' dir='ltr'><strong><em>sexto</em></strong></span> <span class='ocrx_word' id='word_1_843' title='bbox 1971 5373 2089 5426; x_wconf 88' lang='lat' dir='ltr'><strong>libri</strong></span> <span class='ocrx_word' id='word_1_844' title='bbox 2119 5375 2181 5427; x_wconf 90' lang='lat' dir='ltr'><strong><em>de</em></strong></span> <span class='ocrx_word' id='word_1_845' title='bbox 2211 5374 2387 5444; x_wconf 79' lang='lat' dir='ltr'><strong><em>Agaue</em></strong></span> <span class='ocrx_word' id='word_1_846' title='bbox 2429 5375 2721 5430; x_wconf 85' lang='lat' dir='ltr'><strong><em>Christiano</em></strong></span> <span class='ocrx_word' id='word_1_847' title='bbox 2750 5388 2798 5430; x_wconf 88' lang='lat' dir='ltr'><strong><em>et</em></strong></span> <span class='ocrx_word' id='word_1_848' title='bbox 2824 5377 2886 5429; x_wconf 86' lang='lat' dir='ltr'><strong><em>de</em></strong></span> <span class='ocrx_word' id='word_1_849' title='bbox 2920 5376 3171 5429; x_wconf 82' lang='lat' dir='ltr'><strong><em>Patientia</em></strong></span> <span class='ocrx_word' id='word_1_850' title='bbox 3184 5392 3209 5439; x_wconf 60' lang='lat' dir='ltr'><strong><em>,r</em></strong></span> <span class='ocrx_word' id='word_1_851' title='bbox 3234 5384 3390 5448; x_wconf 45' lang='grc' dir='ltr'><strong><em>ιυιηι)ἧ</em></strong></span> 
     </span>
    </p>
   </div>
   <div class='ocr_carea' id='block_1_114' title="bbox 1797 5464 3065 5521">
    <p class='ocr_par' dir='ltr' id='par_1_114' title="bbox 1797 5464 3065 5521">
     <span class='ocr_line' id='line_1_114' title="bbox 1797 5464 3065 5521; baseline 0.002 -3"><span class='ocrx_word' id='word_1_852' title='bbox 1797 5475 1974 5518; x_wconf 86' lang='lat' dir='ltr'><strong><em>octavo</em></strong></span> <span class='ocrx_word' id='word_1_853' title='bbox 1997 5464 2116 5518; x_wconf 88' lang='lat' dir='ltr'><strong>libri</strong></span> <span class='ocrx_word' id='word_1_854' title='bbox 2150 5474 2328 5519; x_wconf 85' lang='lat' dir='ltr'><strong><em>contra</em></strong></span> <span class='ocrx_word' id='word_1_855' title='bbox 2360 5466 2610 5521; x_wconf 82' lang='lat' dir='ltr'><strong><em>Faustum</em></strong></span> <span class='ocrx_word' id='word_1_856' title='bbox 2633 5479 2684 5521; x_wconf 91' lang='lat' dir='ltr'><strong><em>et</em></strong></span> <span class='ocrx_word' id='word_1_857' title='bbox 2714 5470 2775 5520; x_wconf 91' lang='lat' dir='ltr'><strong><em>de</em></strong></span> <span class='ocrx_word' id='word_1_858' title='bbox 2796 5467 3065 5521; x_wconf 86' lang='lat' dir='ltr'><strong><em>Trinitate.</em></strong></span> 
     </span>
    </p>
   </div>
   <div class='ocr_carea' id='block_1_115' title="bbox 1870 5555 2768 5628">
    <p class='ocr_par' dir='ltr' id='par_1_115' title="bbox 1870 5555 2768 5628">
     <span class='ocr_line' id='line_1_115' title="bbox 1870 5555 2768 5628; baseline 0 -16"><span class='ocrx_word' id='word_1_859' title='bbox 1870 5555 2187 5628; x_wconf 74' lang='lat' dir='ltr'><strong><em>Urtcensts,</em></strong></span> <span class='ocrx_word' id='word_1_860' title='bbox 2211 5558 2316 5612; x_wconf 77' lang='lat' dir='ltr'><strong><em>rid.</em></strong></span> <span class='ocrx_word' id='word_1_861' title='bbox 2353 5561 2768 5615; x_wconf 62' lang='lat' dir='ltr'><strong><em>Enouwuexqs.</em></strong></span> 
     </span>
    </p>
   </div>
   <div class='ocr_carea' id='block_1_116' title="bbox 2475 5659 2686 5719">
    <p class='ocr_par' dir='ltr' id='par_1_116' title="bbox 2475 5659 2686 5719">
     <span class='ocr_line' id='line_1_116' title="bbox 2475 5659 2686 5719; baseline -0.019 -10"><span class='ocrx_word' id='word_1_862' title='bbox 2475 5661 2525 5719; x_wconf 74' lang='lat' dir='ltr'><strong><em>lt)</em></strong></span> <span class='ocrx_word' id='word_1_863' title='bbox 2563 5659 2686 5708; x_wconf 79' lang='lat' dir='ltr'><strong>Itali.</strong></span> 
     </span>
    </p>
   </div>
   <div class='ocr_carea' id='block_1_117' title="bbox 1867 5740 3368 5815">
    <p class='ocr_par' dir='ltr' id='par_1_117' title="bbox 1867 5740 3368 5815">
     <span class='ocr_line' id='line_1_117' title="bbox 1867 5740 3368 5815; baseline -0.001 -17"><span class='ocrx_word' id='word_1_864' title='bbox 1867 5742 2152 5815; x_wconf 70' lang='lat' dir='ltr'><strong><em>VATICANI,</em></strong></span> <span class='ocrx_word' id='word_1_865' title='bbox 2209 5753 2436 5814; x_wconf 78' lang='lat' dir='ltr'><strong>quorum</strong></span> <span class='ocrx_word' id='word_1_866' title='bbox 2497 5741 2701 5798; x_wconf 86' lang='lat' dir='ltr'><strong><em>scilicet</em></strong></span> <span class='ocrx_word' id='word_1_867' title='bbox 2761 5740 3025 5798; x_wconf 80' lang='lat' dir='ltr'><strong><em>variantes</em></strong></span> <span class='ocrx_word' id='word_1_868' title='bbox 3076 5740 3368 5815; x_wconf 59' lang='lat' dir='ltr'><strong><em>lectiones,</em></strong></span> 
     </span>
    </p>
   </div>
  </div>
