3882 6308
462 317 565 373 Hi

1333 303 1898 375 SUPPmeNTUM
1939 301 2030 355 AD
2069 297 2295 353 OPERA
2335 299 2393 353 S.
2433 297 2822 354 AUGUSTINI.

3595 305 3678 358 ιξι

464 428 707 482 collectae
729 425 855 480 olim
882 439 974 491 per
1005 421 1235 475 selectos
1266 416 1430 481 siros,
1463 406 1554 485 qui
1592 421 1716 482 post
1742 412 2046 466 Lovanien-
2072 410 2122 467 Α
2148 404 2528 474 Confessiones,
2561 404 2766 460 scilicet
2797 422 2926 460 unus
2971 406 3170 462 Bodlei.
3202 416 3254 462 et
3280 406 3444 465 Laud.
3474 416 3524 461 ct
3550 407 3682 462 bit-rt.

466 536 580 575 sem
610 519 901 574 editionem
931 514 1106 568 denuo
1131 507 1462 577 castigandis
1500 509 1559 562 S.
1595 504 1880 574 Augustini
1910 517 2040 570 ope-

468 611 616 666 ribus
635 608 953 663 auctoritate
982 603 1274 658 Clementis
1311 597 1422 653 Vlll
1465 596 1878 660 incumbebant,
1920 607 2041 648 cum

470 698 835 756 lienediclinis
865 694 1272 750 communicata:
1303 691 1566 748 luerant.,

542 791 849 850 Generatim
877 789 940 842 ad
969 789 1141 859 plures
1170 800 1358 845 eorum
1403 781 1690 850 recognitio
1739 785 1865 833 sunt
1914 775 2041 846 Epi-

468 887 642 950 stolas;
669 884 890 952 quinque
919 880 1142 934 adhibiti
1173 878 1373 931 suntin
1403 875 1554 929 libris
1575 871 1639 924 de
1664 869 1881 924 Cirilale
1911 868 2072 934 Dei,‘

471 993 601 1032 unus
643 975 698 1028 in
747 969 1178 1026 Enarrulionfbus
1221 969 1274 1019 in
1326 964 1563 1018 Psalmos
1593 962 1662 1014 ad
1695 960 1888 1028 priores
1917 974 2045 1027 qua-

473 1067 712 1136 draginta
742 1079 918 1118 norem
951 1061 1207 1115 Psalmm.
1242 1055 1474 1119 Deinde,
1514 1066 1624 1106 uno
1647 1059 1893 1118 excepto,
1927 1063 2044 1102 om-

470 1175 566 1216 nes
594 1157 722 1212 tomi
774 1155 925 1228 primi
968 1153 1089 1206 libri
1129 1164 1250 1204 cum
1294 1146 1550 1202 Vaticano
1593 1143 1772 1212 aliquo
1827 1139 2045 1202 codice,

476 1248 676 1318 Regula
698 1249 766 1298 ad
786 1259 953 1298 servos
987 1240 1078 1293 Dei
1107 1239 1266 1293 etiam
1299 1250 1420 1292 cum
1449 1233 1667 1296 duobus,
1693 1230 1870 1285 collati
1901 1237 2046 1283 sunt.

474 1317 736 1393 Similiter
765 1333 819 1386 in
851 1332 1002 1385 tertio
1029 1339 1172 1382 torno
1201 1329 1290 1380 vix
1320 1333 1430 1378 tres
1459 1322 1818 1390 reperiantur,
1860 1319 1950 1387 qui
1979 1317 2048 1372 ad

474 1428 640 1478 hosce
671 1423 887 1477 Codices
919 1435 1026 1472 non
1059 1417 1257 1471 fuerint
1297 1413 1600 1475 emendati;
1651 1411 1771 1464 libri
1819 1410 1880 1461 de
1924 1409 2050 1463 Ser-

474 1531 624 1568 mone
648 1514 703 1567 in
733 1521 897 1566 monte
928 1509 993 1563 ad
1025 1508 1191 1573 duos;
1223 1506 1343 1570 libri
1387 1508 1449 1556 de
1489 1503 1745 1558 Conseusu
1778 1500 2075 1569 Erangcli--

472 1613 671 1657 starum
700 1594 1038 1669 ad'quatuor.
1080 1597 1134 1651 In
1167 1606 1306 1651 sexto
1339 1593 1521 1657 itidem
1561 1591 1718 1644 modo
1757 1590 1892 1656 duo,
1938 1588 2051 1657 ple-

473 1707 699 1762 rumque
721 1702 841 1757 tres,
865 1690 946 1746 vel
975 1689 1134 1755 etiam
1157 1696 1396 1754 quatuor,
1424 1683 1586 1748 immo
1605 1682 1826 1752 quinque
1857 1688 2073 1748 pra-sto

477 1783 708 1836 fuerunt.
745 1781 1003 1844 Similiter
1031 1779 1082 1832 in
1116 1786 1261 1835 tome
1308 1785 1484 1828 octavo
1529 1772 1637 1828 duo
1684 1769 2052 1836 tantummodo
2084 1774 2130 1832 Β

479 1873 601 1928 libri
632 1881 788 1933 sunt,
816 1871 1010 1939 quibus
1038 1884 1141 1932 non
1173 1865 1358 1930 aiisilii
1399 1863 1596 1932 aliquid
1625 1879 1693 1919 ex
1725 1863 1789 1914 iis
1811 1876 2054 1915 accesse-

482 1963 571 2027 rit,
601 1977 721 2018 cum
749 1961 868 2014 aiiis
891 1959 994 2012 duo
1015 1999 1029 2022 ,
1059 1958 1176 2010 aliis
1203 1965 1443 2026 quatuor,
1474 1954 1723 2022 quinque,
1747 1967 1866 2016 sex,
1898 1962 1948 2002 ut
1986 1951 2050 2003 li-

483 2054 591 2106 bris
621 2063 802 2105 contra
841 2048 1124 2113 Faustum;
1159 2045 1288 2116 quin
1325 2044 1476 2097 libris
1515 2043 1577 2095 de
1605 2041 1870 2107 'I'riuitate,
1898 2039 2060 2104 unde:

481 2144 578 2196 rint
606 2143 740 2196 adeo
773 2139 1105 2208 exemplaria
1137 2135 1375 2190 adhibita
1405 2148 1524 2188 esse
1555 2139 1795 2186 notatum
1829 2131 2058 2198 relique—

485 2245 629 2290 runt.
682 2233 905 2288 Parcius
951 2229 1272 2298 profuerunt
1317 2237 1460 2282 tomo
1504 2241 1639 2280 nouo
1675 2240 1692 2276 :
1723 2223 1918 2292 quippe
1957 2221 2057 2274 duo

483 2335 691 2380 tantum
717 2325 973 2392 juvarunt
1002 2322 1167 2375 libros
1195 2329 1378 2374 contra
1413 2317 1694 2387 Epislolttm
1732 2314 2056 2366 Parmenioni

485 2429 538 2472 et
559 2418 714 2471 libras
746 2415 854 2468 VII
891 2414 953 2466 de
982 2413 1276 2479 Baptismo,
1310 2427 1441 2463 unus
1479 2410 1708 2464 collatus
1738 2414 1819 2460 cst
1847 2422 1965 2459 cum
1997 2405 2056 2468 li-

491 2510 587 2560 bro
623 2507 687 2559 de
729 2504 891 2560 Unico
917 2503 1201 2572 Baptismo.
1235 2501 1341 2556 Sed
1376 2501 1426 2554 in
1455 2501 1678 2564 decimo,
1709 2498 1752 2551 si
1779 2498 1883 2551 duo
1909 2498 2058 2562 dem-

488 2599 682 2667 pseris,
708 2597 902 2666 singuli
945 2595 1011 2649 ad
1045 2595 1212 2649 libros
1243 2593 1527 2650 Vaticanus
1553 2607 1658 2646 non
1691 2605 1813 2645 raro
1842 2601 2066 2660 quanto}:

489 2699 581 2743 aut
600 2691 826 2759 quinque
853 2696 978 2742 sunt
1008 2686 1292 2756 recogniti.

557 2781 1024 2843 CuntsrtAMIANt,
1053 2793 1187 2846 quos
1225 2786 1416 2831 vocant
1465 2777 1702 2839 codices,
1755 2774 1790 2828 i.
1841 2788 1890 2829 c.
1939 2789 2062 2830 mss.

490 2872 766 2927 Cltristinte
793 2873 980 2938 reg'nte
1009 2869 1316 2931 Succorum,
1348 2868 1573 2920 fortasse
1593 2865 1860 2916 Vaticanis
1882 2877 2067 2914 accen-

489 2961 643 3021 Beudi
680 2970 822 3014 sunt.
859 2957 986 3030 Nam
1019 2957 1062 3009 si
1099 2964 1208 3008 tum
1251 2953 1488 3007 nondum
1539 2951 1602 3003 ad
1647 2951 1952 3006 Vaticanum
1987 2947 2066 2999 bi-

491 3052 817 3105 bliomecam
842 3044 1204 3114 pertinebant,
1231 3051 1377 3094 certe
1401 3038 1733 3108 postmodum
1761 3037 1890 3090 illati
1917 3046 2062 3088 snzsl.

2147 497 2282 562 duo;
2311 496 2547 566 quinque
2571 497 2637 550 ad
2665 498 2826 551 libros
2858 496 3292 565 Soliloquiorum,
3341 510 3532 566 nempe
3575 513 3687 550 unus

2148 589 2326 652 Bodl.,
2359 589 2460 642 duo
2479 589 2642 644 'Mert.
2677 599 2728 642 et
2746 574 2967 642 totidem
2992 587 3144 644 Cant.

2217 683 2344 736 lite:
2385 683 2451 737 de
2495 682 2772 737 codicibus
2800 697 2862 735 ex
2895 679 2958 734 iis
2990 681 3284 741 indicibus,
3318 693 3452 748 quos
3480 678 3689 746 singulo-

2147 790 2265 829 rum
2299 775 2554 829 librorum
2589 773 2906 830 lectionibus
2935 772 3362 839 discrepantibus
3407 769 3470 823 ad
3517 771 3690 824 calcem

2148 869 2500 936 genuinorum
2550 867 2872 933 scriptorum
2921 865 3180 933 cujusque
3231 865 3357 916 tomi
3390 861 3714 916 Benedictini.

2148 957 2250 1010 PP.
2283 957 2621 1025 adjecerunt.
2657 955 2804 1008 Alios
2828 967 3047 1022 paucos,
3071 968 3205 1022 quos
3227 953 3497 1006 interdum
3519 951 3568 1004 in
3589 951 3698 1019 ipsis

2150 1046 2348 1100 notulis
2377 1045 2542 1099 textui
2569 1044 2870 1113 subjunctis
2892 1052 2982 1096 aut
3023 1043 3074 1098 in
3107 1043 3373 1112 farragine
3400 1042 3698 1095 variantium

2149 1135 2396 1200 laudant,
2433 1135 2556 1189 inde
2585 1147 2878 1203 excerpere
2917 1148 3021 1188 non
3050 1145 3224 1188 vacat.
3255 1135 3447 1202 Opera:
3487 1147 3608 1188 vero
3647 1134 3702 1192 sit

2150 1232 2418 1297 impressas
2449 1227 2609 1282 etiam
2639 1227 2853 1281 codices
2874 1228 3186 1296 antiquiores
3200 1225 3348 1291 lere,
3371 1239 3514 1295 quos
3541 1225 3587 1279 in
3608 1226 3719 1280 siu-‘

2151 1318 2288 1386 gulis
2316 1318 2468 1372 libris
2493 1317 2822 1386 castigandis
2860 1317 3228 1382 adhibuerim,
3275 1316 3626 1386 consignare.
3667 1316 3706 1368 si

2151 1408 2363 1480 quidem
2396 1409 2448 1463 hi
2478 1410 2578 1474 ipsi
2612 1425 2742 1464 mss.
2777 1411 2946 1462 instar
2970 1409 3223 1465 censendi
3259 1417 3416 1473 sunt,
3444 1421 3583 1477 quos
3610 1407 3736 1461 illo-.

2152 1515 2268 1554 rum
2308 1508 2608 1565 temporum
2657 1499 2894 1565 incuria,
2952 1499 3112 1564 modo
3158 1501 3326 1557 semel
3372 1497 3709 1568 impritneudo

2153 1593 2301 1659 Operi
2351 1601 2660 1658 vacassent,
2715 1594 2862 1663 parvi
2913 1592 3143 1648 ducebat
3189 1603 3242 1648 et
3287 1593 3433 1647 nulla
3475 1592 3710 1647 memoria

2154 1683 2370 1752 dignos.

2225 1773 2389 1844 Igitur
2416 1773 2468 1828 in
2500 1775 2665 1841 primo
2689 1783 2832 1830 tome
2855 1775 2927 1837 ad
2950 1776 3112 1831 libro<
3140 1776 3586 1830 Retrartationnm
3609 1769 3716 1830 sub-
3751 1797 3756 1802 ο

2155 1864 2292 1918 sidio
2344 1866 2560 1920 fuerunt
2609 1868 2774 1921 editio
2841 1869 3268 1923 Amerbachiana
3331 1871 3413 1938 (a.
3467 1869 3634 1938 1595)
3676 1879 3742 1921 ειι

2158 1958 2328 2022 prima
2376 1957 2617 2020 Erasmi;
2651 1958 2715 2012 ad
2747 1957 3101 2027 Confessioncs
3151 1967 3345 2024 prwter
3375 1961 3594 2014 easdem
3636 1957 3722 2010 Ba-

2158 2047 2313 2102 diana
2337 2087 2349 2108 ,
2383 2064 2490 2116 quo
2513 2051 2732 2104 nomine
2760 2050 2846 2103 illa
2878 2052 3134 2119 epuscula
3166 2051 3473 2118 appellant,
3503 2063 3622 2117 qua:
3645 2046 3724 2101 ,ιυ-

2159 2135 2326 2200 dovus
2355 2137 2550 2191 Badius
2592 2155 2643 2194 a.
2697 2140 2835 2196 15ῗο
2865 2156 2957 2207 per
2985 2140 3242 2199 Joannem
3275 2140 3504 2194 Parvum
3549 2135 3724 2192 excudi

2159 2228 2384 2292 curavit,
2417 2236 2471 2282 et
2498 2229 3034 2299 Arnaldinaivcrsio
3055 2231 3096 2297 ),
3122 2245 3240 2296 qua:
3273 2243 3324 2281 a.
3359 2228 3496 2282 1619
3521 2227 3588 2281 ad
3612 2227 3728 2278 duo-

2160 2317 2321 2370 decim
2351 2331 2478 2370 mss.
2503 2319 2716 2372 codices
2748 2321 3022 2386 recognita
3055 2317 3269 2384 prodiit.
3303 2317 3386 2372 Ad
3430 2317 3750 2385 superiores
3838 2317 3839 2386 ξ

2164 2415 2275 2469 tres
2301 2421 2462 2476 porro
2494 2408 2753 2475 recogniti
2783 2417 2906 2470 sunt
2931 2408 3048 2460 Ηλνί
3081 2417 3258 2468 contra
3287 2408 3622 2461 Academicos
3641 2449 3655 2468 ,
3685 2406 3736 2458 de

2164 2501 2307 2554 beata
2340 2499 2478 2566 Vita,
2508 2501 2571 2553 de
2610 2500 2835 2566 Ordine,
2884 2502 2944 2552 de
2983 2499 3380 2551 Immortalirate
3419 2500 3638 2562 animat,
3686 2498 3756 2554 de.
3838 2493 3839 2552 ἲ

2165 2589 2448 2662 Magistro;
2481 2591 2546 2644 ad
2590 2591 2730 2644 solas
2758 2590 2888 2650 Bad.
2913 2599 2965 2643 ut
2996 2591 3204 2642 Erasm.
3243 2588 3374 2642 libri
3419 2588 3739 2656 Soliloquio-

2163 2699 2311 2746 rum,
2345 2681 2405 2734 de
2433 2682 2733 2748 Quantitate
2758 2682 2941 2732 animos
2967 2719 2979 2738 ,
3029 2681 3088 2730 de
3136 2681 3294 2732 libero
3339 2678 3573 2731 Arbitrio
3624 2695 3643 2733 :
3681 2678 3741 2738 ad

2171 2775 2324 2848 Had,
2361 2773 2570 2845 Erasm.
2605 2771 2905 2838 etArnald.
2946 2768 3337 2834 recentiorem,
3378 2767 3501 2820 libri
3537 2769 3606 2821 de
3636 2767 3737 2823 Μο-

2168 2869 2308 2918 ribns
2343 2865 2588 2918 Ecclesia
2609 2862 2883 2915 catholica:
2903 2905 2916 2928 ,
2952 2862 3014 2913 de
3044 2859 3279 2923 Moribus
3303 2857 3746 2920 Manio/imorum,

2168 2960 2375 3014 devora
2406 2950 2705 3020 Religione;
2732 2950 2796 3002 ad
2826 2949 3043 3002 Amerb.
3070 2959 3122 3002 et
3150 2949 3355 3001 Evasm.
3391 2948 3518 3001 libri
3544 2950 3606 3004 de
3637 2949 3736 3000 Mu-

2167 3041 2295 3108 sica,
2329 3041 2389 3093 de
2402 3038 2588 3094 Genesi
2615 3051 2802 3106 contra,
2823 3038 3157 3106 Manis/iterm,
3187 3049 3236 3094 cl
3263 3039 3461 3109 Regula
3491 3041 3564 3091 ml
3587 3054 3751 3101 sertos

495 3140 601 3193 Sed
638 3140 739 3191 hoc
779 3145 926 3204 praet.
950 3149 1036 3186 τοι
1071 3133 1295 3192 interest
1324 3131 1463 3184 inter
1488 3143 1580 3184 eos
1607 3139 1659 3182 et
1693 3129 1925 3196 reliquos
1953 3127 2060 3179 dis-
2093 3127 2137 3186 C
2173 3131 2288 3204 Dei.

492 3228 762 3293 Ctltllinis,
812 3225 956 3292 quod
1011 3223 1287 3288 Vaticani,
1339 3236 1473 3290 unus
1521 3220 1794 3290 appellant
1843 3219 2080 3273 Maurini.

494 3317 685 3372 Palles
717 3326 928 3368 centum
957 3325 1006 3380 et
1037 3311 1177 3380 quod
1209 3312 1452 3365 excurrit
1476 3325 1646 3364 annos
1669 3309 1770 3362 coll
1793 3311 1845 3360 Ili
1866 3317 2066 3371 essent,

493 3407 547 3458 1ιὶ
577 3419 719 3459 nunc
746 3404 960 3458 demum
991 3412 1065 3465 et,
1109 3411 1166 3455 ut
1195 3401 1328 3456 mihi
1353 3400 1570 3471 quidem
1594 3399 1826 3461 videtur,
1853 3399 1920 3452 ab
1943 3398 2072 3467 ipsis

498 3497 599 3561 l'l’.
629 3495 798 3550 oculis
819 3495 1059 3564 usurpati
1094 3501 1236 3554 sunt.
1268 3492 1508 3546 Laudant
1535 3502 1712 3545 autem
1745 3505 1898 3542 unum
1928 3499 2074 3544 tonio

496 3591 662 3659 primo
701 3586 768 3640 ad
814 3586 1010 3640 librum
1057 3585 1118 3640 de
1164 3583 1400 3638 Moribus
1446 3581 1883 3646 Manis/tceorum,
1916 3596 2072 3650 quem

497 3680 727 3732 fortasse
765 3693 867 3732 una
913 3691 1032 3730 cum
1082 3681 1235 3744 parte
1278 3672 1680 3743 Enarrationum
1724 3673 1776 3727 in
1833 3670 2073 3724 Psalmos

497 3769 981 3837 complectebatur.
1014 3764 1146 3818 Nam
1177 3763 1245 3816 ad
1291 3763 1395 3822 hoc
1439 3775 1574 3830 opus
1615 3772 1809 3829 praesto
1860 3761 2076 3815 fuerunt

498 3862 629 3921 duo,
673 3873 840 3917 unus,
892 3857 982 3923 qui
1017 3853 1401 3924 septemdecim
1433 3868 1495 3906 ex
1529 3853 1794 3923 prioribus
1821 3854 2074 3922 psalmis,

501 3961 694 4014 nempe
737 3945 1030 3999 XXXIV-1.
1077 3962 1088 3995 ε
1137 3945 1296 4010 alter,
1347 3944 1436 4012 qui
1485 3945 1811 4013 pOSteriorcs
1863 3947 2076 4016 triginta

500 4038 637 4091 duos
657 4034 972 4103 exhibebat,
1003 4050 1030 4086 a
1062 4033 1227 4088 CXIX
1248 4033 1313 4088 ad
1341 4033 1447 4088 CL.

517 4187 521 4190 ι
573 4125 826 4178 Ronanos
856 4124 1018 4178 codex
1049 4124 1170 4178 libri
1200 4124 1482 4196 Augustini
1522 4125 1585 4177 de
1631 4123 1794 4179 (ἔδειξε
1845 4125 2076 4196 Pelagii,

501 4216 656 4282 cujus
687 4214 956 4269 variantes
987 4216 1247 4272 lectiones
1296 4216 1364 4270 ad
1409 4231 1561 4271 oram
1593 4216 1714 4270 libri
1745 4217 1825 4270 sui
1857 4227 2081 4272 annota-

502 4315 650 4362 verat
686 4307 895 4361 Marcus
934 4308 1192 4363 Velsertts.

574 4398 930 4466 FLORENTINI,
978 4401 1014 4455 i.
1055 4416 1106 4455 c.
1154 4410 1264 4455 tres
1303 4415 1434 4454 mss.
1469 4402 1518 4454 in
1550 4401 1871 4457 bibliotheca
1898 4389 2078 4457 Duéali

2246 3222 2300 3275 ln
2339 3229 2482 3273 tonio
2516 3221 2742 3274 secundo
2771 3219 3128 3290 Epistolarum
3160 3220 3427 3282 editiones
3459 3219 3739 3274 laudantur

2178 3321 2469 3382 sequentes
2504 3329 2517 3364 :
2549 3311 2974 3367 Atuerbachiana
3005 3327 3058 3367 a.
3089 3313 3262 3376 1495,
3290 3313 3464 3367 in-l’ol.
3500 3329 3516 3378 ;
3562 3311 3738 3372 Badia-

2174 3421 2260 3471 na,
2312 3405 2548 3471 Parisiis,
2600 3403 2758 3471 1515,
2809 3413 2862 3462 et
2911 3403 3221 3472 Erasmiana
3266 3406 3386 3462 Bas.
3437 3419 3536 3475 sp.
3591 3405 3736 3460 Frob.

2176 3495 2333 3550 i528.

2243 3588 2298 3642 In
2317 3589 2465 3640 tertio
2493 3596 2637 3641 torno
2661 3578 2912 3640 notarunt
2935 3585 3000 3639 ad
3029 3586 3192 3640 libros
3209 3586 3270 3640 de
3293 3584 3566 3640 Consensu
3589 3585 3740 3639 Euan-

2175 3681 2471 3750 gelistarum
2497 3679 2790 3734 editionem
2819 3678 3055 3745 ejusdem
3085 3677 3274 3731 .lodoci
3301 3677 3472 3738 Badii,
3507 3694 3666 3747 quam
3685 3690 3753 3741 es

2177 3769 2491 3824 recensione
2535 3766 2822 3836 Auguslini
2871 3767 3260 3836 Iiatisponensis
3291 3766 3493 3819 excudi
3549 3764 3740 3820 curarit

2177 3860 2420 3931 Lugduni
2456 3859 2614 3922 1497,
2639 3867 2692 3911 et
2721 3857 3092 3910 Erasmianam
3125 3872 3174 3909 a.
3206 3856 3372 3918 1598;
3397 3857 3463 3910 ad
3503 3857 3663 3911 libros
3687 3855 3742 3907 de

2180 3934 2427 4007 Sermone
2476 3948 2688 4002 Domini
2723 3949 2773 4001 in
2829 3947 3004 4002 Monte
3053 3955 3248 4016 praeter
3295 3948 3667 4017 Erasmianam
3695 3953 3740 3998 et

2179 4041 2664 4098 Amerbachiauam
2695 4040 2767 4110 (a.
2806 4039 2963 4109 1506)
3000 4041 3288 4093 editionem
3326 4039 3519 4095 Jacobi
3543 4039 3741 4093 «Mares-

2179 4133 2364 4203 challi,
2402 4131 2649 4202 Lugdun.
2682 4130 2847 4192 1520;
2881 4131 2945 4182 ad
2981 4131 3149 4182 libros
3197 4129 3554 4194 Qna'stionum
3586 4127 3742 4181 Eran-

2179 4223 2425 4292 geliorunt
2453 4230 2499 4274 et
2533 4223 2724 4286 Quwsl.
2749 4217 2924 4271 XVII
2953 4221 3004 4272 in
3037 4219 3340 4272 .llotthtrum
3381 4220 3624 4274 eamdem
3654 4218 3743 4271 Ba-

2181 4311 2419 4378 dianam,
2452 4325 2679 4374 necnon
2714 4311 2920 4365 Erasm.
2943 4318 2999 4381 et
3023 4311 3372 4376 Amerbacln,
3393 4313 3459 4365 ad
3485 4311 3745 4364 Tractatns

2179 4401 2233 4454 in
2260 4399 2349 4454 Jo.
2381 4400 2740 4479 Evangelium,
2766 4401 2892 4455 Bad.
2932 4409 2985 4456 et
3014 4402 3252 4471 Erasm.,
3287 4403 3351 4455 ad
3399 4401 3668 4454 Tractafus
3702 4399 3745 4450 in

504 4486 795 4546 Flor‘enlize
822 4480 1148 4557 existentes,
1192 4506 1419 4560 quorum
1467 4492 1521 4546 in
1567 4493 1757 4548 eodem
1793 4496 1856 4549 de
1885 4492 2081 4562 Pelagii
2111 4486 2162 4546 D
2186 4495 2357 4566 Epist.
2388 4494 2478 4550 .lo.
2509 4495 2756 4570 Amerb.,
2783 4495 2912 4552 Bad.
2937 4506 2991 4549 et
3015 4495 3244 4566 Erasun,
3276 4495 3337 4548 ad
3367 4492 3745 4560 Expositiooem

504 4583 654 4652 gestis
688 4583 825 4638 libro
853 4581 1181 4636 variantibus
1203 4573 1286 4636 usi
1320 4591 1464 4637 sunt.

1120 4679 1168 4742 ε)
1189 4679 1460 4742 Anglicani.

580 4766 836 4820 Absoluta
877 4766 987 4836 jam
1022 4765 1409 4820 tota'editione
1463 4767 1794 4822 transmissm
1841 4775 1967 4821 sunt
2015 4783 2080 4823 ex

509 4853 698 4934 Anglia
733 4856 990 4912 lectiones
1038 4858 1307 4913 variantes
1335 4865 1447 4911 oclo
1477 4857 1589 4912 fere
1617 4857 1857 4912 codicum
1891 4875 1984 4928 per
2019 4861 2079 4914 E.

517 4937 861 5010 Bernartlum,
894 4950 1236 5004 astronomia:
1259 4950 1311 5004 in
1338 4948 1631 5004 Oxoniensi
1658 4949 1940 5005 Academia
1966 4969 2087 5020 pro-

513 5035 806 5101 l'essorcm,
836 5050 901 5088 ex
925 5040 1118 5105 quibus
1141 5042 1191 5094 in
1215 5041 1446 5097 secunda
1487 5041 1701 5097 demum
1737 5045 1862 5097 tomi
1894 5045 2078 5113 primi,

513 5127 581 5180 ad
631 5141 792 5196 quem
825 5127 978 5182 unice
1007 5140 1279 5196 spectant,
1319 5134 1554 5190 editione
1597 5136 1960 5190 corrcctioues
1987 5136 2089 5190 ali-

517 5228 646 5298 quot
676 5217 957 5272 translata:
980 5227 1124 5272 sunt.
1162 5221 1326 5274 Erant
1348 5233 1523 5276 autem
1550 5232 1648 5279 tres
1676 5243 1741 5281 ex
1772 5226 2090 5282 bibliotheca

517 5306 802 5362 Bodleiano
823 5351 838 5376 ,
880 5323 946 5362 ex
977 5308 1204 5378 collegio
1236 5309 1552 5364 Meneni-nsi
1575 5315 1700 5380 duo,
1726 5333 1863 5371 unus
1887 5332 1954 5371 ex
1987 5318 2090 5370 Ar-

519 5401 673 5454 chiva
724 5398 1000 5466 Laudina,
1055 5401 1156 5452 duo
1204 5401 1593 5457 Canfttariettses
1622 5405 1715 5476 (tt)
1769 5407 1976 5464 Priorcs
2007 5429 2094 5467 5m;

521 5490 745 5546 adhibiti
788 5502 912 5548 sunt
942 5492 1008 5547 ad
1040 5491 1485 5546 Retractatimtnnt
1535 5495 1734 5561 libros;
1768 5513 1988 5567 quatuor
2027 5503 2090 5556 ad

2181 4586 2526 4656 quarumdam
2561 4583 2975 4651 Propositionum
3025 4587 3078 4638 in
3125 4585 3262 4656 Epp.
3304 4586 3368 4636 ad
3409 4583 3667 4636 llomnnos
3706 4587 3744 4630 et

2185 4677 2422 4742 Galatas,
2456 4690 2555 4730 nec
2599 4691 2704 4730 non
2758 4675 3138 4745 Expositionem
3177 4675 3466 4729 inchoatam
3509 4669 3747 4740 Epistola'

2186 4769 2254 4820 ad
2294 4768 2440 4820 llam.
2472 4766 2679 4838 (quaein
2712 4766 2828 4820 Gall
2855 4767 3002 4820 cauis
3025 4782 3154 4820 mss.
3186 4784 3288 4819 non
3322 4782 3396 4832 re;
3419 4774 3553 4825 crta,
3577 4775 3742 4815 emew

2189 4859 2308 4914 data
2342 4868 2424 4912 est
2447 4861 2605 4912 unius
2633 4857 2867 4911 Vaticani
2895 4861 3016 4924 ope)
3044 4855 3364 4914 Anzer‘uach.
3395 4865 3450 4908 et
3481 4854 3685 4904 Erastu.

2264 4949 2320 5002 lu
2347 4960 2490 5002 toruo
2517 4956 2695 5017 quarto
2724 4946 2790 5012 ad
2821 4945 3189 4999 Enarrationes
3219 4947 3269 4998 in
3305 4943 3538 4996 Psalmos
3565 4946 3747 5009 praeit)

2197 5039 2411 5096 fuerunt
2433 5039 2525 5092 lib.
2558 5038 2677 5092 Bas.
2703 5051 2799 5106 per
2819 5037 2907 5091 Jo.
2935 5036 3258 5092 Amerbach.
3295 5034 3430 5089 1189
3449 5037 3749 5094 excusos,ct

2196 5132 2505 5186 Erasmiana
2537 5120 2690 5184 1529.

2269 5221 2604 5277 Sermonibus
2634 5221 2685 5273 in
2729 5221 2908 5288 quinto
2952 5227 3097 5274 temo
3140 5216 3470 5288 castigandis
3513 5210 3752 5266 adhibita:

2196 5324 2323 5370 sunt
2370 5313 2655 5379 editiones,
2706 5311 3142 5382 Amerbacltiana
3199 5326 3251 5364 a.
3311 5308 3450 5363 H9!
3497 5312 3550 5359 et
3609 5298 3750 5358 H95.

2200 5406 2515 5462 Erasmiana
2557 5421 2608 5460 a.
2653 5406 2811 5470 1571,
2854 5403 3229 5459 Sirmondiam
3256 5401 3419 5468 1651,
3445 5408 3495 5456 et
3538 5391 3753 5464 Supple-

2200 5500 2367 5556 menti
2393 5497 2697 5568 Vigucriani
2725 5497 2810 5554 ed.
2837 5496 3006 5552 altera
3036 5494 3192 5552 1655.

596 5664 695 5736 (al
724 5668 812 5725 Sic
842 5672 980 5726 cnim
1015 5674 1343 5740 interpretor
1373 5674 1748 5743 compendium
1781 5676 1908 5731 illud
1933 5678 2077 5734 roeis
2103 5677 2253 5738 Cant.
