3882 6334
102 360 220 442 1Ξέ

1060 380 1327 435 NOTlTlA
1369 378 1784 436 LITTERARIA
1826 380 1889 435 IN
1931 381 1987 437 S.
2030 380 2494 437 AUGUSTlNL’M.

3289 387 3390 443 1‘26

184 505 255 558 In
290 512 436 557 tomo
468 506 611 554 sexto
643 497 711 551 ad
740 497 935 551 librum
978 498 1041 549 de
1085 496 1301 549 Diversis
1339 495 1709 565 qurestio‘nibtts
1740 498 1783 553 Α
1819 494 1924 548 line
1944 495 2300 564 secundi,qui
2332 496 2594 565 eontittgil
2625 495 2675 549 in
2719 496 2892 564 prima
2925 500 3110 568 pagina
3144 500 3254 554 lolii
3283 504 3371 567 (Β,
3402 518 3405 521 π

104 594 389 664 ectaginta
419 587 581 642 tribus
605 587 871 642 consultae
897 595 1021 638 sunt
1047 575 1576 652 Lugdunensisuum
1600 586 1715 635 Αιιέ

104 683 330 752 gustini
367 677 786 747 Ratisponensis
814 690 944 732 cura
976 675 1113 743 apud
1146 674 1413 728 Joannem
1455 674 1708 727 Trecliscl

106 790 163 828 a.
201 774 351 828 H97
380 785 582 825 excusa
612 777 716 830 est,
745 777 795 823 et
824 766 1134 820 Erasmiana
1164 782 1214 819 a.
1254 765 1421 830 1328;
1454 766 1517 819 ad
1542 764 1709 819 libros

108 870 177 920 de
213 864 452 919 Diversis
478 860 847 932 (lucrationibus
876 868 931 913 et
958 859 1021 911 de
1050 858 1440 911 Catecltiznndis
1470 858 1715 921 rudibus,

110 968 171 1013 et
204 957 287 1012 De
326 957 426 1026 fide
460 963 506 1007 et
538 954 798 1024 Operibus
839 951 1165 1005 Amerbaclt.
1196 960 1249 1004 et
1284 952 1518 1010 Erasm.,
1549 950 1613 1001 ad
1645 951 1710 1002 li-

114 1054 290 1105 brum
341 1049 406 1102 de
446 1045 589 1100 VIII
626 1045 840 1097 Dulcitii
883 1045 1251 1113 mutationibus
1288 1055 1340 1097 et
1385 1043 1448 1096 de
1498 1041 1631 1096 Fide
1658 1052 1707 1095 et

113 1139 398 1210 Symbolo,
441 1137 646 1192 eaedem
692 1145 746 1189 et
784 1134 1155 1203 Lugdunensis
1197 1142 1323 1187 ante
1368 1132 1611 1198 laudata;
1642 1134 1709 1186 ad

113 1232 478 1285 Enclriridion
517 1230 580 1281 de
607 1228 733 1297 ﬁde,
760 1243 850 1293 spe
879 1237 926 1279 et
964 1227 1213 1279 clmritate
1245 1237 1442 1293 praeter
1483 1226 1706 1279 Atneth.

114 1334 169 1375 et
194 1322 416 1376 Erasm.
450 1318 714 1373 editiones
747 1316 943 1370 Lauliei
962 1316 997 1367 ti
1026 1316 1202 1368 Dautt-i
1227 1324 1282 1369 et
1310 1318 1434 1367 Ant.
1456 1314 1704 1377 Arualdi;

117 1412 343 1467 tandem
372 1411 443 1465 ad
469 1412 663 1464 librum
683 1410 745 1461 de
763 1409 937 1478 Agone
954 1407 1247 1460 Christiano
1272 1416 1467 1471 praeter
1487 1408 1635 1462 Amet
1651 1408 1701 1461 ι).

114 1512 166 1559 et
195 1502 600 1563 Erasmianam,
631 1503 722 1554 ed.
747 1499 773 1553 J
799 1499 868 1550 »Ιι.
905 1497 1060 1551 Parvi
1093 1512 1141 1547 a.
1176 1494 1338 1550 1515.

186 1593 340 1649 Libri
376 1594 442 1644 de
472 1590 687 1645 Ciritate
718 1587 816 1640 Dei
865 1595 1013 1640 tomo
1048 1587 1262 1655 septimo
1296 1584 1550 1652 recogniti
1583 1594 1705 1637 sunt

115 1686 180 1739 ad
204 1686 293 1739 ed.
327 1684 596 1738 Venetam
629 1678 903 1733 \‘indelini
940 1675 1090 1742 1470,
1126 1676 1344 1729 Amerb.
1380 1690 1430 1726 a.
1465 1674 1617 1740 “90,
1648 1685 1704 1727 et

118 1779 333 1832 Erasm.
370 1772 531 1830 152).

1819 589 1959 640 nulla
1995 602 2212 656 prorsus
2246 589 2471 640 formula
2495 596 2690 641 exstat.
2718 588 2935 642 Litterae
2967 599 3086 643 sunt
3120 590 3405 650 Gothicir,

1816 679 2008 733 breves
2062 686 2117 732 et
2146 670 2390 749 pingues,
2415 683 2555 747 'qua‘,
2596 680 2721 733 licet
2747 680 2926 733 multm
2976 681 3260 735 verborum
3293 684 3386 734 a3.-

1814 768 2136 822 breviatunu
2176 756 2250 822 ac
2300 760 2592 823 litterarum
2626 778 2766 824 nottn
2812 771 2915 823 sint
2943 771 3219 837 inspersm,
3249 787 3381 826 ocu-

1815 858 1880 911 lis
1910 866 2089 912 tamen
2127 873 2467 927 nequaquam
2499 850 2722 929 ingratae
2747 852 3015 914 accidunt.
3044 861 3121 915 Ad
3149 861 3381 915 Gunthe-

1812 968 1925 1003 rum
1949 949 2157 1013 Zainer,
2194 950 2580 1021 typographum
2617 951 3006 1020 AuguStannm,
3034 952 3121 1019 qui
3148 953 3217 1005 ab
3240 968 3382 1005 anno

1814 1042 1937 1095 inde
1963 1040 2098 1095 1468
2120 1041 2303 1095 decent
2333 1041 2442 1095 fere
2465 1056 2558 1108 per
2587 1057 2755 1095 annos
2785 1042 2981 1095 ibidem
3014 1038 3163 1096 libris
3194 1044 3382 1111 impri-

1813 1130 2023 1185 mendis
2069 1145 2287 1199 operam
2310 1130 2558 1196 'navavit,
2588 1131 2775 1186 referri
2828 1134 2986 1187 solet.
3038 1131 3196 1186 Certe
3238 1132 3380 1187 inter

1813 1222 1963 1292 plura
1994 1235 2114 1275 cum
2155 1222 2465 1290 Augustini,
2498 1230 2611 1275 tum
2658 1223 2887 1276 aliorum
2931 1224 3186 1292 Opuscula
3233 1222 3381 1278 hisce

1811 1312 1965 1366 libris
1995 1312 2153 1380 plane
2182 1312 2503 1377 conforniia,
2540 1326 2637 1366 nec
2666 1327 2788 1365 raro
2821 1326 2926 1365 uno
2958 1313 3231 1367 volumine
3254 1330 3375 1368 cum

1810 1402 1999 1457 iisdem
2026 1404 2439 1471 comprehensa,
2462 1418 2578 1472 quae
2601 1401 3116 1472 quidem’manit’esto
3135 1416 3192 1456 se
3218 1404 3376 1456 unius

1810 1495 2159 1564 ejusdemque
2190 1494 2403 1548 familizc
2449 1509 2567 1548 esse
2619 1496 2959 1559 proﬁtentur,
2994 1510 3098 1548 una
3143 1494 3377 1548 occurrit

1811 1585 2018 1638 Thema:
2056 1603 2087 1639 a
2138 1584 2350 1654 Kempis
2390 1587 2451 1637 de
2497 1584 2594 1637 luti
2620 1587 2794 1639 atioue
2841 1586 3029 1641 Cltristi
3058 1585 3221 1639 editio
3251 1601 3373 1639 cum

1808 1676 2209 1744 subscriptione
2237 1695 2247 1728 :
2285 1693 2372 1745 per
2404 1675 2680 1730 Cintltcum
2705 1676 2825 1747 (sic)
2858 1679 3032 1730 zaiuer
3060 1694 3125 1730 ea:
3163 1677 3376 1730 reutliit-

1806 1785 1899 1838 g3):
1927 1768 2186 1836 pgenitum
2218 1768 2396 1820 litteris
2416 1768 2646 1834 impressi
2674 1768 2869 1830 alienis,
2901 1766 3041 1819 unde
3071 1766 3136 1819 tle
3160 1767 3374 1819 cmtcris

190 1867 440 1935 Denique
486 1860 913 1918 Amerbachiana
956 1869 1007 1914 et
1066 1859 1378 1913 Erasmiana
1434 1857 1702 1912 editiones
1740 1854 1780 1911 B
1808 1857 2171 1927 conjecturam
2206 1857 2343 1909 haud
2392 1857 2801 1925 improbabilent
2832 1856 2934 1909 viii
2964 1859 3012 1907 in
3057 1857 3141 1908 his
3184 1856 3374 1908 litteris

119 1957 279 2012 etiam
308 1972 411 2024 per
438 1962 606 2010 totum
641 1967 842 2008 tomum
870 1960 1121 2015 octavum,
1153 1966 1340 2003 nonum
1370 1936 1425 2005 et
1451 1950 1701 2002 decimum

118 2047 381 2101 adhibita:
406 2047 639 2101 luerunt.

188 2139 273 2192 Ex
305 2135 672 2206 qmindiculo
702 2134 956 2185 librorum
982 2134 1371 2201 impressorum
1405 2130 1562 2185 etiam
1598 2130 1701 2184 hoc

119 2236 282 2295 patet,
323 2228 603 2281 Romanas
632 2235 680 2278 et
717 2225 947 2278 Venetas
977 2222 1215 2292 aliasque
1246 2224 1567 2290 insigniores
1590 2221 1698 2274 siu-

121 2322 371 2390 gulornnt
419 2334 640 2388 operum
683 2316 967 2385 Augustini
1010 2315 1298 2378 editiones,
1331 2313 1521 2383 quibus
1550 2312 1593 2366 si
1624 2314 1696 2365 ttti

122 2414 446 2477 voluissent,
487 2424 671 2465 carere
722 2422 826 2463 non
877 2414 1146 2475 poterant,
1180 2413 1380 2472 printer
1434 2419 1591 2457 uuam
1635 2404 1703 2455 de

120 2501 268 2558 Civil.
296 2501 400 2555 Dei
425 2516 452 2554 a
483 2498 848 2555 Benedictinis
876 2496 1123 2550 Patribus
1146 2488 1267 2549 esse
1293 2495 1581 2565 neglectas.

541 2629 885 2673 Διιτιῡυιυε
931 2626 1252 2671 SECUNDUS

168 2779 177 2784 ⁸
203 2713 431 2783 Annales
458 2714 721 2762 editionum
744 2711 1044 2775 singulorum
1065 2709 1323 2771 Augustini
1344 2707 1413 2755 ιιι)
1442 2720 1596 2757 orum.

518 2819 547 2889 ς
583 2819 622 2885 Ι.
666 2818 1015 2873 Ccuuinorum
1038 2818 1072 2869 li
1081 2817 1303 2869 brorum.

478 2930 528 2982 I.
550 2929 735 2999 —(|")
769 2928 967 2983 Contra
988 2926 1345 2989 Academicos.

184 3043 426 3100 Seorsim
453 3041 506 3095 lii
530 3042 650 3096 libri
676 3056 967 3110 numquam
999 3039 1333 3108 prodierunt.
1360 3039 1607 3092 Attamen
1643 3036 1693 3089 in

127 3134 490 3203 compluribus
508 3132 746 3201 antiquis
771 3132 1152 3201 opusculorum
1180 3128 1459 3199 Augustini
1493 3127 1695 3180 collec-

1809 1948 2251 2009 exercitatissimi
2279 1949 2516 2017 capiuet.
2542 1947 2696 2013 Vide,
2730 1962 2866 2015 quas
2907 1945 3237 2000 laudavimus
3283 1959 3372 1998 oc-

1806 2041 2023 2095 casione
2055 2039 2307 2093 simifium
2355 2038 2707 2107 quorumdam
2745 2037 3058 2105 Hieronymi
3091 2036 3375 2104 opusculi»

1807 2148 1925 2186 rnm
1951 2138 2083 2184 tom.
2114 2129 2154 2192 l,
2190 2144 2240 2198 p.
2271 2130 2394 2185 488.
2422 2127 2779 2196 Nupcretiam
2800 2127 2866 2181 cl.
2887 2126 3144 2179 Braunius
3170 2125 3221 2177 itt
3244 2124 3367 2178 Not.

1807 2224 1877 2276 Η.
1914 2223 2015 2276 Lit.
2050 2221 2257 2289 (1788).
2296 2237 2346 2288 p.
2373 2222 2461 2284 '58,
2491 2223 2624 2273 hanc
2652 2219 2939 2273 editionem
2974 2217 3301 2271 retractavit.

1945 2313 1971 2365 1
1993 2312 2050 2368 ν.
2082 2343 2153 2357 -ν
2180 2314 2260 2382 (7)
2294 2310 2373 2364 De
2406 2311 2637 2363 Moribus
2667 2308 2911 2361 Ecclesia:
2942 2306 3226 2360 ratholicw.

1875 2402 2042 2471 llujus
2072 2402 2189 2475 dua:
2219 2410 2431 2454 exstant
2463 2399 2712 2451 t‘ersioues
2744 2395 3168 2450 Gallicw'iisdem
3192 2401 3348 2448 aucto

1803 2496 1978 2562 ribus,
2007 2496 2093 2565 qui
2129 2495 2325 2549 librum
2376 2493 2437 2546 de
2481 2508 2596 2545 vero
2644 2490 2909 2561 Religione
2959 2488 3375 2555 transtulerunt,

1801 2604 1957 2661 quem
1987 2587 2208 2643 vidcsis.

2139 2677 2196 2731 V.
2224 2707 2287 2720 -—
2311 2677 2388 2746 (9)
2419 2676 2493 2728 De
2519 2676 2819 2741 Quantitate
2844 2674 3047 2729 animm.

1874 2771 2000 2824 Sine
2021 2783 2176 2835 anno,
2204 2768 2316 2819 loco
2334 2776 2379 2818 et
2404 2777 2633 2834 typogr.;
2654 2764 2834 2831 iit-fol.
2852 2764 2909 2815 S.
2934 2761 3211 2828 Augustini
3237 2761 3372 2813 liber

1801 2864 1865 2919 de
1896 2861 2209 2930 Quantitate
2236 2860 2445 2911 anitum.
2489 2874 2505 2906 ι
2547 2857 2620 2910 De
2651 2855 2966 2909 charactere
2993 2853 3244 2919 omnique
3271 2845 3369 2901 litt-

1796 2955 1883 3025 jus
1917 2951 2205 3007 Vultttninis
2249 2950 2317 3004 de
2352 2949 2617 3016 Ct‘iptiOttc
2648 2950 2797 3017 plura
2849 2946 3180 3000 di~scrcmus
3208 2944 3271 2997 ad
3308 2945 3371 2997 li-

1800 3047 1925 3101 bros
1959 3042 2367 3112 Solilcquiorum
2413 3057 2475 3096 ex
2522 3041 2710 3095 eadem
2771 3038 2980 3093 ofﬁcina
3023 3034 3370 3091 emissosylu

1803 3134 2056 3204 praesenti
2089 3133 2396 3187 notabimus
2428 3129 2822 3193 tantummodo,
2848 3138 3098 3182 constare
3140 3126 3267 3179 illud
3295 3125 3372 3179 fo-

129 3228 359 3281 tionibus
382 3226 609 3295 primum
636 3223 751 3278 fere
781 3223 954 3276 locum
985 3229 1266 3290 occupant,
1299 3218 1365 3272 de
1390 3220 1583 3285 quibus
1612 3218 1691 3270 in-

1810 3226 1883 3281 liis
1908 3225 1998 3292 i9,
2031 3239 2092 3279 ac
2125 3223 2443 3292 plerumque
2474 3237 2592 3274 cum
2617 3236 2724 3274 uno
2748 3219 2830 3274 vel
2863 3219 3108 3289 pluribus
3130 3216 3369 3285 ejusdem

134 3316 198 3369 ira
229 3317 325 3371 lict.
374 3315 592 3368 mentio.
640 3310 847 3367 Gallice
882 3309 1133 3365 conversi.
1157 3316 1282 3363 sunt
1322 3308 1473 3377 juxta
1509 3308 1685 3361 Bene-

126 3408 445 3461 dictinorum
472 3404 765 3461 editionem
805 3418 833 3456 a
862 3402 1177 3471 Vitlefortio.
1565 3443 1568 3446 .

192 3500 355 3553 1705.
386 3496 556 3560 Paris,
582 3493 706 3548 cltez
731 3493 844 3547 Elie
864 3490 1236 3557 Josset;in-12
1281 3509 1299 3541 ‹
1324 3491 1421 3544 Les
1443 3491 1605 3543 livres
1629 3488 1695 3542 de

133 3590 202 3642 St.
230 3587 503 3656 Augustin
535 3594 725 3640 contie
771 3586 849 3637 les
890 3581 1237 3651 philosophes
1276 3579 1691 3641 académiciens,

139 3696 251 3735 avet:
280 3682 343 3735 le
390 3678 574 3733 Traité
603 3678 668 3733 de
699 3677 745 3732 la
779 3677 933 3744 grbce
969 3685 1022 3730 et
1050 3676 1117 3730 de
1147 3675 1193 3729 la
1226 3674 1438 3739 liberte,
1474 3672 1694 3727 tradu’ts

130 3783 184 3822 cn
226 3767 487 3835 lt'rataqais
530 3783 624 3822 sur
653 3767 893 3821 l‘édition
938 3766 1031 3820 des
1061 3765 1163 3819 PP.
1198 3764 1560 3825 Βόιιόάὶειίης.
1599 3778 1700 3829 par

133 3860 193 3915 Μ.
225 3858 489 3915 Villcford
520 3873 587 3913 ou
616 3855 889 3912 Villefort.
915 3875 933 3909 ι
961 3854 1072 3911 Cat.
1093 3854 1230 3909 Bibl.
1267 3854 1392 3925 Reg.
1419 3853 1499 3908 Cf.
1531 3851 1693 3906 Jour-

136 3949 212 4000 nal
237 3949 324 4003 des
355 3948 577 4004 Savam.
616 3948 768 4010 1705,
797 3962 848 4015 p.
878 3948 1002 4001 22!.
1454 3992 1460 3996 .
1516 3969 1529 3978 -

436 4036 523 4099 Il.
553 4068 623 4080 ——
650 4037 749 4107 (5)
774 4037 849 4090 De
881 4037 1073 4090 Ordine
1104 4036 1216 4089 libri
1247 4036 1375 4088 duo.

199 4130 383 4185 Latine
419 4144 705 4197 numquam
736 4128 963 4183 seorsim
989 4126 1170 4181 excusi
1199 4135 1345 4187 sunt,
1378 4123 1469 4178 sed
1495 4122 1702 4177 Gallice.

137 4236 222 4274 cos
246 4222 515 4276 convertit
554 4220 876 4291 Villefortius
919 4234 1024 4272 una
1064 4233 1185 4272 cum
1227 4217 1381 4272 libris
1425 4216 1489 4271 de
1533 4215 1696 4269 libero

143 4315 362 4367 Arbitrio
392 4321 447 4366 et
482 4314 541 4367 de
577 4311 830 4367 Doctrina
874 4311 1188 4377 Christiana,
1234 4310 1301 4366 de
1340 4311 1535 4380 quibus
1586 4310 1698 4365 suis

140 4404 285 4459 locis.

399 4495 519 4549 Ill.
550 4525 614 4536 —
638 4495 712 4567 (ι)
746 4494 1150 4565 Soliloquiorum
1171 4493 1287 4547 libri
1314 4492 1441 4546 duo.

204 4590 395 4645 llorum
428 4606 592 4644 unam
627 4588 992 4644 tantummodo
1022 4602 1248 4655 eamque
1281 4583 1697 4639 vetustissimam

147 4679 418 4735 editionem
459 4680 703 4734 Latinam
750 4679 992 4747 reperire
1035 4677 1324 4747 potuimus.
1358 4676 1489 4729 Nam
1530 4676 1701 4744 plera-

144 4786 236 4837 que
263 4772 419 4841 hujus
453 4771 687 4825 nominis
717 4771 859 4825 edita
890 4770 956 4824 ad
983 4770 1164 4838 spuria
1190 4769 1459 4837 pertinent
1480 4778 1531 4821 ct
1562 4769 1700 4822 intra

146 4877 170 4913 ει
200 4864 341 4918 nobis
365 4861 954 4918 commemorabuntur.
989 4860 1141 4914 Hanc
1174 4872 1300 4911 vero
1329 4857 1533 4925 accipe.

206 4952 320 5009 Siue
344 4970 507 5014 auito,
528 4954 637 5006 loco
663 4961 707 5005 et
734 4962 962 5022 typogr.;
981 4951 1160 5021 iit-fol.
1186 4948 1542 5017 S.Aagustini
1567 4948 1707 5003 Sull-

146 5043 432 5111 loquiorunt
465 5046 588 5100 libri
619 5046 747 5099 duo.

210 5133 466 5190 Volumen
490 5145 577 5190 est
609 5135 857 5188 foliorum
884 5133 976 5199 25,
1004 5132 1160 5188 lineis
1189 5131 1310 5186 latis
1341 5130 1409 5185 55
1434 5145 1529 5199 per
1562 5131 1705 5200 pagi-

147 5240 253 5279 nam
282 5229 625 5298 impressum.
663 5226 958 5280 Exorditur
987 5224 1168 5279 verbis
1201 5240 1215 5277 :
1257 5222 1454 5275 Aurelii
1495 5223 1698 5293 Augus-

150 5316 230 5369 tini
259 5320 483 5386 episcopi
510 5318 819 5390 lppoueusis
852 5314 1030 5383 incipit
1061 5315 1407 5383 Soliloquium
1438 5315 1563 5368 liber
1597 5316 1701 5379 pri-

153 5424 251 5463 um
278 5413 513 5480 feliciter.
535 5413 853 5480 Similiaque
878 5410 1041 5463 habes
1070 5410 1118 5463 in
1146 5410 1319 5463 fronte
1340 5412 1462 5464 libri
1483 5412 1704 5465 secundi

156 5498 269 5555 lolio
294 5504 379 5557 11.
409 5504 464 5558 1η
498 5504 603 5558 ﬁne
632 5504 794 5573 primi
829 5520 843 5559 :
874 5501 1092 5567 Aurelii,
1118 5512 1248 5568 etc.,
1278 5503 1509 5573 explicit.
1538 5505 1632 5557 Ast
1654 5502 1704 5556 in

181 5772 188 5778 _
216 5702 522 5778 "_Numerus
546 5705 754 5778 uncinis
786 5704 1043 5768 inclusus,
1073 5703 1165 5778 qui
1200 5701 1700 5778 ptueinittitunhuic

160 5772 303 5835 titulo
346 5776 816 5844 sequentibusque.
856 5773 1138 5844 respondet
1199 5770 1422 5828 numero
1471 5770 1704 5828 ordinati

1796 3318 2010 3387 generis
2060 3315 2343 3383 impressis
2386 3321 2724 3380 compactum
2778 3310 3033 3375 inveniri,
3071 3308 3124 3363 in
3178 3307 3372 3375 quibus

1799 3407 2076 3475 inaequalis
2118 3405 2323 3472 pariter
2357 3402 2605 3455 foliorum
2639 3414 2898 3454 numerus
2927 3396 3369 3467 deprehenditur.

1798 3502 1872 3554 Ex
1904 3514 2008 3567 quo
2038 3498 2303 3564 sequitur,
2349 3492 2633 3546 manifeste
2661 3492 2827 3546 fuisse
2859 3506 2921 3543 ea
2962 3490 3139 3541 omnia
3194 3487 3368 3541 conti-

1798 3603 1903 3643 nuo
1947 3602 2010 3639 ac
2052 3598 2155 3635 una
2207 3583 2349 3635 serie
2392 3594 2608 3633 excusa.
2639 3598 2657 3629 ι
2689 3579 2779 3633 Sic
2816 3578 2959 3644 apud
2991 3576 3280 3628 Brauninin
3314 3574 3367 3625 in

1799 3678 1969 3732 Notit.
2001 3674 2139 3727 Hist.
2174 3672 2278 3724 Lit.
2313 3686 2363 3738 p.
2388 3671 2456 3724 '58
2488 3685 2502 3728 ;
2529 3669 2769 3721 adhzcrct
2808 3665 2887 3719 illi
2924 3663 3214 3735 Speculum
3260 3681 3290 3729 p
3324 3678 3369 3713 c-

1797 3768 2001 3831 caloris,
2034 3767 2083 3819 in
2117 3774 2303 3817 nostro
2345 3760 2634 3828 exemplari
2690 3767 2969 3826 compacta
3016 3764 3143 3811 sunt
3176 3753 3373 3808 Solil0«

1797 3862 2033 3931 quierunt
2054 3858 2175 3911 libri
2199 3855 2327 3916 duo.
2355 3853 2636 3921 Speculum
2666 3851 2966 3920 peccatoris,
2992 3849 3055 3901 de
3080 3847 3374 3913 Quantitote

1797 3954 1983 4007 animm
2009 3958 2062 4004 et
2097 3944 2452 4016 Soliioquium
2486 3944 2549 3998 de
2594 3944 2722 3997 Arra
2752 3943 2957 3995 animm.
2990 3940 3281 3994 Exorditur
3310 3940 3362 3990 in

1798 4059 2005 4099 summa
2037 4042 2227 4111 pagina
2258 4040 2410 4092 titulo
2442 4054 2455 4093 :
2486 4038 2679 4091 Aurelii
2715 4037 2991 4106 Augustini
3029 4033 3375 4105 Hipponensis

1800 4134 2027 4204 episcOpi
2050 4132 2179 4190 liber
2210 4133 2271 4185 de
2299 4120 2381 4186 a-t—e
2414 4128 2693 4198 quantitate
2721 4127 2900 4193 incipit
2933 4126 3173 4193 feliciter.
3224 4123 3377 4175 Desi-

1800 4229 1879 4281 nit
1921 4227 1974 4280 in
2015 4235 2255 4280 extrema
2302 4224 2412 4277 folii
2457 4222 2630 4275 ultimi
2684 4237 2694 4270 :
2742 4219 2966 4286 Explicit
3013 4218 3140 4270 liber
3179 4217 3377 4269 Aurelii

1800 4318 2072 4387 Augustini
2101 4318 2163 4369 de
2188 4316 2359 4370 anime
2389 4313 2690 4382 quantitate.

1875 4409 2251 4479 Augustiniani
2286 4408 2445 4477 hujus
2488 4404 2610 4459 libri
2640 4402 2799 4456 artit‘u
2821 4401 2929 4455 ium
2959 4413 3274 4467 omuemquc
3300 4397 3379 4450 iu-

1778 4501 1980 4567 _dol,em
2026 4500 2133 4553 late
2169 4498 2467 4567 explicavit
2522 4503 2575 4550 et
2618 4492 3066 4554 commentarium
3117 4488 3265 4557 quasi
3327 4488 3376 4537 in

1730 4558 1779 4617 D
1805 4591 2049 4648 eumdem
2083 4586 2363 4644 contexuit
2391 4586 2491 4641 sub
2539 4596 2844 4638 extremum
2887 4580 3070 4635 saeculi
3119 4574 3379 4646 prtetcr'tti

1809 4684 1970 4738 homo
1996 4682 2190 4736 doctus
2221 4678 2437 4735 Siculus
2466 4677 2517 4730 in
2551 4691 2714 4744 Opere
2745 4671 2987 4742 sequenti
3019 4687 3031 4719 :
3057 4667 3258 4719 Auimw
3283 4663 3380 4715 liu-

1807 4789 1973 4827 utante
1996 4782 2182 4825 natura
2213 4770 2274 4822 ab
2306 4768 2593 4840 Augustino
2622 4765 2817 4817 detecta
2841 4760 2892 4813 iu
2925 4758 3069 4812 libris
3100 4756 3165 4809 de
3197 4755 3379 4807 animce

1812 4864 2126 4930 Quantitate,
2157 4860 2355 4932 decimo
2378 4859 2440 4911 de
2462 4856 2713 4909 Trinitate
2737 4861 2783 4905 et
2810 4852 2871 4902 de
2898 4849 3081 4899 animm
3105 4844 3380 4903 Immorta-

1808 4954 1975 5018 litate,
2001 4959 2283 5020 exportante
2326 4947 2583 5001 Michacle
2622 4941 2832 5009 Angelo
2881 4939 3151 5004 Fardella,
3180 4938 3379 5005 Drepa-

1809 5046 1975 5105 uensi,
2011 5044 2070 5097 S.
2100 5040 2202 5095 Tlt.
2236 5040 2302 5091 ι).
2337 5046 2384 5088 et
2414 5038 2465 5087 in
2505 5033 2758 5084 Patavina
2786 5030 2947 5101 Lyceo
2977 5032 3303 5091 astronomia:
3333 5038 3381 5080 et

1808 5145 2084 5190 meteorum
2106 5130 2417 5197 professore,
2441 5123 2840 5177 eminentissimo
2859 5122 3089 5175 Henrico
3107 5121 3167 5173 de
3197 5118 3376 5179 Naris,

1810 5228 1871 5282 S.
1905 5225 1968 5279 Η.
2011 5222 2077 5276 Ε.
2107 5217 2365 5273 cardinali
2416 5225 2739 5269 consecrata.
2800 5214 3045 5277 Venetiis,
3096 5208 3380 5277 stt-ntptibus

1814 5314 2118 5384 Hieronymi
2148 5310 2368 5365 Albricci
2401 5309 2565 5369 1698;
2598 5306 2776 5377 iit-fol.
2804 5306 2972 5375 Cujus
3001 5310 3380 5371 argumentum

1810 5406 2111 5475 expositum
2163 5412 2247 5456 est
2300 5402 2350 5453 in
2392 5400 2531 5460 Actis
2574 5398 2785 5451 Erudit.
2822 5394 3011 5461 Suppl.
3051 5393 3135 5457 lu,
3169 5407 3220 5457 p.
3254 5390 3379 5443 3.03-

1809 5499 1931 5555 507.
1976 5494 2319 5550 Contractius
2358 5491 2587 5546 habetur
2617 5490 2667 5545 itt
2718 5487 2794 5540 Μ.
2824 5486 2957 5539 Bibl.
2991 5482 3189 5536 Eccles.
3232 5478 3377 5533 Loto.-

1810 5711 1964 5766 qucin
2001 5693 2227 5766 adeptus
2271 5701 2351 5745 ρει
2382 5689 2615 5766 quisque
2668 5687 2802 5740 liber
2849 5685 2898 5739 in
2932 5684 3170 5755 catalogo
3226 5698 3381 5754 supra

1818 5759 2002 5829 habito
2034 5765 2136 5819 cui.
2168 5760 2234 5815 24
2267 5769 2321 5815 et
2352 5775 2499 5828 set“.
2535 5759 2663 5812 l'lot't
