3882 6318
508 354 606 408 197

1394 346 1948 405 ευΡΡιειιεΝτυδι
1987 353 2079 402 AD

2208 349 2344 403 EBA
2385 350 2443 404 S.
2484 348 2875 406 AUGUSTINI.
3637 351 3716 409 198

504 467 691 530 niensi,
711 480 766 534 p.
795 463 900 520 HQ
922 479 1004 531 sq.
1034 463 1154 532 Ipse
1179 469 1368 516 auctor
1391 459 1568 514 denuo
1591 458 1766 513 ideam
1789 459 1974 529 operis
1997 458 2080 513 sui
2111 460 2158 520 Α
2185 459 2380 525 dendi;
2428 460 2669 531 ejusdem
2702 460 2919 516 libellus
2958 459 3029 516 de
3066 460 3468 523 Catecbizandis
3507 459 3714 521 rudibus.

504 555 797 612 delineavit
846 555 1077 623 epistola
1123 554 1324 607 inserta
1365 550 1547 605 Diario
1583 549 1797 617 Italico,
1838 548 2084 604 Giornale

505 647 561 698 di
590 645 824 699 Minerva
842 644 906 699 Τ.
937 643 1001 697 lli
1030 654 1172 713 part.
1207 658 1245 709 t,
1269 658 1323 711 p.
1345 640 1443 704 29,
1466 639 1691 695 Venetiis
1713 640 1857 707 apud
1885 639 2087 693 Albric-

506 736 641 789 cium
669 734 829 800 1700,
850 734 1055 803 in-fol.,
1077 732 1179 787 hoc
1204 732 1394 788 titulo:
1416 728 1624 784 Lettera
1648 730 1700 783 al
1723 727 2085 783 lllus'rissimo

507 825 571 877 ed
603 822 971 877 Eruditissimo
1002 824 1119 893 Sig.
1139 822 1361 876 Antonio
1385 818 1782 895 Magliabecclti,
1802 817 2084 873 Bibliothe-

508 916 649 969 cario
675 915 760 969 del
789 914 1129 970 Serenissimo
1152 913 1300 971 Grau
1326 913 1471 968 Daca
1494 914 1546 966 di
1572 910 1831 975 Toscana,
1859 911 1912 964 in
1938 911 2023 967 cui
2042 911 2088 965 si

509 1009 740 1061 contiene
773 1008 1123 1078 "argomento,
1151 1025 1179 1061 e
1210 1008 1243 1061 Γ
1248 1009 1366 1061 idea
1395 1004 1534 1059 della
1565 1022 1660 1060 sua
1705 1020 1861 1075 opera
1888 1006 1976 1077 gia
1999 1004 2086 1059 ul-

507 1102 805 1154 timamente
823 1109 1081 1168 stampata
1106 1100 1187 1153 col
1214 1097 1382 1163 titolo,
1408 1097 1607 1151 Anium:
1636 1098 1877 1151 Immanis
1897 1105 2087 1151 natura

506 1192 571 1245 ab
600 1191 889 1263 Augustino
932 1194 1149 1253 detecta,
1181 1200 1315 1256 ctc.,
1344 1197 1581 1245 testante
1611 1189 1833 1244 Antonio
1880 1186 2088 1262 Hangi-

506 1292 616 1338 tore
645 1283 699 1339 in
729 1281 871 1336 Bibl.
899 1282 1085 1335 Sicula
1109 1281 1171 1335 Τ.
1208 1279 1271 1342 ll.
1303 1294 1359 1349 p.
1391 1280 1453 1333 7t
1480 1278 1578 1351 (α).

730 1370 823 1425 γι.
842 1400 914 1412 -—
935 1372 1051 1441 (l0)
1085 1371 1161 1425 De
1184 1372 1345 1427 libero
1374 1373 1596 1426 Arbitrio
1631 1372 1718 1426 lib.
1744 1381 1869 1426 tres.

582 1463 740 1519 1521.
781 1463 1022 1529 Basiletz,
1069 1466 1233 1518 its-8°
1266 1466 1328 1519 D.
1362 1464 1645 1534 AuguSIini
1676 1465 1741 1519 de
1779 1465 1951 1519 libero
1985 1465 2089 1519 Ar.

508 1556 670 1611 bitrio
700 1556 735 1609 Ι.
777 1555 871 1611 Ill.
923 1556 1005 1611 Ad
1038 1557 1196 1611 ﬁdem
1229 1556 1343 1611 Cat.
1388 1555 1525 1610 Bibl.
1562 1556 1789 1628 Traject.
1835 1572 1891 1626 p.
1932 1571 1991 1621 tt,
2033 1569 2087 1625 p.

509 1648 600 1718 59,
626 1648 845 1702 laudant
870 1648 1251 1704 Colonienscs.

582 1739 744 1802 1568.
787 1739 1260 1808 Coloniw,in-19..
1308 1741 1471 1798 Iidem
1521 1740 1646 1795 libri
1693 1739 1746 1795 in
1790 1734 2091 1795 Enrhiridii

2189 549 2303 606 Cat.
2335 549 2474 607 Bibl.
2509 550 2637 622 Reg.
2669 550 2841 610 Paris.

2359 642 2464 697 IX.
2490 674 2559 684 —
2579 644 2696 714 (l9)
2733 644 2812 698 De
2840 644 3087 700 Sermone
3111 645 3298 699 Christi
3323 646 3374 698 in
3402 654 3580 700 monte.

2261 738 2419 801 1685.
2463 737 2640 806 Paris,
2688 739 2812 802 dies
2846 738 3021 807 Andre
3060 737 3323 803 Pralard;
3372 736 3537 791 iit-li.
3600 756 3616 789 ι
3642 738 3721 799 Les

2188 826 2617 884 Commentaires
2646 828 2712 884 de
2740 829 2800 884 S.
2832 831 3091 898 Augustin
3129 844 3222 883 sur
3253 830 3301 884 Ie
3337 828 3557 884 Sermon
3589 829 3646 882 de
3675 830 3721 883 N.

2190 917 2249 973 S.
2281 935 2375 974 sur
2402 918 2450 973 la
2480 930 2765 989 montagne
2787 961 2802 984 .
2844 920 2934 990 qui
2961 919 3313 975 contiennent
3356 926 3529 973 toutes
3571 919 3636 972 les
3662 920 3725 979 te-

2189 1009 2303 1080 gles
2332 1010 2400 1065 de
2440 1011 2487 1065 la
2526 1013 2732 1067 morale
2778 1011 3094 1068 chrétienne
3115 1054 3129 1077 ,
3183 1011 3416 1067 traduits
3439 1026 3505 1065 en
3535 1011 3728 1079 itancaii

2190 1114 2289 1170 par
2318 1099 2495 1155 Pierre
2516 1099 2777 1157 Lombert.
2794 1120 2811 1154 ι
2841 1101 3026 1172 Capita
3052 1102 3260 1173 singula
3290 1102 3610 1169 argumentis
3633 1116 3727 1153 sunt

2192 1192 2473 1250 instructa.
2516 1193 2601 1248 Cl.
2648 1194 2872 1248 Journal
2908 1196 2997 1251 des
3042 1193 3241 1263 Sarans
3298 1192 3460 1263 1683,
3493 1208 3543 1246 n.
3574 1191 3727 1249 XXIII.

2192 1298 2247 1353 p.
2269 1282 2397 1340 275.

2266 1373 2425 1429 1767.
2467 1372 2735 1437 Mantora,
2761 1375 2905 1430 in—8°
2941 1373 2990 1429 tl
3024 1374 3127 1430 due
3157 1373 3277 1428 libri
3309 1373 3361 1427 di
3401 1373 3461 1429 S.
3495 1372 3735 1443 Agestino,

2193 1480 2290 1535 per
2336 1465 2601 1534 ispiegare
2650 1466 2687 1520 il
2734 1465 3138 1535 Ragionamento
3178 1465 3261 1519 del
3294 1466 3579 1520 Redentore
3606 1482 3635 1517 a
3660 1463 3735 1517 Di-

2192 1556 2385 1623 scepoli
2412 1556 2497 1610 sul
2534 1555 2731 1621 Monte,
2779 1567 2908 1622 ctc.,
2951 1556 3088 1611 trad.
3132 1558 3183 1611 in
3213 1557 3357 1620 Ital.,
3401 1573 3504 1612 con
3534 1569 3647 1611 note
3669 1558 3735 1611 del

2198 1646 2263 1702 P.
2296 1647 2541 1718 Agostino
2566 1648 2753 1702 Nicolo
2780 1646 3054 1702 Biancltia
3088 1646 3203 1705 Cat.
3228 1646 3366 1709 Bibl.
3401 1647 3566 1702 Firm.

2268 1737 2427 1790 Plura
2465 1738 2533 1792 de
2580 1736 2665 1792 his
2708 1736 2863 1793 libris
2908 1736 3184 1806 disputare
3219 1737 3373 1791 Riclt.
3404 1737 3678 1793 Simonium
3698 1736 3737 1790 in

511 1826 738 1883 formam
764 1829 987 1883 redacti.
1023 1802 1275 1893 Ejusdem
1301 1830 1369 1885 de
1395 1830 1871 1885 Prmdcstinatione
1892 1839 1945 1883 ct
1966 1829 2094 1883 Gra-
2123 1802 2170 1860 Β
2197 1826 2340 1881 Hist.
2372 1825 2503 1882 Crit.
2527 1825 2863 1886 Commentat.
2895 1827 2969 1883 N.
2995 1802 3075 1882 ⁷Τ.
3113 1843 3234 1896 cap.
3270 1829 3336 1883 l7
3365 1836 3585 1882 monent
3610 1826 3739 1880 Colo-

511 1918 585 1971 tia
622 1918 761 1973 liber
801 1934 956 1972 unus.
1013 1920 1257 1974 Laudant
1312 1920 1616 1975 Possevinus
1656 1921 1791 1990 App.
1857 1935 1908 1989 p.
1966 1920 2087 1984 154,

515 2006 809 2062 Hendreich
832 2007 1004 2062 Pand.
1030 2007 1259 2065 Brandb.
1292 2025 1343 2078 p.
1374 2010 1498 2065 3M.
1542 2010 1624 2063 Cl.
1667 2010 1760 2065 lib.
1794 2011 1855 2063 de
1886 2008 2089 2063 Gratia.

584 2097 787 2152 Gallice
810 2098 1042 2155 reddidit
1076 2100 1403 2172 Villefortius
1428 2117 1549 2157 cum
1575 2101 1724 2155 libris
1755 2102 1817 2152 tle
1842 2099 2089 2154 Dortrina

513 2186 829 2251 Christiana.

839 2278 973 2332 νιι.
999 2308 1069 2320 -—
1091 2278 1209 2351 (15)
1237 2279 1316 2335 De
1340 2298 1457 2336 vera
1487 2281 1775 2351 Religion».

586 2369 926 2439 Singularem
960 2371 1119 2439 hujus
1151 2372 1274 2427 lihri
1304 2375 1593 2427 editionum
1643 2374 1896 2439 l’etteliis,
1934 2373 2093 2437 14κᾶ,

515 2462 569 2514 in
598 2461 660 2515 ιο
690 2476 975 2531 procusam
1008 2463 1231 2519 laudant
1256 2466 1641 2531 Colonieuses;
1665 2467 1757 2521 sed
1783 2480 2091 2534 perperam.

516 2550 651 2605 Nam
681 2566 841 2622 quam
873 2553 947 2607 illi
979 2554 1239 2621 viderint,
1272 2570 1338 2611 ea
1360 2556 1492 2610 nihil
1522 2557 1751 2626 amplius
1782 2555 1900 2620 luit,
1934 2571 2093 2633 quam

515 2642 780 2709 particula
828 2654 882 2700 et
923 2645 1141 2713 quidem
1188 2654 1451 2711 extrema,
1483 2647 1865 2714 Opnsculorum
1895 2648 2093 2702 ibidem

512 2732 816 2801 editorum;
836 2735 1056 2793 uudeex
1078 2738 1481 2810 subscriptione
1504 2740 1570 2793 ad
1596 2740 1798 2795 calcem
1822 2740 2097 2809 proyosita

517 2824 715 2883 licebat
746 2825 1027 2883 hariolari.

816 2910 821 2915 ’
1117 2954 1125 2961 ι
1172 2920 1465 2973 Versiones.

585 3006 731 3063 Duas
770 3010 914 3064 illius
963 3011 1219 3063 versiones
1266 3007 1496 3061 Gallicas
1539 3007 1656 3075 jam
1706 3019 1873 3074 supra
1922 3007 2098 3062 obiter

514 3102 1081 3154 commemoravimus.
1127 3096 1385 3153 Prodicre
1415 3106 1593 3152 autem

2198 1919 2450 1984 nienSes;
2498 1934 2607 1973 non
2640 1918 2767 1973 item
2808 1916 2963 1972 Baelii
3003 1926 3129 1973 sunt
3161 1921 3213 1972 in
3245 1918 3443 1973 librum
3472 1918 3741 1977 observata,

2196 2024 2316 2076 qua:
2346 2007 2509 2063 iidem
2536 2008 2756 2063 laudant
2779 2025 2845 2062 ex
2879 2009 3210 2064 Dictinnario
3238 2010 3354 2078 ejus
3395 2025 3447 2063 ν.
3496 2008 3745 2079 Septimius
3834 1998 3835 2021 Τ

2196 2098 2496 2168 Acindgnos
2514 2115 2534 2164 ;
2575 2097 2669 2153 sed
2714 2098 2782 2153 ibi
2810 2099 3127 2168 simpliciter
3153 2101 3444 2168 exponitur
3473 2098 3744 2156 historiola,

2199 2206 2356 2258 quam
2381 2188 2679 2244 Constantii
2713 2193 3046 2259 temporibus
3074 2190 3375 2254 Antiochiae
3410 2190 3512 2243 sub
3545 2185 3753 2269 Acindy:

2198 2296 2270 2335 nu
2316 2281 2572 2349 pratleCto
2620 2281 2881 2337 accidisse
2921 2282 3251 2351 Augustinus
3301 2292 3492 2337 narrat
3539 2295 3657 2358 cap.
3704 2274 3754 2331 50

2199 2373 2293 2427 lib.
2333 2388 2371 2427 ι.

2254 2463 2323 2517 Χ.
2348 2491 2416 2505 -
2439 2462 2553 2535 (25,
2578 2463 2667 2528 21,
2690 2462 2783 2533 25)
2808 2463 3128 2532 Augustinus
3156 2462 3208 2515 in
3240 2460 3513 2529 Epistolas
3546 2459 3718 2513 Pauli.

2269 2554 2426 2625 1499.
2470 2555 2690 2613 Parisiis
2709 2596 2724 2620 ,
2767 2571 2859 2628 per
2887 2554 3075 2610 Udalr.
3105 2554 3305 2625 Hering
3327 2562 3373 2607 et
3403 2550 3593 2605 Berth.
3633 2550 3759 2605 Rem-

2199 2648 2324 2702 bolt.
2380 2666 2400 2701 t
2450 2648 2570 2703 Divi
2622 2648 2903 2719 Augustini
2972 2648 3026 2702 in
3087 2661 3270 2701 sacras
3306 2645 3461 2699 Pauli
3511 2644 3757 2715 Epistolas

2200 2754 2336 2794 nova
2379 2746 2436 2793 et
2464 2738 2729 2793 hactenus
2767 2735 3085 2792 abscondita
3125 2735 3504 2804 interpretatio
3530 2753 3545 2791 :
3572 2750 3664 2805 per
3686 2750 3753 2789 vc-

2202 2831 2492 2887 nerabilem
2521 2829 2719 2885 Bedam
2750 2844 2819 2887 ex
2851 2827 3149 2883 innumeris
3181 2826 3325 2881 illius
3347 2826 3625 2881 codicibus
3645 2828 3750 2881 mira

2199 2918 2460 2975 industria
2501 2932 2823 2986 summoque
2866 2918 3048 2972 labore
3091 2917 3317 2973 collecta
3343 2957 3358 2981 ,
3397 2916 3487 2971 ubi
3516 2917 3638 2988 quid
3667 2918 3748 2985 pri-

2202 3022 2346 3059 mum
2398 3008 2675 3061 ammirari
2708 3008 2938 3073 debeas,
2993 3022 3099 3065 non
3133 3008 3289 3063 facile
3312 3008 3612 3077 judicabis:
3641 3007 3748 3062 diti-

2151 3159 2172 3182 η
2204 3112 2399 3150 numve
2434 3095 2745 3165 interpretis
2778 3096 3051 3165 ingenium
3081 3113 3097 3152 :
3136 3107 3229 3152 aut
3259 3098 3587 3167 singularettt
3619 3096 3750 3152 Beda:

588 3188 748 3243 1617.
793 3188 968 3254 Paris,
997 3190 1121 3242 cites
1141 3191 1333 3244 Anton.
1370 3189 1539 3254 νηπίη
1562 3190 1614 3242 in
1649 3190 1710 3244 8°
1733 3187 1839 3243 tLe
1866 3186 2007 3243 livre
2030 3189 2100 3244 de
2128 3162 2172 3221 (δ
2207 3189 2258 3241 in
2309 3162 2651 3257 excerpendo
2700 3162 2900 3255 pariter
2955 3196 3011 3249 et
3064 3162 3408 3258 expingendo
3462 3189 3748 3244 sollertiam.

512 3281 571 3336 S.
622 3280 908 3347 Augustin,
965 3280 1040 3335 De
1069 3280 1119 3334 la
1148 3279 1416 3337 véritable
1466 3282 1729 3352 religion,
1781 3280 1984 3335 traduit
2028 3295 2096 3335 en

514 3367 772 3434 l'rancois,
802 3382 935 3423 avec
971 3369 1020 3424 le
1048 3371 1180 3429 latin
1212 3372 1461 3435 cnsnite,
1506 3387 1675 3428 reveu
1714 3379 2097 3437 exactement;

515 3474 612 3530 par
637 3460 865 3515 Antoine
894 3464 1129 3517 Arnauld
1146 3506 1161 3528 ,
1195 3463 1425 3519 docteur
1448 3463 1515 3519 de
1547 3464 1886 3519 Sorbonne.r
1924 3463 2096 3532 Repe-

516 3553 610 3606 tita
642 3560 726 3607 est
751 3552 1018 3609 Brmllis
1048 3556 1205 3611 1675.
1249 3554 1649 3625 Theologorum
1682 3555 2098 3610 Lovanieusium

514 3658 737 3701 errores
772 3658 802 3698 a
848 3660 909 3701 se
936 3646 1259 3701 observatos
1308 3647 1681 3716 antiquiorum
1718 3646 2018 3700 editionum
2045 3654 2102 3701 et

517 3736 725 3806 aliquot
769 3750 900 3790 mss.
927 3737 1179 3791 codicum
1215 3750 1320 3802 ope
1350 3735 1669 3789 emendasse
1697 3736 1750 3789 in
1782 3738 2101 3804 praefatione

517 3825 799 3889 professus
826 3834 932 3876 est.
973 3824 1099 3879 Vid.
1131 3823 1328 3894 Magna
1358 3823 1491 3877 Bibl.
1519 3823 1702 3879 Colon.
1748 3837 1805 3881 et
1845 3828 1965 3882 Ant.
2002 3830 2102 3883 Ar-

520 3914 735 3966 naldus.
770 3913 968 3966 lterata
1001 3916 1117 3968 vice
1148 3914 1345 3983 prodiit
1372 3931 1421 3968 a.
1462 3917 1599 3972 H552
1622 3928 1675 3970 et
1706 3917 1861 3971 1657.
1907 3919 2101 3975 Nescio

520 4019 674 4071 vero,
701 4005 793 4073 qui
823 4004 962 4062 liber
1005 4007 1155 4074 prior
1185 4007 1255 4061 sit
1285 4008 1337 4060 in
1366 4007 1641 4063 volumine
1663 4052 1678 4072 ,
1722 4009 1880 4077 quive
1922 4020 2101 4077 poste-

520 4096 652 4149 rior.
694 4095 942 4163 Utroque
968 4098 1111 4151 enim
1147 4098 1307 4152 modo
1332 4099 1607 4167 profertur
1630 4116 1655 4150 a
1691 4100 2099 4169 bibliograpltis.

590 4185 752 4249 1690.
797 4184 977 4251 Paris,
1028 4188 1152 4241 cltcz
1189 4205 1341 4244 vcuve
1384 4189 1739 4257 lean-Bapt.
1787 4188 2100 4261 Cofgnard;

518 4276 573 4330 in
610 4276 695 4331 8ο.
736 4277 873 4333 tLes
904 4276 1047 4332 deus
1083 4279 1247 4334 livrcs
1276 4281 1344 4336 de
1372 4281 1453 4335 St.
1487 4281 1785 4349 Augustin,
1832 4281 1908 4335 De
1936 4282 1983 4335 la
2011 4282 2103 4336 νέ-

520 4367 717 4425 ritable
743 4367 973 4437 religion
1000 4378 1056 4424 et
1082 4368 1180 4423 des
1200 4385 1406 4425 mmurs
1432 4371 1500 4425 de
1530 4370 1746 4439 l‘Eglise
1766 4372 2098 4443 catltolique,

518 4461 752 4523 traduits
782 4475 851 4515 en
877 4459 1112 4529 francois
1150 4478 1242 4517 sur
1281 4463 1518 4518 l‘édition
1548 4463 1714 4519 latine
1740 4465 1837 4520 des
1867 4464 1971 4520 PP.
2000 4465 2097 4521 Βέ-

519 4553 814 4621 nédictins,
849 4566 982 4607 avec
1011 4554 1109 4608 des
1135 4563 1293 4609 notes
1323 4563 1380 4609 et
1412 4554 1509 4611 des
1544 4571 1827 4611 noureaux
1855 4557 2101 4612 sommai-

518 4661 606 4701 res
635 4645 732 4702 des
756 4644 1064 4714 chapitrcs;
1094 4661 1191 4714 par
1214 4644 1457 4718 Philippe
1482 4646 1719 4702 Goibaud
1745 4649 1813 4701 du
1844 4649 2023 4703 Bois.)

777 4738 843 4792 Vl
857 4737 942 4794 ΙΙ.
967 4771 1037 4780 -
1055 4739 1167 4811 (Η)
1202 4738 1275 4793 De
1304 4739 1538 4795 lltilitate
1563 4742 1827 4795 credendi.

590 4827 749 4882 1602.
794 4830 1150 4902 Moguntitv...
1184 4832 1240 4887 S.
1274 4833 1556 4901 Augustini
1582 4833 1725 4887 liber
1746 4833 1818 4887 de
1851 4834 2098 4890 Iitilitato

519 4918 782 4991 prodendi
831 4922 899 4975 ad
943 4924 1303 4983 Honoratum.
1354 4927 1730 4996 Argumentis,
1770 4928 1911 4980 notis
1941 4937 2100 4995 atque

518 5010 735 5082 pnalysi
768 5011 1069 5070 illustratus
1107 5034 1134 5069 a
1178 5019 1332 5074 Justo
1374 5018 1607 5075 Calvino.
1661 5020 1848 5073 Exstat
1878 5020 1929 5073 iu
1958 5019 2101 5085 ejus.

516 5102 645 5166 dem
674 5102 777 5161 sub
801 5105 1066 5159 ementito
1094 5112 1314 5164 nomine
1335 5110 1473 5165 Iusti
1500 5111 1707 5165 Buronii
1737 5110 2101 5178 Pra’striplio-

521 5207 646 5258 nam
677 5192 797 5246 adv.
840 5190 1043 5261 ﬂleret.
1070 5194 1246 5251 Tract.
1271 5214 1300 5250 a
1331 5215 1383 5267 p.
1408 5201 1532 5254 £25.
1560 5201 1614 5254 In
1636 5202 1749 5255 Cat.
1775 5200 1913 5254 Bibl.
1946 5199 2101 5254 Bodl.

518 5285 777 5355 eumdem
804 5286 999 5347 librum
1033 5287 1307 5342 laudatum
1337 5290 1553 5345 invenio
1583 5307 1636 5346 a.
1665 5294 1824 5348 1605.

599 5379 761 5438 1680.
801 5378 1043 5441 Lovam'i,
1072 5395 1162 5447 per
1198 5379 1416 5436 Hieron.
1466 5381 1786 5451 Nentpeum;
1830 5385 2007 5438 iit-{2.
2042 5384 2103 5436 D.

527 5474 809 5545 Augustini
835 5473 975 5530 liber
992 5487 1130 5527 unus
1157 5473 1222 5527 ad
1258 5473 1608 5537 Honoratum,
1634 5473 1701 5530 de
1724 5474 1964 5531 Utilitate
1984 5492 2104 5532 cro-

598 5607 677 5679 (a)
708 5612 992 5666 Auctorem
1035 5612 1171 5668 Bibl.
1223 5610 1414 5667 Sicula:
1448 5628 1551 5663 non
1586 5612 1715 5665 satis
1766 5613 1981 5666 curiose
2016 5612 2095 5666 in-

526 5681 707 5746 spexit
732 5689 921 5734 auctor
941 5683 1100 5749 hujus
1127 5682 1339 5737 articuli
1368 5681 1420 5735 in
1452 5680 1585 5735 Bibl.
1617 5682 1754 5735 Eccl.
1776 5682 2093 5744 Coloniensi,

525 5752 652 5819 dum
692 5751 963 5813 duplicem
1008 5752 1167 5815 hujus
1216 5752 1454 5816 episton
1498 5752 1786 5831 editionem
1815 5790 1828 5814 .
1871 5753 2096 5809 alteram

2128 4514 2178 4573 Ι)

2205 3277 2504 3348 Utcumque
2539 3279 2649 3333 sit:
2692 3277 3002 3333 Abissalem
3053 3278 3122 3333 ibi
3168 3285 3478 3346 compertes
3526 3277 3748 3334 eruditio-

2201 3383 2345 3424 nem.
2389 3369 2559 3424 Porro
2603 3368 3037 3438 interpretationi
3083 3367 3323 3438 praelatae
3355 3379 3568 3440 septem
3591 3380 3752 3422 aureas

2201 3460 2573 3530 Chrysostomi
2621 3459 2849 3521 omelias
2891 3459 3167 3529 sapientes
3213 3458 3419 3515 addere
3467 3463 3752 3515 curaverunt

2201 3551 2559 3620 impressores
2588 3568 2601 3604 :
2628 3549 2826 3621 quibus
2852 3551 3186 3607 clarissimas
3218 3550 3364 3605 Pauli
3389 3551 3602 3615 laudes,
3627 3549 3752 3605 dotes

2201 3651 2255 3698 et
2283 3643 2553 3712 praeconia
2584 3656 2749 3712 parvo
2777 3642 2991 3713 labore,
3038 3642 3135 3698 sed
3163 3658 3270 3698 non
3315 3628 3580 3698 mediocri
3609 3644 3751 3696 fructu

2202 3737 2362 3791 facile
2390 3736 2761 3806 deprehendet
2810 3737 2980 3791 lector
3011 3736 3310 3791 studiosus.
3341 3753 3361 3786 ι
3406 3734 3543 3805 Haec
3568 3732 3749 3792 titulus;

2207 3830 2290 3885 cui
2324 3829 2546 3899 insuper
2569 3828 2781 3899 insigne
2809 3828 3247 3885 Remlioltianum
3283 3837 3337 3882 et
3366 3828 3685 3899 epigramma
3712 3824 3750 3874 in

2199 3926 2381 3994 operis
2405 3921 2934 3977 commendationem
2963 3921 3251 3989 impressa.
3281 3919 3335 3973 In
3363 3921 3479 3975 line
3502 3921 3751 3975 Commen-

2200 4016 2463 4072 tariorum
2498 4013 2550 4067 in
2585 4011 2685 4081 Ep.
2718 4009 2784 4066 ad
2813 4011 3091 4075 Hebraeos,
3118 4018 3238 4080 post
3259 4010 3535 4080 epilogum
3554 4052 3570 4077 ,
3598 4005 3750 4077 aperis

2200 4119 2467 4160 summam
2499 4104 2692 4161 iterum
2720 4088 3381 4168 verbiscomplectentem
3412 4118 3429 4154 :
3467 4100 3749 4170 [inpressum

2200 4208 2273 4251 est
2301 4208 2468 4253 autem
2507 4211 2730 4265 pra'sens
2768 4210 2897 4259 aptis
2923 4194 2989 4246 ad
3028 4194 3390 4264 omnipotentis
3422 4193 3520 4248 Dei
3561 4190 3751 4263 gloriam

2199 4298 2249 4343 et
2278 4289 2510 4356 ﬁdelium
2552 4287 2837 4341 salutarem
2880 4286 3221 4339 eruditionem
3259 4301 3415 4354 opera
3468 4295 3514 4338 et
3550 4284 3751 4349 impensa

2205 4379 2442 4435 Udalrici
2470 4378 2672 4448 Hering
2702 4386 2749 4431 et
2786 4378 3021 4449 magistri
3059 4375 3329 4430 Bertltoldi
3358 4374 3590 4428 liembolt
3613 4368 3751 4424 socios

2203 4489 2336 4525 rum.
2372 4470 2656 4525 Parrltisiis
2686 4469 2739 4522 in
2773 4468 2899 4523 Sole
2939 4466 3107 4520 Aurea
3147 4466 3246 4520 vici
3285 4464 3573 4519 Sorboniri.
3627 4460 3749 4514 Anno

2211 4561 2596 4628 Incarnationis
2659 4558 2950 4613 Dominirw
3012 4552 3439 4611 MCCCCXCIX.
3507 4552 3602 4607 Die
3655 4560 3749 4602 vero

2210 4650 2469 4707 XXVIII
2514 4648 2842 4704 Novembris.
2885 4647 3207 4703 Praccdunt
3234 4661 3356 4701 cum
3395 4645 3565 4699 indice
3590 4639 3752 4708 alpbav

2209 4744 2391 4799 betico
2434 4758 2612 4797 rerum
2661 4756 2725 4796 ac
2766 4740 3055 4796 verborum
3097 4736 3387 4797 admodum
3416 4735 3647 4805 copioso,
3677 4726 3749 4798 qui

2208 4849 2399 4890 aversa
2432 4833 2612 4891 statim
2641 4831 2783 4885 tituli
2814 4829 3003 4899 pagina
3027 4827 3236 4897 incipit,
3267 4824 3607 4896 praefationes
3632 4818 3749 4873 (ἱαιιο

2210 4927 2333 4998 fridi
2364 4924 2651 4978 Boussardi
2677 4923 3031 4992 theologorum
3067 4919 3303 4987 minimi,
3349 4918 3416 4971 ad
3448 4917 3649 4970 Petrum
3670 4908 3747 4962 St-

2210 5016 2491 5070 ctirabilem
2515 5016 2804 5085 (sacrarum
2827 5012 3114 5065 litterarum
3138 5011 3469 5085 interpretem
3499 5000 3747 5059 archidial‘.

2212 5105 2547 5175 Rotltomag.)
2573 5106 2740 5174 adque
2762 5118 2935 5157 omnes
2961 5101 3096 5159 viros
3123 5102 3379 5155 studiosos
3406 5110 3453 5153 et
3480 5100 3577 5152 litt.
3600 5103 3747 5146 antanv

2209 5206 2283 5252 les
2311 5199 2363 5249 in
2394 5210 2609 5263 sequens
2638 5192 2794 5246 Bede
2822 5202 2869 5245 ct
2900 5192 3177 5261 Augustini
3215 5206 3376 5259 opus,
3402 5199 3446 5245 et
3467 5186 3622 5245 sancti
3651 5178 3749 5234 Ilic-

2211 5285 2416 5355 rongmi
2440 5285 2492 5339 in
2520 5300 2693 5339 omnes
2722 5282 2983 5351 Epistolas
3006 5281 3185 5336 Pauli.

2286 5378 2561 5435 Vetustam
2612 5376 2753 5431 hanc
2794 5373 2945 5429 Flori
2992 5372 3366 5441 Lugdunensis
3416 5371 3751 5437 Excerptorum

2213 5472 2507 5529 editionem
2535 5483 2967 5528 cotiimcmorare
2995 5467 3164 5521 visum
3197 5476 3302 5531 est,
3330 5481 3434 5525 non
3469 5463 3631 5517 solum
3654 5451 3750 5522 quia

2207 5611 2437 5666 seorsim
2480 5625 2531 5665 a.
2579 5610 2715 5665 1700
2768 5608 2896 5663 Ven.
2947 5609 3152 5677 in-fol.,
3206 5608 3433 5663 alteram
3483 5596 3752 5677 inlaudato

2212 5681 2395 5735 Diario
2438 5682 2613 5750 lingit,
2655 5696 2776 5733 eum
2806 5680 2986 5747 potius
3009 5673 3117 5750 hoc
3134 5673 3264 5750 ipso
3286 5692 3437 5750 anno
3462 5673 3653 5750 ct__|oco
3683 5676 3751 5750 εξ·

2210 5767 2314 5827 que
2346 5737 2766 5816 [οηιιεῖιεὶιῖιιιιι
2800 5737 3049 5807 i-otumcn
3086 5737 3246 5813 Diarii
3283 5748 3426 5802 illius
3454 5744 3646 5800 editum
3678 5737 3753 5793 sit.
