3882 6386
119 350 205 406 19.9

114 552 270 605 etiam
303 553 610 615 propterea,
637 543 779 610 quod
808 555 936 596 mss.
967 540 1082 610 ejus
1111 537 1447 595 collectionis
1468 537 1684 590 codices

114 641 252 696 haud
274 653 392 694 raro
421 652 544 692 cum
585 638 760 690 fructu
792 651 822 688 a
863 634 965 688 PP.
997 633 1252 689 Maurinis
1278 630 1511 690 consulti
1537 639 1681 685 sunt.

181 826 253 880 Ad
297 822 595 892 Epistulam
645 819 711 872 ad
761 819 1029 874 Romanos
1066 827 1276 888 spectat
1301 834 1435 888 opus
1464 833 1490 871 a
1523 818 1685 873 Colo-

114 916 379 972 niensibus
407 913 682 967 laudatum
709 925 725 963 :
761 910 1081 980 Augustinus
1104 952 1118 978 ,
1152 907 1308 963 Pauli
1332 909 1400 963 ad
1421 910 1684 966 Romanos

111 1011 358 1076 interpres
399 1002 676 1071 apostolico
717 1031 738 1042 -
776 1013 984 1054 romano
1016 1031 1037 1042 —
1070 1002 1355 1055 catholicus
1379 1042 1393 1066 ,
1445 1019 1534 1055 seu
1586 1000 1686 1054 Via

130 1097 361 1150 Veritatis
385 1103 429 1147 et
458 1092 604 1157 Viue,
638 1092 691 1144 in
718 1091 914 1144 unitate.
937 1092 1058 1160 [idei
1087 1092 1350 1160 salvi/icto,
1397 1108 1486 1160 per
1507 1092 1683 1161 genui-

111 1204 233 1240 nam
250 1185 718 1250 interpretationem
745 1181 806 1237 S.
831 1181 1103 1251 Augustini
1123 1199 1277 1253 super
1306 1181 1592 1253 Epistulam
1619 1182 1687 1235 ad

115 1279 369 1332 Rmnanos
385 1317 401 1341 ,
451 1290 640 1345 perque
659 1274 828 1327 uarias
852 1273 1187 1326 deductiones
1217 1273 1524 1343 Theologico
1544 1305 1566 1314 -
1593 1291 1686 1343 po-

111 1370 337 1430 temiras,
369 1378 552 1420 contra
583 1366 790 1428 Atheos,
836 1363 1100 1436 Paganos,
1137 1365 1372 1432 Judreos,
1417 1365 1686 1419 Muhome-

111 1471 274 1522 tanos,
317 1457 610 1511 [hereticos
651 1467 697 1509 et
736 1453 983 1524 Inﬁdeles
1023 1472 1390 1524 quoscumque,
1423 1458 1689 1509 nor-issimc

108 1567 166 1602 ac
204 1550 474 1619 perspicue
522 1547 873 1600 demonstrata
916 1564 1004 1616 per
1044 1534 1224 1601 linum
1251 1564 1314 1600 ιι.
1361 1547 1520 1600 Fraus
1561 1549 1684 1602 Soc.

111 1639 255 1707 Jesu,
280 1641 342 1696 S.
361 1638 524 1694 theol.
551 1640 797 1693 doctoris.
818 1639 1055 1692 Coleniae
1078 1640 1300 1708 Agripp.
1327 1639 1484 1705 1696,
1509 1643 1684 1711 iri-fol.

488 1729 595 1783 XI.
626 1759 695 1770 ——-
718 1727 832 1800 (27)
864 1730 940 1783 De
966 1729 1309 1784 Continentia.

189 1822 484 1877 Version'em
514 1821 673 1889 hujus
703 1821 822 1875 libri
854 1819 1111 1873 Gallicam
1141 1837 1191 1873 ν.
1225 1821 1357 1875 inira
1388 1831 1440 1875 n.
1468 1838 1596 1876 xvll.

114 1913 254 1966 ΧΗ.
282 1912 487 1984 —'(‘29)
515 1911 593 1964 De
623 1909 835 1963 diversis
861 1909 1236 1976 Qurt’stionibus
1272 1910 1386 1964 VII
1414 1911 1532 1965 libri
1563 1911 1686 1965 duo.

187 2004 327 2058 Editi
375 2012 503 2057 sunt
547 2003 601 2055 in
649 2000 969 2055 colluuione
1001 1999 1355 2064 Quaslionum
1387 2003 1688 2071 Augustini,

122 2095 358 2162 Lugduni
395 2093 557 2162 M97,
601 2093 824 2162 in-fol.,
865 2105 1024 2160 quam
1072 2091 1194 2146 vide
1244 2091 1384 2147 inter
1428 2092 1692 2163 0ptt.t‘ula

120 2187 364 2257 rjusdem.

321 2276 504 2333 XIII.
531 2309 598 2317 —
621 2278 731 2349 (32)
774 2278 849 2332 De
877 2276 1127 2333 Doctrina
1161 2277 1477 2334 Christiana.

181 2372 323 2423 δερ.
352 2367 468 2423 XV.
494 2398 567 2408 -—
590 2367 715 2423 Siue
762 2385 898 2421 anno
945 2378 991 2421 et
1041 2371 1173 2430 loco,
1207 2368 1384 2438 in-fol.
1418 2368 1473 2424 S.
1507 2369 1690 2439 Angu-

123 2462 242 2513 stini
292 2474 380 2528 ep.
423 2459 486 2512 de
535 2458 792 2513 Doctrina
834 2458 1144 2513 Christiana
1188 2460 1308 2514 libri
1347 2461 1432 2514 ιν.
1479 2458 1692 2514 Profert

125 2552 210 2604 Ge.
249 2551 385 2621 Prny
427 2553 479 2606 in
507 2551 693 2604 Indice
741 2551 857 2605 libr.
902 2568 1008 2605 rar.
1051 2551 1186 2608 Bibl.
1220 2551 1473 2606 Budensis
1504 2562 1689 2622 typum

129 2644 538 2698 vetustissimum
567 2644 777 2709 dicens,
802 2644 945 2712 quod
973 2659 1037 2698 ex
1065 2643 1276 2699 delectu
1306 2645 1513 2699 numeri
1547 2645 1693 2714 pagi-

134 2745 303 2787 narum
330 2775 345 2796 ,
398 2737 530 2788 item
577 2734 816 2787 custodis
859 2742 913 2789 et
962 2734 1191 2787 aliorum
1238 2734 1513 2802 signorum
1545 2746 1694 2788 recte

137 2826 544 2895 conjectaverat.
591 2825 754 2880 Addit
799 2825 870 2880 ibi
932 2827 1231 2881 sententias
1290 2825 1528 2895 singulas
1586 2839 1695 2880 uno

140 2921 313 2981 punctu
363 2931 489 2972 esse
534 2916 794 2970 discretas
816 2959 831 2984 ,
869 2910 1104 2972 litteram
1138 2919 1156 2970 ἰ
1184 2915 1386 2986 ubique
1411 2915 1692 2970 caudatam

142 3023 406 3075 apparere,
441 3017 549 3063 etc.
581 3017 838 3077 prmterea
866 3009 1071 3064 litteras
1097 3008 1339 3064 initiales
1369 3007 1696 3077 exemplaris

145 3098 270 3154 illius
295 3102 588 3171 picturatas
615 3115 762 3154 esse.
820 3101 973 3155 Adeo
1017 3109 1196 3154 autem
1228 3098 1452 3154 obtusus
1482 3107 1565 3152 est
1604 3113 1695 3153 vo-

1006 340 1281 396 NOTITM
1323 331 1743 391 LITTERARIA
1783 332 1846 386 IN
1885 332 1943 388 S.
1986 333 2456 391 AUGUSTINUM.

119 459 288 531 paucis
332 457 645 510 innotulsse
695 466 810 507 eam
874 451 1249 520 cognovimus,
1310 446 1404 501 sed
1453 440 1765 504 maximeA

3269 340 3363 395 130

1861 444 1987 500 Sine
2011 463 2148 499 anno
2177 457 2222 499 et
2247 447 2538 512 loco,in-8°
2577 450 2707 518 muj.
2735 448 2794 502 Β.
2814 448 3193 518 Augustini...
3229 453 3355 507 libet

1787 535 1854 590 de
1878 536 2128 590 Doctrina
2145 535 2448 590 Christiana
2465 537 2666 592 divisus
2687 539 2737 591 in
2759 550 2988 608 quatuor
3003 551 3204 609 partes.
3228 541 3366 596 lnci‘

1787 626 1865 696 pit
1906 629 2084 681 statim
2111 643 2140 680 a
2175 628 2396 698 prologo
2428 629 2548 683 libri
2580 629 2758 698 primi.
2789 630 2843 683 in
2876 632 2981 684 line
3017 648 3029 682 :
3060 629 3202 685 Finit
3233 648 3364 700 opus

1786 719 2044 787 egregium
2075 719 2259 771 aurelii
2297 721 2566 788 augustiui
2604 721 2899 791 ipponensis
2931 723 3011 792 cpi
3041 724 3104 775 de
3131 725 3366 779 doctrina

1785 797 1987 865 msh-ana
2025 809 2081 861 in
2127 821 2349 878 quatuor
2397 811 2556 864 libros
2607 812 2903 866 distinctum
2950 815 3122 868 valens
3167 797 3371 873 oiuiade

1789 913 1884 975 pro
1929 889 2162 959 itellectu
2229 895 2568 974 scripturam?
2593 916 2640 960 et
2688 908 2819 960 serie
2860 895 3118 978 profers-di
3159 912 3371 963 easdem

1787 1000 1960 1071 qualis
1981 1000 2102 1072 (sic)
2141 1001 2396 1055 doctorem
2432 1002 2571 1056 decet
2607 987 2958 1058 catholici—1....
2999 1002 3111 1058 Deo
3141 1005 3370 1074 gracius.

1861 1091 2189 1160 [inpressum
2219 1104 2303 1146 est
2329 1094 2582 1148 volumen
2609 1095 2927 1150 charactere
2953 1096 3181 1151 Gothico
3217 1098 3379 1152 lucu-

1790 1182 1937 1237 lento
1969 1183 2019 1236 in
2051 1184 2234 1238 charta
2260 1201 2391 1254 pura
2418 1196 2468 1239 et
2499 1185 2684 1238 densa.
2728 1187 2783 1239 in
2817 1188 3088 1255 superiori
3128 1189 3376 1258 margine

1791 1274 1936 1339 libri,
1962 1275 2016 1328 in
2042 1275 2282 1329 inferiori
2307 1293 2434 1331 vero
2461 1279 2685 1346 plagulas
2706 1296 2962 1332 numerus
2995 1288 3234 1348 notatur,
3269 1281 3366 1335 sed

1792 1365 2044 1418 custodes
2068 1378 2116 1419 ct
2151 1366 2396 1421 foliorum
2427 1370 2632 1422 numeri
2667 1370 2880 1422 desunt.

1862 1456 1989 1510 Siue
2017 1474 2154 1510 anno
2187 1470 2231 1510 et
2265 1457 2380 1512 loco
2428 1459 2793 1530 [Argentorati
2829 1462 2971 1529 apud
3001 1460 3090 1515 Jo.
3124 1461 3369 1516 Mentelii

1791 1545 2034 1616 num];in
2068 1549 2164 1615 fel.
2183 1549 2465 1618 Augustini
2499 1551 2635 1603 liber
2659 1551 2725 1604 de
2752 1551 2876 1606 Arte
2904 1552 3230 1621 praedicandi
3256 1553 3371 1620 (qui

1790 1649 2016 1706 quartus
2057 1647 2140 1692 cst
2170 1639 2410 1708 ejusdem
2440 1640 2507 1694 de
2548 1641 2802 1694 Doctrina
2836 1642 3192 1713 Christiana).
3243 1643 3367 1696 Edi-

1796 1737 1880 1781 tor
1902 1745 2206 1799 auonymus
2236 1746 2356 1784 cum
2383 1730 2535 1786 valde
2558 1732 2746 1786 utilem
2781 1746 2870 1802 pra
2892 1732 3197 1788 dicantibus
3231 1735 3372 1787 hunc

1718 1804 1764 1870 Β
1795 1820 1986 1872 librum
2021 1822 2134 1876 lore
2159 1823 2488 1876 existimaret
2519 1832 2570 1877 et
2598 1833 2818 1893 prepter
2844 1826 3009 1882 tutius
3041 1827 3226 1894 operis
3256 1842 3369 1878 ma-

1794 1912 2128 1978 gnitudinem
2192 1914 2279 1966 vix
2343 1913 2529 1983 paucis
2585 1915 2926 1970 innotescere
2973 1931 3096 1968 eum
3142 1915 3370 1979 videret,

1799 2002 1936 2055 bene
1968 2004 2164 2056 mereri
2200 2003 2265 2056 de
2306 2004 2536 2056 aliorum
2570 2005 2759 2058 studiis
2791 2004 2894 2060 hoc
2924 2004 3127 2070 voluit,
3172 2006 3313 2075 quod
3343 2019 3374 2061 a

1796 2096 2004 2164 reliquo
2052 2111 2280 2165 corpore
2307 2101 2665 2165 'segregatum
2715 2099 2860 2167 typis
2910 2098 3372 2166 rnuhiplicandum

1795 2186 1972 2241 daret.
2029 2184 2139 2242 Nec
2169 2189 2339 2242 levem
2383 2190 2580 2256 etiam,
2613 2192 2657 2244 si
2693 2192 2821 2245 lides
2852 2192 2949 2260 ipsi
2988 2191 3237 2247 habenda
3263 2202 3371 2260 est,

1795 2293 2014 2347 operam
2068 2278 2121 2332 in
2172 2280 2498 2350 corrigendo
2542 2290 2592 2336 et
2645 2282 2984 2336 emendando
3029 2299 3092 2336 ex
3135 2283 3377 2352 pluribus

1793 2369 2194 2438 exemplaribus
2225 2370 2425 2439 posuit,
2455 2387 2556 2441 qua
2588 2371 2656 2427 de
2691 2389 2749 2427 re
2781 2375 2892 2442 ipsa
2924 2375 3042 2444 ejus
3069 2375 3235 2430 verba
3269 2392 3374 2430 non

1796 2459 2008 2529 indigna
2049 2460 2353 2531 judieamus
2378 2503 2394 2528 ,
2441 2478 2564 2533 qua:
2604 2467 2884 2519 memoria:
2923 2476 3226 2532 serventur,
3255 2483 3376 2536 quae

1796 2553 1877 2605 sic
1908 2562 2139 2606 sonant:
2174 2551 2300 2608 Feci
2329 2570 2470 2624 ergo.
2502 2555 2598 2608 deo
2620 2566 2742 2609 teste
2763 2572 3003 2628 magnam
3017 2575 3105 2627 per
3127 2561 3241 2630 ejus
3264 2573 3379 2612 cor-

1798 2645 2076 2698 rectionem
2119 2644 2468 2715 diligenciam.
2515 2649 2611 2700 ita.
2655 2649 2789 2715 quod
2837 2651 3010 2701 omnia
3037 2649 3374 2715 exemplaria.

1797 2753 1910 2803 qua:
1955 2735 2009 2786 in
2058 2737 2231 2788 studio
2275 2737 2676 2805 heidelbcrgensi
2715 2755 2806 2789 nec
2847 2757 2948 2790 non
2997 2740 3050 2790 in
3075 2741 3217 2805 spira
3248 2743 3378 2793 etin

1797 2829 2087 2879 wormacia.
2134 2835 2287 2895 atque
2314 2826 2520 2879 ιωιάιηι
2560 2829 2721 2880 eciam
2759 2829 2814 2880 in
2854 2829 3135 2898 Argentina
3178 2830 3232 2882 in
3260 2829 3380 2884 ullis

1799 2916 2025 2971 librariis
2076 2917 2301 2988 reperire
2347 2918 2512 2988 potui.
2564 2917 2835 2988 diligenter
2891 2920 3106 2990 proinde
3149 2922 3377 2989 respexi.

1800 3007 1887 3063 Et.
1920 3024 2035 3062 cum
2081 3009 2215 3061 inter
2240 3009 2350 3062 hec.
2381 3009 2730 3078 experimento
2776 3009 3042 3064 discerem.
3084 3013 3220 3080 quod
3247 3013 3382 3066 idem

1800 3100 1926 3154 liber
1953 3101 2240 3173 augustiui.
2271 3117 2392 3154 raro
2423 3101 2683 3155 inuenitur
2707 3102 2867 3155 eciam
2892 3103 2943 3156 in
2975 3104 3176 3173 magnis
3198 3115 3243 3157 et
3267 3122 3384 3173 prc-

146 3191 342 3247 luminis
388 3192 546 3261 hujus
587 3191 891 3259 character,
943 3201 1002 3246 ut
1062 3190 1145 3246 vir
1192 3190 1438 3245 laudatus
1486 3173 1769 3245 litterasc
1800 3195 1952 3248 ciosis
1999 3195 2246 3247 librariis.
2280 3191 2348 3246 Et
2395 3193 2565 3248 adhuc
2606 3197 2796 3250 rarius.
2841 3195 2905 3248 de
2944 3198 3048 3250 ullo
3092 3214 3155 3251 ea:
3193 3199 3385 3252 eisdem

146 3286 296 3351 magis
325 3283 386 3336 ad
415 3285 654 3352 ligneas,
684 3298 842 3352 quam
866 3297 930 3337 ex
958 3297 1066 3337 tere
1093 3281 1238 3336 lusns
1274 3281 1535 3336 accedere
1569 3296 1696 3350 pro-

144 3373 348 3430 diderit.
392 3376 638 3445 insuper,
684 3375 827 3445 quod
867 3376 1025 3445 longe
1062 3375 1224 3429 etiam
1270 3384 1575 3429 memoratu
1621 3373 1702 3428 di-

146 3466 443 3530 gnissimum
472 3476 574 3524 (εει,
601 3466 865 3535 insignem
895 3467 1052 3534 hujus
1080 3465 1364 3520 volurninis
1395 3480 1423 3519 a
1451 3466 1699 3534 reliquis,

143 3569 244 3622 qua:
274 3559 426 3627 vulgo
451 3566 748 3626 prmstant,
796 3555 942 3610 illius
966 3556 1087 3611 libri
1125 3543 1449 3611 editionihus
1492 3555 1701 3611 discreo

142 3649 361 3708 pantiam
404 3648 612 3702 notavit
651 3645 1003 3717 ejusdemque
1050 3648 1349 3717 specimina
1391 3647 1597 3716 aliquot
1635 3647 1704 3702 ab

139 3735 281 3792 initio
309 3751 359 3793 et
392 3740 498 3793 line
521 3738 783 3794 librorum
810 3737 1093 3808 desumpta
1120 3738 1420 3808 proposuit,
1453 3754 1574 3807 qua:
1605 3753 1704 3791 nec

135 3839 223 3882 nos
253 3830 548 3885 omittenda
581 3828 850 3883 duximus.
879 3827 1064 3900 itaque
1097 3829 1310 3882 initium
1340 3829 1463 3883 libri
1493 3829 1512 3882 l
1542 3829 1620 3883 sic
1646 3843 1704 3883 se

133 3917 284 3976 habet
316 3939 330 3975 :
365 3922 486 3977 Hoc
530 3939 659 3993 opus
701 3931 953 3987 nostrum,
992 3921 1128 3991 quod
1171 3922 1464 3976 inscribitur
1507 3923 1569 3974 de
1599 3921 1704 3974 Do-

128 4016 293 4067 ctrina
322 4015 649 4078 Christiana,
696 4015 748 4068 in
795 4015 900 4067 duo
944 4015 1164 4084 quedam
1194 4017 1394 4086 fueram
1429 4015 1596 4083 prima
1627 4015 1706 4067 di-

124 4105 430 4159 stribucione
478 4111 722 4176 partitus.
775 4105 920 4161 Nam
951 4116 1062 4176 post
1110 4105 1430 4176 prohemium
1475 4122 1577 4176 quo
1621 4122 1706 4159 re-

125 4199 315 4266 spondi
355 4198 426 4252 eis
465 4199 556 4269 qui
583 4200 680 4252 hoc
713 4199 916 4268 fuerant
942 4197 1324 4268 reprehensuri.
1353 4198 1454 4252 due
1476 4206 1596 4254 sunt
1626 4215 1707 4254 res

125 4283 336 4358 inquam
377 4291 564 4356 quibus
609 4291 788 4343 nititur
829 4290 995 4344 omnis
1027 4291 1275 4345 tractacio
1302 4290 1700 4363 scripturarum.

125 4383 311 4434 modus
341 4381 630 4434 imieuieudi
653 4399 750 4451 que
776 4382 1118 4454 intelligenda
1143 4394 1279 4436 sunt.
1308 4395 1352 4437 et
1378 4384 1562 4437 modus
1587 4399 1709 4451 pro-

126 4468 336 4530 ferendi
378 4488 478 4542 que
525 4473 778 4528 intellecta
820 4484 958 4530 sunt.
1009 4473 1088 4529 De
1124 4475 1424 4528 inveniendo
1465 4475 1606 4544 prius
1646 4473 1710 4526 de

1802 3285 2026 3340 librariis
2076 3285 2144 3338 ad
2177 3285 2553 3339 rescribendam
2584 3288 2765 3358 potuit.
2796 3287 2994 3341 haberi.
3035 3289 3198 3356 Atque
3225 3290 3386 3345 eciam

1803 3378 1937 3445 quod
1967 3380 2113 3448 pejus
2163 3385 2257 3430 est.
2322 3377 2582 3430 rarissime
2631 3387 2892 3430 correctus
2939 3380 3043 3431 sive
3085 3380 3387 3434 emendatus

1804 3469 1930 3522 inibi
1959 3479 2109 3538 queat
2133 3468 2370 3539 reperiri.
2415 3467 2618 3520 Idcirco
2649 3477 2908 3536 permotus
2935 3470 3030 3533 fui.
3064 3469 3133 3521 ad
3158 3469 3252 3522 hoc
3280 3481 3387 3522 stu-

1805 3562 1944 3614 diose
1975 3560 2209 3613 laborare
2233 3597 2247 3621 ,
2298 3567 2351 3610 ut
2397 3559 2684 3611 secundum
2732 3559 2993 3626 exemplar
3020 3575 3204 3613 meum.
3242 3570 3386 3612 tanto

1805 3665 1941 3703 nunc
1961 3648 2136 3701 stuxlio
2164 3655 2208 3699 et
2232 3645 2406 3701 labore
2425 3655 2675 3716 quantum
2703 3645 2886 3700 saltem
2906 3648 3052 3717 potui
3077 3658 3380 3702 correctum.

1805 3740 1974 3793 dictus
2017 3737 2223 3792 libellus
2272 3734 2444 3791 taliter
2487 3737 2540 3790 in
2585 3735 2728 3790 brevi
2775 3747 2999 3807 tempore
3049 3737 3389 3807 multiplicari

1805 3840 1996 3901 posset.
2030 3840 2083 3882 ut
2130 3830 2198 3882 ad
2226 3828 2566 3899 plurimorum
2608 3843 2761 3882 usum
2810 3837 2855 3882 ct
2897 3831 2966 3882 ad
2993 3845 3194 3883 onmem
3216 3831 3390 3901 profe-

1807 3935 1940 3977 ctum
1987 3924 2416 3976 ecclesiasticum.
2468 3923 2623 3994 facile
2669 3933 2719 3977 et
2760 3923 2864 3976 cito
2894 3924 3196 3994 perveniret.
3245 3925 3391 3992 Qua-

1807 4024 2038 4085 prOpter.
2091 4031 2209 4068 cum
2253 4014 2396 4068 nullo
2445 4015 2550 4068 alio
2580 4013 2730 4068 modo
2757 4015 2860 4067 sive
2888 4015 3073 4068 medio.
3104 4015 3160 4068 id
3180 4018 3392 4086 eapedi-

1809 4108 1917 4161 cius
1952 4106 2064 4177 ﬁeri
2094 4123 2246 4176 posse
2267 4106 2580 4180 judicarem.
2605 4107 2829 4159 discreto
2859 4108 2968 4160 viro
2985 4106 3220 4162 .Iohanni
3244 4124 3392 4164 men~

1811 4199 1978 4254 telino
2007 4198 2175 4253 incolc
2222 4197 2568 4270 argentinensi
2598 4197 2924 4267 impressorie
2964 4198 3093 4251 artis
3119 4199 3389 4269 magistro.

1811 4292 1978 4346 modis
2003 4291 2239 4344 euntibus
2270 4290 2526 4359 persuasi.
2573 4298 2823 4358 quatenus
2845 4289 2954 4356 ipse
2975 4304 3238 4342 assumere
3257 4289 3392 4342 desi-

1811 4392 2076 4454 gnaretur.
2111 4398 2239 4434 onus
2280 4389 2325 4434 et
2371 4381 2600 4434 laborem
2645 4379 3032 4447 multiplicandi
3069 4377 3207 4432 hunc
3247 4378 3393 4432 libel-

1817 4477 1942 4528 lum.
1972 4491 2063 4544 per
2090 4475 2222 4527 viam
2250 4473 2622 4543 impressionis.
2661 4472 2950 4542 exemplari
2987 4488 3098 4526 meo
3128 4479 3245 4525 ante
3273 4487 3396 4524 ocu-

129 4535 436 4633 proferendo
469 4575 645 4634 postea
671 4567 998 4621 disseremus.
1031 4567 1153 4635 quia
1174 4584 1295 4638 ergo
1318 4567 1380 4620 de
1409 4535 1708 4621 inuenienda
1740 4535 1792 4594 Β
1819 4568 1895 4620 los
1919 4535 2116 4630 hdbito,
2138 4576 2242 4619 etc.
2271 4535 2529 4634 inscripta
2553 4575 2636 4620 est
2660 4566 2775 4620 hmc
2799 4535 3042 4635 praelatio
3063 4582 3076 4619 :
3101 4563 3277 4617 Canon
3299 4577 3396 4630 pro

134 4657 293 4708 multa
324 4661 428 4725 iam
457 4660 706 4712 diximus.
737 4668 784 4713 et
815 4660 915 4713 tria
944 4659 1007 4712 de
1034 4658 1129 4713 hac
1158 4676 1261 4713 una
1281 4669 1427 4725 parte
1451 4660 1710 4714 columina

137 4748 457 4802 absolvimus.
512 4749 791 4819 adjut'ante
835 4749 1044 4802 domino
1087 4751 1150 4804 de
1200 4749 1508 4818 proferendo
1545 4767 1711 4822 pauca

145 4835 362 4892 dicemus
382 4880 396 4903 ,
440 4848 495 4892 ut
542 4841 586 4894 si
630 4841 742 4908 ﬁeri
769 4843 993 4912 potuerit
1019 4858 1122 4894 uno
1149 4841 1281 4894 libro
1310 4853 1493 4894 cuncta
1518 4842 1714 4896 clama-

147 4936 250 4978 mus
301 4927 656 5001 (claudamus)
682 4947 696 4985 :
745 4934 1004 5000 totumque
1042 4931 1138 4986 hoc
1165 4948 1293 5000 opus
1321 4941 1542 5000 quatuor
1567 4933 1712 4986 volu—

157 5016 358 5072 minibus
405 5023 727 5074 terminetur.
780 5021 930 5077 Finis
980 5023 1099 5078 libri
1141 5039 1193 5076 tv
1234 5034 1412 5076 autem
1443 5041 1456 5076 :
1485 5021 1714 5095 Longius

164 5110 295 5162 ttasit
321 5109 448 5165 liber
472 5113 556 5166 hic
577 5131 734 5182 quam
756 5115 1001 5168 volebam.
1027 5132 1278 5185 quamque
1299 5126 1711 5186 putaueram.....

173 5193 257 5266 Ego
299 5212 464 5258 tamen
512 5207 720 5260 domino
763 5217 940 5262 nostro
987 5209 1127 5262 iltestt
1157 5209 1350 5263 chris-to
1375 5211 1571 5282 gratias
1593 5226 1712 5280 ago.

175 5293 278 5349 quod
321 5295 371 5348 in
399 5295 480 5349 his
509 5306 736 5364 quatuor
764 5299 930 5352 libris.
973 5316 1075 5352 non
1120 5302 1287 5367 qualis
1318 5319 1408 5374 ego
1443 5319 1603 5358 essem
1633 5305 1716 5356 cui

178 5382 303 5437 multa
346 5388 552 5442 desunt.
598 5389 690 5442 sed
737 5392 910 5460 qualis
940 5406 1052 5444 esse
1085 5391 1258 5445 debeat
1281 5395 1367 5461 qui
1396 5397 1448 5447 in
1473 5396 1712 5448 doctrina

179 5477 283 5527 3cna.
315 5493 416 5531 non
442 5480 618 5532 solum
663 5479 760 5533 sibi
804 5482 893 5534 sed
937 5490 986 5535 et
1012 5481 1129 5534 aliis
1155 5485 1314 5536 eciam
1341 5485 1575 5539 laborare
1601 5495 1710 5539 stu-

173 5553 247 5617 det.
271 5572 741 5641 quantulacumque
770 5568 909 5641 potui
937 5574 1194 5643 facultate
1234 5576 1475 5630 disserui.
1534 5577 1714 5649 Expli-

166 5650 211 5702 θ’
229 5675 436 5730 quartus
461 5666 528 5724 de
556 5666 796 5725 doctrina
826 5665 1118 5724 Christiana
1145 5669 1276 5725 beati
1307 5671 1585 5743 Augustini
1605 5675 1713 5744 epi-

151 5747 284 5810 “cui.

1818 4657 2264 4712 recomendatione
2290 4656 2455 4729 hujus
2479 4657 2663 4727 famosi
2691 4657 2859 4725 operis
2881 4657 2984 4710 sive
2999 4653 3158 4709 libelli
3183 4668 3395 4722 sequen~

1819 4750 1905 4804 tis.
1939 4750 2002 4804 de
2028 4760 2139 4802 arte
2166 4750 2466 4820 predicandi
2508 4748 2569 4804 S.
2602 4765 2722 4817 aug.
2769 4745 3031 4800 Volumen
3074 4745 3395 4812 impressum

1818 4852 1900 4899 est
1931 4844 2072 4898 loliis
2120 4842 2180 4897 21
2216 4845 2532 4898 charactere
2562 4841 2794 4897 Gmhico
2826 4838 3065 4900 minuto,
3117 4835 3313 4892 obtuso
3343 4847 3398 4896 ct

1820 4935 1991 4988 oculis
2019 4933 2230 5004 ingrato
2278 4934 2435 4988 lineis
2461 4933 2584 4986 latis
2606 4973 2620 4996 ,
2667 4942 2894 4998 quarum
2943 4927 3010 4982 59
3040 4927 3289 4998 paginam
3319 4929 3398 4982 fa-

1818 5029 1988 5081 ciunt.
2048 5027 2259 5080 Absunt
2321 5038 2450 5079 vero
2509 5035 2698 5074 omnes
2745 5019 3131 5092 cujuscumque
3178 5023 3397 5090 generis

1817 5122 2126 5173 chartarum
2168 5126 2225 5170 et
2255 5116 2568 5186 paginarum
2614 5119 2780 5166 notae.
2811 5110 2989 5165 Prima
3021 5119 3182 5182 atque
3208 5111 3398 5167 ultima

1819 5213 2012 5283 pagina
2061 5209 2218 5264 nudze
2263 5218 2387 5263 sunt
2415 5205 2617 5262 relicta:
2663 5214 2826 5276 atque
2868 5207 3096 5261 seorsim
3143 5205 3398 5274 adjicitur

1818 5306 2025 5360 duabus
2070 5303 2298 5374 plagulis
2340 5315 2521 5356 rerum
2568 5299 2884 5355 notabilium
2924 5299 3086 5355 index
3126 5299 3265 5353 bene
3313 5297 3396 5350 in-

1818 5407 2075 5454 structus.
2139 5395 2395 5464 Dirigitur
2440 5394 2694 5448 nimirum
2736 5393 2889 5462 juxta
2926 5389 3396 5459 litteras,quibus

1819 5489 1995 5544 omnis
2025 5498 2223 5552 textus,
2253 5488 2547 5543 continuus
2573 5486 2886 5555 ceteroquin
2905 5525 2921 5551 ,
2951 5485 3004 5538 in
3036 5483 3291 5551 plurimas
3312 5497 3396 5537 sc-

1817 5579 2030 5634 ctiones
2056 5579 2206 5647 juxta
2239 5578 2510 5647 alphabeti
2542 5579 2784 5632 ordinem
2822 5573 3056 5644 (A-LL.)
3085 5582 3169 5626 est
3197 5573 3396 5630 descri-

1820 5680 1961 5738 ptus,
1998 5672 2069 5725 ita
2098 5671 2315 5741 quidem
2339 5713 2352 5734 ,
2385 5679 2443 5724 ut
2472 5670 2664 5724 mediis
2695 5668 2857 5723 lineis
2883 5666 2952 5720 ab
2981 5666 3132 5721 initio
3160 5669 3396 5737 particu-

1819 5767 1884 5820 lae
1913 5766 2150 5830 cujusvis
2181 5781 2257 5825 ea:
2284 5765 2389 5822 sint
2420 5766 2656 5820 insertae.
2697 5761 2962 5829 Quocirca
2993 5760 3110 5828 ipse
3139 5761 3315 5818 editor
3343 5761 3395 5814 in
