3882 6384
193 395 284 453 ul

1161 394 1433 450 NUTITIA
1473 392 1885 448 LITTERARIA
1924 391 1986 444 IN
2026 389 2083 445 S.
2124 388 2584 445 AUGUSTINUM.

3365 395 3464 447 Hi

209 507 544 577 perirentur,
582 521 654 561 ex
709 512 892 561 ilsdem
947 504 1242 572 singularia
1282 504 1528 572 qumdam
1579 503 1796 556 haurire
1823 507 1874 562 Α
1907 497 2221 552 LXXXIX.
2247 498 2502 568 Sequitur
2525 500 2764 567 proxime
2790 499 2963 553 tabula
2991 501 3042 554 in
3075 501 3238 555 libros
3267 515 3465 570 prame-

216 600 384 653 lieuit.
411 597 698 650 Tribuitur
725 610 851 650 szec.
882 610 993 648 xw.
1025 624 1095 634 —
1117 595 1230 647 XII.
1262 609 1409 648 num.
1442 594 1600 648 1948.
1646 593 1792 646 Libri

218 686 473 742 tredecim
504 687 559 739 in
591 686 699 739 fine
730 685 936 748 mutili,
972 685 1022 738 in
1051 699 1172 752 cap.
1205 685 1273 738 '56
1301 685 1421 738 libri
1455 684 1649 737 ultimi.
1678 684 1794 736 Tri-

215 779 400 832 buitur
430 789 563 828 szec.
597 790 708 829 xw.
733 773 976 839 -ΧΙΙΙ,
1011 789 1157 826 ιιυιη.
1191 771 1350 826 2575.
1392 773 1534 826 Libri
1567 771 1683 825 XIII
1715 773 1794 825 in-

190 839 377 935 ‘tegri.
411 865 694 919 Tribuitnr
723 877 848 917 smc.
875 879 984 916 xw.
1013 893 1085 902 —
1107 863 1245 927 XIV,
1279 879 1426 916 num.
1454 864 1613 918 9.694.
1647 863 1795 918 Libri

208 956 336 1010 XIII
359 995 376 1019 ,
400 953 500 1009 sed
522 953 591 1007 ab
615 952 768 1006 initio
790 961 846 1006 et
874 954 925 1006 in
957 951 1063 1006 fine
1089 956 1342 1006 truncati.
1366 951 1642 1006 Tribnitur
1665 965 1792 1005 saec.

209 1060 340 1099 xm.
376 1042 489 1098 XV.
514 1058 661 1096 num.
687 1041 1201 1107 5296,60lbertinus.
1235 1040 1610 1110 Fragmentum
1639 1041 1798 1096 libril

209 1137 285 1188 ab
321 1135 475 1188 initio
497 1147 664 1202 usque
688 1132 752 1186 ad
781 1147 903 1201 cap.
936 1132 1022 1198 II,
1051 1148 1104 1185 n.
1131 1131 1181 1187 1.
1210 1131 1431 1186 Videtur
1457 1131 1796 1186 tribuendum

207 1239 346 1278 ειυς.
381 1240 457 1277 IX.

277 1313 472 1368 Codex
497 1311 1148 1384 Genofevanus:—XVI,
1184 1327 1332 1366 num.
1376 1312 1467 1366 51.
1516 1311 1662 1366 Libri
1696 1321 1800 1366 tre-

204 1408 426 1473 decim,
458 1406 551 1461 sed
576 1406 789 1460 lacunis
813 1405 1135 1470 quibusdam
1157 1403 1296 1458 libro
1323 1419 1374 1470 x,
1404 1420 1478 1470 xt,
1509 1421 1579 1458 xn
1597 1447 1611 1471 ,
1637 1420 1722 1468 xv,
1748 1414 1803 1459 et

201 1500 441 1564 ultimo,
494 1497 691 1553 affecti.
741 1495 1084 1552 Tribuendus
1133 1511 1259 1554 saec.
1312 1512 1419 1551 xtv.
1449 1497 1621 1551 Etiam
1661 1496 1803 1552 hunc

203 1600 400 1647 totum
435 1588 631 1658 legisse
659 1587 900 1640 afﬁrmat
930 1586 1152 1639 Rondet.

283 1681 357 1736 S.
389 1679 664 1751 Augustini
682 1677 1094 1732 Confessionum
1118 1675 1350 1732 Flosculi
1373 1678 1597 1733 resectis
1619 1694 1802 1733 rerum

202 1771 524 1826 difﬁcilium
569 1769 739 1838 spinis
785 1777 841 1822 et
879 1768 935 1822 in
972 1782 1070 1822 sex
1099 1768 1310 1822 areolas
1339 1767 1631 1821 distributi.
1666 1769 1802 1836 Lug-

1898 592 2119 654 dentes,
2152 590 2205 642 in
2236 588 2388 656 cnjus
2426 590 2572 644 calce
2601 590 2782 645 decem
2813 590 3062 658 disticha,
3103 606 3328 661 quorum
3365 593 3462 645 ini-

1893 679 2024 732 tium
2053 696 2066 729 :

2086 765 2297 826 Equora
2317 768 2359 815 si
2384 772 2612 827 penetrat
2629 767 2847 831 Cyclops,
2873 774 2968 818 etc.

1897 871 2232 925 Postremum
2260 869 2336 923 ita
2363 879 2520 924 sonat
2544 887 2558 922 :

2081 978 2292 1041 Numine
2317 989 2483 1030 sancte
2503 988 2588 1030 tuo
2608 986 2746 1041 pater
2769 995 2800 1030 ο
2823 989 2995 1032 tueare
3018 982 3257 1033 Joannem

2144 1039 2224 1089 De
2247 1040 2555 1100 Amerbach;
2581 1039 2786 1102 presens
2807 1045 2889 1104 qui
2915 1044 2998 1091 tibi
3017 1047 3194 1106 pressit
3217 1058 3355 1106 opus.

1899 1143 2224 1198 Charactere
2252 1143 2482 1198 Gothico
2523 1144 2659 1197 binis
2703 1146 2970 1200 columnis
3013 1148 3332 1216 impressum
3365 1159 3468 1214 est,

1807 1262 1815 1271 ο
1899 1241 1959 1287 ut
1989 1233 2242 1300 pleraque
2271 1233 2639 1287 Amerbachii.
2671 1234 2995 1304 Plerumque
3038 1252 3142 1290 una
3169 1251 3288 1291 cum
3319 1239 3473 1294 libris

1901 1321 1968 1376 de
1992 1322 2221 1376 Civitate
2245 1321 2344 1376 Dei
2373 1337 2469 1392 per
2500 1323 2751 1377 eumdem
2781 1323 2838 1377 b.
2869 1338 2921 1377 a.
2953 1324 3230 1393 impressis
3254 1341 3476 1395 compa-

1902 1404 2046 1468 ctum
2071 1414 2332 1469 cernitur.

1974 1505 2133 1560 1490.
2158 1503 2350 1568 Basil.,
2373 1521 2463 1576 per
2482 1504 2516 1558 ,1
2520 1521 2567 1558 o.
2588 1506 2920 1572 Amerbach.,
2941 1506 3119 1577 in-fol.
3142 1507 3478 1576 Augustinus

1903 1597 1972 1652 de
1998 1597 2279 1652 Trinitate.
2305 1597 2649 1653 Concordant
2675 1599 2855 1653 omnia
2883 1615 3006 1654 cum
3033 1600 3370 1668 praecedente
3385 1615 3478 1654 ac-

1905 1685 2265 1741 curatissime.
2288 1685 2581 1742 Character
2603 1687 2928 1742 luculentior
2947 1697 3001 1742 et
3022 1690 3297 1758 aequalior.
3323 1690 3481 1744 Com-

1906 1786 2210 1834 memorant
2254 1778 2502 1833 eamdem
2534 1779 2692 1833 Denis
2733 1778 2935 1835 Garell.
2985 1781 3124 1833 Bibl.
3174 1796 3228 1849 p.
3275 1780 3400 1844 135,
3427 1790 3482 1834 et

208 1862 357 1917 duni
385 1860 524 1915 1618
542 1900 559 1923 ,
581 1858 756 1924 ἰπὶ-24,
781 1867 831 1913 et
853 1857 1092 1913 Colonite
1123 1857 1280 1924 I620,
1312 1859 1486 1912 in-IQ.
1512 1851 1799 1912 Cbloniens.

1927 1867 2178 1922 Iemeiner
2209 1868 2461 1938 Regensb.
2495 1869 2773 1924 Stadtbibl.
2809 1887 2860 1937 p.
2891 1870 3016 1934 197,
3045 1847 3236 1923 Gesner
3260 1868 3484 1922 Liibeck.

94 1975 107 1992 ·
210 1964 266 2006 et
295 1949 647 2004 lleindrciclt.

513 2037 721 2090 XV.—
744 2038 857 2107 (38)
888 2036 965 2091 De
995 2037 1198 2090 Natura
1225 2039 1343 2091 boni
1373 2039 1518 2091 liber.

287 2129 502 2182 Gallice
548 2144 737 2182 versus
782 2128 933 2196 juxta
992 2128 1464 2180 Bcnedictinorum
1517 2127 1806 2181 editionem

207 2221 472 2274 insertus
498 2228 578 2272 est
609 2220 658 2271 in
678 2219 837 2283 libro,
868 2218 955 2272 cui
988 2218 1172 2271 titu‘us
1204 2236 1214 2269 :
1244 2218 1317 2268 La
1345 2216 1659 2270 Distinclion
1685 2228 1732 2270 et
1758 2219 1809 2269 la

207 2321 412 2364 nature
441 2309 512 2360 du
540 2309 650 2362 bien
679 2319 726 2360 et
767 2309 839 2360 du
879 2310 1012 2372 mal,
1056 2318 1159 2361 etc.
1195 2308 1346 2361 Paris
1371 2347 1385 2371 ,
1425 2307 1560 2362 1704
1584 2350 1599 2374 ,
1631 2308 1807 2362 in-IQ.

211 2399 367 2453 Vide
396 2397 725 2452 Colonienses
744 2438 758 2462 ,
788 2400 876 2467 qui
909 2399 974 2451 de
1003 2399 1194 2452 eodem
1219 2398 1355 2451 libro
1385 2399 1617 2452 lectores
1638 2399 1701 2451 ad
1725 2413 1810 2453 se-

219 2498 486 2558 quentem
514 2488 854 2542 bibliotheca:
877 2489 1120 2555 StltB,SCd
1148 2488 1235 2556 qui
1264 2503 1552 2556 numquam
1588 2487 1806 2557 prodiit,

221 2591 435 2634 tomum
466 2582 769 2633 remittunt.

221 2668 389 2724 XVI.
417 2699 488 2710 --
515 2670 631 2742 (AI)
687 2671 1032 2792 Quwstiftli’um
1046 2670 1504 2790 dEvangelicarwn
1530 2667 1807 2737 XCVIII,

901 2759 912 2791 ι
953 2757 996 2791 rt
1085 2756 1168 2791 uo.

901 2756 996 2791 ιυνι
1046 2756 1168 2791 auo.

292 2833 496 2886 Insunt
544 2831 594 2884 in
651 2845 811 2899 Opere
849 2831 1200 2896 Qua’stionum
1231 2827 1299 2882 D.
1347 2827 1619 2898 Augustini
1668 2826 1814 2880 edito

227 2922 483 2994 Lugduni
510 2936 562 2974 a.
598 2920 752 2985 M97,
785 2921 852 2974 de
900 2935 1006 2990 quo
1036 2933 1216 2988 supra.
1252 2919 1292 2971 A
1324 2917 1710 2970 Coloniensibus
1741 2917 1816 2969 af-

223 3017 404 3068 fertur
437 3013 541 3066 Itoc
574 3013 694 3065 loco
738 3013 1053 3079 Augustinus
1082 3012 1136 3063 in
1169 3010 1371 3063 Novum
1400 3009 1810 3072 Testamentum,

226 3106 383 3160 Paris
409 3105 570 3170 1619,
597 3118 698 3158 nec
721 3117 826 3156 non
852 3102 1054 3156 Gallica
1079 3101 1318 3171 ejusdem
1346 3099 1524 3152 versio
1550 3099 1599 3150 in
1625 3097 1815 3166 Eapli-

228 3199 405 3251 ιιιιὶοη
446 3194 512 3246 de
538 3195 617 3249 St.
661 3195 912 3263 Augustin
944 3202 992 3247 et
1020 3193 1110 3246 des
1141 3202 1310 3244 autres
1340 3188 1496 3242 Pares
1523 3188 1704 3242 Latins
1725 3206 1814 3241 sur
1841 3185 1884 3244 C

232 3287 280 3340 le
301 3286 562 3338 Nouveau
581 3283 886 3337 Testament.
913 3282 1067 3337 Paris
1084 3282 1239 3346 1675,
1265 3282 1411 3336 in-8°
1436 3294 1536 3334 nec
1562 3295 1664 3331 non
1690 3280 1809 3342 alia,

233 3379 402 3433 modo
435 3386 586 3431 recte
615 3385 850 3430 mentem
891 3390 1078 3429 eorum
1123 3376 1385 3442 ceperim,
1418 3373 1597 3426 versio
1625 3373 1815 3440 gallica

233 3470 384 3523 edita
416 3467 660 3537 Lugduni
686 3466 826 3537 apud
848 3465 1134 3535 Plaignard
1166 3463 1326 3526 1694,
1359 3463 1494 3519 ili-8.
1523 3461 1586 3515 IV
1619 3462 1742 3515 voll.

419 3556 472 3610 Χ
489 3555 616 3609 VII.
641 3586 710 3596 —
738 3556 854 3625 (45)
885 3554 963 3608 De
993 3553 1383 3608 Catechizandis
1407 3552 1639 3606 rudibus.

309 3647 475 3700 1678.
509 3645 686 3710 Paris,
718 3644 839 3698 chez
867 3645 1048 3697 André
1079 3643 1304 3696 Pralard
1329 3681 1342 3706 ,
1373 3641 1542 3695 in-IQ.
1573 3659 1591 3691 ι
1628 3641 1731 3695 Les
1758 3639 1820 3692 li-

241 3752 366 3790 rres
396 3736 466 3791 de
496 3736 553 3790 S.
581 3737 873 3806 Augustin,
914 3734 982 3788 de
1023 3734 1068 3790 la
1102 3732 1339 3787 maniére
1378 3731 1712 3800 d‘enseigner
1744 3731 1821 3783 les

240 3829 518 3900 principes
548 3826 615 3881 de
646 3827 694 3880 la
722 3827 951 3893 religion
979 3824 1294 3878 cltrétienne
1331 3823 1360 3876 ὲ
1406 3837 1538 3876 ceux
1577 3822 1670 3890 qui
1701 3821 1819 3874 n‘en

241 3927 372 3974 sont
397 3933 492 3986 pas
521 3933 720 3973 encore
747 3917 1024 3981 instruits;
1056 3916 1124 3970 de
1154 3917 1203 3969 la
1231 3927 1386 3969 vertu
1411 3915 1477 3969 de
1504 3915 1822 3968 continence

240 4021 301 4064 et
327 4010 397 4064 de
423 4007 794 4075 temperance;
826 4006 893 4060 de
921 4007 968 4060 la
1001 4006 1247 4075 patience
1277 4014 1330 4058 et
1359 4015 1547 4058 contre
1583 4003 1632 4056 ie
1668 4017 1819 4055 mcu-

246 4114 424 4168 songe
451 4116 464 4149 :
492 4099 719 4152 traduits
748 4114 815 4152 en
847 4097 1098 4163 francois.
1131 4115 1149 4148 ι

393 4210 816 4281 Χνιιι.-(.ιι)
845 4209 919 4262 De
952 4209 1201 4262 Trinitate
1231 4207 1348 4260 libri
1373 4205 1678 4274 quindecim.

322 4302 488 4356 1489.
523 4300 832 4364 Mediolani,
879 4316 968 4368 per
999 4299 1138 4352 Leon
1169 4297 1384 4365 Pachel,
1419 4295 1600 4358 in-rol.
1632 4295 1689 4349 S.
1717 4295 1826 4348 Au-

252 4392 460 4461 gustini
482 4390 603 4444 libri
626 4389 720 4444 XV
748 4388 814 4443 de
842 4389 940 4444 SS.
968 4387 1253 4442 Trinitale.
1277 4385 1332 4438 In
1365 4385 1470 4437 fine
1503 4401 1515 4434 :
1543 4383 1824 4436 Mediolani

1909 1961 2216 2024 Stadtbibl.,
2248 1975 2303 2027 p.
2337 1960 2427 2013 51.
2459 1961 2692 2016 Uberius
2735 1961 3023 2028 descripsit
3059 1959 3242 2013 Μαδσή
3272 1958 3481 2028 Beytrr.

1905 2067 1951 2104 ι.
1985 2049 2172 2104 Gesch.
2203 2048 2404 2102 merkw.
2436 2048 2530 2101 Bb.
2566 2050 2646 2103 St.
2677 2049 2751 2109 II,
2787 2065 2839 2117 p.
2871 2050 2941 2103 73
2969 2063 3050 2116 sq.

1981 2138 2138 2192 1494.
2182 2138 2242 2192 S.
2286 2139 2430 2202 loco,
2478 2137 2676 2206 iri-fol.
2720 2139 3052 2206 Augustinus
3091 2138 3158 2192 de
3194 2138 3476 2192 Trinitate.

1911 2229 2212 2282 Editionem
2245 2228 2725 2283 Amerbacltianam
2758 2228 2943 2293 refert,
2977 2230 3071 2282 sed
3094 2243 3278 2282 versus
3301 2230 3351 2281 in
3380 2230 3486 2281 line

1912 2319 2109 2372 tabula:
2135 2319 2345 2374 desunt.
2377 2317 2489 2372 Nisi
2530 2334 2616 2372 me
2656 2319 2792 2371 fallit
2824 2318 3081 2386 judicium
3115 2318 3390 2386 Friburgi,
3422 2319 3476 2371 hi

1912 2412 2030 2466 ltbri
2071 2412 2253 2464 excusi
2293 2419 2418 2464 sunt
2456 2425 2551 2478 per
2588 2411 2806 2465 eosdem
2850 2411 3232 2479 typographos,
3265 2409 3358 2478 qui
3387 2411 3488 2463 hoc

1911 2517 2050 2555 anno
2079 2515 2288 2570 quoque
2315 2515 2449 2569 Opus
2475 2501 2537 2553 de
2562 2500 2776 2554 Cit-itote
2800 2499 2898 2553 Dei
2928 2501 3212 2556 dederunt.

1983 2593 2109 2646 Sine
2135 2607 2292 2653 anno,
2324 2600 2372 2644 et
2404 2593 2548 2655 loco,
2582 2593 2766 2659 iit-fol.
2816 2609 2836 2642 ι
2861 2591 3193 2659 Augustinus
3220 2590 3287 2644 de
3313 2588 3492 2642 Trini-

1915 2691 2041 2734 tate.
2069 2699 2088 2731 ι
2119 2681 2309 2746 Incipit
2335 2682 2515 2733 statim
2545 2695 2573 2731 a
2602 2679 2864 2732 Sententia
2894 2679 2956 2730 Β.
2981 2681 3254 2748 Augustini
3281 2680 3343 2730 de
3363 2679 3492 2731 libro

1918 2771 2378 2824 Retractationum.
2411 2768 2466 2821 In
2493 2769 2596 2820 line
2622 2785 2632 2817 :
2657 2770 2784 2821 Aur.
2817 2769 3090 2838 Augustini
3118 2769 3344 2835 episcopi
3369 2769 3492 2820 liber

1917 2862 1978 2914 de
2003 2860 2256 2914 Trinitate
2281 2859 2394 2926 finit
2423 2857 2664 2927 feliciter.
2695 2857 2956 2912 Volumen
2979 2858 3293 2911 charactere
3314 2856 3493 2927 gothl-

1917 2964 1982 3004 co
2022 2962 2216 3016 magno
2247 2947 2535 3002 admodum
2579 2946 2809 3015 eleganti
2848 2961 2913 3000 ac
2951 2946 3140 3013 nitido,
3171 2947 3326 3001 lineis
3365 2947 3491 3013 late,

1917 3042 2196 3110 aequaliter
2233 3050 2412 3094 tamen
2450 3039 2772 3093 distantibus
2809 3039 3131 3108 impressum
3160 3045 3263 3091 est.
3292 3035 3490 3090 Charta

1918 3131 2141 3185 candida
2163 3143 2226 3184 ac
2246 3129 2411 3184 densa
2433 3170 2447 3191 ,
2475 3127 2603 3183 folia
2628 3129 2840 3181 maximi
2869 3127 3069 3182 moduli
3099 3135 3256 3192 sunt,
3287 3127 3494 3180 colum-

1919 3238 2001 3276 nre
2046 3222 2213 3286 binre,
2254 3220 2520 3290 margines
2565 3219 2676 3278 lati.
2732 3219 2938 3275 Absunt
2977 3234 3163 3276 omnes
3201 3219 3494 3290 signatum

1918 3327 1980 3367 ac
2013 3311 2242 3367 numeri.
2397 3309 2406 3318 ’

1992 3402 2120 3456 Sine
2146 3419 2303 3463 anno,
2337 3403 2450 3456 loco
2477 3408 2526 3455 et
2547 3403 2888 3474 typographo,
2911 3403 3096 3473 in-fol.
3125 3419 3262 3456 max.
3294 3403 3357 3457 B.
3381 3403 3494 3455 Au-

1918 3491 2116 3561 gustini
2145 3490 2213 3545 de
2240 3491 2502 3544 Trinitate
2531 3492 2664 3545 liber
2693 3492 2848 3560 (libri
2874 3492 3013 3560 XV).
3045 3493 3100 3544 In
3131 3493 3235 3546 fine
3261 3510 3274 3544 :
3299 3492 3495 3544 Aurelii

1920 3579 2193 3647 Augustini
2239 3579 2465 3645 episc0pi
2514 3579 2643 3630 liber
2693 3578 2756 3630 de
2794 3578 3050 3630 Trinitate
3097 3579 3213 3644 ﬁnit
3257 3579 3494 3647 feliciter.

1921 3666 2286 3723 Vetustissimi
2314 3666 2476 3734 hujus
2498 3667 2648 3734 juxta
2677 3681 2833 3734 quam
2865 3666 3122 3720 rarissimi
3147 3666 3267 3720 libri
3293 3668 3496 3721 deseri-

1922 3758 2212 3827 ptionibus,
2257 3771 2394 3825 quas
2441 3758 2644 3825 primus
2689 3758 2925 3810 omnium
2973 3756 3210 3810 Denisius
3255 3757 3309 3810 in
3351 3756 3495 3810 Bibl.

1922 3847 2118 3902 Garell.
2162 3862 2217 3916 p.
2260 3848 2358 3914 57,
2386 3855 2440 3901 et
2470 3854 2587 3914 post
2616 3860 2734 3899 eum
2767 3846 3093 3900 Seemillerus
3123 3847 3177 3898 in
3206 3845 3492 3899 Incunabb.

1925 3949 2032 4008 lyp.
2059 3937 2281 4008 Ingolst.
2302 3935 2457 3991 Fasc.
2483 3935 2525 4000 l,
2565 3951 2616 4002 p.
2647 3936 2750 4002 54,
2784 3935 2971 3987 harum
3000 3933 3315 3988 deliciarum
3345 3950 3498 3988 ama-

1926 4028 2129 4082 toribus
2150 4028 2483 4092 obtulerunt,
2511 4025 2646 4080 adeo
2669 4025 2998 4079 satisfactum
3019 4027 3379 4093 cognoscendi
3399 4041 3497 4080 eo-

1926 4132 2041 4169 rum
2073 4116 2254 4169 studio
2280 4114 2508 4168 vidimus
2527 4155 2543 4180 ,
2577 4124 2636 4167 ut
2663 4114 2788 4182 quid
2814 4129 2842 4166 a
2871 4115 3023 4168 nobis
3049 4116 3172 4168 addi
3203 4117 3338 4170 ultra
3369 4131 3497 4184 pos-

1925 4217 2003 4261 set
2027 4247 2041 4270 ,
2070 4207 2415 4276 quantumvis
2443 4206 2652 4260 curiosa
2678 4207 3080 4272 comparatione
3109 4207 3194 4260 vix
3223 4207 3496 4262 invenire-

1927 4312 2068 4350 mus.
2114 4296 2341 4350 Constat
2363 4305 2544 4349 autem
2571 4295 2819 4348 volumen
2853 4295 2955 4349 hoc
2983 4295 3120 4349 foliis
3148 4297 3250 4348 105
3276 4297 3494 4350 maximi

1928 4387 2166 4451 moduli,
2209 4387 2526 4456 impressum
2575 4387 2783 4455 paginis
2824 4389 3018 4451 sectis,
3072 4387 3228 4441 lineis
3261 4389 3330 4442 47
3369 4403 3502 4454 quas

249 4487 532 4554 impressus
558 4499 647 4552 per
671 4482 972 4550 magistrum
1003 4477 1330 4532 Leonardum
1373 4474 1585 4528 Pachel.
1617 4475 1764 4526 Anno
1792 4491 1825 4526 a
1857 4535 1901 4554 ἢ
1930 4479 2197 4547 margines
2227 4477 2540 4546 amplissimi
2587 4488 2639 4532 et
2666 4479 2770 4531 lata
2799 4479 3082 4533 interstitia
3109 4479 3498 4532 condecoram.

249 4535 524 4628 nutrivitate
549 4572 745 4624 domini
773 4571 932 4624 nostri
950 4568 1076 4622 Iesu
1091 4567 1283 4623 Christi
1309 4565 1560 4618 milesimo
1583 4565 1827 4632 quadrin-
1857 4535 1904 4593 D
1929 4568 2140 4622 Chartae
2168 4567 2349 4622 denste
2376 4577 2523 4633 sunt,
2553 4569 2647 4623 sed
2681 4570 2836 4636 paulo
2863 4571 3162 4625 crudiores.
3189 4583 3288 4623 nec
3317 4569 3503 4622 calidi-

252 4666 531 4735 gentesimo
554 4662 893 4732 octuagesimo
920 4676 1053 4713 nono
1079 4662 1292 4724 septimo
1314 4655 1578 4709 Kalendas
1595 4654 1755 4723 junii.

327 4754 527 4808 Excusi
557 4760 684 4807 sunt
713 4753 768 4806 hi
796 4750 917 4806 libri
947 4764 1051 4804 una
1077 4764 1197 4803 cum
1232 4747 1433 4801 Hilario
1471 4746 1540 4798 de
1567 4746 1830 4799 Trinitate

253 4858 476 4911 unoque
517 4843 831 4911 plerumque
856 4840 1133 4896 volumine
1177 4838 1366 4892 inclusi
1389 4845 1702 4890 occurrunt.
1746 4835 1826 4890 Cl.

255 4933 328 4986 Τ.
369 4933 418 4996 1,
454 4947 500 5000 ρ.
526 4933 653 4988 2'79.
683 4935 884 4987 Aversa
917 4945 1112 5000 nempe
1153 4929 1326 4982 ultimi
1357 4926 1472 4994 ejus
1499 4927 1794 4980 voluminis
1815 4967 1830 4992 ,

253 5025 406 5094 quod
427 5023 685 5080 Hilarium
721 5024 1120 5091 complectitur,
1149 5021 1341 5089 pagina
1367 5020 1650 5083 registrum
1678 5019 1834 5073 char-

250 5128 436 5171 tarum
465 5119 748 5186 utriusque
775 5115 961 5184 operis
988 5115 1211 5184 prabet.
1257 5112 1521 5179 Impressa
1552 5124 1683 5164 vero
1710 5121 1835 5166 sunt

249 5211 575 5264 charactere
615 5209 846 5264 Gothico
874 5206 1176 5262 minusculo
1220 5203 1428 5258 duabus
1479 5200 1746 5255 columnis
1780 5201 1834 5255 in

246 5299 447 5354 charta
481 5298 648 5351 nitida
679 5313 742 5352 ac
770 5298 942 5351 firma.
969 5295 1209 5349 Initiales
1233 5295 1428 5348 litterae
1454 5305 1652 5356 parvae.
1684 5290 1836 5358 Pagi-

249 5403 450 5445 narunt
486 5388 807 5442 foliorumve
834 5395 978 5440 notae
1017 5384 1229 5439 desunt.
1261 5381 1527 5438 Describit
1569 5381 1834 5436 Braunius

249 5479 296 5532 I.
326 5479 364 5531 ι.
393 5477 458 5531 τ.
490 5476 564 5539 ιι,
605 5493 662 5546 p.
704 5477 822 5534 {87.

330 5567 495 5623 “89.
530 5567 716 5631 Basil.,
741 5582 830 5635 per
846 5566 936 5619 lo.
961 5563 1289 5627 Amerbach.,
1309 5561 1492 5631 in-fol.
1509 5560 1836 5631 Augustinus

246 5657 327 5711 de
349 5657 642 5712 Trinitate.
689 5656 747 5709 In
783 5655 888 5710 fine
931 5655 1057 5710 libri
1086 5652 1220 5707 XV:
1258 5651 1452 5706 Aurelii
1475 5651 1748 5721 Augustini
1777 5653 1839 5700 do

249 5748 516 5802 Trinitate
564 5745 689 5799 liber
742 5746 1008 5802 explicitus
1053 5752 1150 5798 est.
1203 5743 1581 5797 Anno‘dontini
1614 5735 1840 5795 HCCCC

1931 4659 2012 4712 (ιω
2053 4658 2205 4712 satis.
2244 4657 2534 4713 Character
2570 4658 2830 4715 Gothicus
2874 4659 3091 4729 grandis
3135 4667 3189 4711 et
3231 4659 3504 4725 aliquanto

1931 4752 2200 4819 pinguior.
2235 4751 2438 4806 Desunt
2460 4753 2692 4816 numeri,
2722 4753 3031 4820 signatum,
3066 4749 3340 4817 custodes,
3374 4750 3503 4806 item

1934 4842 2126 4897 litterae
2166 4843 2399 4898 initiales
2439 4843 2696 4897 librorum
2737 4851 2791 4895 ct
2827 4843 3091 4908 capitum,
3123 4857 3256 4906 quas
3285 4843 3503 4912 quidem

1937 4945 2178 4988 nostrum
2218 4936 2492 5002 exemplar
2528 4935 2695 4987 minio
2725 4933 2889 4986 habet
2915 4934 3176 5006 appictas.
3207 4934 3392 5003 Capita
3423 4946 3506 4990 ta-

1936 5038 2058 5076 men
2086 5022 2249 5076 nnius
2277 5033 2368 5076 aut
2395 5024 2619 5075 duarum
2649 5022 2913 5077 linearum
2943 5025 3127 5090 Spatiis
3165 5025 3308 5080 inter
3333 5042 3392 5080 se
3421 5028 3508 5080 di-

1937 5120 2098 5175 stant,
2129 5125 2420 5177 eorumque
2447 5121 2758 5177 argumenta
2789 5122 2912 5168 ante
2942 5114 3062 5169 libri
3103 5116 3361 5186 cujusque
3401 5119 3508 5171 ini-

1938 5203 2066 5255 tium
2089 5201 2392 5254 summatim
2423 5200 2748 5256 indieantur.
2775 5203 2963 5272 Incipit
2986 5215 3155 5260 totum
3177 5222 3207 5259 a
3234 5208 3511 5262 Sentencia

1937 5293 2072 5346 beati
2101 5293 2362 5360 augustini
2387 5294 2451 5346 de
2481 5294 2609 5346 libro
2638 5297 3000 5349 retractionum
3026 5297 3173 5366 (sic).
3196 5313 3353 5365 quam
3380 5297 3509 5364 Epi-

1936 5382 2067 5435 stola
2096 5383 2356 5451 augustini
2392 5385 2578 5436 aurelii
2614 5381 2851 5454 ypone—sis
2888 5388 3113 5456 episcopi
3149 5387 3218 5436 ad
3253 5385 3510 5437 aurelium

1936 5473 2231 5545 episcopum
2258 5475 2625 5544 cartaginensis
2650 5476 2876 5540 ecclesie,
2908 5491 3030 5529 mox
3049 5515 3062 5537 ,
3100 5475 3341 5527 capitulis
3374 5490 3510 5541 ιπερ-

1938 5564 2138 5630 missis,
2170 5564 2338 5630 ipsius
2363 5564 2484 5616 libri
2513 5565 2668 5631 primi
2698 5565 2909 5617 initium
2938 5561 3198 5628 sequitur.
3226 5561 3508 5631 Exemplo,

1939 5650 2079 5721 quod
2108 5652 2279 5706 celeb.
2303 5652 2556 5706 Denisius
2581 5651 2858 5715 describit,
2884 5651 3057 5704 comvi
3087 5651 3362 5718 cujusdam
3395 5668 3510 5704 ma-

1943 5757 2042 5798 nus
2074 5751 2402 5811 apposuerat
2427 5755 2624 5795 annum
2659 5742 2792 5796 Il'il
2825 5757 2838 5796 :
2872 5741 3004 5798 illud
3024 5759 3174 5810 vero,
3207 5744 3350 5813 quod
3378 5744 3508 5798 See-
