3882 6366
449 413 556 474 115

1327 404 1879 463 SUPPLEMENTUM
1919 404 2009 457 AD
2048 404 2272 460 OPERA
2317 409 2372 462 S.
2413 408 2799 465 AUGUSTINI.
3561 415 3648 467 ιη

447 530 688 584 millerus
724 527 972 581 manibus
1015 522 1245 578 versavit
1270 534 1410 574 anno
1440 519 1594 572 1578.
1625 517 1818 571 Doctor
1846 516 2013 571 Geor-
2041 517 2086 577 A
2117 527 2171 573 et
2195 519 2357 573 densa
2384 560 2397 584 ,
2432 520 2571 574 binis
2612 521 2875 574 columnis
2917 521 3095 588 amplo
3136 531 3304 588 Spatto
3329 524 3542 576 secretis
3567 526 3651 578 im-

447 621 564 686 gius
605 617 812 685 Fingel.
859 615 993 684 prof.
1038 611 1203 666 theol.
1230 610 1446 679 lngolst.
1474 620 1596 662 octo
1619 608 1837 661 llorenis
1864 621 2013 661 com-

448 717 749 777 paraverat.
781 709 1044 762 Cteterum
1075 707 1254 774 plures
1280 703 1539 757 lectiones
1565 702 1631 754 ab
1653 699 1888 754 editione
1911 699 2016 753 Be-

451 799 724 853 nedictina
747 807 802 852 et
827 795 1202 864 Antuerpiensi
1243 793 1610 859 discrepantes
1651 788 1786 841 hanc
1826 788 2020 841 editio-

453 903 576 943 nem
603 887 859 942 eshibere
889 886 1133 941 Denisius
1162 882 1479 953 signiﬁcavit
1516 889 1570 934 et
1608 878 1871 945 exemplis
1909 877 2022 946 qui-

451 977 675 1031 busdam
705 975 898 1029 additis
925 973 1295 1042 comprobavit
1321 1011 1334 1033 ,
1367 984 1467 1023 nec
1497 981 1600 1020 non
1631 966 2016 1034 prooemiorum

449 1067 660 1120 ratione
699 1075 749 1118 et
788 1065 1166 1118 distributione
1204 1061 1434 1128 capitum
1481 1056 1700 1110 dill‘erre
1739 1064 2021 1122 utramque

452 1157 789 1221 observavit,
820 1155 962 1224 quod
986 1195 1001 1218 ,
1033 1151 1282 1221 quoniam
1323 1162 1508 1201 omnes
1546 1146 1802 1198 hactenus
1829 1143 2023 1198 biblio-

452 1246 687 1314 graphos
729 1244 957 1312 fugerit,
1001 1257 1107 1295 non
1151 1237 1521 1307 negligendum
1563 1244 1663 1288 est.
1706 1232 1789 1288 Cl.
1828 1231 2018 1286 Braun.

449 1336 578 1388 Not.
609 1334 682 1388 Η.
716 1333 818 1387 Ln.
851 1348 900 1401 p.
936 1331 1023 1386 8-2.

517 1426 645 1478 Sine
670 1439 826 1476 anno.
867 1422 1113 1485 Venetiis,
1153 1436 1242 1487 per
1267 1418 1589 1487 Paganinum
1615 1416 1679 1467 de
1703 1412 2013 1485 Paganinis,

445 1514 629 1568 iri-4'.
672 1513 729 1567 S.
761 1512 1038 1580 Augustini
1078 1510 1146 1564 de
1173 1508 1436 1563 Trinitate
1474 1505 1602 1559 libri
1641 1504 1756 1569 XV,
1800 1502 2020 1581 adjectis

445 1607 682 1675 ejusdem
714 1605 1012 1674 argumenti
1043 1603 1190 1656 libris
1222 1599 1429 1653 llilarii.
1459 1596 1538 1650 Cf.
1569 1595 1631 1650 T.
1659 1595 1701 1657 l,
1734 1610 1786 1662 p.
1815 1593 1944 1647 280.

517 1697 660 1751 Sac.
689 1695 828 1749 XVI.
853 1724 920 1734 -——
945 1693 1102 1748 1515.
1136 1689 1325 1758 Basil.,
1356 1704 1444 1759 per
1459 1686 1543 1741 lo.
1571 1685 1670 1739 Ad.
1696 1685 1758 1738 de
1780 1683 2019 1754 Langen-

449 1786 627 1853 dorﬂ';
652 1787 851 1853 in-fol.
892 1803 909 1836 ι
938 1786 1002 1840 D.
1032 1784 1170 1853 Aug.
1198 1783 1357 1850 Hipp.
1387 1795 1474 1849 ep.
1507 1778 1573 1833 de
1600 1791 1810 1832 summa
1841 1777 2019 1830 Trini-

2120 621 2366 676 pressum
2393 647 2410 673 ,
2451 608 2591 675 quod
2635 609 2686 660 in
2728 608 2891 675 duplo
2935 618 3114 662 servat
3157 608 3470 662 bibliotheca
3506 609 3650 680 Regia

2121 696 2422 750 Academia:
2452 707 2670 760 nostra,
2701 698 2839 751 baud
2863 697 3024 753 dubie
3046 697 3248 753 Italiam
3272 699 3490 766 patriam
3511 714 3655 769 agno-

2123 785 2243 839 scit.
2274 785 2463 852 lncipit
2491 788 2556 839 ab
2583 787 2751 853 ipsius
2775 788 3053 856 Augustini
3084 802 3245 858 super
3285 789 3388 843 hoc
3426 803 3576 858 opere
3609 793 3652 846 iu

2123 876 2275 931 libris
2303 876 2756 932 Retractationum
2806 880 3133 944 testimonio,
3167 880 3304 949 quod
3342 882 3513 934 statim
3551 882 3658 937 libri

2123 967 2282 1035 primi
2313 967 2522 1020 initium
2554 969 2915 1037 subsequitur.
2949 969 3195 1024 Secundo
3224 979 3422 1034 autem,
3453 973 3594 1024 tertio
3613 981 3658 1026 et

2123 1065 2313 1125 quarto
2342 1057 2480 1112 libro
2508 1059 2905 1126 prmmittuntur
2931 1061 3178 1130 capitula,
3211 1060 3260 1114 id
3290 1069 3373 1115 est
3399 1063 3662 1116 summaria

2123 1148 2357 1216 cujusvis
2393 1151 2602 1218 capitis.
2648 1150 2704 1204 In
2732 1149 2838 1205 line
2867 1168 2877 1203 :
2914 1151 3138 1218 Explicit
3161 1150 3376 1220 feliciter
3396 1151 3516 1206 liber
3532 1169 3665 1219 quar-

2124 1247 2202 1291 tus
2241 1238 2436 1292 Aurelii
2465 1241 2737 1310 Augustini
2787 1243 3079 1310 yponiensis
3127 1244 3349 1312 episcopi
3394 1243 3466 1296 De
3509 1260 3667 1298 osensu

2121 1340 2413 1383 sanctorum
2439 1341 2680 1400 quattuor
2701 1331 3166 1403 Et-angelistarum.
3201 1335 3308 1388 Deo
3337 1338 3544 1404 gratias.
3571 1337 3668 1390 Pla

2121 1421 2273 1488 gulas
2313 1429 2601 1490 quaternas
2650 1432 2893 1478 numerat
2939 1424 3055 1479 a-l.
3108 1425 3241 1479 Alite
3285 1435 3427 1480 nota:
3474 1427 3670 1480 desunt.

2122 1509 2338 1564 Litteris
2356 1511 2649 1566 initialibus
2667 1516 2894 1581 spatium
2913 1515 3068 1583 plane
3081 1530 3303 1570 vacuum
3325 1526 3408 1570 cst
3423 1517 3670 1571 relictum.

2192 1601 2348 1655 1475.
2374 1601 2616 1674 Lavinga:
2643 1604 2832 1674 absque
2858 1615 3057 1677 typogr.
3087 1606 3302 1673 indicio,
3329 1606 3502 1677 in-fol.
3542 1608 3674 1662 Liber

2120 1690 2250 1742 beati
2273 1693 2548 1760 yponensis
2576 1695 2801 1764 episcopi
2825 1696 3098 1764 Augustini
3137 1698 3199 1749 de
3228 1695 3490 1751 Consensu
3517 1695 3676 1750 Evan-

2118 1780 2416 1849 gelistarunt
2461 1782 2515 1833 in
2554 1791 2776 1851 quatuor
2818 1784 2974 1839 libros
3009 1787 3191 1855 incipit
3231 1788 3467 1856 feliciter.
3514 1788 3601 1843 Sic
3629 1788 3677 1841 in

446 1887 554 1930 tate
583 1891 678 1942 que
708 1877 832 1929 deus
863 1873 986 1944 (sic)
1015 1893 1027 1926 :
1078 1874 1157 1926 Ad
1183 1873 1449 1927 Aurelium
1469 1908 1485 1934 ,
1517 1868 2012 1936 Carthaginiensem
2046 1857 2092 1915 B
2121 1869 2232 1936 ipsa
2261 1869 2379 1924 libri
2407 1870 2583 1926 l’ronte
2611 1873 2820 1942 legitur.
2854 1875 2911 1928 ln
2939 1877 3042 1930 line
3071 1894 3084 1929 :
3113 1876 3287 1932 Liber.
3316 1876 3486 1930 Beati.
3515 1877 3682 1948 Augu-

445 1968 750 2035 cpisc0pum
777 1984 789 2019 :
817 1966 962 2018 Libri
987 1964 1312 2034 quindecim:
1336 1975 1470 2029 opus
1494 1973 1713 2029 prorsus
1733 1958 2012 2012 divinum:

446 2068 491 2111 et
515 2058 595 2110 cui
620 2057 732 2110 laus
763 2058 924 2110 omnis
952 2057 1189 2124 inferior,
1229 2052 1319 2107 ubi
1353 2063 1606 2119 perversa
1641 2049 2015 2103 hmreticorum

448 2147 689 2217 dogmata
713 2161 731 2199 :
763 2141 1212 2211 disputationibus
1234 2138 1561 2194 doctissimis
1590 2137 1862 2206 confutans
1891 2150 2016 2203 pro-

447 2236 606 2288 funda
639 2237 890 2304 mysteria
928 2229 1294 2301 inattingibilis
1336 2227 1619 2281 divinitatis
1658 2227 1792 2279 mira
1819 2223 2017 2292 ingenii

448 2327 687 2378 claritate
725 2325 952 2392 aperuit.
996 2324 1094 2376 Cui
1126 2320 1430 2388 Theologice
1459 2317 1694 2370 veritates
1735 2313 2016 2368 illuminati

446 2414 672 2466 doctoris
699 2410 969 2465 Francisci
997 2410 1226 2464 Maronis
1256 2407 1529 2474 aptissime
1551 2413 1964 2459 connectuntur.
1990 2419 2009 2453 ι

444 2503 602 2556 Juxta
624 2501 831 2569 insigne
856 2497 1174 2569 typographi
1203 2515 1214 2549 :
1243 2495 1390 2550 Anno
1423 2493 1628 2549 M.D.X
1646 2492 1704 2546 ν.
1751 2492 1891 2546 lnl'ra
1921 2490 2015 2544 Di-

446 2593 742 2644 rectorium.
772 2590 904 2644 Vide
925 2591 1014 2644 ed.
1039 2589 1296 2643 librorum
1322 2587 1385 2641 de
1408 2586 1619 2640 Civitate
1640 2585 1735 2638 Dei
1762 2597 1855 2652 per
1875 2597 2017 2638 eum-

442 2682 562 2735 dem
613 2681 1042 2749 typographum,
1102 2679 1193 2733 ubi
1238 2691 1357 2746 quae
1408 2676 1551 2730 dicta
1600 2681 1766 2739 sunt,
1805 2673 1873 2727 de
1918 2671 2016 2725 hac

439 2772 598 2823 etiam
641 2770 783 2822 dicta
828 2777 999 2836 putes.
1049 2768 1108 2821 ιη
1150 2765 1551 2835 subscriptione
1587 2772 1801 2819 notatus
1842 2776 2016 2817 annus

441 2856 806 2912 M.D.Xllll.
837 2858 1080 2911 Calendae
1105 2855 1298 2908 Juniw.
1330 2854 1386 2907 1n
1423 2867 1608 2907 aversa
1649 2854 1785 2906 tituli
1825 2853 2015 2919 pagina

443 2948 624 3002 brevis
654 2947 739 3001 Jo.
771 2943 1117 2999 Amerbachii
1147 2942 1212 2995 ad
1245 2942 1504 2994 lectorem
1545 2939 1788 3006 praelatio
1814 2946 2010 3001 exstat,

439 3041 531 3093 sed
565 3052 684 3105 quze
713 3037 859 3088 solas
887 3035 1146 3088 librorum
1171 3026 1453 3096 Augustini
1479 3025 1663 3079 laudes
1691 3031 1904 3077 tractat.

2117 1961 2261 2012 stini.
2287 1959 2573 2027 Yponensis
2599 1966 2826 2032 episcopi
2854 1967 2915 2020 de
2935 1966 3195 2021 Consensu
3216 1967 3678 2037 Evangelistarum.

2117 2049 2326 2120 explicit
2363 2052 2601 2120 feliciter.
2645 2053 2712 2108 In
2750 2058 2971 2111 ciuitate.
3012 2056 3332 2128 Laugingen.
3373 2057 3680 2128 Impressus.

2117 2139 2264 2192 Anno
2293 2156 2324 2192 a
2353 2153 2504 2207 partu
2539 2143 2764 2216 Virginis
2791 2148 3078 2216 salutifero.
3113 2148 3408 2202 Millesimo.
3439 2147 3684 2217 quadrin-

2118 2230 2398 2296 gentesimo
2437 2236 2806 2302 septuagesimo
2839 2237 3011 2288 tertio.
3055 2235 3248 2289 Pridie.
3289 2235 3442 2289 Idus.
3477 2235 3686 2304 Aprilis.

2117 2321 2341 2374 Constat
2377 2320 2491 2373 haec
2520 2323 2686 2375 editio
2714 2324 2852 2376 foliis
2886 2326 2983 2379 105
3010 2326 3206 2379 litteris
3234 2325 3492 2380 rotundis
3523 2340 3590 2379 ac
3615 2325 3692 2378 ni-

2117 2408 2243 2462 tidis
2276 2410 2614 2478 impressum,
2643 2411 2842 2480 absque
2872 2415 3202 2477 custodibus,
3238 2416 3699 2484 numeris,signa—

2118 2499 2286 2563 turis,
2337 2498 2530 2552 litteris
2573 2499 2866 2553 initialibus
2914 2516 2977 2554 ac
3025 2501 3215 2556 titulis.
3267 2503 3582 2570 Descripsit
3627 2503 3698 2556 cl.

2115 2590 2290 2644 Braun
2329 2591 2379 2644 in
2407 2591 2535 2644 Nat.
2564 2591 2638 2643 Η.
2673 2591 2779 2644 Lit.
2829 2591 3030 2660 (1788),
3075 2608 3125 2660 p.
3164 2594 3286 2649 154.
3332 2593 3705 2648 Rarissimam

2117 2694 2239 2734 esse
2268 2680 2575 2748 complures
2605 2680 2788 2736 testati
2813 2689 2939 2735 sunt
2961 2683 3343 2752 bibliographi,
3365 2697 3510 2752 quos
3532 2684 3701 2738 etiam

2118 2769 2380 2823 Braunius
2409 2769 2609 2823 laudat.

2189 2859 2345 2913 1558.
2388 2860 2570 2923 Paris,
2600 2859 2896 2930 in-12.;D.
2931 2859 3063 2914 Aur.
3101 2860 3431 2930 Augustinus
3459 2862 3532 2919 de
3562 2862 3697 2918 Con-

2117 2959 2280 2999 sensu
2312 2948 2793 3013 Evangelistarum.
2829 2949 2964 3001 Mus.
2995 2948 3151 3002 Britt.

2188 3035 2344 3089 1539.
2380 3033 2626 3101 Colonia,
2656 3052 2719 3088 ea:
2750 3037 2840 3101 off.
2874 3038 3075 3090 Heron.
3108 3040 3361 3109 Alopecii,
3394 3044 3598 3098 its-8‘.
3633 3043 3694 3096 D.

515 3127 670 3182 1520,
708 3127 981 3192 Lugdun.,
1007 3136 1111 3177 ωτι
1135 3129 1183 3173 et
1211 3121 1404 3186 impen.
1442 3116 1531 3169 Jo.
1565 3114 1840 3181 Koburger
1858 3130 1877 3178 ;
1904 3122 2013 3167 arts
2042 3185 2082 3203 Α
2113 3123 2245 3178 Aur.
2265 3125 2400 3192 Aug.
2421 3124 2490 3178 de
2503 3124 2784 3180 Consensu
2808 3126 3268 3196 Evangelistarum
3291 3131 3422 3188 libri
3442 3140 3698 3203 quatuor.‘

438 3228 604 3268 tamen
629 3230 689 3266 ac
713 3185 837 3265 cura
861 3185 978 3265 Jac.
1013 3209 1213 3262 Saccon
1231 3222 1249 3271 ,°
1288 3185 1381 3258 in-
1400 3206 1494 3275 fol.
1538 3203 1595 3258 S.
1626 3203 1910 3271 Augustini
1939 3204 2006 3257 de
2039 3185 2083 3248 (ἶ
2117 3213 2288 3271 Calai,
2317 3185 2513 3267 Βῖιηαυ,

438 3307 699 3361 Trinitate
726 3302 849 3357 libri
883 3301 1000 3365 XV,
1031 3298 1224 3368 quibus
1256 3296 1567 3364 theologica:
1598 3293 1858 3347 veritates
1885 3292 2008 3348 illu-

437 3395 624 3450 minati
645 3393 882 3449 doctoris
902 3389 1179 3448 Francisci
1206 3387 1436 3443 Maronis
1457 3391 1867 3439 connectuntur.
1895 3381 2008 3436 Una

435 3501 552 3541 cum
587 3483 738 3539 libris
765 3479 1046 3551 Augustini
1077 3477 1144 3532 de
1175 3478 1402 3531 Civitate
1432 3474 1527 3528 Dei
1567 3473 1880 3541 plerumque
1906 3471 2011 3523 cir-

435 3577 685 3633 cumferri
723 3575 919 3630 solent.
961 3570 1074 3626 Cat.
1116 3568 1252 3622 Bibl.
1287 3566 1527 3621 Casanat.
1561 3564 1624 3618 T.
1659 3563 1700 3628 l,
1732 3575 1850 3631 pag.
1885 3563 2008 3616 542.

1077 3659 1372 3713 Versiones.

502 3760 694 3815 Grzece
739 3755 1077 3811 convertisse
1130 3750 1328 3803 dicitur
1378 3747 1476 3800 bos
1525 3745 1698 3799 libros
1748 3744 2011 3799 Maximus

436 3853 722 3909 Planuilcs,
755 3849 907 3914 cujus
947 3845 1120 3911 capita
1155 3837 1442 3904 nonnulla,
1485 3851 1602 3904 quae
1642 3837 1871 3906 probant
1912 3837 2006 3904 Sp.

438 3943 497 3996 S.
527 3940 688 3993 etiam
725 3952 790 3988 ex
824 3934 956 3987 Filio
989 3929 1302 4000 procedere,
1344 3935 1558 3981 exstant
1583 3927 1721 3980 inter
1751 3927 2011 3994 ()puscula

437 4031 610 4082 Aurea
641 4024 924 4092 theologica
953 4018 1295 4089 quorumdam
1324 4014 1685 4086 (sequiorum)
1717 4015 2010 4068 Grecorum

440 4119 510 4173 de
538 4118 784 4170 ProceSs.
818 4113 914 4180 Sp.
939 4110 996 4166 S.
1030 4108 1255 4163 collecta
1287 4121 1315 4158 a
1345 4105 1410 4159 P.
1444 4105 1690 4167 Arcudio,
1731 4105 1870 4159 edita
1904 4106 2009 4157 Ro-

438 4224 536 4261 ma!
564 4205 699 4276 typis
726 4203 786 4259 S.
817 4202 874 4256 C.
920 4202 982 4254 de
1020 4214 1237 4269 prapag.
1279 4197 1403 4267 fide,
1439 4196 1630 4263 iri-4°,
1671 4210 1700 4248 a
1733 4209 1850 4262 pag.
1888 4196 2007 4248 l8'l.

445 4299 644 4355 Eadem
687 4294 795 4366 jam
838 4308 890 4346 a.
924 4293 1060 4346 1650
1100 4289 1296 4343 ibidem
1342 4287 1483 4342 edita
1525 4301 1665 4351 esse,
1696 4283 1819 4350 quin
1849 4285 2008 4338 etiam

436 4393 603 4446 multo
627 4389 774 4457 prius
798 4386 934 4440 1578
953 4383 1173 4436 Basin
1195 4379 1349 4433 ἔτι-8⁸
1370 4378 1461 4432 Gr.
1491 4378 1583 4430 lat.
1611 4392 1705 4445 per
1724 4375 1810 4429 Jo.
1838 4377 2006 4428 Leun-

436 4481 654 4536 clauium
681 4477 847 4531 fuisse
872 4473 1134 4543 publicata
1156 4484 1219 4523 ex
1248 4467 1526 4522 Whartoni
1546 4467 1612 4517 ad
1634 4466 1851 4520 Caueum
1873 4464 2009 4532 Sup-

2181 3359 2433 3414 Galticam
2456 3361 2617 3430 hujus
2637 3285 3118 3431 operisvuezgfonem
3141 3369 3310 3440 Lugd.
3340 3370 3509 3436 1516,
3536 3374 3605 3426 in-
3622 3373 3695 3426 8°.

2113 3461 2374 3506 memorat
2396 3453 2513 3506 Jac.
2547 3455 2593 3507 le
2618 3455 2761 3526 Long
2801 3457 2855 3510 in
2895 3456 3032 3510 Bibl.
3065 3460 3218 3515 Sacr.
3263 3477 3317 3530 p.
3349 3463 3487 3518 619.
3517 3463 3696 3517 Colon.

2435 3563 2558 3616 XX.
2583 3595 2650 3604 —
2675 3566 2788 3634 (52)
2822 3567 2898 3621 De
2931 3569 2991 3624 S.
3036 3569 3338 3641 Virginitate

2185 3674 2342 3729 1562.
2380 3675 2575 3744 Romw,
2608 3694 2697 3747 ap.
2736 3677 2891 3731 Paul.
2926 3679 3217 3733 Manutium
3243 3720 3256 3734 .
3289 3721 3302 3734 .
3333 3722 3345 3734 .
3381 3723 3393 3734 .
3432 3683 3494 3739 S.
3525 3683 3697 3752 Augu-

2113 3765 2236 3817 stini
2281 3764 2415 3818 liber
2456 3766 2523 3820 de
2563 3767 2621 3821 S.
2665 3766 3004 3835 Virginitate.
3052 3771 3196 3822 Exst.
3240 3771 3391 3826 inter
3428 3773 3698 3839 Opuscula

2113 3854 2211 3910 SS.
2246 3855 2352 3907 DD.
2383 3854 2690 3923 Ambrosii,
2725 3857 3032 3927 Hieronymi
3071 3868 3127 3914 et
3155 3860 3452 3929 Augustini
3485 3863 3556 3919 de
3586 3865 3698 3917 Vir-

2111 3945 2354 4013 ginitate.

2759 4015 3041 4071 Versiones.

2183 4102 2339 4159 1658.
2378 4102 2552 4168 Paris,
2595 4104 2718 4157 chez
2754 4104 2886 4158 Jean
2925 4105 3182 4172 Camusat,
3227 4109 3427 4166 in-8°.
3479 4131 3499 4164 s
3532 4112 3608 4167 De
3645 4111 3691 4165 la

2112 4194 2282 4247 sainte
2326 4193 2602 4260 virginité,
2651 4195 2898 4249 discours
2937 4198 3137 4251 traduit
3179 4199 3246 4253 de
3288 4200 3351 4257 S.
3399 4203 3695 4272 Augustin,

2115 4296 2242 4335 avec
2266 4283 2361 4335 des
2386 4297 2701 4350 remarques
2728 4299 2860 4350 pour
2881 4286 2927 4339 Ia
2953 4285 3121 4343 clarlé
3144 4288 3212 4342 de
3241 4289 3290 4342 la
3314 4292 3579 4349 doctrinae
3610 4306 3700 4360 par

2110 4370 2306 4424 Claude
2334 4371 2590 4442 Seguenot
2619 4391 2638 4423 ›
2674 4373 2846 4443 (cujus
2880 4375 2979 4428 sub
3011 4377 3226 4432 nomine
3260 4379 3500 4436 latuisse
3525 4384 3700 4436 lerunt

2110 4461 2363 4514 Joannem
2410 4463 2480 4514 du
2533 4461 2740 4532 Vergier
2784 4465 2846 4518 de
2895 4463 3202 4531 Hauranne,
3249 4470 3518 4528 abbatem
3568 4473 3701 4527 San-

437 4531 744 4638 piem—emis,
774 4531 998 4620 monent
1029 4559 1395 4616 Colonienses.
1424 4556 1529 4611 Sed
1551 4556 1853 4610 Leunclavii
1875 4531 2009 4624 opus
2037 4531 2088 4589 Ῐ)
2111 4550 2414 4620 Cyranum).
2449 4531 2692 4605 Pertinet
2717 4552 2781 4606 ad
2806 4553 2949 4607 hunc
2973 4554 3166 4609 librum
3193 4577 3206 4611 :
3235 4556 3478 4614 Censura
3503 4562 3567 4617 S.
3595 4559 3699 4611 Fa-

446 4662 633 4715 dubito
674 4674 744 4712 an
779 4656 883 4710 huc
925 4651 1060 4706 trahi
1100 4649 1270 4718 possit
1294 4690 1308 4715 ,
1340 4646 1480 4715 quod
1507 4644 1723 4697 aliunde
1753 4644 2011 4696 memoria
2111 4643 2314 4695 cultatis
2341 4643 2638 4712 theologicae
2665 4642 2994 4710 Parisiensis,
3021 4647 3128 4700 lata
3155 4648 3208 4701 in
3240 4648 3435 4704 librum
3455 4693 3470 4717 ,
3499 4653 3591 4720 qui
3619 4651 3700 4703 in.

445 4757 606 4802 teneo
635 4747 831 4802 ibidem
857 4742 1034 4811 capita
1064 4739 1265 4804 aliquot
1306 4735 1372 4789 de
1400 4733 1661 4787 Trinitate
1687 4747 1752 4784 ex
1784 4732 1922 4784 libro
1947 4732 2009 4784 de
2110 4732 2396 4785 scribitur:
2437 4732 2513 4786 De
2556 4732 2610 4785 la
2655 4736 2818 4788 sainte
2863 4738 3118 4807 virginité,
3167 4747 3272 4793 etc.
3326 4741 3509 4803 Paris,
3556 4739 3702 4809 apud

444 4853 572 4891 vera:
603 4839 716 4890 vitae
743 4836 1028 4906 cognitione
1053 4837 1286 4891 exstare,
1307 4841 1426 4895 quae
1455 4826 1522 4878 ab
1551 4823 1784 4892 Arcudio
1810 4823 2008 4891 pariter
2110 4820 2323 4874 Adrian.
2359 4821 2662 4889 Tapuinort,
2697 4824 2852 4891 1638,
2885 4826 3049 4879 in-b'
3091 4827 3175 4881 Cl.
3202 4826 3338 4883 Bibl.
3368 4827 3606 4884 Jansen.
3647 4845 3702 4899 p.

446 4928 499 4979 in
523 4939 656 4993 opus
684 4925 956 4977 laudatum
986 4939 1038 4990 p.
1063 4919 1168 4976 672
1197 4918 1367 4972 relata
1395 4923 1540 4969 sunt.
2114 4912 2233 4974 198,
2263 4927 2313 4964 a.
2347 4911 2500 4968 17°22.

513 5017 585 5068 De
611 5011 815 5065 Gallica
853 5014 1123 5074 versione,
1165 5010 1321 5076 cujus
1361 5006 1576 5060 Crucius
1615 5002 2010 5057 Cenomanensis

448 5103 725 5163 meminit,
757 5109 904 5152 recte
933 5108 1170 5152 statuunt
1197 5097 1544 5152 Colonienses
1563 5138 1577 5160 ,
1612 5095 1777 5148 libros
1804 5096 1868 5146 de
1893 5093 2010 5146 Tri-

446 5198 610 5249 nitate
638 5205 757 5245 cum
781 5189 929 5242 libris
953 5187 1018 5240 de
1045 5188 1276 5240 Civitate
1307 5189 1418 5250 Dei,
1450 5187 1514 5240 ad
1543 5201 1678 5255 quos
1705 5186 1882 5240 versio
1909 5186 2006 5238 ista

437 5292 668 5354 Spectat,
699 5281 766 5335 ab
793 5293 857 5333 eo
883 5291 1004 5331 esse
1032 5274 1305 5328 confusos.

439 5394 595 5450 XIX.
623 5422 692 5434 -
724 5390 841 5462 (15)
883 5387 960 5442 De
999 5387 1264 5462 Clonsensu
1299 5395 1518 5451 quatuor
1569 5386 2005 5456 Evangelistarunt

1031 5455 1147 5507 libri
1176 5465 1414 5521 quatuor.

2186 5001 2297 5054 l-luc
2324 5003 2483 5054 etiam
2517 5003 2718 5057 releras
2743 5023 2754 5056 :

2185 5090 2344 5146 1680.
2377 5091 2550 5158 Paris,
2576 5092 2696 5144 chez
2729 5093 2874 5146 Helie
2896 5095 3108 5161 Josset;
3137 5098 3370 5152 ὅτι-12⁸.
3426 5118 3449 5152 s
3481 5099 3700 5155 Traites

2110 5181 2178 5235 de
2204 5183 2408 5236 morale
2435 5183 2503 5235 de
2537 5182 2594 5236 S.
2623 5184 2882 5253 Augustin
2910 5227 2926 5251 ,
2969 5202 3104 5255 pour
3135 5196 3256 5242 tous
3285 5189 3368 5242 les
3395 5189 3584 5255 états,
3614 5187 3700 5258 qui

2109 5280 2423 5339 composent
2453 5273 2503 5326 le
2529 5287 2685 5342 eorps
2709 5275 2775 5329 de
2805 5276 3039 5346 I’Eglise,
3071 5279 3303 5345 sqavoir,
3331 5281 3400 5333 1°
3437 5282 3514 5336 de
3539 5283 3590 5336 la
3613 5282 3700 5336 Sta

2108 5361 2378 5429 virginité,
2408 5377 2541 5431 pour
2565 5363 2643 5419 les
2670 5365 2908 5435 vierges;
2939 5370 3001 5420 2°
3024 5370 3092 5422 du
3118 5370 3240 5424 bien
3271 5370 3337 5424 de
3363 5371 3419 5425 la
3449 5369 3697 5433 viduite’,‘

2108 5455 2169 5507 5ο
2197 5452 2266 5507 de
2293 5454 2342 5506 la
2374 5454 2611 5510 maniére
2639 5456 2769 5510 dont
2806 5474 2873 5512 on
2913 5459 3022 5513 doit
3063 5461 3206 5528 pricr
3243 5461 3382 5514 Dieu
3428 5478 3582 5531 pour
3622 5463 3699 5515 les

509 5553 632 5606 Sine
657 5569 812 5615 anno,
859 5552 970 5605 loco
1008 5557 1054 5600 et
1097 5557 1300 5616 typogr.
1324 5585 1338 5610 ,
1370 5546 1571 5613 in-fol.
1616 5546 1693 5601 De
1730 5547 2004 5602 Consensu
2105 5558 2337 5604 veuves;
2363 5547 2423 5598 4°
2451 5545 2519 5598 du
2551 5546 2671 5601 hicn
2699 5548 2764 5602 de
2794 5551 3058 5620 mariage;
3089 5552 3150 5605 5°
3177 5553 3247 5606 du
3270 5553 3529 5622 mariage
3552 5562 3608 5607 et
3629 5552 3698 5606 de

437 5651 666 5709 quatuor
689 5640 1168 5707 Evangelistarum.
1186 5636 1453 5692 Volumen
1482 5636 1799 5690 charactere
1817 5638 2004 5692 Gothi-

436 5749 501 5785 co
531 5731 812 5784 admodum
847 5729 1114 5784 luculento
1141 5737 1192 5784 et
1224 5726 1416 5794 aequali
1439 5766 1455 5790 ,
1485 5727 1536 5779 in
1565 5726 1748 5780 charta
1774 5728 2000 5781 candida

2107 5637 2153 5689 la
2184 5637 2573 5705 concupisence
2609 5657 2620 5691 :
2657 5641 2887 5697 traduits
2926 5657 2993 5698 en
3037 5643 3268 5708 franeois
3309 5657 3419 5711 par
3461 5647 3535 5701 Μ.
3567 5644 3700 5700 Jean

2107 5725 2331 5782 "utnon.
2363 5749 2380 5779 ι
