3882 6348
446 416 548 469 147

1338 414 1887 472 SUPPLEMENTUM
1925 414 2016 469 AD
2052 413 2283 471 OPERA
2320 414 2374 469 S.
2420 412 2814 470 AUGUSTINI.
3580 418 3663 472 litt

414 522 609 590 tl’erp.
643 521 783 591 Virg.
818 521 1002 575 Mariae
1029 529 1084 576 et
1108 521 1344 590 Epistula
1370 524 1479 592 ejus
1497 522 2024 593 contraVigilantium
2053 525 2104 585 Α
2129 519 2442 593 Ypponensts
2473 524 2536 576 de
2563 521 2777 576 Civitate
2803 520 2899 576 Dei
2929 521 3056 576 liber
3086 523 3582 578 vicesimnssecundus
3599 544 3674 582 ex-

439 613 670 678 junctim
701 613 831 668 editi
872 614 940 667 ab
994 612 1141 671 Hier.
1193 612 1463 676 Gebwiler,
1519 603 1844 669 cathedralis
1895 615 2026 670 tedis

445 707 575 772 Arg.
607 705 874 759 Litterarii
904 704 1328 773 Ludimagistro.
1356 705 1473 758 Fol.
1501 720 1711 760 v-xxu.

513 823 585 834 —
613 795 856 866 Augusta:
892 795 1174 858 Vindelic.,
1207 797 1375 850 its-8'.
1410 798 1468 850 Ι).
1490 801 1621 852 Aur.
1645 801 1784 866 Aug.
1810 799 2028 855 Iiberde

445 884 575 937 Fide
607 894 660 938 et
684 886 948 952 Operibus
973 885 1027 937 Μ
1039 926 1053 941 .
1082 886 1215 940 Bibl.
1251 884 1395 940 Eccl.
1429 886 1541 942 Col.
1576 903 1629 956 p.
1662 889 1784 942 757.

516 973 674 1028 1528.
709 977 954 1030 Coloniae.
985 975 1281 1031 Excudebat
1310 977 1600 1031 Eae/rarius
1630 975 2029 1044 Cervicamius;

441 1064 618 1119 iri-8°.
653 1065 716 1120 D.
745 1065 879 1120 Aur.
909 1066 1192 1136 Augustini
1224 1067 1291 1122 de
1318 1067 1451 1122 Fide
1490 1079 1545 1122 et
1589 1067 1854 1137 Operibus
1895 1069 2030 1122 liber

442 1170 602 1210 unus.
640 1174 660 1208 ι
695 1156 937 1211 Occurrit
968 1157 1194 1211 subinde
1222 1169 1534 1225 compactus
1562 1173 1682 1211 cum
1717 1158 1852 1213 libro
1888 1159 2030 1227 ejus-

445 1247 568 1300 dem
597 1248 662 1298 de
688 1245 894 1299 Natura
923 1257 969 1300 et
995 1247 1178 1300 Gratia
1205 1262 1271 1300 es
1301 1247 1488 1302 eadem
1517 1247 1756 1302 ofﬁcina.

419 1350 426 1372 ν
518 1339 676 1392 1554.
707 1338 883 1402 Paris,
908 1339 1049 1408 apud
1068 1337 1324 1391 Joannem
1345 1340 1574 1410 Roigny,
1602 1341 1774 1394 iri-16.
1801 1341 1868 1395 D.
1891 1341 2027 1409 Aug.

442 1430 580 1484 liber
609 1430 676 1484 de
708 1430 842 1484 Fide
864 1440 917 1485 et
944 1430 1233 1499 Operibus.
1261 1432 1434 1484 illam.
1465 1432 1530 1487 T.
1561 1433 1623 1499 II,
1652 1447 1705 1501 p.
1734 1448 1790 1498 ιι,
1819 1448 1870 1501 p.
1904 1431 2027 1499 799,

445 1521 534 1573 ed.
568 1519 620 1572 2.

516 1611 677 1666 1559.
709 1612 923 1679 ιὶρεὶω,
953 1613 1122 1666 iri-8'.
1150 1613 1210 1668 Β.
1239 1613 1373 1669 Aur.
1402 1615 1540 1682 Aug.
1568 1613 1704 1667 liber
1731 1613 1799 1666 de
1813 1613 1946 1666 Fide
1982 1621 2035 1666 et

442 1705 711 1772 Operibus
737 1721 857 1760 cum
889 1705 1203 1774 prmfatione
1231 1706 1440 1779 Georgii
1495 1705 1724 1759 Wicelii.
1770 1703 1853 1759 Ci.
1901 1703 2033 1756 Bec-

442 1796 623 1847 manni
651 1795 762 1848 Cat.
797 1794 935 1848 Bibl.
970 1793 1223 1866 Francof.
1252 1813 1303 1865 p.
1329 1797 1418 1854 55.
1448 1796 1598 1850 Unde
1618 1796 1727 1864 jam
1753 1794 2037 1849 laudarunt

442 1885 823 1938 Hendreichias
850 1895 904 1940 et
931 1885 1283 1940 Colonienses.

515 1975 676 2030 155:2.
718 1975 967 2041 Colonite,
1016 1977 1154 2047 apud
1203 1977 1416 2029 Petrum
1464 1976 1663 2041 Horst;
1693 1975 1852 2031 in-8’.
1882 1974 2029 2029 Idem

443 2066 582 2120 liber
611 2081 734 2121 cum
762 2066 1066 2120 Enchiridto
1097 2067 1336 2136 ejusdem
1369 2067 1489 2122 vide
1519 2081 1616 2121 suo
1643 2068 1783 2122 loco.

516 2157 674 2213 1568.
725 2159 1055 2229 Αητιιενρὶω,
1101 2158 1260 2212 iit-8'.
1313 2158 1456 2213 Idem
1505 2159 1642 2213 liber
1690 2156 2031 2211 laudantibus

442 2248 832 2302 Coloniensibus
861 2249 897 2302 Ι.
933 2249 973 2302 I.

517 2339 675 2394 I652.
705 2337 959 2406 Francof.
983 2340 1054 2391 ad
1083 2339 1161 2396 Μ.
1191 2349 1240 2392 et
1289 2339 1522 2403 Rintelii,
1571 2338 1732 2394 ενι-8⁸.
1783 2339 1842 2394 S.
1894 2340 2026 2392 Aur.

445 2429 799 2498 Augustini...
841 2430 980 2484 liber
1005 2430 1073 2483 de
1098 2430 1228 2484 Fide
1252 2439 1305 2484 et
1325 2431 1608 2498 Operibus.
1636 2429 1842 2484 Edente
1871 2430 2028 2483 Joan.

445 2519 759 2574 Hermichio.
817 2519 950 2574 Cum
1008 2521 1389 2575 dissertatione
1437 2521 1678 2588 ejusdem
1731 2521 2033 2591 argumenti

444 2613 635 2669 eodem
664 2623 904 2670 auctore.
923 2613 1305 2668 Hendreich.in
1326 2613 1479 2668 Pana
1493 2661 1498 2666 .
1517 2613 1802 2681 Brandeb.,
1823 2630 1874 2683 p.
1903 2613 2027 2670 542.

1099 2707 1386 2763 Versiones.

521 2798 678 2854 1545.
715 2798 958 2864 Venezia,
993 2815 1084 2870 per
1111 2799 1294 2853 Comin
1323 2800 1390 2852 da
1419 2799 1602 2863 Trino,
1635 2798 1797 2853 ἔνι-8⁸.
1842 2817 1860 2850 t
1890 2798 1926 2850 Il
1972 2798 2036 2851 li-

445 2893 544 2944 bro
575 2891 662 2944 del
694 2891 756 2943 Β.
787 2892 1044 2960 Agostino
1067 2890 1131 2943 V.
1163 2892 1203 2944 l.
1235 2893 1373 2944 delia
1401 2891 1547 2945 Fede
1575 2908 1605 2945 e
1633 2894 1953 2958 dell’opere,
1981 2892 2031 2943 di

445 2983 615 3036 latino
643 2982 698 3036 in
727 2981 945 3049 volgare
975 2989 1296 3033 novamente
1329 2979 1586 3032 tradotto.
1617 2998 1635 3029 s

708 3068 848 3124 ΧΧΙ
867 3070 924 3122 γ.
954 3099 1025 3108 -
1049 3068 1165 3138 (72)
1198 3069 1272 3122 De
1304 3069 1510 3121 Natura
1539 3079 1586 3122 et
1609 3069 1809 3122 Gratia.

520 3162 680 3218 1524.
715 3160 1094 3229 Norimbergte,
1125 3160 1286 3215 iri-8’.
1331 3162 1393 3214 D.
1450 3165 1582 3215 Aur.
1633 3160 1914 3230 Augustini
1964 3159 2034 3215 de

2131 612 2277 679 plicit
2303 619 2481 665 contra
2501 627 2752 681 paganos.
2793 612 2903 665 Sub
2952 628 3085 664 anno
3126 628 3156 664 a
3203 613 3454 666 nativitate
3496 612 3675 670 Domini

2131 701 2621 758 M.CCCCLXVH.
2652 704 2970 771 Pontiﬁcum
2996 704 3160 759 PAULI
3183 721 3326 775 papa:
3345 707 3544 759 secundi
3563 725 3677 762 anno

2131 796 2241 862 ejus
2284 796 2456 847 tertio.
2506 794 2680 847 Tertio
2728 803 2970 864 regnante
3018 794 3368 848 Romanorum
3414 799 3681 864 imperatore

2133 882 2440 938 Fatur-Lateo.
2474 885 2762 937 lndictione
2790 883 2919 947 XV,
2950 884 3034 938 die
3055 901 3171 938 vero
3198 886 3498 940 duodecima
3522 891 3683 941 mensis

2130 971 2297 1026 Junii.
2333 974 2440 1028 Deo
2464 976 2678 1046 gratias.
2711 973 2858 1027 σοι)
2888 974 3076 1029 Αι.-.
3099 976 3487 1044 Impresserunt
3513 976 3684 1031 Conra-

2132 1061 2232 1116 dus
2262 1063 2371 1118 Sw.
2397 1075 2451 1118 et
2489 1062 2756 1118 Arnoldns
2800 1065 3070 1119 Pannartz
3095 1067 3319 1134 juvante
3371 1066 3504 1119 haud
3549 1067 3687 1120 dubie

2134 1153 2249 1205 viro
2275 1154 2456 1222 aliquo
2478 1153 2689 1220 solerti,
2718 1156 2870 1222 cujus
2897 1170 3091 1209 nomen
3126 1155 3177 1208 in
3213 1156 3409 1210 litteris
3430 1154 3566 1208 COD
3594 1156 3684 1208 AL.

2135 1241 2372 1296 insidere
2405 1251 2509 1296 tam
2554 1243 2710 1299 facile
2756 1245 2860 1299 sibi
2907 1260 3096 1299 omnes
3143 1246 3509 1313 persuadent,
3554 1262 3688 1314 quam

2105 1370 2107 1372 η
2137 1344 2356 1397 operam
2387 1332 2443 1384 in
2466 1332 2797 1400 explicandis
2826 1349 3014 1388 eorum
3044 1335 3314 1404 mysteriis
3345 1336 3570 1404 perdunt
3608 1335 3688 1404 (η).

2137 1421 2349 1490 Paginte
2372 1422 2424 1476 in
2444 1424 2576 1476 duas
2592 1425 2870 1479 columnas
2892 1425 3156 1479 linearum
3180 1423 3250 1477 44
3275 1425 3551 1494 impressae
3570 1437 3692 1490 sunt,

2135 1525 2265 1579 quas
2294 1514 2457 1580 ampli
2489 1515 2758 1582 margines
2786 1514 3045 1568 ambiunt.
3080 1514 3399 1568 Prtecedunt
3437 1530 3508 1568 xu
3542 1515 3697 1567 rubri-

2136 1617 2320 1656 earum
2354 1603 2503 1658 folia.
2533 1605 2612 1659 Ci.
2646 1606 2872 1672 Audi/fr.
2910 1622 2961 1673 p.
2993 1605 3046 1659 6.
3082 1605 3386 1659 Recensent
3413 1606 3568 1660 etiam
3611 1605 3699 1656 De-

2138 1695 2260 1746 bure
2287 1692 2540 1764 Bibliogr.
2573 1697 2720 1749 instr.
2755 1696 2819 1749 T.
2850 1697 2892 1763 I,
2925 1711 2978 1766 p.
3008 1696 3131 1751 245.
3183 1695 3440 1751 Exstabat
3482 1696 3535 1750 in
3580 1694 3698 1748 Bibl.

2141 1781 2297 1838 Ducis
2327 1786 2391 1838 de
2421 1787 2471 1838 la
2510 1787 2735 1841 Valtére.

2058 1879 2104 1936 B
2202 1875 2364 1929 1468.
2394 1875 2571 1930 Roma:
2595 1877 2647 1930 in
2675 1879 2824 1930 domo
2854 1877 2995 1930 Petri
3039 1878 3106 1932 de
3157 1878 3326 1944 Manu;
3353 1879 3534 1947 in-fol.
3567 1883 3705 1928 ἠπίη.

2135 1966 2195 2020 S.
2240 1967 2525 2036 Augustini
2569 1967 2636 2022 de
2671 1970 2787 2024 Civ.
2822 1972 2914 2024 Dei
2947 1970 3066 2025 libri
3098 1970 3266 2024 XXII.
3299 1972 3355 2025 In
3388 1971 3572 2024 calce:
3607 1965 3706 2019 Hoc

2131 2057 2401 2112 Conradus
2453 2077 2619 2129 opus,
2674 2073 2777 2116 etc.
2836 2061 2903 2115 In
2953 2064 3105 2117 domo
3160 2062 3303 2116 Petri
3355 2063 3421 2115 de
3471 2061 3706 2114 Maximo.

2135 2147 2689 2205 M.CCCC.LXVIII.
2723 2153 2932 2221 «Hujus
2972 2153 3225 2208 editionis
3267 2153 3571 2216 character,
3607 2163 3710 2202 mea

2132 2240 2350 2308 quidem
2370 2243 2654 2306 sonientia,
2679 2243 2894 2297 nitidior
2907 2252 3010 2309 est,
3027 2259 3186 2312 quam
3212 2243 3266 2298 in
3289 2244 3576 2298 Lactantio
3589 2241 3715 2308 ejus-

2132 2329 2256 2383 dem
2289 2333 2434 2385 anni.
2467 2332 2572 2386 sed
2602 2342 2779 2387 textus
2799 2334 3132 2400 inquinatior
3161 2341 3245 2386 est
3272 2343 3326 2389 et
3359 2332 3574 2386 mendis
3614 2345 3718 2384 sca-

2138 2431 2213 2477 tet
2241 2423 2581 2478 fcedissimis.
2632 2425 2948 2478 Prtecedunt
2992 2441 3079 2478 XIV
3128 2425 3255 2479 folia
3305 2425 3715 2479 rubricarum.»

2133 2515 2216 2568 Ci.
2251 2513 2454 2568 Debure
2479 2514 2616 2569 Bibl.
2646 2518 2823 2581 instr.,
2855 2515 2967 2569 Cat.
2996 2516 3132 2569 Bibl.
3170 2516 3485 2570 Smithiana:
3507 2516 3719 2584 (Venet.

2136 2606 2294 2663 1755.
2326 2607 2511 2677 ίη-ιο),
2543 2623 2594 2676 ρ.
2625 2608 2716 2674 e7,
2749 2616 2803 2661 et
2829 2606 2967 2660 Bibl.
3004 2607 3198 2661 Pinell.
3229 2607 3290 2662 T.
3321 2608 3366 2669 1,
3401 2623 3458 2676 p.
3492 2607 3586 2661 86.

2207 2695 2364 2751 M70.
2399 2697 2597 2762 Romae,
2627 2699 2766 2768 apud
2794 2699 3032 2761 eosdem;
3061 2699 3245 2767 in-fol.
3278 2715 3429 2752 matr.
3461 2697 3521 2751 S.
3554 2699 3719 2768 Augu-

2136 2787 2261 2842 stini
2283 2788 2351 2843 de
2373 2787 2489 2841 Civ.
2519 2787 2582 2841 D.
2610 2774 2728 2842 libri
2752 2787 2916 2841 XXII.
2942 2787 3008 2841 In
3035 2788 3173 2841 calce
3196 2804 3215 2840 :
3240 2789 3442 2860 Aspicis
3467 2790 3715 2855 illustris.,

2135 2886 2244 2931 etc.
2278 2878 2622 2932 Audiﬂ'redus
2648 2878 2890 2946 diligenti
2924 2879 3082 2932 trium
3112 2877 3407 2932 editionum
3457 2879 3713 2932 Romana-

2135 2981 2255 3020 rum
2289 2967 2428 3021 inter
2457 2981 2516 3022 se
2545 2969 2948 3036 comparatione
2995 2969 3126 3022 citra
3169 2984 3386 3024 omnem
3437 2970 3714 3024 dubitatio-

2138 3070 2259 3109 nem
2288 3055 2487 3123 posuit,
2519 3057 2760 3110 diversas
2788 3057 3018 3112 invicem
3058 3074 3179 3114 esse
3215 3069 3381 3130 atque
3424 3061 3711 3131 singulatim

2137 3148 2376 3201 iteratas.
2404 3149 2577 3217 Atque
2613 3148 2750 3217 hinc,
2775 3150 2932 3202 tertia
2957 3151 3120 3204 etiam
3151 3153 3517 3223 praecedente,
3547 3168 3714 3207 emen-

446 3256 646 3310 Natura
675 3262 731 3309 et
759 3254 943 3309 Gratia
971 3253 1105 3307 liber
1131 3269 1286 3306 unus.
1318 3253 1546 3307 Notatur
1570 3268 1598 3305 a
1627 3250 2033 3306 Coloniensibus.

2141 3239 2316 3293 datior
2344 3250 2425 3294 est
2455 3249 2508 3294 et
2536 3241 2790 3310 pleraque
2821 3241 2944 3295 vitia
2976 3242 3093 3310 ejus
3139 3243 3424 3301 abstersit.
3475 3245 3715 3299 Exstabat

519 3348 680 3402 1528.
713 3345 1003 3399 Eucharius
1040 3344 1392 3399 Cervicornius
1439 3344 1736 3397 excutiebat.
1787 3342 1842 3395 In
1890 3342 2035 3397 line:

446 3442 603 3506 Apud
629 3440 689 3496 S.
720 3440 984 3494 Coloniam
1025 3440 1255 3510 impensa
1298 3437 1375 3495 Μ.
1424 3435 1697 3508 Godefridi
1746 3436 2034 3506 Hyttorpii,

448 3535 572 3587 civis
601 3534 989 3605 Agrippinensis
1014 3531 1345 3593 celeberrimi,
1375 3530 1546 3585 in-8’.
1600 3531 1661 3583 D.
1714 3530 1847 3584 Aur.
1900 3532 2036 3598 Aug.

446 3624 517 3679 de
562 3623 759 3678 Natura
803 3632 857 3678 et
891 3622 1072 3677 Gratia
1103 3621 1240 3677 liber
1267 3636 1427 3677 unus.
1457 3620 1714 3677 Prefatus
1745 3629 1826 3675 est
1857 3621 2041 3690 paucis

415 3775 428 3789 ‘
444 3715 630 3769 verbis
653 3714 742 3768 JoL
779 3713 1030 3767 Petreius.

520 3806 682 3860 1568.
712 3805 1028 3869 Antuerpiw,
1061 3820 1148 3873 ap.
1181 3802 1512 3871 Gymnicum,
1542 3801 1703 3856 iri-8‘.
1735 3820 1755 3854 ί
1800 3802 1864 3856 D.
1905 3803 2037 3857 Aur.

449 3897 586 3962 Aug.
618 3895 754 3948 liber
781 3894 847 3947 de
870 3894 1068 3948 Natura
1095 3902 1148 3946 et
1175 3895 1378 3949 Gratia.
1411 3911 1429 3945 ι
1467 3893 1545 3948 Μ.
1579 3894 1717 3947 Bibl.
1752 3893 1898 3948 Eccl.
1924 3895 2038 3949 Col.

448 4002 505 4053 p.
537 3986 664 4048 757,
695 3999 811 4053 qua:
841 3986 884 4037 si
915 4000 1042 4040 vera
1089 3984 1345 4054 prodidit,
1396 3985 1670 4038 accenseri
1717 3986 1883 4040 debet
1927 3989 2043 4045 tunc

451 4076 616 4129 editio
647 4075 967 4141 rarissimis,
1000 4075 1182 4143 paucis
1212 4075 1464 4128 nimirum
1493 4076 1643 4128 libris
1664 4076 1750 4141 iis,
1778 4091 1913 4145 quos
1935 4077 2043 4129 An-

452 4169 676 4234 tuerpite
706 4167 928 4221 Joannis
960 4167 1206 4238 Gymnici
1239 4170 1467 4224 celebris
1493 4171 1762 4239 quondam
1791 4181 2036 4241 typogra'

449 4257 541 4325 phi
572 4257 911 4312 Coloniensis
962 4260 1217 4326 impensis
1265 4261 1511 4329 impressi
1564 4271 1710 4316 sunt.
1763 4261 1852 4316 Sic
1897 4263 2040 4316 enim

449 4357 689 4402 statuere
745 4350 951 4415 malim,
1009 4364 1166 4416 quam
1215 4366 1338 4405 cum
1390 4353 1669 4406 Maettario
1722 4353 2040 4424 Cymnicum

448 4443 626 4510 ipsum
662 4442 952 4511 Antuerpia
979 4442 1257 4495 Coloniam
1299 4444 1618 4512 migrantem
1669 4446 1866 4510 facere,
1918 4462 2038 4500 cum

449 4552 514 4589 ex
565 4535 864 4589 Annalibus
912 4535 1075 4588 etiam
1119 4544 1348 4600 constet,
1400 4551 1521 4591 eum
1572 4538 1681 4607 jam
1725 4553 1868 4592 anno
1899 4539 2039 4595 1555

448 4627 683 4681 Colonia!
709 4627 910 4695 prelum
940 4628 1267 4693 exercuisse,
1299 4627 1540 4697 adeoque
1561 4645 1666 4683 non
1694 4638 1813 4697 post
1838 4644 2036 4683 annum

449 4718 606 4778 1510,
636 4720 873 4783 demum,
907 4717 1059 4786 cujus
1084 4717 1209 4770 anni
1249 4717 1538 4773 editionem
1587 4719 2037 4787 Antuerpiensem

449 4806 768 4862 Maettarius
785 4815 1201 4872 commemorat,
1219 4807 1552 4863 domicilium
1572 4809 1641 4862 ibi
1661 4809 1826 4877 ﬁgere
1845 4810 2034 4877 potuit.

1145 4899 1343 4953 Versio.

521 4987 679 5040 1545.
719 4987 939 5043 Venesia
965 5009 1053 5060 per
1079 4992 1259 5046 Comin
1277 4994 1344 5047 da
1374 4991 1554 5058 Trino,
1588 4993 1755 5046 ἑνί-8⁸³.
1793 5011 1811 5044 ‹
1841 4992 1876 5046 ΙΙ
1899 4992 2035 5047 libro

448 5079 536 5134 del
572 5078 631 5131 Β.
665 5079 927 5147 Agostino
957 5095 1189 5137 vescovo
1217 5085 1429 5154 lppon.,
1460 5086 1513 5140 di
1537 5086 1735 5140 Natura
1759 5100 1789 5139 e
1811 5084 2024 5151 Grazia,

447 5179 636 5240 contra
665 5169 827 5238 Pelag
857 5186 872 5234 ;
899 5171 950 5224 di
978 5171 1146 5227 latino
1169 5174 1220 5226 in
1243 5177 1383 5241 volg.
1413 5175 2036 5230 novameutetradnttoa

659 5259 765 5314 ΧΧ
781 5261 842 5316 ν.
864 5291 932 5302 -—-
961 5262 1077 5331 (74)
1110 5263 1186 5316 De
1215 5263 1431 5319 Civitate
1468 5268 1563 5321 Dei
1594 5269 1734 5321 Libri
1770 5267 1963 5321 ΧΧΙΙ.

513 5357 652 5410 διες.
679 5353 793 5410 XV.
814 5383 886 5396 -—
908 5353 1068 5408 “67.
1091 5353 1137 5406 E
1161 5355 1478 5410 Monasterio
1502 5360 1805 5414 Snblacensi
1828 5366 1868 5430 Ῑ.
1897 5378 2032 5415 max.

443 5448 500 5497 S.
537 5446 668 5503 Aur.
699 5447 980 5517 Augustini
1010 5447 1078 5502 de
1108 5446 1342 5502 Civitate
1369 5449 1461 5503 Dei
1494 5451 1614 5504 libri
1645 5452 1812 5506 XXII.
1847 5455 1899 5508 In
1927 5455 2036 5507 cal-

444 5550 506 5588 ce
533 5553 543 5586 :
567 5536 790 5592 Αυιιειιι
817 5537 1130 5595 Ancus'rtm.
1160 5537 1400 5593 Doctoris
1421 5543 1612 5613 egregii
1633 5551 1784 5610 atque
1806 5545 2033 5615 episcopi

516 5692 595 5757 la)
633 5691 839 5744 Lairius
874 5691 1079 5746 Gratias
1115 5691 1465 5763 Omnipotenti
1498 5694 1602 5748 Deo
1631 5712 1663 5747 α
1704 5694 2025 5747 Laudemba-

445 5761 560 5812 rliio
587 5763 998 5828 interpretatur.
1026 5763 1131 5816 Sed
1165 5761 1290 5816 huic
1316 5765 1536 5818 omnino
1577 5767 1796 5819 obstare
1845 5765 2028 5817 viden-

447 5841 532 5882 lut'
575 5831 735 5888 verba
767 5830 875 5886 Deo
912 5833 1130 5893 gratias.
1181 5844 1238 5888 ut
1268 5845 1413 5889 recte
1468 5836 1627 5890 etiam
1663 5833 2025 5913 __Audill‘redus

2141 3328 2195 3381 in
2221 3326 2359 3380 Bibl.
2384 3328 2580 3382 Pinell.

2210 3418 2532 3484 —Venetiis,
2556 3437 2644 3491 per
2663 3419 2750 3473 Jo.
2776 3422 2837 3474 de
2859 3421 3019 3488 Spira
3045 3430 3095 3475 et
3122 3422 3461 3477 Vindelinum
3486 3424 3716 3493 fratrem;

2142 3509 2325 3578 iit-fol.
2359 3510 2641 3578 Augustini
2667 3511 2786 3566 libri
2818 3510 2962 3564 XXII
2990 3511 3056 3566 de
3085 3513 3314 3568 Civitate
3348 3514 3472 3569 Dei.
3503 3515 3561 3568 In
3593 3515 3715 3565 line:

2330 3622 2421 3686 Qui
2447 3623 2612 3686 docuit
2634 3623 2856 3686 Venetos
2881 3624 3092 3673 exscribi
3119 3638 3258 3684 posse
3276 3625 3522 3686 Joannes,

2328 3683 2501 3748 ἔθυες
2522 3684 2633 3748 iere
2660 3685 3018 3748 trinoceutena
3045 3683 3291 3748 volumina
3322 3687 3475 3748 Plini,

2328 3745 2390 3816 Et
2415 3746 2618 3816 totidem
2638 3746 2801 3816 magni
2831 3745 3078 3816 Ciceronis
3104 3748 3244 3816 Spira
3275 3745 3479 3798 libellos

2328 3804 2541 3872 generat
2564 3804 2758 3872 Aureli,
2783 3808 2946 3872 subita
2970 3808 3060 3872 sed
3079 3804 3239 3872 morte
3265 3817 3584 3872 peremptus,

2327 3865 2618 3928 ﬁonipotuit
2641 3872 2852 3928 emptum
2877 3866 3082 3928 venetis
3105 3869 3242 3916 ﬁnire
3268 3865 3532 3928 volumen,

2328 3925 2621 3974 Vindelinus
2638 3925 2776 3974 adest
2797 3927 3015 3987 ejusdem
3040 3928 3212 3977 Frater
3238 3937 3290 3978 et
3313 3937 3432 3979 arte

2327 3987 2433 4036 Non
2459 3989 2616 4036 minor
2634 3988 2940 4049 Hadrit‘aqne
2965 3990 3233 4038 morabitur
3255 3991 3410 4040 urbe.

2715 4047 3154 4103 bI.CCCC.LXX.

2146 4179 2406 4234 Praecedit
2450 4180 2756 4234 rubicorum
2809 4180 2984 4234 tabula
3019 4196 3111 4234 stv
3145 4181 3314 4237 loliis.
3345 4201 3365 4235 ‹
3422 4182 3621 4236 Debure
3649 4179 3725 4232 Bi-

2143 4269 2329 4340 bliogr.
2365 4271 2512 4322 instr.
2545 4268 2797 4323 Biblioth.
2844 4271 3158 4336 Smithiana,
3209 4270 3328 4326 Cat.
3364 4273 3508 4328 Bibl.
3544 4273 3724 4327 Bunas.

2142 4359 2386 4412 Laudant
2409 4362 2650 4413 eamdem
2683 4358 2795 4414 Cat.
2829 4359 2967 4412 Bibl.
3001 4361 3131 4432 Reg.
3155 4373 3207 4416 et
3237 4361 3378 4416 Bibl.
3416 4363 3615 4417 Pinell.
3658 4378 3675 4410 ι

2216 4448 2371 4502 1175.
2406 4447 2710 4517 Moguntite,
2745 4466 2833 4517 per
2859 4449 3003 4503 Petr.
3031 4449 3297 4515 Scltoe/l'er
3319 4454 3387 4505 de
3415 4450 3726 4508 Gernsheim;

2140 4541 2320 4609 ἔνι-[οι.
2355 4539 2414 4591 ΙΙ
2442 4541 2541 4592 vol.
2576 4539 2636 4593 Β.
2671 4543 2802 4593 Aur.
2845 4543 2980 4608 Aug.
3029 4539 3146 4594 libri
3195 4541 3344 4596 XXII
3395 4543 3467 4597 de
3513 4541 3728 4597 Civitate

2145 4633 2235 4686 Dei
2276 4647 2397 4684 cum
2437 4629 2647 4683 Thomas
2689 4631 2867 4684 Valois
2903 4640 2961 4686 et
2999 4631 3121 4686 Nic.
3160 4634 3372 4688 Trivetlt
3415 4642 3728 4690 commenta-

2138 4722 2254 4776 riis.
2298 4721 2474 4776 Inﬁne
2519 4722 2700 4776 rubris
2729 4722 3132 4778 cbaracteribus
3157 4740 3171 4777 :
3196 4723 3370 4796 Igitur
3402 4724 3605 4778 Aurelii
3632 4722 3729 4774 Au-

2139 4812 2349 4880 gustini,
2376 4820 2483 4866 etc.
2514 4810 2606 4881 (cf.
2635 4811 2766 4867 edit.
2797 4812 3268 4882 lIieronymianam
3294 4816 3368 4870 ib.
3397 4828 3450 4868 a.
3482 4814 3626 4868 1470
3651 4824 3729 4879 per

2139 4904 2320 4957 cumd.
2355 4912 2568 4973 typogr.
2599 4907 2898 4972 excusam),
2933 4914 3340 4958 consummatum
3385 4922 3481 4974 per
3528 4904 3728 4956 Petrum

2141 4993 2397 5062 Schoi/fer
2413 4997 2475 5048 de
2492 4994 2818 5058 Gerus/teim,
2835 5012 2971 5048 anno
2987 4995 3197 5049 Domini
3217 4991 3723 5060 M.CCCC.LXXiij.

2136 5084 2220 5137 die
2252 5084 2313 5138 V.
2371 5087 2557 5139 mensis
2615 5086 2923 5154 Septembris
2970 5086 3256 5155 presidibus
3297 5089 3516 5141 ecclesie
3552 5083 3725 5139 katoli-

2144 5196 2200 5232 ce
2230 5179 2379 5233 Sixto
2410 5181 2567 5232 tercio
2594 5179 2833 5248 pontiﬁce
2863 5178 3100 5244 Summo,
3128 5181 3238 5233 sedi
3267 5181 3391 5233 Ant.
3432 5175 3726 5250 Moguntina

2145 5270 2334 5336 Adolfo
2381 5271 2605 5323 secundo
2657 5270 2862 5339 presule
2911 5271 3186 5340 magniﬁco
3237 5279 3449 5325 tenente
3479 5280 3648 5324 autem
3672 5279 3723 5314 ac

2139 5360 2458 5430 gubernante
2508 5360 2888 5415 Chris:ianismi
2933 5363 3234 5415 mouarchia
3291 5365 3608 5430 imperatore
3652 5370 3722 5410 se-

2137 5453 2403 5505 renissima
2433 5451 2716 5506 Frederico
2747 5455 2900 5507 tercio
2926 5453 3112 5508 Cesare
3137 5471 3335 5526 seraper
3361 5455 3625 5525 Augusto.
3651 5448 3721 5503 In-

2135 5543 2264 5610 cipit
2293 5559 2323 5596 a
2355 5543 2532 5597 tabula
2563 5544 2798 5612 capitum
2825 5543 2948 5598 libri
2983 5544 3161 5612 primi,
3195 5558 3316 5614 qua:
3337 5558 3447 5596 una
3481 5555 3605 5596 cum
3637 5551 3718 5591 ex-

2136 5696 2363 5750 monuit.
2398 5695 2733 5749 Probabilior
2767 5693 2909 5748 Petri
2941 5695 3181 5751 Scriverii
3209 5697 3508 5758 sententia,
3561 5693 3716 5747 Gode~

2134 5766 2326 5892 δεῖξαιςὶ
2350 5781 2441 5819 seu
2463 5765 2756 5846 Godofredi
2785 5765 3052 5820 Alemanni
3086 5783 3279 5823 nomen
3317 5763 3711 5822 substituentb‘.

2136 5851 2199 5891 Vl'
2225 5852 2300 5890 ert
2330 5845 2519 5892 possu.

2136 5851 2300 5892 VI'ICI‘I
2325 5851 2519 5902 possit.
