3882 6322
283 301 389 365 “'3

1224 319 1499 379 NOTITIA
1539 318 1954 380 LITTERARIA
1994 325 2061 381 IN
2098 325 2155 384 S.
2198 329 2671 394 AUGUSTINUM.

3485 361 3587 418 150

297 431 494 494 cerpto
523 436 589 478 ex
619 424 783 482 libris
831 429 1294 488 Retractatlonum
1350 451 1459 492 uno
1488 438 1620 494 folio
1649 455 1894 512 compre-
1919 440 1972 501 Α
1998 441 2458 501 domininsilesimo
2476 451 2980 522 quadringentesimo
2995 467 3364 533 septuagesimo
3382 473 3588 539 quinto:

299 517 566 539 .___,..___
617 517 755 539 ...μμ
939 524 972 539 ..
1067 525 1080 537 .
1279 526 1292 539 .
1477 531 1490 539 .
1535 531 1548 539 .

297 517 584 571 lienditur.
617 517 760 574 Tum
795 524 1044 591 sequitur
1066 525 1239 594 ipsum
1263 526 1550 598 Augustini
1573 543 1896 601 opustotum

291 610 448 665 intra
489 611 595 665 hoc
621 612 856 680 primum
891 616 1004 673 vol.
1041 617 1345 673 absolutum
1398 622 1559 691 inque
1607 625 1713 678 line
1759 625 1892 695 legi-

286 712 384 756 tur
420 720 436 754 :
470 700 658 756 Finito
689 703 822 756 libro
871 705 938 758 sit
986 706 1100 760 laus
1139 717 1191 763 et
1227 711 1395 782 gloria
1424 710 1647 770 Christo.
1693 718 1896 774 Deinde

275 792 468 846 minio
501 793 825 861 impressum
854 813 866 847 :
903 795 1093 853 Textus
1122 801 1291 855 sancti
1310 802 1578 873 Augustini
1603 805 1666 859 de
1686 806 1897 863 Civitate

271 882 412 945 Dei,
484 882 772 955 Maguntiw
824 887 1137 956 impressus,
1197 891 1407 962 explicit
1457 893 1704 963 feliciter,
1759 913 1895 952 anno

273 973 543 1046 LXXiij.
568 978 804 1032 Alterum
829 980 1079 1036 volumen
1107 984 1482 1052 complectitur
1506 991 1893 1044 commentaria

269 1081 468 1135 supra
493 1068 711 1124 laudata
743 1085 863 1125 cum
897 1071 1077 1128 indice
1102 1074 1464 1144 alphabetico.
1499 1079 1582 1133 Ad
1612 1087 1896 1150 utramque

268 1161 603 1216 voluminis
648 1163 847 1218 calcem
901 1164 1048 1219 ﬁnita
1098 1167 1515 1238 subscriptione,
1566 1185 1722 1228 more
1766 1187 1893 1228 con-

267 1263 478 1318 sueto,
504 1255 731 1324 insignia
755 1257 1071 1326 typographi
1097 1259 1265 1313 minio
1290 1260 1555 1330 impressa
1577 1273 1890 1319 cernuntur.

265 1343 504 1398 Debure
547 1344 794 1417 Bibliogr.
847 1348 996 1401 instr.
1043 1347 1313 1404 Secmiller
1355 1353 1483 1408 lasc.
1531 1353 1573 1423 Ι,
1626 1369 1749 1425 pag.
1797 1355 1888 1428 49,

269 1433 474 1489 Braun
504 1436 638 1493 Not.
668 1438 744 1494 II.
779 1438 881 1493 Lit.
915 1438 1121 1511 (1788),
1143 1456 1195 1510 p.
1230 1442 1352 1497 159.

350 1532 640 1584 Auctores
667 1544 798 1585 vero
825 1529 1019 1584 horum
1047 1529 1600 1598 Commentariorum,
1634 1552 1752 1604 qua:
1785 1537 1894 1605 pri-

267 1633 372 1672 ma
419 1618 544 1673 vice
574 1618 664 1674 hic
693 1634 896 1674 excusa
925 1628 1073 1685 sunt,
1106 1623 1266 1692 Angli
1306 1631 1535 1694 uterque
1579 1625 1799 1681 luerunt
1837 1634 1893 1681 et

266 1711 349 1764 de
384 1710 824 1766 Pru-dicatorum
855 1712 1046 1766 ordine
1068 1713 1247 1768 ambo.
1277 1713 1537 1769 Nicotaus
1562 1715 1776 1771 Treveth
1796 1733 1891 1773 seu

2000 543 2144 588 sexto
2175 551 2338 590 nonas
2374 541 2622 596 octobres.
2657 544 2983 616 lmpressum
3010 562 3095 606 est
3121 556 3382 614 columnis
3413 563 3584 631 binis;

2004 625 2191 716 incipit
2229 642 2257 680 a
2291 629 2470 684 tabula
2500 637 2726 705 capitum
2763 654 2818 694 tv
2861 641 2989 697 folia
3020 649 3436 716 complectente.
3471 625 3583 713 Cat:

1999 715 2133 771 Bibl.
2178 718 2336 775 Ducis
2379 725 2442 777 de
2480 725 2534 779 la
2567 727 2790 798 Valiére,
2822 736 2880 787 Ιι.
2913 735 3048 791 Bibl.
3085 715 3415 798 Smit/tianaz.
3449 746 3582 802 Ser-

1997 810 2157 865 vabat
2184 815 2430 870 eamdem
2461 819 2589 872 olim
2621 821 2756 877 Bibl.
2788 823 3023 894 Pinellii,
3059 831 3298 902 itemque
3329 851 3431 890 una
3464 853 3582 893 cum

1997 912 2093 953 sex
2126 903 2559 969 praecedentibus
2588 909 2723 964 Bibl.
2768 914 3060 974 Crevenna'.
3094 920 3214 974 Vid.
3250 924 3359 977 Cat.
3394 928 3589 982 noviss.

2067 991 2394 1060 —I’enetiis,
2429 1015 2518 1066 per
2548 998 2837 1058 Gabi-istem
2861 1005 3006 1061 Petri
3026 1011 3088 1063 de
3111 1011 3342 1068 Tarvisio
3356 1032 3378 1082 ;
3406 1017 3586 1084 iit-fol.

1995 1079 2282 1151 Augustini
2313 1086 2382 1140 de
2407 1086 2634 1145 Civitate
2657 1092 2750 1147 Dei
2776 1096 2897 1150 libri
2930 1099 3096 1154 χχιι.
3129 1103 3180 1157 In
3210 1107 3312 1160 line
3345 1079 3366 1158 τ’
3392 1079 3588 1162 Aurelii

1994 1170 2272 1242 Augustini
2297 1176 2360 1229 de
2388 1176 2604 1234 Civitate
2629 1181 2727 1236 Dei
2754 1185 2908 1240 Liber
2929 1188 3122 1244 XXII.
3154 1203 3201 1246 et
3231 1196 3442 1250 ultimus
3473 1200 3589 1268 feli-

1995 1262 2119 1315 citer
2147 1264 2279 1332 finit.
2313 1265 2733 1343 Impressumque
2758 1289 2834 1330 est
2863 1294 2992 1346 opus
3021 1280 3116 1333 hoc
3146 1300 3178 1335 a
3198 1284 3436 1353 diligenti
3467 1262 3586 1340 Ila-

1992 1354 2152 1423 gislro
2203 1354 2443 1413 Gabriele
2471 1360 2617 1416 Petri
2645 1364 2708 1418 de
2756 1365 3013 1422 Tarvisio.
3068 1371 3498 1429 M.CCCC.I.XX
3515 1377 3579 1430 V.

1992 1447 2239 1502 existente
2272 1448 2427 1504 Petro
2470 1452 2734 1510 Mocenico
2766 1458 2909 1514 Duce
2940 1461 3295 1517 Venetiarum.
3339 1466 3580 1522 Venetiis.

1993 1533 2108 1592 Cat.
2139 1537 2277 1593 Bibl.
2312 1540 2449 1596 Bud.
2476 1543 2540 1599 Τ.
2574 1545 2614 1611 I,
2652 1564 2701 1615 ρ.
2734 1549 2823 1612 89,
2860 1552 2949 1605 ubi
2981 1556 3172 1608 merito
3205 1557 3482 1611 rarissimis
3513 1540 3610 1611 ti-'

1991 1626 2101 1681 bris
2128 1642 2473 1687 accensetur.
2507 1635 2584 1689 Ex
2627 1636 2886 1710 Catalogo
2916 1658 3046 1698 vero
3071 1644 3213 1700 Bibl.
3247 1649 3407 1701 Ducis
3436 1651 3498 1702 de
3531 1651 3582 1703 la

1999 1716 2206 1772 Valiére
2244 1721 2523 1790 discimus,
2570 1726 2708 1781 binis
2748 1731 3018 1787 columnis
3050 1737 3301 1791 volumen
3331 1753 3454 1792 esse
3484 1740 3583 1792 im-

268 1801 488 1862 Trivet,
517 1802 606 1856 vel
635 1803 797 1857 etiam
829 1801 1071 1870 Traveth,
1101 1805 1308 1875 origine
1334 1805 1724 1863 Nortwicensis
1745 1817 1883 1875 erat,
1918 1799 1964 1857 Β
1992 1823 2260 1877 pressum,
2291 1816 2598 1881 praecedere
2627 1823 2982 1876 materiarum
3016 1827 3250 1880 tabulam
3289 1845 3381 1883 xw
3416 1830 3577 1894 foliis,

273 1901 454 1946 natus
485 1892 636 1946 circa
669 1907 872 1948 annum
908 1895 1067 1956 1258.
1107 1895 1321 1965 vitaque
1359 1897 1572 1953 Iunctus
1619 1913 1671 1952 a.
1724 1898 1882 1953 I528.

270 1984 707 2040 Cumuentatus
745 1993 829 2044 est
867 1986 919 2039 in
972 2001 1160 2040 omnes
1202 1988 1373 2044 libros
1408 1988 1555 2044 XXII
1601 2009 1612 2042 :
1663 1989 1888 2044 Thomas

277 2073 523 2128 W'alleis
549 2089 682 2129 vero
705 2089 802 2129 seu
833 2075 1116 2134 Vallensis.
1144 2077 1265 2132 aliis
1292 2077 1506 2133 Gualois
1527 2079 1609 2133 vel
1633 2090 1888 2148 corrupte

285 2161 510 2228 Valois,
557 2164 696 2218 haud
740 2165 904 2221 dubie
953 2183 1096 2236 quau
1149 2183 1212 2222 ex
1263 2169 1572 2238 principatu
1600 2169 1799 2224 Wallia
1830 2185 1889 2225 o-

275 2253 529 2308 riundus
574 2264 739 2323 esset,
788 2256 1078 2326 theologia:
1118 2260 1312 2314 doctor
1350 2261 1696 2324 Oxoniensis,
1741 2263 1884 2317 diem

281 2359 458 2399 suum
505 2345 640 2400 obiit
684 2361 734 2400 a.
791 2347 950 2414 1540,
998 2349 1324 2420 scripsitque
1369 2350 1779 2420 Expositioncm
1832 2354 1885 2407 in

283 2435 488 2490 decem
513 2437 714 2504 primos
738 2437 906 2492 libros
935 2453 967 2493 e
996 2439 1136 2494 XXII
1168 2441 1236 2495 de
1265 2441 1497 2497 Civitate
1531 2444 1646 2510 Dei,
1677 2459 1794 2514 quae
1819 2443 1884 2497 li-

281 2527 444 2579 nitur
473 2525 528 2580 in
560 2527 697 2581 libro
728 2544 782 2595 x,
817 2543 936 2596 cap.
977 2529 1092 2584 29.
1115 2529 1409 2602 Utriusque
1445 2548 1665 2603 operam
1708 2535 1886 2605 magni

283 2616 420 2668 olim
470 2615 669 2671 factam
722 2632 844 2672 esse
897 2626 1168 2674 testantur
1217 2622 1498 2678 innumera
1559 2639 1714 2692 mss.,
1766 2640 1887 2695 qua:

280 2705 477 2758 adhuc
518 2705 574 2758 in
614 2707 952 2764 bibliothecis
993 2710 1389 2766 Parisiensibus
1421 2713 1759 2780 potissimum
1790 2730 1885 2769 su-

279 2803 525 2862 persunt
551 2799 821 2866 exempla,
847 2799 915 2854 de
945 2801 1138 2869 quibus
1162 2801 1274 2855 vid.
1305 2802 1513 2855 Echard
1540 2803 1592 2856 in
1622 2805 1723 2860 SS.
1749 2805 1884 2861 0rd.

285 2886 476 2940 I‘rzed.
522 2897 654 2943 tom.
702 2889 766 2954 Il,
808 2907 930 2961 pag.
965 2893 1064 2947 561
1097 2902 1152 2947 et
1181 2893 1306 2948 597.
1345 2895 1628 2950 Creditum
1670 2907 1751 2951 est
1791 2899 1887 2951 ali-

285 2979 535 3046 quando,
591 2980 921 3037 Trevetltum
965 2996 1019 3039 et
1069 2985 1334 3040 Thomam
1379 2986 1670 3054 conjuncto
1708 2989 1887 3043 studio

1987 1899 2299 1968 signaturas
2324 1919 2445 1960 esse
2472 1908 2640 1962 a...ad
2661 1907 2710 1960 D
2737 1913 2960 1965 secundi
2990 1915 3288 1982 alphabeti.
3320 1917 3582 1974 Memora-

1989 1995 2076 2042 tur
2115 1991 2276 2045 etiam
2320 1992 2374 2047 in
2417 1995 2673 2066 Catalogo
2718 2000 2856 2054 Bibl.
2900 2002 3228 2060 Bodleianac
3259 2007 3344 2060 ed.
3375 2019 3579 2064 recent.

1989 2095 2045 2147 p.
2076 2080 2164 2149 88,
2197 2085 2336 2152 apud
2369 2084 2546 2142 Denis.
2581 2090 2634 2143 in
2660 2088 2800 2148 Bibi.
2830 2088 3030 2151 Gai-ell.
3063 2097 3126 2151 T.
3157 2097 3200 2164 I,
3238 2116 3285 2166 p.
3323 2102 3442 2155 155.
3470 2103 3582 2157 Ad-

1988 2169 2146 2225 datur
2171 2173 2241 2226 cI.
2275 2174 2441 2230 Reuss
2471 2179 2522 2230 in
2547 2178 2685 2234 Bibl.
2716 2181 2940 2253 Tuatng.
2971 2185 3181 2257 (I780),
3214 2204 3266 2256 p.
3299 2191 3386 2245 69.

2063 2264 2222 2318 M77.
2275 2264 2520 2336 Neapoli,
2571 2287 2661 2341 per
2710 2271 2991 2327 Matthiam
3039 2276 3348 2343 Moratum;
3399 2282 3578 2351 in-fol.

1989 2357 2114 2412 min.
2143 2356 2200 2412 S.
2224 2357 2509 2428 Augustini
2533 2363 2600 2417 de
2626 2363 2856 2420 Civitate
2883 2367 2976 2420 Dei
3005 2369 3124 2422 libri
3148 2370 3314 2424 XXII.
3344 2372 3402 2426 In
3433 2372 3538 2427 line
3564 2391 3579 2426 :

1987 2446 2187 2501 Aurelii
2215 2449 2492 2518 Augustini
2531 2455 2596 2507 de
2635 2455 2849 2511 Civitate
2881 2457 2978 2512 Dei
3006 2461 3133 2516 liber
3162 2461 3334 2516 XXII
3373 2474 3419 2518 et
3450 2464 3579 2518 ulti-

1988 2555 2100 2592 ntus
2132 2540 2350 2608 feliciter
2376 2546 2605 2615 explicit.
2625 2546 2705 2600 Im
2714 2567 3040 2620 pressumque
3060 2563 3132 2607 est
3158 2572 3289 2622 opus
3313 2558 3410 2609 hoc
3434 2557 3581 2610 Nea-

1988 2632 2095 2700 poli
2114 2648 2147 2684 a
2168 2633 2402 2702 diligenti
2426 2639 2671 2705 magistro
2693 2639 2916 2693 .Ilattltia
2944 2643 3172 2697 .‘Iloravo.
3201 2647 3346 2698 Anno
3359 2642 3576 2700 Christi.

1990 2719 2556 2780 M.CCCC.LXXVII.
2588 2729 2699 2782 Cat.
2735 2730 2874 2784 Bibl.
2907 2733 3060 2786 Ducis
3087 2735 3150 2788 de
3177 2737 3229 2789 la
3252 2736 3474 2792 Valiere.
3539 2747 3542 2754 '

2066 2812 2226 2868 M79.
2256 2814 2504 2883 Basilear,
2539 2836 2630 2889 per
2660 2819 2824 2875 Mich.
2861 2822 3164 2889 Wenszler;
3193 2828 3368 2898 in-fol.
3411 2830 3579 2887 Iidem

1990 2914 2110 2955 cum
2132 2909 2544 2962 commentariis
2568 2909 2791 2966 Thomas
2817 2913 3001 2968 Valois
3023 2927 3074 2970 et
3104 2916 3309 2972 Nicolai
3331 2919 3576 2976 Triveth.

1991 2989 2048 3045 In
2078 2993 2181 3047 line
2203 2994 2516 3052 charactere
2542 3000 2708 3056 rubro
2736 3002 3090 3072 impressum:
3123 2998 3244 3079 Igi?
3266 3012 3453 3080 aurelij
3488 3029 3582 3065 au-

289 3070 430 3126 istas
473 3070 878 3130 lucubrationes
917 3077 1314 3145 composuisse,
1349 3077 1486 3132 falso
1517 3087 1720 3134 tamen.
1753 3079 1883 3134 Nam
1913 3143 1954 3167 ﬁ
1990 3081 2186 3150 gusrini
2222 3083 2449 3138 ciuitatis
2485 3089 2768 3143 orthodoxe
2807 3070 2990 3146 sideris
3018 3070 3251 3167 magna
3282 3097 3344 3148 de
3376 3070 3582 3152 ciuitate

288 3162 401 3214 Ista
441 3164 780 3231 coniunctio,
809 3143 1265 3234 quemadmodum
1303 3168 1466 3222 etiam
1503 3169 1555 3223 in
1588 3169 1689 3224 hac
1716 3170 1884 3238 prima
1913 3143 1957 3206 Ο
1989 3143 2074 3226 dei
2105 3190 2236 3242 opus
2265 3178 2759 3246 praeclarissimum.
2794 3183 2926 3236 binis
2956 3143 3099 3240 sae'r'e
3126 3143 3310 3260 paagine
3339 3167 3584 3258 nfessori-

288 3253 546 3308 editione
581 3255 809 3324 obtinet,
854 3258 1080 3313 notariis
1122 3260 1350 3316 debetur
1377 3269 1432 3316 et
1459 3262 1712 3318 omnibus
1741 3263 1888 3317 codi-

288 3345 452 3398 cibus
467 3360 596 3400 mss.
622 3358 708 3404 est
723 3349 1005 3404 solemnis.
1024 3350 1226 3405 Nicolai
1251 3360 1428 3407 autem
1448 3352 1701 3408 'l‘revethi
1723 3369 1888 3424 expo-

291 3435 427 3488 sitio
459 3438 512 3490 in
544 3437 592 3490 X
619 3439 826 3507 priores
854 3441 1028 3496 libros
1051 3457 1342 3512 numquam
1373 3444 1572 3511 prodiit
1597 3454 1756 3513 atque
1785 3443 1888 3499 hoc

294 3541 431 3580 casu
478 3526 709 3586 fortasse
752 3532 806 3586 in
847 3542 1167 3602 perpetuum
1208 3534 1312 3588 luci
1352 3535 1622 3590 subtracta
1654 3543 1760 3591 est.
1801 3535 1887 3590 Cf.

295 3629 506 3688 przeter
546 3621 817 3679 laudatum
859 3627 1165 3683 Echardum
1201 3629 1686 3699 locupletissimum
1720 3633 1772 3686 in
1804 3633 1887 3688 bis

298 3722 609 3779 auctorem,
639 3715 854 3771 Fabric.
889 3718 1027 3772 Bibl.
1061 3719 1199 3774 Med.
1222 3731 1276 3775 et
1306 3721 1406 3774 lnl‘.
1439 3722 1556 3776 Lat.

372 3805 537 3860 “74.
573 3805 769 3873 Romw,
802 3826 888 3880 ap.
926 3809 1113 3866 Udalr.
1143 3809 1410 3878 Gallum;
1447 3815 1622 3884 iit-fol.
1653 3833 1796 3871 max.
1826 3816 1888 3874 S.

300 3895 594 3965 Augustini
642 3897 709 3952 de
753 3899 982 3956 Civitate
1027 3901 1122 3956 Dei
1167 3903 1293 3958 libri
1332 3903 1498 3958 XXII.
1556 3905 1612 3959 In
1665 3906 1816 3961 calce
1873 3925 1888 3962 :

1990 3265 2081 3317 bus
2106 3267 2307 3319 eximiis
2337 3268 2392 3321 id
2411 3274 2891 3328 contmentantibus.
2921 3275 3140 3332 rubricis
3170 3280 3443 3350 tabulaque
3471 3281 3582 3332 dis-

1989 3372 2183 3415 cretum
2226 3353 2405 3432 Ecelsa
2456 3367 2510 3418 in
2560 3367 2685 3421 urbe
2730 3368 2978 3424 Basilica.
3028 3377 3256 3444 partium
3303 3377 3578 3430 alemanie.

1991 3467 2144 3518 quam
2173 3469 2273 3505 non
2295 3455 2460 3506 solum
2483 3459 2616 3509 aeris
2642 3459 2916 3512 clementia
2938 3471 2984 3514 et
3011 3466 3249 3530 fertilitas
3270 3469 3382 3534 agri
3407 3483 3582 3518 verum

1992 3529 2108 3591 eti;
2141 3532 2491 3609 imp-mentium
2541 3542 2798 3597 subtilitas
2844 3547 3012 3598 reddit
3068 3529 3468 3615 fatttarttissinta.
3515 3554 3583 3604 ad

1991 3626 2196 3680 laudem
2227 3627 2475 3680 trinitatis
2503 3630 2774 3682 indiuidue
2799 3631 3028 3685 ciuitatis
3070 3635 3153 3686 dei
3185 3637 3347 3705 psidis
3379 3640 3591 3706 ingenio.

1989 3727 2038 3770 et
2068 3717 2326 3771 industria
2362 3717 2638 3771 Ilihahelis
2671 3719 2961 3774 Wenzsler.
3003 3722 3151 3776 Anno
3195 3726 3374 3777 salutis
3415 3736 3584 3780 nostre

1991 3817 2105 3874 post
2133 3806 2210 3859 Μ.
2242 3815 2289 3860 et
2322 3804 2772 3863 CCCC.LXXIX.
2809 3809 2919 3883 Viij
2944 3810 3015 3865 kl.
3059 3815 3239 3882 aprilis
3275 3831 3481 3885 Operose
3506 3826 3582 3869 est

1991 3908 2421 3952 consummatum.
2461 3900 2659 3955 Subter
2701 3901 2782 3956 Itis
2813 3901 3023 3972 insigne
3061 3907 3381 3976 typograplti
3413 3908 3581 3961 minio

303 3982 529 4038 Prescns
568 3987 763 4040 Aurelii
804 3988 1080 4060 Augustini
1120 3980 1412 4062 Hippone;
1580 3995 1642 4048 de
1680 3993 1931 4048 Civitate.
1992 3988 2195 4058 pariter
2225 3989 2474 4060 refulget.
2519 3989 2710 4062 Incipit
2748 4007 2777 4045 a
2825 3993 3097 4050 Sententia
3127 3998 3399 4066 Augustini
3425 4015 3488 4052 ea:
3515 4000 3581 4051 li-

307 4071 407 4126 Dei
432 4075 720 4144 preclarum
751 4093 880 4144 opus
904 4094 922 4133 :
945 4079 1098 4133 Alma
1120 4081 1175 4133 in
1198 4081 1320 4136 urbe
1343 4082 1511 4137 Roma
1533 4084 1691 4137 totius
1713 4084 1894 4138 mundi
1993 4081 2096 4134 bris
2138 4079 2608 4146 Retractationum,
2642 4098 2803 4150 quam
2834 4085 3013 4139 statim
3048 4088 3220 4139 tabula
3250 4090 3484 4156 capitum
3515 4090 3579 4142 li-

302 4165 488 4233 regina
537 4174 586 4217 et
635 4166 937 4236 dignissima
981 4171 1303 4239 imperatrice
1342 4188 1363 4225 :
1399 4188 1498 4240 que
1543 4174 1674 4226 sicut
1716 4176 1894 4230 ceteris
1993 4171 2075 4226 bri
2118 4171 2277 4240 primi
2321 4172 2588 4241 sequitur,
2631 4172 2933 4240 cujusmodi
2983 4177 3274 4246 unicuique
3317 4178 3455 4233 libro
3496 4187 3582 4234 est

303 4255 516 4308 urbibus
537 4256 789 4326 dignitate
807 4269 975 4326 preest
996 4277 1015 4315 :
1035 4263 1108 4314 ita
1126 4262 1404 4332 ingeniosis
1423 4265 1549 4317 viris
1569 4275 1640 4323 est
1661 4265 1890 4334 referta:
1994 4262 2230 4330 praeﬁxa.
2266 4261 2394 4315 Post
2424 4272 2628 4316 textum
2661 4263 2858 4333 legitur
2889 4266 3224 4332 subscriptio
3254 4268 3418 4322 rubro
3451 4269 3579 4322 item

304 4360 406 4397 non
437 4353 750 4402 allramestlo
779 4349 999 4421 plumali
1028 4351 1232 4405 calamo
1261 4370 1420 4424 neque
1450 4356 1570 4409 stilo
1609 4373 1725 4410 ereo
1756 4373 1775 4411 :
1802 4357 1893 4411 sed
1992 4353 2310 4408 charactere
2325 4367 2542 4409 exarata
2561 4355 2852 4426 additaque
2876 4357 3008 4411 infra
3037 4357 3330 4429 lypotltette
3353 4361 3578 4427 insigni:

303 4435 595 4503 artiﬁciosa
630 4440 854 4506 quadam
881 4441 1242 4495 adinventione
1267 4459 1355 4497 seu
1381 4447 1791 4499 caracterizandi
1819 4449 1894 4502 sic
1923 4497 1971 4518 ῃ
1998 4443 2184 4498 Textus
2209 4448 2378 4499 sancti
2403 4449 2676 4517 Augustini
2703 4449 2766 4502 de
2795 4451 2995 4502 civitate
3023 4451 3105 4503 dei
3132 4451 3339 4504 Basilea
3367 4453 3583 4518 impres-

305 4525 587 4595 eﬁgiatum
619 4529 688 4582 ad
724 4530 808 4583 dei
835 4531 1043 4585 laudem
1070 4532 1426 4604 industrieque
1459 4543 1536 4588 est
1572 4550 1893 4591 consumma-
1920 4525 1972 4557 υ
1998 4552 2083 4592 sus
2123 4535 2354 4602 Explicit
2396 4540 2634 4606 feliciter.
2677 4540 2825 4594 Anno
2868 4540 3126 4595 LXXIX.
3169 4542 3411 4596 Adhibiti
3458 4553 3585 4597 sunt

307 4626 435 4670 tum.
481 4633 572 4684 per
615 4618 915 4674 Udalricum
953 4620 1162 4675 Gallum
1200 4622 1510 4678 Almannum
1539 4634 1586 4678 et
1617 4625 1895 4696 ngonem
1999 4627 2347 4682 characteres
2378 4631 2594 4684 Gothici
2623 4631 2910 4686 luculentae
2941 4632 3145 4697 furnum,
3198 4632 3248 4683 in
3293 4641 3440 4685 textu
3472 4649 3586 4687 na-

309 4706 523 4762 Nicolai
543 4710 606 4762 de
623 4710 954 4765 Luca.Anno
972 4712 1183 4768 Domini
1203 4715 1893 4774 M.CCCC.LXXIIII.die
1996 4719 2165 4788 iores,
2213 4721 2264 4774 in
2300 4721 2740 4790 Commentariis,
2773 4726 2863 4793 qui
2899 4738 3038 4791 pone
3067 4734 3389 4790 sequuntur,
3428 4725 3585 4794 longe

307 4814 430 4850 vero
468 4798 619 4853 IIII.
665 4805 855 4856 mensis
894 4801 1188 4871 Februarii,
1238 4806 1557 4877 Pontiﬁcatu
1598 4827 1714 4864 vero
1756 4811 1895 4866 Sixti
1999 4813 2260 4868 minores.
2301 4813 2579 4869 Columna:
2629 4817 2794 4878 hince,
2847 4829 3070 4884 prorsus
3111 4815 3308 4869 absunt
3349 4819 3584 4882 numeri.

309 4888 544 4942 divinina
582 4892 710 4962 (sic)
753 4895 1071 4962 providentia
1104 4894 1248 4963 Pape
1275 4900 1448 4965 quarti
1478 4915 1612 4953 anno
1638 4905 1751 4971 ejus
1792 4911 1894 4955 ter-
1997 4903 2306 4971 signatum,
2341 4906 2617 4970 custodes,
2661 4906 2853 4958 littera:
2893 4902 3125 4957 initialcs
3167 4905 3438 4972 titulique.
3488 4910 3587 4963 Deo

308 4980 405 5033 tio.
455 4979 799 5037 Anteceduut
845 4985 1183 5041 rubricarum
1237 4986 1364 5039 l’nlia
1412 5004 1526 5046 xm.
1578 5005 1698 5044 cum
1749 4992 1890 5046 loliis
1997 4994 2123 5044 bure
2146 4993 2197 5044 in
2229 4992 2340 5045 Cat.
2372 4993 2508 5045 Bibl.
2539 4993 2699 5045 Ducis
2725 4992 2788 5044 de
2806 4994 2855 5045 la
2889 4991 3113 5057 Valiére.
3141 4995 3410 5052 Seemiller
3432 4997 3589 5052 Incu-

303 5070 520 5125 duobus
547 5074 719 5142 puris.
754 5074 1049 5132 Character
1079 5093 1184 5132 non
1211 5079 1433 5133 omnino
1462 5091 1568 5132 tam
1592 5081 1893 5137 luculentus
1999 5084 2121 5136 nab.
2153 5081 2376 5153 Ingolst.
2405 5082 2561 5136 Fasc.
2591 5083 2654 5144 ll,
2684 5099 2739 5152 p.
2767 5084 2835 5139 56
2866 5100 2947 5155 sq.

302 5171 391 5215 est
420 5173 475 5217 et
505 5179 734 5234 magnus
771 5180 836 5221 ac
867 5167 1231 5224 Romanarum
1262 5171 1584 5236 editionum,
1613 5173 1707 5228 sed
1740 5175 1897 5243 longe

301 5262 496 5308 contra
526 5257 804 5325 mqualior.

377 5346 542 5400 M75.
589 5348 810 5404 Venetiis
848 5367 938 5421 ap.
983 5349 1109 5406 Nic.
1148 5352 1398 5419 Jenson.;
1425 5354 1604 5423 in-fol.
1634 5355 1693 5410 S.
1726 5356 1901 5424 Augu-

302 5437 437 5492 stini
474 5438 544 5494 de
583 5439 817 5497 Civitate
861 5443 958 5498 Dei
1001 5442 1122 5497 libri
1167 5443 1330 5498 XXII.
1384 5444 1440 5498 In
1485 5445 1595 5499 line
1646 5461 1663 5499 :
1705 5446 1904 5499 Aurelii

304 5529 589 5601 Augustini
619 5549 749 5603 opus
788 5535 852 5588 de
890 5537 1098 5589 civitate
1128 5535 1209 5589 dei
1234 5535 1450 5605 feliciter
1472 5537 1683 5606 explicit
1720 5553 1739 5591 :
1780 5553 1902 5591 con-

308 5625 504 5689 fectum
533 5627 743 5678 venetiis
769 5628 834 5678 ab
859 5628 1063 5698 egregio
1093 5635 1140 5680 et
1171 5615 1370 5696 diligeii
1395 5630 1643 5698 magistro
1677 5628 1899 5683 Nicolao

305 5712 494 5767 ieuson
526 5729 543 5767 :
571 5712 730 5769 Petro
763 5716 1068 5772 Mosenichv
1095 5718 1367 5776 urincine:
1397 5717 1545 5772 Anno
1572 5735 1602 5771 a
1636 5718 1901 5773 nativitate

2077 5170 2236 5227 “82.
2280 5171 2527 5226 Romae...
2556 5174 2732 5243 in-fol.
2765 5175 3096 5246 Augustinus
3119 5178 3184 5232 de
3212 5176 3442 5233 Civitate
3474 5180 3584 5237 Dei.

2007 5264 2242 5333 Hujusce
2291 5263 2548 5319 editionis
2594 5268 2852 5322 memoria
2885 5268 2998 5322 sola
3036 5279 3238 5338 perstat
3266 5271 3408 5338 apud
3454 5268 3585 5321 ιαίμ

2007 5356 2154 5408 beum
2203 5355 2354 5409 Nova
2397 5355 2537 5411 Bibl.
2590 5375 2711 5412 ntss.
2766 5377 2820 5428 p.
2863 5362 2986 5415 5i7.
3033 5377 3178 5413 num.
3235 5361 3338 5413 689
3384 5376 3399 5415 :
3449 5362 3588 5416 unde

2006 5445 2310 5498 Maettarius
2341 5447 2392 5499 in
2421 5447 2626 5502 forulos
2660 5463 2791 5502 suos
2819 5449 3005 5501 retulit
3029 5449 3092 5500 Τ.
3125 5448 3165 5508 1,
3201 5463 3252 5514 p.
3281 5463 3338 5499 ll.
3373 5463 3426 5515 p.
3461 5447 3589 5503 453$.

2006 5536 2218 5591 Laerius
2245 5537 2501 5593 laudabat
2527 5540 2746 5607 insuper
2764 5538 3005 5606 eiusdem
3035 5537 3150 5589 libri
3181 5538 3430 5608 paginam
3462 5541 3587 5600 554,

2005 5645 2058 5682 n.
2103 5628 2268 5692 l019;
2309 5629 2404 5682 sed
2444 5644 2753 5697 perperam,
2787 5636 2842 5681 ttt
2873 5627 3071 5681 dudum
3111 5630 3266 5684 solita
3295 5631 3587 5686 acerbitate

2004 5720 2210 5776 monuit
2242 5717 2473 5776 Audtﬂr.
2501 5736 2556 5775 ο.
2591 5719 2715 5772 252.
