3882 6316
455 335 551 389 151

1359 311 1908 376 δυΡΡιεΜΕΝτωι
1948 310 2036 364 AD
2079 308 2308 364 OPERA
2351 306 2409 363 S.
2451 299 2843 362 AUGUSTINI.

3600 296 3687 350 152
3717 262 3724 278 ’

524 443 686 498 1881.
720 439 1001 494 Lovanii...
1045 435 1221 502 iri-fol.
1266 432 1324 488 S.
1374 427 1655 496 Augustini
1696 425 1764 479 de
1802 421 2066 482 Civitate,

2211 418 2371 474 1494.
2412 413 2694 484 Friburgi,
2751 412 2933 480 in—[oL
2982 407 3427 466 Amerbachianm
3473 405 3686 463 iteratio.

457 530 550 589 Dei
579 547 698 585 cum
731 529 1036 583 Comment.
1062 526 1163 577 'l‘h.
1193 522 1392 574 Valuis.
1429 519 1605 572 Maitt.
1635 515 1699 569 Τ.
1727 514 1771 579 1,
1801 521 1941 582 part.
1970 527 2031 578 u,

456 644 512 694 ι).
548 625 676 684 455.
717 621 902 675 addito
940 617 1166 670 Heidam
1205 610 1518 667 testimonio
1561 624 1627 662 ex
1662 605 1778 661 Cat.
1807 619 1861 673 p.
1891 603 1945 672 6,
1976 618 2029 657 n.

456 717 582 778 121,
631 714 835 779 absque
882 709 1130 762 uberiore
1169 702 1554 758 declaratione.
1597 699 1865 751 Incertum
1905 706 2034 760 ergo

455 803 780 858 eumdemne
837 796 1253 870 typographum,
1297 792 1387 862 qui
1431 808 1482 844 a.
1533 787 1669 844 “88
1716 785 1866 854 prelo
1910 799 2031 837 eum

457 893 750 955 commisit,
775 906 841 944 an
871 892 1036 943 alium
1061 899 1336 941 auctorem
1366 887 1644 950 agnoscat.

526 984 688 1040 N86.
727 981 977 1044 Venetiis,
1019 995 1108 1048 per
1149 977 1331 1030 Bonet.
1376 969 1724 1029 Locatellum;
1762 964 1927 1018 iri-4°.
1974 965 2030 1016 Β.

453 1073 738 1144 Augustini
783 1072 906 1125 libri
949 1069 1093 1122 XXII
1119 1069 1186 1120 de
1219 1065 1446 1120 Civitate
1476 1061 1589 1114 Dei.
1619 1059 1674 1110 lu
1708 1057 1814 1109 line
1845 1071 1856 1104 :
1894 1054 2036 1124 Opus

455 1167 519 1217 de
545 1165 749 1216 ciuitate
791 1161 888 1213 Dei
929 1159 1142 1230 feliciter
1169 1154 1379 1221 explicit
1421 1168 1440 1205 :
1477 1152 1766 1218 confectum
1812 1144 2037 1197 Veneriis

455 1273 544 1326 per
571 1255 819 1308 Bonetum
847 1251 1186 1315 Locatellum,
1216 1245 1476 1314 impendio
1497 1249 1542 1294 et
1570 1238 1856 1311 sumptibus
1885 1235 2038 1287 Octa-

453 1349 593 1399 viani
619 1346 763 1399 Scoti
788 1341 1178 1395 Madoetiensis.
1206 1337 1362 1391 1486.
1387 1335 1568 1404 quinto
1593 1330 1774 1383 Idibus
1798 1327 2034 1380 Februa-

453 1439 539 1494 r'ii.
573 1435 687 1488 Cat.
723 1436 839 1488 libr.
871 1433 1060 1486 rarior.
1094 1429 1231 1484 Bibl.
1265 1428 1492 1481 Budens.
1520 1433 1574 1478 et
1603 1422 1737 1475 Bibl.
1776 1420 1971 1474 Pinell.

528 1525 686 1580 1488.
714 1523 973 1587 ΤΙιοΙοδω,
1001 1539 1087 1590 per
1102 1520 1155 1573 II
1160 1521 1386 1573 enricum
1402 1517 1584 1586 Mayer
1606 1513 1914 1567 Alamanum
1932 1509 2038 1580 (die

453 1615 572 1672 XII
598 1612 876 1684 Octobris);
908 1613 1086 1681 in-fol.
1118 1612 1245 1663 min.
1279 1609 1503 1662 Thoma:
1535 1606 1716 1659 Vanis
1743 1611 1798 1658 et
1828 1599 2037 1656 Nicolai

454 1705 676 1760 Triveth
706 1701 1108 1758 Commentaria
1142 1701 1197 1753 in
1230 1701 1400 1753 libros
1434 1697 1493 1753 S.
1537 1693 1819 1762 Augustini
1847 1691 1915 1745 de
1942 1689 2034 1744 Ci-

2135 512 2194 565 ln
2221 511 2366 565 ﬁne:
2402 507 2639 561 Finitum
2671 517 2744 559 est
2780 506 2876 558 hac
2903 519 3033 571 apus
3067 502 3120 554 in
3163 501 3422 569 friburga.
3458 497 3690 551 Ammin-

2137 602 2452 656 carnationis
2485 600 2588 652 Dni
2622 591 3095 650 MCCCCXCIIII.
3125 592 3275 646 East.
3307 590 3476 645 etiam
3507 590 3558 642 in
3588 586 3689 642 Cat.

2135 693 2272 747 Bibl.
2303 692 2459 746 Bodl.
2491 699 2547 745 et
2572 688 2862 742 Crevennae
2887 688 3077 740 noviss.

2208 787 2332 841 Sine
2358 800 2517 848 anno,
2549 784 2658 836 loco
2683 789 2729 834 et
2755 789 2959 850 typogr.
2984 795 3000 842 ;
3027 776 3205 844 iri-fol.
3241 774 3300 830 S.
3335 771 3613 840 Augustini
3639 770 3697 823 de

2135 878 2367 933 Civitate
2421 877 2515 932 Dei
2560 876 2594 927 I.
2642 872 2816 936 XXII,
2875 885 2996 924 cum
3049 866 3473 923 Commentariis
3515 862 3697 915 Thoma

2146 970 2323 1023 Valois
2351 977 2407 1022 et
2448 967 2569 1020 Nic.
2601 963 2828 1018 Triveth.

2209 1061 2379 1129 Hujus
2410 1057 2665 1112 editionis
2691 1055 2986 1109 rarissimae
3011 1053 3166 1122 juxta
3196 1064 3363 1120 quam
3415 1044 3703 1114 antiquissi-

2140 1169 2240 1208 mte
2271 1151 2516 1206 notitiam
2546 1147 2893 1216 suppeditant
2933 1145 3005 1199 cl.
3066 1143 3314 1198 Morellus
3347 1142 3401 1193 in
3427 1137 3565 1190 Bibl.
3595 1135 3701 1188 Pin.

2140 1245 2204 1299 T.
2236 1243 2285 1306 l,
2341 1258 2395 1311 p.
2425 1241 2534 1303 86;
2571 1238 2836 1294 Seemiller
2866 1235 3001 1290 fasc.
3041 1235 3098 1297 l,
3144 1248 3197 1301 p.
3236 1230 3380 1295 19ος
3427 1229 3706 1293 iterumque

2140 1349 2247 1388 non
2281 1333 2477 1386 minori
2508 1331 2783 1399 diligentia
2825 1328 3111 1396 descripsit
3146 1325 3293 1378 Plac.
3331 1321 3510 1376 Braun
3537 1320 3586 1372 in
3614 1316 3708 1370 No-

2143 1426 2257 1478 titia
2281 1423 2424 1476 Hist.
2448 1422 2552 1473 Lit.
2586 1437 2639 1489 p.
2666 1420 2720 1474 9.
2753 1420 3001 1482 Constat,
3034 1427 3092 1471 ut
3124 1415 3292 1470 editio
3316 1429 3368 1467 a.
3403 1411 3541 1466 M75
3561 1450 3575 1472 ,
3596 1407 3707 1461 dua-

2143 1514 2244 1568 bus
2281 1511 2683 1580 quodammodo
2728 1508 3007 1578 partibus,
3051 1520 3281 1576 quarum
3315 1503 3468 1573 prior
3497 1507 3707 1560 textum,

2142 1603 2438 1672 majoribus
2468 1604 2695 1666 litteris,
2736 1601 3006 1670 posterior
3048 1596 3504 1653 commentarium
3538 1589 3710 1646 minori

2140 1694 2458 1748 charactere
2515 1691 2786 1747 columnis
2833 1689 3041 1743 duabus
3065 1689 3393 1756 impressum
3443 1681 3603 1738 sistit.
3647 1678 3712 1733 At:

456 1799 628 1852 vitate
678 1798 792 1856 Dei,
836 1811 941 1848 una
985 1809 1109 1848 cum
1156 1791 1560 1858 complementa
1599 1787 1781 1840 fratris
1831 1783 2037 1838 Nicolai
2070 1768 2116 1827 Β
2147 1792 2325 1838 textus
2351 1783 2565 1852 quidem
2590 1781 2781 1850 pagina
2813 1779 2880 1833 47
2905 1821 2918 1845 ,
2944 1777 3463 1834 commentariorum
3504 1785 3629 1828 vero
3656 1770 3712 1824 57

456 1886 704 1942 Cerseth.
735 1885 819 1939 Cf.
849 1884 966 1938 Cat.
1000 1883 1138 1936 Bibl.
1170 1882 1445 1936 Crevenme
1473 1878 1666 1931 naviss.

526 2007 596 2018 ——
641 1976 874 2040 Lavanii,
927 1990 1017 2044 per
1069 1973 1330 2026 Joannem
1385 1969 1813 2037 Westfalensem;
1861 1964 2039 2034 in-fal.

455 2067 739 2138 Augustini
779 2067 844 2121 de
881 2066 1116 2121 Civitate
1157 2063 1252 2117 Dei
1295 2062 1334 2114 I.
1374 2060 1541 2125 XXII,
1579 2073 1701 2112 cum
1735 2058 2042 2111 Comment.

456 2160 559 2213 Th.
604 2159 788 2212 Valois
821 2166 875 2212 et
910 2156 1029 2211 Nic.
1072 2154 1317 2209 Triveth.
1365 2153 1419 2206 lu
1461 2153 1566 2205 line
1597 2168 1610 2203 :
1644 2149 1960 2216 Impressum
1989 2147 2043 2199 in

456 2252 596 2302 alma
631 2248 980 2301 Vniuersitate
1009 2245 1347 2306 Louaniensi,
1370 2234 1503 2310 ἠυδε
1531 2239 1869 2292 Brabantiam
1908 2237 2045 2290 haud

458 2354 676 2405 parvum
716 2353 825 2406 pre
864 2336 1043 2388 ceteris
1076 2344 1312 2387 ornatam
1337 2332 1528 2394 reddit,
1559 2331 1763 2399 ingenio
1790 2338 1836 2380 et
1862 2328 2045 2380 indus-

459 2431 560 2481 tria
578 2427 796 2480 Ioannis
812 2427 1199 2495 Westfalensis.
1219 2429 1367 2478 Anno
1384 2423 1434 2476 Μ
1448 2419 1861 2478 .CCCC.LXXA'
1874 2417 2042 2471 VIII.

460 2517 672 2574 XIIII.
707 2517 960 2571 Calendas
994 2516 1250 2570 Octobris.
1292 2513 1559 2568 Haittaire
1603 2511 1669 2565 Τ.
1711 2510 1752 2574 l,
1798 2524 1853 2578 p.
1895 2523 1956 2568 tt.
1991 2523 2044 2577 ρ.

460 2612 589 2666 495.
647 2610 799 2679 Apud
843 2609 981 2664 alios
1029 2616 1210 2663 tamen
1265 2605 1670 2677 bibliographos
1717 2603 2047 2658 mentionem

462 2703 578 2770 ejus
612 2717 718 2756 non
749 2702 1078 2763 invenimus,
1108 2701 1413 2768 nititurque
1443 2698 1578 2752 adeo
1615 2697 1786 2750 solius
1823 2695 2053 2748 Maetta-

463 2796 531 2849 rii
582 2796 707 2859 ﬁde,
753 2809 818 2847 ex
863 2809 969 2863 qua
1010 2793 1257 2849 eamdem
1295 2793 1589 2848 editionem
1634 2787 1854 2844 laudant
1894 2787 2054 2841 Colo-

461 2889 705 2951 nienses,
738 2885 1062 2953 Ossingerus
1084 2885 1308 2952 aliique.

540 2980 700 3034 1489.
760 2977 1014 3039 Venetiis,
1063 2975 1196 3042 typis
1249 2972 1487 3024 Vincent.
1547 2966 1819 3020 Octaviani
1871 2964 2053 3026 Scoti;

2140 1874 2316 1928 lineas
2363 1872 2766 1942 complectitur.
2801 1871 3039 1925 Litteras
3087 1869 3443 1923 Germanicas
3499 1861 3714 1931 appellat

2144 1963 2431 2028 Morellus;
2481 1962 2815 2018 Seemitterus
2841 1962 3001 2030 plane
3027 1960 3233 2014 similes
3287 1972 3412 2012 esse
3465 1954 3581 2008 vult
3625 1952 3715 2015 iis,

2142 2055 2341 2122 quibus
2366 2069 2598 2111 recusus
2628 2062 2712 2108 est
2743 2052 3031 2123 Augustini
3087 2052 3226 2105 liber
3276 2055 3505 2117 quartus
3529 2042 3596 2097 de
3625 2041 3717 2092 Do-

2145 2149 2321 2201 ctrina
2353 2146 2666 2201 Christiana
2698 2161 2794 2213 per
2820 2147 2906 2200 Jo.
2939 2143 3194 2199 Mentelin
3235 2138 3686 2208 Argentinensem
3707 2168 3719 2189 .

2145 2238 2235 2292 cui
2280 2238 2485 2292 idcirco
2533 2245 2810 2305 acceptam
2861 2235 3069 2289 referre
3123 2233 3302 2287 nullus
3349 2227 3589 2282 dubitat.
3637 2221 3723 2288 Qui

2145 2341 2269 2381 cum
2293 2327 2404 2395 jam
2434 2339 2486 2378 a.
2529 2325 2667 2381 M78
2697 2325 2842 2378 diem
2869 2323 3098 2384 abierit,
3139 2329 3263 2374 ante
3289 2319 3436 2371 hunc
3467 2322 3618 2369 certe
3641 2325 3724 2364 ex-

2145 2431 2334 2486 pressa
2359 2430 2480 2471 esse
2505 2415 2753 2470 deberet.
2811 2411 2919 2466 Sed
2944 2411 3102 2479 longe
3152 2408 3512 2463 vetustiorem
3548 2406 3725 2471 putat,

2149 2520 2249 2560 nec
2272 2506 2339 2558 ab
2367 2519 2508 2559 anno
2559 2498 2698 2558 N70
2728 2501 2886 2556 valde
2931 2507 3217 2563 remotam,
3276 2495 3449 2557 adeo,
3494 2501 3555 2545 ut
3585 2490 3728 2559 prin-

2150 2611 2280 2666 ceps
2309 2596 2446 2651 forte
2474 2611 2595 2650 cum
2627 2592 3034 2648 commentariis
3064 2588 3295 2642 laudatis
3324 2581 3619 2639 statuenda
3653 2579 3723 2632 fo-

2150 2696 2257 2752 ret,
2285 2701 2444 2755 quam
2471 2684 2793 2739 sententiam
2811 2681 2921 2748 jam
2943 2678 3198 2733 Morellus
3217 2673 3506 2742 amplexus
3537 2668 3722 2724 fuerat.

2152 2778 2314 2834 Caret
2335 2776 2587 2832 omnibus
2606 2813 2622 2838 ,
2646 2787 2779 2842 quas
2807 2768 3026 2838 sequior
3053 2777 3183 2821 aetas
3211 2779 3310 2833 per
3333 2762 3466 2816 artis
3489 2773 3720 2829 progres-

2153 2883 2272 2921 sum
2294 2867 2498 2920 sensim
2517 2862 2840 2926 introduxit,
2871 2858 3120 2913 foliorum
3147 2855 3573 2925 paginarumque
3595 2849 3722 2902 notis

2153 2954 2468 3007 numerisve
2491 2992 2506 3016 ,
2537 2951 2665 3003 item
2708 2949 2904 3000 litteris
2933 2945 3232 2999 initialibus
3253 2984 3268 3009 ,
3298 2956 3398 2996 nec
3428 2955 3534 2994 non
3567 2937 3717 2991 titulis

464 3073 641 3140 in-fot.
675 3067 1009 3136 Augustinus
1032 3065 1099 3117 de
1123 3062 1355 3116 Civitate
1382 3060 1475 3113 Dei
1504 3071 1622 3109 eum
1644 3053 2051 3109 commentariis
2073 3114 2118 3140 ﬁ
2154 3052 2262 3096 tam
2315 3041 2371 3095 in
2417 3040 2594 3094 fronte
2618 3037 2800 3106 operis
2819 3077 2835 3100 ,
2867 3049 3034 3105 quam
3081 3035 3422 3104 singulorum
3477 3031 3714 3085 librorum

465 3114 680 3217 Th'oma:
716 3114 915 3222 VZlais,
950 3158 1064 3210 sive
1098 3151 1316 3208 Watteis
1346 3157 1401 3204 et
1431 3146 1640 3201 Nicotai‘
1671 3143 1898 3198 Triveth.
1931 3142 2046 3198 Cat.
2073 3114 2120 3176 (ἶ
2153 3142 2247 3187 aut
2271 3132 2507 3199 capitum
2533 3129 2698 3182 initiis
2718 3168 2733 3191 ,
2764 3141 2882 3195 Quae
2912 3126 3030 3180 solo
3058 3125 3232 3192 spatio
3260 3138 3437 3178 vacuo
3466 3163 3483 3190 ,
3537 3133 3630 3174 nec
3662 3130 3717 3170 eo

466 3254 606 3308 Bibl.
639 3251 918 3313 Casanat.;
950 3247 1092 3302 unde
1130 3245 1373 3313 suppleri
1409 3242 1608 3312 poterit
1646 3237 1961 3294 Maettarius
1985 3235 2048 3289 T.

467 3346 506 3410 l,
541 3362 596 3412 ρο
627 3359 684 3408 ιι,
713 3358 767 3410 p.
793 3341 920 3394 510.

539 3463 610 3475 -—-
641 3433 825 3497 Basil.,
849 3449 938 3499 ap.
959 3430 1048 3485 Ja.
1074 3427 1499 3490 Amerbachium;
1522 3424 1700 3492 iit-fol.
1727 3419 2053 3491 Augustinus

469 3529 538 3584 de
567 3525 793 3582 Civitate
823 3524 915 3578 Dei
943 3537 1066 3577 cum
1094 3528 1429 3576 commento.
1461 3516 1517 3570 In
1549 3516 1656 3569 ﬁue
1685 3530 1699 3566 :

590 3661 698 3711 Hoc
720 3671 840 3720 opus
866 3661 1091 3706 exactum
1107 3654 1271 3720 divina
1294 3655 1399 3720 arte
1424 3649 1626 3720 Joannis

658 3711 1043 3768 Amerhacensis
1071 3732 1081 3764 :
1107 3716 1261 3763 lector
1280 3714 1463 3771 ubique
1484 3711 1626 3768 legas

596 3782 802 3832 Iuvenis
826 3781 873 3826 in
899 3786 1038 3826 textu
1066 3778 1220 3836 glosis
1241 3769 1579 3836 seu_triar_gitte
1599 3769 1776 3814 mirum
1805 3779 1818 3813 :

661 3842 768 3898 Quo
791 3840 969 3887 merito
993 3831 1175 3896 gaudet
1197 3834 1312 3882 urbs
1336 3831 1528 3878 Basilea
1552 3831 1722 3876 decus.

474 3966 623 4018 Anna
642 3959 898 4026 salutiferi
924 3957 1190 4024 virginalis
1212 3961 1392 4020 partus
1415 3950 1722 4018 octogesimo
1745 3963 1877 4000 nono
1901 3959 2061 4014 supra

474 4051 804 4106 millesimum
829 4057 1104 4118 quaterque
1134 4047 1465 4100 centesimum
1491 4041 1658 4094 idibus
1687 4039 1986 4092 Februarii.

547 4138 958 4201 Commentarii,
1005 4147 1135 4192 sunt
1171 4137 1380 4190 Thomte
1412 4134 1594 4188 Valois
1626 4141 1679 4185 et
1711 4129 1920 4183 Nicolai
1949 4129 2064 4180 Tri-

475 4232 609 4296 aeth,
652 4245 824 4284 sacrae
865 4231 1074 4300 paginae
1115 4228 1489 4299 professorum
1518 4226 1640 4280 ord.
1673 4222 1957 4276 Pra‘dicat.
1987 4223 2064 4275 Ac

475 4326 624 4380 illius
653 4323 868 4392 quidem
898 4333 1038 4375 nota:
1068 4322 1120 4375 in
1153 4336 1276 4389 cap.
1299 4320 1368 4375 29
1398 4318 1522 4373 libri
1553 4334 1586 4371 ι
1620 4316 1907 4371 deﬁciunt:
1939 4313 2066 4368 reli-

477 4433 583 4488 qua
618 4431 714 4485 per
744 4414 1021 4468 Nicolaum
1053 4413 1272 4467 Triveth
1304 4419 1431 4465 sunt
1455 4409 1785 4476 conscripta.
1821 4407 1862 4460 A
1895 4404 2062 4458 Nico-

2157 3221 2444 3276 admodum
2491 3218 2672 3288 amplo
2725 3218 2870 3272 inter
2916 3230 2976 3269 se
3025 3215 3473 3282 distinguuntur,
3522 3220 3718 3281 praeter-

2156 3330 2317 3385 quam
2340 3313 2486 3384 quod
2521 3312 2587 3366 ad
2611 3311 2814 3367 calcem
2842 3309 2965 3364 libri
3005 3325 3135 3364 mu
3159 3309 3522 3378 subscriptio,
3566 3313 3618 3359 et
3641 3302 3719 3357 de-

2160 3409 2286 3463 hinc
2313 3423 2341 3460 a
2373 3407 2514 3461 libro
2556 3405 2770 3461 decimo
2809 3417 2956 3457 nono
2981 3402 3365 3470 inscriptiones
3407 3401 3653 3454 librorum
3675 3401 3718 3446 et

2159 3499 2520 3570 capitulorum
2587 3495 2954 3550 inveniantur.
3013 3492 3382 3548 Nihilominus
3459 3492 3718 3546 occurrunt

2162 3596 2474 3664 frequenter
2503 3588 2822 3657 marginalia
2848 3587 3146 3642 decurtatis
3176 3596 3365 3640 textus
3398 3583 3557 3640 lineis
3572 3592 3718 3648 appo-

2161 3685 2283 3745 sita,
2317 3682 2460 3752 quod
2498 3681 2551 3735 in
2580 3678 2982 3733 Basileensibus
3011 3692 3229 3747 quoque
3258 3691 3451 3732 eorum
3491 3674 3719 3728 librorum

2161 3775 2489 3830 editionibus
2528 3770 2941 3840 deprehendere
2985 3785 3072 3823 me
3115 3769 3361 3824 memini.
3414 3766 3641 3833 Denique
3678 3759 3722 3810 in

2165 3868 2269 3922 ﬁne
2297 3875 2473 3921 textus
2498 3864 2731 3934 legitur:
2792 3859 2972 3914 Finito
3014 3861 3145 3914 libro
3193 3866 3260 3913 sit
3315 3859 3438 3914 laus
3487 3865 3534 3911 et
3580 3850 3721 3925 gloria

2165 3957 2403 4021 Christo;
2436 3967 2557 4023 post
2596 3953 2981 4008 commentaria
3014 3965 3142 4005 vero
3187 3949 3371 4004 tabula
3403 3946 3720 4006 materiarum

2165 4051 2356 4104 decem
2401 4047 2538 4101 loliis
2559 4061 2663 4100 non
2688 4045 2914 4099 omnino
2943 4043 3166 4112 integris
3189 4041 3575 4112 comprehensa
3603 4028 3721 4088 dmi-

2166 4141 2246 4194 nit
2285 4139 2535 4208 subjecto
2570 4155 2585 4191 :
2633 4137 2860 4206 Explicit
2894 4133 3112 4188 Tabula.

2238 4230 2380 4285 Sac.
2412 4228 2553 4282 XVI.
2575 4257 2645 4266 -—
2670 4226 2825 4281 1515.
2853 4225 3070 4278 Basilew
3086 4264 3100 4288 ,
3124 4239 3213 4294 per
3237 4222 3340 4276 Ad.
3367 4220 3512 4276 Petri
3531 4218 3589 4269 de
3606 4212 3701 4266 Lan

2167 4317 2421 4387 gendarf;
2451 4313 2632 4369 in-fol.
2664 4313 2786 4367 Divi
2811 4312 3015 4368 Aurelii
3047 4312 3355 4381 Augustini,
3390 4299 3719 4378 Hipponensis

2169 4409 2337 4478 episc.
2385 4407 2453 4460 ad
2496 4407 2866 4461 Marcellinum
2892 4403 3213 4459 de‘Civitate
3243 4401 3342 4456 Dei
3367 4409 3556 4458 contra
3583 4403 3722 4464 pag-1‘

479 4511 563 4564 lao
593 4521 807 4577 quoque
840 4505 1078 4574 profecta
1105 4512 1190 4558 est
1221 4503 1399 4556 tabula
1437 4516 1531 4555 seu
1563 4499 1743 4553 index.
1772 4498 2068 4552 Character
2093 4472 2144 4531 D
2173 4472 2270 4554 nos
2297 4499 2420 4552 libri
2449 4498 2552 4551 duo
2576 4507 2628 4550 et
2657 4497 2842 4566 viginti
2870 4513 2882 4547 :
2913 4510 3051 4564 opus
3086 4495 3464 4563 dignissimum
3502 4508 3516 4544 :
3559 4488 3720 4540 huma-

478 4611 563 4655 est
587 4600 871 4662 Gothicus,
902 4597 1170 4650 columna:
1197 4592 1337 4655 duae,
1365 4592 1459 4646 sed
1489 4591 1785 4644 Commenta
1816 4587 2070 4653 utrinque

479 4693 726 4758 apposito
754 4697 986 4759 quatuor
1018 4687 1336 4755 plerumque
1367 4681 1615 4750 paginam
1642 4677 1869 4730 faciunt.
1902 4675 1960 4728 lu
1987 4675 2068 4726 in-

482 4782 684 4835 teriore
712 4781 852 4834 tituli
876 4779 1071 4849 pagina
1094 4771 1384 4844 Augustini
1406 4769 1612 4838 eiﬁgies
1633 4769 1781 4834 ligno
1803 4766 2064 4832 impressa

485 4887 609 4927 cum
647 4871 751 4924 alia
785 4872 962 4940 ﬁgura
997 4866 1393 4929 emblematica,
1435 4858 1784 4927 inscriptione
1815 4864 1869 4911 et
1894 4856 2065 4908 versi-

484 4964 587 5033 bus
628 4960 983 5027 conspicitur.
1028 4959 1325 5026 Descripsit
1366 4954 1611 5012 eamdem
1643 4948 1904 5002 Brauuius
1942 4946 2070 5001 Not.

489 5050 717 5106 11.1.5“.
745 5050 808 5102 T.
844 5049 903 5111 Il,
930 5064 984 5116 p.
1017 5051 1134 5102 182.

563 5143 722 5196 “90.
760 5139 1006 5204 Basilece,
1036 5156 1127 5206 ap.
1174 5139 1262 5192 Jo.
1292 5141 1632 5201 Amerbach.;
1665 5136 1848 5205 iii-fol.
1896 5133 2074 5188 Editio

487 5235 614 5288 anui
655 5229 1016 5302 priecedeutis
1056 5240 1306 5282 accurate
1349 5229 1546 5282 iterum
1598 5244 1889 5297 expressa,
1922 5226 2073 5294 ﬁnita

490 5327 667 5379 idibus
724 5319 1046 5374 Februariis.
1083 5317 1243 5369 Denis
1299 5315 1496 5370 Garell.
1551 5316 1689 5369 Bibl.
1724 5333 1775 5383 p.
1812 5317 1941 5379 I54;
1973 5313 2077 5368 Ge-

491 5417 689 5467 meiuer
724 5410 1073 5483 Regensburg.
1115 5407 1252 5459 Bibl.
1287 5423 1341 5478 p.
1378 5408 1500 5462 197.
1535 5406 1792 5459 Exstabat
1826 5409 1989 5461 etiam
2022 5410 2075 5460 in

495 5506 636 5557 Bibl.
689 5505 845 5558 Ducis
876 5504 936 5556 de
965 5503 1015 5554 la
1050 5499 1272 5553 Valiére.
1322 5498 1542 5552 Gessner
1587 5496 1804 5550 Libcck.
1852 5497 1986 5551 Bibl.
2022 5516 2072 5566 p.

499 5596 586 5650 5|.
620 5593 848 5647 Curiose
877 5594 1163 5661 descripsit
1201 5591 1382 5645 Masch
1410 5590 1616 5661 Beytrr.
1647 5606 1693 5642 ι.
1728 5586 1910 5644 Gesch.
1943 5607 2074 5644 mer-

508 5686 601 5738 kw.
635 5685 730 5737 Bb.
768 5684 847 5738 St.
883 5685 956 5742 ll.
987 5701 1040 5744 ι).
1078 5687 1145 5739 75
1174 5700 1234 5746 sq

2173 4606 2360 4644 narum
2387 4590 2798 4656 divinarumque
2829 4587 3131 4641 litterarum
3164 4586 3464 4654 disciplinis
3513 4571 3719 4635 clarissi-

2173 4697 2260 4736 me
2283 4681 2564 4735 rel'ertutu.
2615 4677 2742 4732 Cum
2797 4678 3180 4732 Commentariis
3232 4677 3443 4732 Thama:
3499 4669 3653 4726 Valois
3678 4668 3721 4713 et

2173 4772 2384 4826 Nicolai
2413 4770 2616 4824 Triveth
2640 4786 2658 4823 :
2689 4783 2789 4824 nec
2831 4784 2943 4823 non
2965 4767 3327 4823 additionibus
3358 4763 3532 4820 Jacobi
3558 4757 3719 4809 Passa-

2173 4866 2338 4920 uantii
2369 4873 2532 4932 atque
2578 4860 2892 4931 theologicis
2921 4859 3238 4913 veritatibus
3268 4853 3533 4911 [δ’ταηείκὲ
3565 4845 3719 4932 Maro:

2179 4958 2274 5010 nis.
2312 4955 2478 5008 Porro
2502 4953 2826 5020 impressum
2851 4957 2933 5003 est
2961 4948 3119 5000 titulo
3150 4947 3358 5016 insigne
3385 4939 3566 5000 Adami
3598 4925 3717 4986 Petri

2177 5046 2359 5100 addito
2385 5046 2529 5096 Anna
2555 5041 2629 5094 Μ.
2663 5040 2733 5093 D.
2765 5039 2892 5092 XV.
2924 5037 3066 5091 Infra
3090 5056 3102 5092 :
3128 5038 3471 5090 Directon'um
3496 5034 3545 5082 iu
3571 5026 3718 5088 singu-

2178 5137 2254 5189 los
2299 5139 2453 5188 totius
2499 5131 2664 5200 aperis
2716 5129 2868 5182 libros
2921 5127 3088 5180 indice
3147 5139 3279 5180 certa
3336 5129 3629 5192 congestum.
3674 5105 3715 5158 Ῐιι

2179 5229 2369 5297 pagina
2403 5238 2597 5276 aversa
2630 5221 2843 5286 cadent,
2871 5234 2988 5287 qua:
3018 5220 3068 5271 in
3096 5217 3518 5272 Amerbachiaua
3543 5202 3714 5297 habent;

2181 5282 2288 5374 lui‘l.
2355 5315 2655 5382 Pranligitur
2719 5282 2911 5365 deinde
2966 5308 3210 5378 prwlalio
3272 5305 3478 5360 Fratris
3524 5282 3715 5350 Conradi

2181 5406 2443 5462 Leontorii
2498 5401 2883 5456 Malbormensis
2938 5398 3086 5469 (sic)
3139 5398 3454 5451 charactere
3507 5383 3712 5441 Romallo

2183 5498 2441 5565 impressa
2467 5535 2481 5557 ,
2507 5507 2610 5561 qua
2643 5491 2905 5544 rationem
2937 5499 2991 5544 et
3017 5488 3321 5542 institutum
3351 5479 3521 5555 operis
3563 5473 3712 5565 Auli“:

2181 5551 2399 5642 stihiaui
2425 5585 2606 5638 docet.
2632 5583 2684 5637 lu
2702 5582 2806 5637 ﬁne
2829 5581 3071 5649 ejusdem
3093 5579 3319 5635 Canradi
3339 5551 3582 5632 Leontarii
3603 5551 3711 5612 Μαί·

2185 5679 2483 5731 bromiensis
2517 5674 2660 5741 (sic)
2691 5673 2976 5742 subjicitur
3009 5671 3279 5742 epilogus,
3325 5670 3376 5723 in
3429 5676 3526 5733 quo
3555 5655 3710 5717 ingen-
