3882 6332
154 311 277 370 155

1111 316 1384 372 ΝΟΤΙΤΙΑ
1422 317 1831 373 LITTERARIA
1875 319 1940 374 1N
1979 322 2035 375 S.
2077 324 2540 384 AUGUSTINUM.

3353 352 3448 398 1‘51

153 437 286 482 tem
314 431 501 479 textus
521 423 986 493 emendationem,
1008 427 1298 481 multorum
1321 444 1452 484 mss.
1478 431 1730 486 collation

1944 437 2083 492 διες.
2117 439 2280 493 XVII.
2319 471 2386 482 -—
2432 443 2588 499 1600.
2619 447 2949 516 Anturrpiar,
3000 456 3142 518 apud
3173 455 3444 525 Plantin.,’

153 514 489 584 perfectam
539 514 857 595 pollicetur,
919 531 1016 570 nec
1069 531 1173 570 non
1221 519 1550 586 subscriptio
1580 561 1594 584 ,
1653 536 1771 589 qua:
1875 527 2056 595 in-fol.
2086 528 2252 582 [idem
2280 531 2424 586 libri.
2458 532 2697 588 M.Bibt.
2727 538 2911 594 Colon.

152 604 451 658 Joannem
489 592 804 672 Koburger,
841 604 1352 674 Nurimbergensem
1392 607 1766 677 bibliopolam,

153 696 462 764 impensas
494 694 843 762 imprimendi
895 696 1184 750 voluminis
1230 697 1424 753 fecisse
1477 700 1764 769 signiﬁcat.

153 783 297 838 Haec
327 797 552 852 quoque
574 784 808 838 rotundo
837 786 1190 853 charactere,
1220 789 1488 856 reliquum
1513 791 1764 846 volumen

152 872 377 926 litteris
400 870 650 926 Gothicis
673 882 904 941 quatuor
937 875 1275 945 plerumque,
1309 878 1579 934 interdum
1603 881 1765 936 etiam

152 963 426 1030 quinque
479 963 748 1016 columnis
797 972 852 1018 et
906 966 1115 1021 crebris
1161 969 1489 1024 sectionibus
1537 972 1767 1040 impres-

152 1063 290 1105 sum
324 1051 520 1106 oculos
545 1060 599 1105 et
626 1052 729 1107 hoc
759 1053 875 1121 ipso
911 1064 967 1109 et
993 1056 1144 1110 vario
1169 1058 1536 1114 characterum
1565 1077 1764 1131 genere

150 1156 218 1196 tu
250 1143 453 1198 eadem
489 1143 680 1212 pagina
708 1145 872 1199 obvio
917 1146 1165 1200 oti'endit.
1198 1148 1350 1218 Casp.
1382 1148 1628 1204 Barthius
1657 1153 1766 1205 Ad-

151 1249 302 1288 cers.
333 1250 458 1299 us,
503 1249 619 1304 cap.
649 1236 750 1300 10,
785 1253 836 1305 p.
869 1236 1042 1307 2795,
1077 1239 1217 1294 hanc
1240 1241 1535 1297 editionem
1580 1245 1762 1299 multis

150 1340 299 1379 mss.
337 1327 625 1380 meliorem
647 1336 825 1381 vocat.

229 1414 404 1470 1520.
441 1416 680 1487 Lugduni
730 1419 970 1489 impensis
1005 1420 1095 1474 Jo.
1128 1421 1436 1493 Koburger,
1489 1433 1597 1479 arte
1638 1427 1756 1483 Jac.

153 1503 442 1568 Scaeam;
497 1507 686 1575 iii-fol.
746 1509 1080 1578 Augustinus
1109 1512 1177 1566 de
1229 1514 1460 1569 Civitate
1516 1516 1610 1571 Dei
1653 1534 1757 1572 una

153 1609 280 1647 cum
310 1594 459 1648 libris
490 1595 558 1649 de
585 1595 852 1652 Triuitate
878 1637 892 1663 ,
921 1614 1058 1667 quos
1091 1601 1239 1657 vide.
1288 1602 1452 1659 Plane
1498 1620 1755 1675 expressa

155 1695 246 1739 est
290 1685 610 1752 przecedens
640 1687 990 1743 Basileensis.

1947 617 2105 756 1:10.
2138 618 2442 677 Gemma...
2471 625 2639 680 in-8'.
2671 627 2837 683 Iidem
2880 631 3022 686 libri.
3051 633 3246 688 Iisdem
3285 654 3442 707 spon-

1947 721 1972 756 ·τ
2012 722 2089 756 us.

1871 719 2089 757 εοντυω.

1943 795 2102 850 1615.
2136 796 2380 868 Parisiis,
2413 805 2506 856 sub
2533 805 2722 877 insigni
2752 809 2936 876 urbis;
2964 813 3139 881 in-{oL
3173 831 3192 864 ι
3231 815 3287 870 S.
3329 815 3441 868 Au~

1868 887 2070 953 gustini
2102 887 2139 940 l.
2175 888 2341 944 XXII.
2370 893 2436 948 de
2463 894 2698 952 Civitate
2728 899 2845 966 Dei,
2881 904 3141 972 recogniti
3174 921 3268 971 per
3290 907 3440 960 theo-

1867 977 2018 1045 logos
2048 977 2446 1040 Lovanienses:
2477 1000 2597 1040 cum
2626 999 2916 1047 comment.
2959 993 3118 1048 Leon.
3151 994 3358 1064 (Σοφιιεὶ
3385 1005 3438 1051 et

1865 1063 1952 1119 Jo.
1982 1066 2117 1120 Lud.
2154 1068 2313 1124 Vivis.
2355 1090 2374 1124 ι
2410 1071 2526 1127 Cat.
2563 1075 2698 1132 Bibl.
2733 1079 2909 1135 Tltott.

1936 1153 2095 1210 1624.
2129 1156 2408 1231 Francof.,
2439 1166 2576 1232 typis
2606 1165 2838 1222 Wechel.
2887 1188 2974 1242 ap.
3017 1170 3159 1226 Dan.
3207 1184 3254 1226 et
3303 1174 3433 1226 Dav.

1863 1247 2087 1304 Aubrios
2129 1261 2178 1304 et
2223 1251 2386 1307 Clem.
2436 1255 2736 1324 Schleich.;
2784 1260 2967 1330 iri-fol.
3021 1262 3182 1332 Casp.
3232 1264 3435 1320 Harthii

1863 1335 2386 1394 Commentariorum
2432 1344 2484 1397 in
2533 1345 2598 1399 D.
2642 1347 2773 1400 Aur.
2820 1351 3106 1418 Augustini
3149 1353 3433 1408 Civitatem

1860 1426 1955 1480 Dei
1978 1428 2112 1483 liber
2142 1430 2347 1499 primus
2386 1447 2482 1487 seu
2522 1436 2964 1493 Adversariorum
2998 1442 3300 1497 Comment.
3336 1444 3432 1497 lib.

1860 1532 1948 1570 ιχ.
1982 1518 2171 1572 Exstat
2197 1536 2318 1574 cum
2347 1522 2673 1579 Adversariis
2699 1542 2727 1578 a
2755 1542 2874 1597 pag.
2904 1529 3047 1584 28l6
3074 1545 3190 1599 sqq.
3226 1532 3433 1587 Prmce-

1858 1606 1936 1659 dit
1968 1607 2082 1661 haec
2124 1608 2240 1677 ejus
2284 1611 2583 1668 admonitio
2618 1632 2634 1672 :
2670 1616 2860 1670 Eccum
2903 1619 3022 1684 tibi,
3055 1623 3220 1674 amice
3250 1621 3428 1689 lector,

1856 1700 2109 1767 specimen
2161 1702 2656 1759 Commentariorum
2710 1720 3004 1763 nostrorum
3051 1714 3106 1765 in
3160 1712 3428 1768 Civitatem

231 1774 401 1830 1522.
429 1775 681 1843 Basiletz,
713 1780 855 1847 apud
879 1778 966 1833 Io.
997 1777 1268 1847 Froben.;
1296 1785 1478 1852 iri-fol.
1510 1785 1574 1838 D.
1615 1789 1746 1840 Aur.
1783 1790 1828 1848 Β
1858 1786 2099 1842 Divinam
2126 1793 2422 1863 Augustini,
2454 1797 2632 1852 multis
2662 1803 2960 1869 expetitum.
2993 1803 3286 1869 Sequentur
3312 1808 3427 1873 ipsa

155 1865 453 1934 Augustini
493 1880 629 1934 opus
659 1868 1118 1924 absolutissimum
1145 1871 1214 1926 de
1243 1873 1468 1928 Civitate
1499 1875 1590 1929 Dei
1617 1915 1633 1941 ,
1680 1877 1748 1930 ad

155 1963 354 2010 vetera
399 1957 730 2025 exemplaria
761 1959 1011 2014 collatum
1053 1971 1108 2015 et
1137 1967 1537 2020 commentariis
1589 1968 1748 2022 illus-

157 2054 369 2098 tratum
399 2047 580 2100 studio
610 2056 665 2101 et
693 2049 883 2103 labore
908 2051 997 2103 lo.
1037 2050 1178 2104 Lud.
1236 2053 1395 2106 Vivis.
1443 2053 1558 2108 Cat.
1602 2055 1743 2111 Bibl.

159 2134 297 2205 Reg.
349 2135 490 2189 Mus.
540 2136 689 2192 Britt.
738 2147 785 2192 et
833 2138 1060 2193 Budens.
1095 2141 1273 2197 Prima
1319 2143 1438 2198 hac
1473 2153 1554 2199 est
1582 2147 1747 2201 editio

160 2239 284 2279 cum
311 2225 467 2279 Vivis
489 2230 906 2283 commentariis.
937 2230 1066 2284 Post
1086 2230 1482 2288 dedicationem
1504 2235 1571 2288 ad
1595 2238 1744 2291 Hen-

160 2315 332 2367 ricum
361 2314 512 2368 VIII
543 2317 745 2386 Anglia:
767 2333 971 2388 regem,
1000 2319 1110 2374 dat.
1169 2321 1389 2377 Lovanii
1414 2327 1564 2378 nonis
1584 2327 1744 2382 Juliis

160 2400 246 2453 Μ.
284 2402 352 2455 D.
385 2402 550 2456 XXII
590 2407 834 2474 praelatio
863 2410 1200 2464 occasionem
1253 2413 1436 2479 operis
1491 2417 1742 2486 Augusti-

161 2492 316 2546 niani
341 2493 540 2548 docens
556 2505 611 2550 et
635 2498 926 2566 singularis
952 2510 1210 2569 praeterea
1239 2504 1303 2556 de
1323 2506 1567 2560 veteribus
1584 2510 1742 2561 inter-

157 2584 382 2651 pretibus
397 2585 556 2654 hujus
570 2587 735 2642 libelli
757 2590 930 2660 deque
950 2591 1132 2648 Gothis
1159 2597 1249 2664 qui
1276 2596 1496 2651 Romam
1517 2602 1740 2669 ceperint

157 2673 477 2730 dissertatio
502 2688 588 2732 est
611 2680 838 2748 adjecta.

229 2763 393 2819 1554.
421 2763 624 2832 Paris.,
653 2769 831 2838 in-fot.
861 2771 920 2827 S.
947 2773 1081 2827 Aur.
1111 2775 1246 2843 Aug.
1277 2776 1343 2830 de
1365 2774 1590 2833 Civitate
1617 2779 1735 2848 Dei,

156 2852 356 2909 edente
388 2855 526 2909 Lud.
567 2858 710 2914 Vive.
744 2860 859 2915 Cat.
892 2863 1026 2917 Bibl.
1053 2864 1205 2918 Bern.
1232 2867 1294 2920 Τ.
1329 2868 1382 2933 l,
1417 2885 1471 2938 p.
1509 2871 1594 2924 16.

231 2943 392 2999 1555.
410 2945 644 3015 Parisiis,
662 2953 804 3018 apud
817 2952 1062 3007 Carolum
1077 2954 1324 3009 Guillard
1338 2974 1358 3021 ;
1377 2960 1555 3028 in-fol.
1568 2961 1734 3016 Iidem

158 3033 287 3088 libri
313 3049 429 3088 cum
451 3036 641 3092 eodem
677 3040 1099 3100 Commentario.
1130 3047 1375 3102 Laudant
1403 3049 1736 3106 Colonieases

1853 1877 2253 1948 Commentario,
2302 1886 2346 1936 si
2396 1884 2536 1939 Deus
2576 1888 2729 1941 vitam
2769 1891 3005 1955 dederit;
3041 1892 3182 1962 Opus
3210 1895 3427 1948 immen-

1851 1985 1987 2037 sum,
2012 1981 2062 2025 et
2085 1973 2200 2026 licet
2232 1977 2480 2042 ominari,
2503 1987 2773 2033 teter-num.
2805 1981 3128 2048 Reliquimus
3151 1994 3346 2048 autem,
3369 1994 3426 2038 ut

1849 2062 2181 2128 scripsimus;
2227 2081 2332 2118 non
2375 2067 2594 2121 sublatis
2623 2071 2708 2134 iis,
2741 2087 2853 2139 qua:
2898 2089 2963 2126 ea:
3004 2073 3325 2128 Adversariis
3369 2076 3424 2129 in

1853 2152 1989 2205 hunc
2017 2152 2461 2210 Commentarium
2483 2161 2880 2227 transtulimus;
2910 2163 3062 2232 idque
3087 2166 3303 2218 consilio
3321 2205 3335 2228 ,
3368 2174 3423 2217 ut

1845 2243 1994 2310 quale
2035 2244 2201 2311 ipsum
2245 2262 2371 2316 opus
2414 2248 2512 2310 sit,
2557 2265 2613 2301 eo
2656 2250 2872 2318 facilius
2898 2254 3260 2322 perspiciatur.
3293 2254 3421 2320 Qua:

1845 2332 2012 2400 ipsius
2033 2335 2240 2390 Bartbii
2260 2338 2419 2392 verba
2445 2354 2510 2393 eo
2534 2339 2805 2394 lubentius
2829 2342 2933 2396 huc
2956 2345 3414 2412 transcripsimus,

1842 2424 1987 2492 quod
2015 2440 2184 2492 nuper
2210 2426 2425 2481 demum
2458 2428 2664 2496 Lipenii
2684 2471 2698 2496 ,
2733 2431 2987 2486 sublestae
3012 2447 3117 2487 non
3139 2448 3264 2487 raro
3292 2435 3418 2490 fidei

1843 2515 2026 2580 testis,
2055 2517 2362 2572 auctoritati
2393 2528 2596 2572 tantum
2627 2521 2846 2576 dedisse
2891 2523 3243 2579 Colonienses
3275 2526 3415 2579 vidi-

1841 2622 1995 2672 mus,
2023 2616 2082 2661 ut
2111 2609 2508 2677 refragantibus
2554 2612 2681 2666 licet
2705 2613 2899 2667 Christ.
2935 2614 3162 2681 Daumil,
3193 2616 3414 2670 Barthio

1839 2695 2113 2762 quondam
2143 2697 2578 2765 familiarissimi,
2626 2702 2994 2771 aliorumque,
3045 2720 3179 2772 quos
3224 2706 3325 2773 ipsi
3358 2707 3410 2760 in

1839 2783 2076 2837 medium
2107 2785 2432 2853 producunt,
2467 2788 2709 2841 melioris
2737 2801 2875 2843 nota:
2907 2792 3231 2859 scriptorum
3258 2795 3414 2846 testi-

1839 2874 2034 2930 moniis
2061 2875 2426 2944 gravissimis,
2475 2893 2579 2930 non
2615 2893 2834 2945 prorsus
2880 2889 3059 2935 tamen
3103 2881 3171 2936 de
3217 2883 3411 2952 integri

1837 2962 1998 3031 hujus
2021 2964 2295 3017 Barthiani
2322 2968 2701 3021 commentarii
2730 2968 2988 3033 editione,
3019 2971 3234 3039 qualem
3268 2971 3412 3024 llala:

1839 3052 1966 3108 Sax.
2003 3069 2055 3105 a.
2088 3053 2225 3106 1620
2266 3053 2443 3107 in-fol.
2494 3056 2668 3108 lucem
2701 3056 2902 3111 vidisse
2929 3057 3185 3128 Lipenius
3231 3058 3411 3127 prodi-

158 3141 214 3192 p.
232 3125 352 3180 759.
380 3128 434 3183 Si
460 3133 774 3198 praecedens
801 3135 968 3190 editio
984 3147 1128 3193 recte
1154 3154 1212 3192 se
1226 3141 1407 3208 habet,
1429 3157 1534 3195 non
1550 3144 1736 3198 dubito
1765 3139 1809 3200 C
1839 3139 2012 3205 derat,
2039 3142 2414 3210 desperarent.
2438 3143 2771 3212 Imposuerat
2797 3146 2902 3200 illis
2923 3125 3082 3201 etiam
3109 3125 3246 3214 hoc,
3265 3148 3408 3216 quod

157 3216 285 3284 quin
343 3232 410 3272 ex
463 3221 654 3275 eodem
707 3223 1024 3294 bibliopolio
1083 3229 1320 3297 profecta
1369 3233 1442 3286 sit
1489 3248 1552 3288 ac
1593 3234 1728 3289 haec.

233 3306 464 3372 —Bas.,
493 3327 581 3378 ap.
609 3312 761 3366 Hier.
789 3315 1014 3372 Froben.
1044 3329 1091 3372 et
1115 3319 1241 3373 Nic.
1266 3322 1525 3392 episcOp.;
1551 3326 1601 3376 in
1632 3325 1728 3394 fol.

164 3417 183 3451 ι
216 3399 281 3454 D.
311 3402 520 3456 Aurelii
566 3407 883 3476 Augustini,
926 3410 1085 3479 llipp.
1141 3427 1228 3482 ep.
1273 3413 1340 3468 de
1367 3414 1602 3470 Civitate
1634 3417 1730 3472 Dei

158 3489 278 3544 libri
299 3490 465 3556 XXII,
493 3495 560 3547 ad
578 3497 764 3564 prisca:
781 3502 1209 3572 venerandteque
1237 3505 1520 3559 vetustatis
1547 3521 1731 3568 exem-

158 3581 326 3650 plaria
360 3583 538 3638 denuo
567 3589 748 3642 collati
776 3591 1260 3662 eruditissimisque
1302 3596 1520 3664 insuper
1562 3595 1728 3651 Com-

158 3674 442 3728 mentariis
472 3691 567 3744 per
603 3679 962 3749 undequaque
990 3683 1212 3738 doctiss.
1247 3685 1421 3739 virum
1466 3685 1553 3740 Jo.
1587 3687 1725 3742 Lud.

163 3763 339 3819 Vivens
370 3768 621 3824 illustrati
648 3783 701 3826 et
728 3774 1010 3841 recogniti.
1058 3777 1308 3830 Accessit
1335 3777 1497 3832 index
1540 3778 1729 3833 fecun-

158 3855 429 3910 dissimus.
469 3877 487 3910 ι
533 3859 594 3913 lu
616 3875 805 3916 aversa
834 3863 972 3917 tituli
1003 3865 1191 3932 pagina
1223 3866 1437 3921 llenrici
1461 3908 1476 3933 ,
1521 3869 1727 3938 Anglire

161 3945 335 4011 regis,
368 3948 596 4015 epistola
620 3951 847 4018 legitur,
902 3967 1005 4021 qua
1055 3953 1190 4008 Lud.
1237 3955 1356 4008 Vivi
1395 3971 1494 4022 pro
1534 3957 1727 4011 oblatis

158 4036 256 4088 sibi
286 4037 562 4105 Augustini
589 4040 742 4095 libris
766 4043 967 4111 gratias
997 4044 1136 4112 agit,
1186 4044 1311 4098 data
1353 4045 1594 4100 Crenuici
1643 4049 1728 4100 die

161 4123 398 4178 XXIIII
432 4126 557 4180 Jan.
607 4129 764 4186 1525.

225 4215 383 4270 1570.
414 4215 632 4271 Basilew
654 4260 667 4283 ,
703 4237 792 4288 per
817 4221 1140 4274 Ambrosium
1167 4231 1211 4276 et
1243 4223 1510 4278 Aurelium
1531 4223 1728 4279 Frobe-

158 4308 265 4361 nios
308 4311 536 4374 fratres;
583 4310 764 4378 in-fol.
801 4329 820 4361 ι
861 4312 902 4364 1)
956 4311 1160 4367 Aurelii
1208 4313 1527 4381 Augustini,
1563 4317 1719 4385 llipp.

159 4411 242 4464 ep.
270 4396 337 4450 de
365 4396 598 4452 Civitate
643 4399 735 4452 Dei
764 4400 886 4454 libri
915 4402 1051 4454 XXII
1070 4443 1083 4466 ,
1131 4402 1196 4454 ad
1244 4405 1436 4471 prisca:
1464 4422 1722 4460 veneran-

1832 3233 1949 3302 ipse
1976 3233 2229 3287 Barthius
2259 3234 2311 3288 in
2342 3235 2456 3288 suis
2486 3235 2553 3288 ad
2583 3235 2814 3290 Statium
2835 3237 3410 3293 Animadversionibus

1831 3325 2031 3392 smpius
2061 3325 2219 3393 hujus
2247 3327 2624 3380 commentarii
2654 3327 2705 3380 in
2743 3327 3098 3397 Augustinum
3123 3331 3406 3385 meminis-

1830 3425 1934 3471 set.
1964 3416 2068 3470 Sed
2099 3431 2221 3484 quze
2252 3417 2452 3470 ibidem
2482 3432 2549 3472 ex
2576 3418 2640 3471 iis
2670 3418 2948 3487 proferunt
2968 3422 3127 3474 verba
3149 3463 3163 3483 ,
3201 3431 3403 3476 tantum

1831 3506 2091 3574 scriptum
2116 3506 2226 3572 jam
2255 3505 2421 3558 fuisse
2447 3521 2571 3558 eum
2607 3507 2859 3574 probant,
2891 3524 2997 3560 non
3029 3509 3178 3572 item,
3216 3521 3273 3562 ut
3301 3511 3405 3576 ipsi

1831 3595 2039 3658 volunt,
2063 3593 2287 3648 editum.
2318 3594 2578 3646 Cmterum
2612 3594 2798 3660 ingens
2831 3605 2956 3647 tunc
2983 3598 3242 3663 temporis
3264 3599 3403 3664 apud

1831 3685 2020 3738 doctos
2046 3683 2290 3737 homines
2328 3681 2487 3749 hujus
2517 3683 2888 3736 commentarii
2923 3683 3020 3736 fuit
3046 3684 3402 3750 desiderium,

1830 3775 2093 3846 imprimis
2135 3774 2390 3843 quoniam
2423 3773 2540 3841 ipse
2569 3781 2761 3826 auctor
2791 3773 2859 3827 de
2887 3789 2952 3827 eo
2985 3782 3093 3827 tam
3126 3775 3408 3843 magniﬁce

1831 3869 2041 3922 locutus
2069 3874 2222 3930 erat,
2251 3873 2306 3920 et
2332 3864 2528 3933 oppido
2558 3863 2712 3933 pauci
2743 3874 2928 3928 erant,
2957 3865 3046 3933 qui
3074 3881 3183 3919 non
3207 3865 3404 3920 eximie

1830 3956 2162 4012 reconditam
2195 3957 2350 4010 istius
2374 3955 2476 4009 viri
2509 3955 2807 4010 doctrinam
2839 3954 3259 4010 admirarentur.
3292 3955 3403 4010 llo-

1829 4049 1914 4103 die
1944 4063 2048 4103 non
2081 4047 2336 4116 majorem
2361 4047 2411 4100 in
2441 4047 2781 4114 eojacturam
2814 4047 2998 4099 orbem
3023 4047 3294 4100 eruditum
3329 4046 3406 4101 fe-

1829 4141 1968 4194 cisse
1999 4139 2270 4194 credimus
2291 4183 2306 4207 ,
2337 4153 2497 4206 quam
2533 4137 2585 4189 iu
2618 4150 2706 4202 eo,
2735 4151 2893 4205 quem
2919 4135 3215 4191 Salmasius
3241 4151 3406 4205 super

1828 4232 2123 4286 Arnobium
2157 4230 2536 4286 meditabatur.

1900 4323 2055 4378 1636.
2085 4322 2301 4378 Parisiis
2323 4368 2335 4391 ,
2379 4325 2472 4378 sub
2513 4325 2702 4394 insigni
2742 4322 2949 4392 Magna:
2996 4321 3194 4383 Navis,
3221 4319 3273 4370 in
3304 4319 3402 4385 fol.

1833 4433 1852 4466 ‹
1892 4415 1948 4470 S.
1980 4414 2186 4468 Aurelii
2217 4415 2533 4483 Augustini,
2567 4415 2724 4482 Hipp.
2775 4428 2860 4479 ep.
2897 4414 2971 4465 De
2999 4411 3232 4465 Civitatc
3278 4408 3402 4462 libri

159 4486 341 4556 dasque
368 4491 648 4543 vetustatis
672 4493 997 4560 exemplaria
1026 4495 1134 4559 jam
1172 4499 1363 4548 iterum
1403 4508 1521 4563 post
1551 4498 1721 4550 virum
1754 4485 1803 4543 D
1831 4504 1994 4559 XXII.
2053 4505 2128 4556 Ex
2158 4506 2535 4558 vetustissimis
2586 4504 2962 4574 manuscriptis
3005 4501 3403 4570 exemplaribus

158 4578 514 4646 undequaque
543 4579 1186 4637 doctissimumJoannem
1210 4584 1524 4638 Ludovicunt
1556 4586 1724 4642 Vivent

159 4681 364 4719 suntme
385 4669 566 4722 studio
594 4671 773 4722 collati
803 4687 864 4724 ac
889 4672 1126 4738 ejusdem
1159 4677 1561 4731 commentariis
1598 4694 1722 4732 eru-

158 4757 435 4811 ditissimis
483 4759 751 4814 lllustrati.
803 4763 1048 4818 Accessit
1091 4764 1263 4821 Iudex
1313 4770 1511 4832 multo,
1566 4785 1722 4839 quam

157 4855 315 4899 antea
352 4846 550 4914 fuerat,
595 4850 888 4906 fecundior.
919 4855 951 4903 s‘

231 4937 516 4994 Videantur
539 4957 657 5010 quae
675 4943 742 4998 de
766 4945 864 5000 hac
884 4947 1119 5002 editione
1152 4950 1202 5002 in
1241 4952 1522 5006 Annalibus
1553 4956 1719 5009 Colleo

158 5029 376 5082 ctionuin
404 5034 728 5088 notavimus.
762 5037 816 5089 In
847 5045 959 5090 toto
978 5040 1250 5096 volumine
1276 5042 1404 5097 nihil
1423 5057 1503 5099 est
1526 5056 1722 5112 praeter

160 5117 562 5188 praelationem,
604 5123 746 5191 quod
790 5125 856 5178 ad
887 5126 1147 5197 integram
1179 5146 1398 5197 Operum
1428 5134 1717 5191 editionem

161 5208 374 5276 respicit
401 5219 455 5264 et
481 5211 738 5280 impedire
770 5218 971 5282 potuit,
1001 5221 1290 5286 quominus
1319 5226 1605 5291 separatim
1631 5227 1720 5282 hic

157 5307 330 5351 tomus
360 5302 702 5356 venderetur.

226 5388 378 5443 1596.
412 5389 698 5464 [Cenevte]
728 5396 1010 5449 exeudcbat
1053 5397 1278 5456 Iacobus
1325 5404 1516 5468 Stoer;
1559 5409 1720 5475 iri-8°,

157 5481 218 5533 ll
249 5484 418 5536 tomis.
463 5485 525 5538 D.
569 5486 700 5538 Aur.
736 5488 870 5556 Aug.
898 5489 1053 5558 Hipp.
1084 5508 1169 5561 ep.
1201 5494 1266 5548 de
1294 5497 1525 5552 Civitate
1560 5502 1648 5554 Dei
1681 5503 1716 5554 l.

157 5571 314 5626 XXII.
351 5573 579 5626 Tomum
626 5577 860 5642 quintum
899 5580 1130 5646 Operam
1167 5585 1403 5638 omnium
1432 5587 1486 5640 h.
1521 5589 1558 5640 i.
1583 5600 1634 5643 et
1665 5605 1717 5643 a.

157 5677 481 5718 excusorum
512 5664 770 5719 efﬁciunt.
807 5668 924 5722 Vid.
951 5685 1107 5734 supra
1141 5675 1188 5726 iu
1215 5677 1497 5731 Annalibus
1524 5679 1656 5743 Opp.

1829 4608 1923 4662 per
1952 4593 2218 4664 theologos
2257 4593 2594 4647 Lovanienses
2638 4595 2707 4648 ab
2752 4593 3048 4647 innumeris
3081 4589 3288 4644 mendis
3318 4604 3402 4642 rc-

1829 4693 2104 4754 purgatus.
2137 4702 2156 4735 ι
2185 4684 2420 4750 Quorum
2450 4685 2783 4753 diligentiam
2808 4690 3090 4736 attestatur
3112 4681 3211 4734 sub
3237 4681 3398 4734 linem

1826 4775 1982 4839 tomi,
2013 4777 2426 4844 castigationum
2455 4776 2594 4828 ratio
2624 4784 2676 4829 et
2712 4776 2997 4828 lectionum
3024 4770 3259 4824 varietas
3287 4788 3402 4826 ma-

1824 4867 1928 4935 jori
1957 4884 2018 4920 ex
2047 4879 2202 4936 parte
2232 4878 2503 4920 annotata.
2536 4868 2666 4919 Cum
2694 4862 3112 4918 Conuuentariis
3159 4864 3316 4917 novis
3345 4874 3402 4919 et

1831 4958 2105 5025 perpetuis
2149 4958 2214 5009 Β.
2258 4957 2316 5009 Ρ.
2363 4957 2426 5010 F.
2463 4956 2716 5008 Leonardi
2760 4953 2998 5022 Coqutei,
3033 4955 3239 5008 Aurelii
3273 4956 3400 5010 Ere—

1829 5048 1996 5110 mitm,
2024 5045 2395 5114 Augustiniani
2417 5085 2431 5108 ,
2465 5043 2617 5095 Doct.
2649 5043 2837 5099 Theol.
2876 5044 3045 5098 Paris.
3070 5055 3123 5101 et
3148 5045 3234 5101 Jo.
3260 5044 3396 5100 Lud.

1835 5137 1998 5191 Vivis.

1901 5226 2178 5296 Inscripsit
2207 5224 2366 5278 Leon.
2390 5225 2644 5294 Coqua'us
2670 5226 2995 5282 Christianae
3043 5242 3069 5280 a
3112 5227 3399 5280 Lotharin-

1827 5324 1915 5392 gia
1960 5323 2165 5390 Magum
2194 5320 2422 5374 Etruria:
2467 5319 2603 5374 Duci
2646 5321 2803 5376 Matri
2835 5337 2862 5374 a
2894 5321 3062 5376 sacris
3089 5316 3401 5373 Coniessio-

1832 5413 2004 5466 nibus.
2033 5412 2182 5466 Notae
2211 5412 2328 5481 ejus
2359 5426 2510 5480 teque
2557 5413 2833 5480 copiosam
2868 5408 3225 5474 theologicam
3272 5419 3401 5458 cru-

1828 5501 2085 5555 ditionem
2113 5501 2428 5564 ostendunt,
2459 5514 2617 5569 quam
2643 5501 2776 5555 Lud.
2806 5501 2952 5553 Vivis
2978 5496 3401 5552 commentarius

1827 5594 2112 5659 omnigena
2136 5592 2476 5658 antiquitatis
2497 5591 2741 5647 doctrina
2765 5589 2988 5644 illustris
3012 5597 3113 5642 est.
3137 5587 3398 5658 lpsequo-

1825 5698 1927 5746 (tne
1958 5682 2019 5737 de
2048 5683 2407 5748 inscriptione,
2439 5684 2717 5743 occasione,
2745 5681 3049 5749 partitione,
3083 5681 3326 5751 dignitate
3353 5691 3398 5734 et
