3882 6334
125 383 242 446 1;.7

1051 391 1325 446 NOTITIA
1364 388 1780 448 LITTERARIA
1822 393 1889 447 1N
1928 394 1986 449 S.
2028 394 2500 450 AUGUSTINUM.

3308 404 3411 458 153

127 509 353 562 verbis
382 504 668 562 insistendo
699 505 1006 574 periclitari.
1031 506 1096 560 Ut
1120 521 1247 560 vero
1271 506 1609 559 commodius
1637 519 1735 559 sua
1760 506 1815 566 Α
1839 506 2105 564 Deburius
2148 510 2184 564 Ι.
2219 511 2257 562 1.
2298 507 2519 562 Nicolao
2558 507 2856 562 Savetlcrio
2899 508 3102 561 tribuit.
3145 511 3406 574 Quocirca

130 599 491 667 legerentur,
525 595 774 664 singulos
802 596 967 649 libros
1015 596 1067 648 in
1111 596 1288 664 capita
1333 596 1485 664 plura
1527 596 1734 664 dispes-

131 688 304 751 cuit,
338 701 564 753 quacum
597 684 964 752 descriptione
992 686 1176 740 nescio
1216 700 1283 738 an
1326 685 1590 738 hodierna
1633 685 1734 737 La—

133 779 248 831 tini
299 788 480 830 textus
521 775 718 828 divisio
760 775 1068 828 concordet.
1113 775 1223 828 Nec
1260 783 1584 837 contentus,
1616 774 1732 827 Au-

133 869 431 936 gustinum
482 864 745 920 Gallicani
801 865 1068 918 sermonis
1117 865 1332 933 eloquio
1381 862 1590 917 civibus
1620 863 1732 916 suis

137 959 495 1018 admovisse,
527 955 768 1021 ejusdem
809 953 971 1008 etiam
1004 953 1090 1006 ubi
1121 953 1332 1007 doctius
1371 951 1581 1004 loeutus
1609 965 1732 1004 esse

136 1050 456 1109 videretur,
487 1047 837 1113 interpretem
879 1045 1016 1112 egit,
1046 1043 1332 1110 subjuneta
1372 1041 1600 1109 singulis
1637 1055 1731 1094 ca-

138 1141 357 1209 pitibus
389 1139 708 1205 expositione
731 1178 746 1201 ,
776 1136 835 1189 in
861 1151 965 1204 qua
991 1135 1059 1189 de
1089 1136 1342 1205 mytlticis
1369 1174 1385 1200 ,
1417 1132 1688 1187 historicis
1713 1174 1727 1198 ,

141 1229 552 1297 νιιὶιοςιιριιὶ.;ἰε
581 1228 807 1295 aliisque
848 1226 1228 1280 reconditioris
1263 1225 1503 1279 scientia:
1533 1223 1731 1292 capiti-

139 1323 275 1384 bus,
314 1328 482 1388 prout
518 1318 735 1387 quidem
776 1316 1094 1370 eruditionis
1137 1325 1266 1369 tunc
1306 1315 1566 1382 temporis
1603 1328 1735 1368 con-

141 1413 284 1464 ditio
335 1410 591 1472 ferebat,
636 1406 922 1471 disseruit,
973 1415 1031 1460 ut
1066 1416 1242 1460 tamen
1279 1405 1631 1469 ostenderet,
1675 1418 1733 1457 se

140 1503 436 1555 hominum
473 1501 750 1553 doctorum
789 1497 891 1550 mvi
920 1497 1003 1550 sui
1031 1498 1190 1564 longe
1230 1510 1353 1549 esse
1392 1494 1734 1548 excellentis-

141 1593 379 1646 simum.
408 1591 614 1658 Nempe
640 1600 913 1652 anetores,
944 1586 1086 1641 unde
1111 1602 1205 1638 sua
1232 1585 1595 1653 deprompsit,
1625 1583 1671 1636 si
1701 1598 1730 1636 a

144 1684 342 1751 paucis
371 1680 716 1744 discesseris,
749 1679 949 1733 saecqu
973 1694 1045 1732 vn
1075 1692 1183 1732 non
1209 1677 1538 1744 antiquiores
1565 1683 1690 1730 sunt
1714 1719 1728 1742 ,

142 1773 427 1842 siquidem
469 1771 783 1840 frequenter
821 1769 1086 1838 imprimis
1125 1767 1305 1822 laudat
1335 1766 1602 1821 Isidorum
1631 1765 1734 1819 Hi-

1836 613 1936 651 nos
1981 598 2348 667 conjecturam
2386 599 2557 651 secuti
2601 605 2892 665 utrumque
2931 596 2983 650 in
3023 597 3176 650 titulo
3223 602 3403 666 posui-

1834 706 1992 754 mus,
2043 693 2277 746 alterum
2320 689 2681 751 redemptoris
2709 730 2724 754 ,
2777 689 3010 742 alterum
3057 690 3404 758 impressoris

1834 787 2013 846 partes
2043 779 2276 845 gessisse
2303 778 2582 845 suspicati.

1907 868 2065 922 1.570.
2102 868 2279 934 Paris,
2309 870 2432 921 cltez
2457 867 2579 922 Nic.
2607 867 2869 922 Cltesneau
2894 885 2914 933 ;
2940 870 3116 938 iri-fol.
3143 887 3160 919 ι
3193 870 3263 922 La
3294 869 3410 923 Cité

1834 959 1903 1014 de
1936 960 2066 1013 Dieu
2095 960 2167 1012 du
2199 960 2356 1014 Saint
2383 959 2643 1026 Augustin
2687 959 2924 1014 traduite
2951 975 3015 1012 en
3051 961 3281 1024 trancois
3313 975 3408 1026 par

1835 1046 2055 1100 Gentian
2075 1047 2284 1100 Ilervet.
2300 1046 2439 1100 iCat.
2460 1047 2590 1100 Bibl.
2610 1047 2746 1099 Mus.
2763 1046 2915 1100 Britt.
2934 1049 3016 1101 Cf.
3037 1048 3088 1098 M
3103 1089 3113 1100 .
3131 1048 3265 1101 Bibl.
3283 1047 3397 1101 Col.

1907 1136 2066 1190 1585.
2111 1135 2262 1188 Paris
2287 1177 2300 1198 ,
2342 1136 2462 1187 cltez
2496 1136 2660 1189 Mich.
2693 1138 2920 1190 Sonttius
2945 1155 2962 1203 ;
2992 1139 3168 1206 iit-fol.
3199 1157 3218 1189 ‹
3251 1140 3405 1194 Saint

1835 1227 2098 1295 Augustin
2125 1226 2191 1278 de
2223 1225 2269 1276 la
2301 1225 2418 1279 Cité
2446 1226 2511 1278 de
2545 1226 2675 1278 Dieu
2697 1264 2715 1292 ,
2753 1227 2964 1280 illusxré
2988 1228 3083 1280 des
3127 1242 3402 1280 commcn-

1835 1319 2002 1373 taires
2033 1319 2102 1372 de
2130 1317 2465 1372 Jean-Louis
2500 1317 2688 1379 Vl\éS,
2721 1317 2920 1370 traduit
2953 1334 3017 1370 en
3050 1319 3280 1384 franeois
3312 1333 3406 1384 par

1837 1409 2052 1462 Gentiun
2078 1408 2296 1474 Hervet,
2328 1423 2458 1462 avec
2481 1407 2560 1460 lcs
2586 1409 2929 1459 annotatious
2955 1417 3008 1459 et
3032 1407 3406 1461 observations

1835 1501 1902 1556 de
1931 1500 2182 1564 Frangois
2220 1501 2282 1553 de
2319 1499 2641 1569 Belleforest.
2676 1497 2978 1553 Troisiémc
3018 1498 3219 1552 edition
3246 1539 3260 1562 ,
3299 1512 3402 1549 au-

1833 1592 2096 1660 gmentée.
2123 1610 2141 1642 i
2167 1590 2280 1644 Cat.
2316 1590 2454 1643 Bibl.
2485 1591 2616 1661 Reg.
2649 1590 2907 1643 Eamdem
2939 1592 3224 1658 repetitam
3253 1589 3406 1641 Pari-

1833 1681 1923 1734 siis
1953 1679 2108 1744 1610,
2141 1679 2327 1748 in-fol.
2364 1680 2578 1732 tradunt
2605 1677 2976 1731 Colonienses.

1909 1769 2066 1825 1655.
2099 1769 2253 1822 Paris
2279 1811 2293 1834 ,
2325 1774 2446 1824 cltez
2483 1769 2659 1823 Pierre
2699 1770 2744 1822 le
2783 1769 2957 1834 Petit;
2987 1771 3168 1838 iri-fol.
3207 1789 3224 1819 ι
3254 1771 3405 1824 Saint

112 1886 115 1887 ν
141 1865 474 1929 spalensem,
510 1862 780 1926 Orosium,
808 1859 1035 1914 Paulum
1066 1859 1385 1922 Diaconum,
1419 1859 1692 1930 Hugonem
1712 1899 1728 1921 ,
1761 1847 1807 1906 Β
1833 1862 2090 1930 Augustin
2113 1901 2128 1924 ,
2154 1861 2219 1915 de
2242 1864 2289 1914 la
2313 1860 2430 1914 Cité
2451 1862 2517 1914 de
2539 1861 2670 1914 Dieu
2688 1903 2702 1924 ,
2734 1861 2934 1914 traduit
2955 1875 3018 1914 en
3047 1861 3282 1925 I‘rancois
3311 1876 3403 1926 par

145 1955 386 2020 Papiam
413 1995 429 2019 ,
473 1951 844 2023 Fulgentium,
887 1949 1233 2015 Catholicon,
1287 1950 1566 2004 Nicolaum
1613 1949 1732 2001 Tri-

143 2047 260 2097 veth
284 2085 297 2105 ,
355 2043 676 2096 Vincentium
714 2040 1124 2094 Bellovacensem
1147 2082 1164 2106 ,
1203 2040 1426 2094 Alanunt
1467 2039 1536 2093 de
1573 2036 1732 2091 Com-

143 2135 383 2201 planctu
423 2133 665 2197 Naturae,
715 2131 973 2184 Joannem
1022 2131 1482 2194 Sarisberiensem,
1535 2127 1734 2182 Guliel-

141 2240 286 2277 ntunt
314 2224 476 2277 Paris
496 2265 509 2285 ,
537 2221 748 2275 Petrum
773 2221 1112 2275 Comeslorem
1130 2262 1144 2286 ,
1178 2219 1537 2274 Helinandum
1570 2220 1736 2272 alios-

145 2331 292 2383 que,
350 2314 634 2382 aliquoties
673 2313 901 2365 Paulum
951 2311 1242 2367 Diaconum
1284 2312 1353 2368 de
1399 2312 1732 2367 Mirabilibus

147 2409 382 2473 Mundi,
409 2406 662 2461 Coranum
691 2406 1019 2461 Moltamedis
1046 2415 1100 2460 et
1126 2405 1381 2458 Joannem
1408 2404 1733 2473 Magdunen-

146 2516 258 2554 sem
309 2498 334 2568 (
355 2497 481 2552 Jean
520 2499 584 2552 de
634 2495 834 2567 Mean)
886 2505 1160 2565 tamquam
1203 2505 1478 2550 auctorem
1525 2494 1733 2548 labella:

150 2589 379 2642 Gallica:
416 2590 478 2642 de
517 2587 658 2642 Rosa
693 2588 952 2656 appellat.
994 2587 1155 2640 Plura
1192 2587 1357 2639 etiam
1397 2600 1463 2638 ex
1506 2585 1731 2638 historia

150 2688 259 2732 tum
304 2680 395 2733 sui
439 2679 738 2747 temporis,
775 2688 885 2732 tum
921 2677 1212 2747 antiquiori
1244 2675 1488 2730 Francia:
1531 2675 1734 2728 admis-

149 2771 295 2835 cuit,
330 2784 438 2824 nec
469 2784 576 2823 nou
610 2769 920 2824 traditiones
950 2769 1156 2838 passim
1184 2766 1440 2834 vulgique
1469 2763 1734 2832 supersti-

150 2861 335 2913 tiones
379 2859 557 2913 varias
597 2859 861 2927 aspersit,
909 2873 975 2912 ex
1020 2858 1216 2927 quibus
1258 2853 1570 2923 speciminis
1611 2852 1732 2906 loco

148 2948 419 3003 nonnulla
447 2949 728 3018 proposuit
752 2948 1084 3012 Lancelotus,
1111 2944 1403 3000 Academiae
1425 2943 1734 3012 Inscriptio-

150 3056 273 3092 num
320 3050 369 3091 et
411 3039 572 3091 litter.
617 3039 917 3108 elegantior.
967 3036 1141 3090 Paris.
1186 3035 1456 3105 quondam
1497 3032 1724 3099 Socius,

150 3127 304 3194 cujus
349 3127 495 3180 binae
536 3127 602 3181 de
643 3127 928 3195 Badulpho
970 3127 1207 3180 Preslaeo
1249 3125 1474 3192 ejusque
1513 3123 1731 3190 scriptis

149 3218 639 3272 commentationes
683 3219 901 3271 inserta:
938 3227 1062 3271 sunt
1095 3217 1356 3270 Memoriis
1382 3213 1556 3282 ejusd.
1587 3213 1726 3267 Aea-

149 3309 344 3364 demias
377 3309 447 3363 Τ.
478 3309 624 3377 XIII,
653 3325 683 3363 a
717 3324 835 3378 pag.
865 3310 969 3363 607
1009 3309 1076 3362 ad
1116 3308 1238 3362 665.
1273 3308 1422 3363 Illius
1453 3308 1596 3360 enim
1630 3305 1729 3358 viri

148 3399 412 3454 laudabili
447 3400 717 3467 diligentia
748 3400 1000 3455 effectum
1027 3408 1144 3466 est,
1175 3409 1230 3452 ut
1255 3412 1607 3466 quateumque
1635 3411 1732 3448 au-

149 3500 358 3544 ctorem
392 3492 660 3545 versionis
692 3492 852 3557 hujus
881 3499 1220 3544 eoneernuut
1252 3489 1402 3556 juxta
1435 3490 1732 3540 documen-

150 3591 329 3636 torum
363 3582 696 3649 optimorum
728 3581 886 3635 Iidem
915 3579 1190 3647 esplurata
1224 3593 1364 3632 nunc
1391 3578 1716 3643 habeantur,

149 3677 427 3744 simulque
458 3675 691 3727 tenebrat
720 3675 860 3737 ista),
895 3674 1088 3741 quibus
1124 3671 1345 3724 Crttcius
1376 3671 1731 3723 Cenomanen-

149 3766 214 3817 sis
251 3765 378 3833 (La
408 3764 568 3818 Croia:
605 3764 677 3816 du
717 3763 926 3833 Maine)
967 3763 1019 3816 in
1051 3761 1191 3816 Bibl.
1227 3761 1366 3814 Gall.
1403 3777 1452 3827 p.
1483 3759 1585 3812 427
1617 3759 1732 3812 hate

149 3853 420 3922 obsepsit,
447 3854 751 3921 quibusque
776 3852 1125 3920 dispellendis
1151 3865 1256 3903 non
1285 3848 1576 3902 admodum
1606 3863 1731 3914 pro-

150 3941 408 3997 iecerunt
454 3943 779 4012 conjecturis
821 3944 935 3996 suis
982 3951 1231 3994 auctores
1278 3939 1355 3992 Ill.
1396 3937 1731 3991 Bibliotheca

149 4031 480 4086 Coloniensis
522 4033 620 4101 (p.
666 4033 792 4097 740,
835 4047 890 4086 n.
935 4031 1073 4099 157)
1117 4029 1424 4084 clarissima
1464 4029 1583 4081 luce
1623 4029 1731 4080 sint

149 4125 514 4178 collustratae.
556 4123 673 4176 Prae
712 4122 923 4177 caeteris
959 4131 1137 4176 autem
1171 4120 1316 4172 illius
1343 4118 1556 4186 scriptis
1587 4117 1729 4170 Ituuc

150 4212 354 4266 librum
398 4213 737 4280 paucissimis
775 4213 986 4278 visum,
1031 4211 1332 4278 inspectum
1362 4223 1520 4272 vero,
1553 4221 1724 4276 quan-

152 4312 259 4356 tum
292 4303 549 4370 equidem
578 4305 723 4364 scio,
753 4302 952 4358 nemini
977 4343 992 4367 ,
1021 4301 1312 4369 diligenter
1359 4297 1724 4361 examinavit,

150 4395 566 4461 praecipuasque
595 4393 710 4462 ejus
736 4392 891 4446 dotes
912 4407 1032 4445 cum
1053 4390 1257 4459 judicio
1286 4390 1551 4458 exposuit.
1582 4388 1726 4440 Enu-

152 4493 329 4538 tncrat
367 4493 630 4553 prmterea
674 4499 725 4552 p.
759 4481 861 4537 654
898 4482 1225 4550 insigniores
1260 4481 1466 4547 aliquot
1505 4479 1723 4532 codices

152 4591 284 4628 mss.
319 4577 408 4643 qui
441 4575 505 4628 ad
536 4591 696 4629 unum
726 4589 914 4628 omnes
955 4576 1007 4627 in
1047 4574 1379 4627 Bibliotheca
1421 4570 1584 4639 Regia
1616 4571 1720 4623 I’a-

153 4669 300 4720 risiis
331 4676 677 4721 asservanlur
700 4675 754 4720 et
784 4668 1024 4720 numeris
1048 4667 1159 4720 suis
1185 4673 1309 4718 sunt
1333 4663 1521 4716 notati.
1550 4663 1725 4715 Caete-

151 4773 273 4809 rum
317 4772 421 4810 non
463 4759 640 4810 minus
679 4773 798 4811 rara
841 4757 940 4810 hac
979 4757 1218 4825 principe
1257 4755 1414 4823 hujus
1449 4752 1722 4808 versiouis

149 4847 392 4900 editione
419 4855 503 4900 est
532 4848 701 4901 altera
730 4848 820 4900 diu
852 4856 1036 4915 postea
1067 4845 1231 4900 facta.

219 4943 246 4994 -1
260 4941 386 4993 551.
421 4939 569 4992 Paris
599 4941 743 5006 (cltez
767 4938 940 4992 Galiot
971 4940 1042 4991 du
1068 4938 1219 5008 Pré),
1249 4954 1343 5006 par
1374 4937 1584 4991 Nicolas
1618 4937 1723 4992 Sa-

147 5033 341 5094 vetier;
371 5031 575 5100 in-{ol.,
612 5029 674 5082 II
707 5039 885 5083 tantes.
915 5049 933 5082 t
971 5031 1042 5084 La
1075 5029 1190 5085 Cité
1220 5031 1286 5084 de
1317 5029 1451 5082 Dieu
1477 5029 1546 5082 de
1575 5029 1725 5083 Mou-

143 5125 407 5190 seigneur
435 5122 890 5191 SaiutAugustin,
917 5123 1207 5178 translatée
1229 5123 1297 5176 de
1328 5121 1455 5174 latin
1485 5137 1551 5175 eu
1582 5120 1725 5175 fran-

143 5216 264 5278 cois
295 5228 394 5281 par
417 5212 586 5266 Raoul
610 5215 674 5266 de
701 5213 920 5267 Prwsles
937 5231 986 5278 ;s
1009 5215 1162 5282 cujus
1185 5213 1524 5283 splendidum
1550 5227 1726 5267 exem-

143 5307 267 5373 plar
309 5305 439 5358 olim
480 5306 618 5360 inter
655 5316 974 5359 ornamenta
1012 5305 1342 5360 Bibliotheca:
1379 5302 1537 5358 Ducis
1579 5305 1641 5357 de
1672 5306 1724 5357 la

149 5397 366 5450 Valiere
399 5397 804 5452 numerabatur.
837 5395 920 5450 Cl.
949 5397 1061 5450 Cat.
1085 5395 1148 5450 Τ.
1178 5397 1228 5459 I,
1263 5413 1313 5464 p.
1350 5395 1472 5458 168.
1503 5411 1557 5450 n.
1589 5395 1717 5451 458.

145 5487 351 5542 Laudat
384 5488 632 5541 eamdem
670 5486 785 5543 Cat.
827 5486 963 5539 Bibl.
1006 5487 1171 5540 Musei
1208 5486 1364 5539 Britt.
1403 5486 1716 5540 Tenendum

144 5586 226 5631 est
255 5589 438 5632 autem
457 5618 471 5640 ,
507 5577 878 5632 Lancelottum
907 5577 1068 5632 etiam
1096 5592 1250 5645 teque
1277 5591 1341 5629 ac
1365 5575 1719 5631 Colonienses

147 5667 307 5733 hujus
335 5665 590 5721 editionis
620 5669 947 5722 mentionem
983 5668 1191 5731 facere,
1220 5667 1314 5722 sed
1351 5669 1419 5722 ita
1440 5711 1455 5734 ,
1487 5677 1546 5723 ut
1577 5669 1716 5738 apud

153 5759 418 5814 Galiotum
459 5760 528 5812 tltt
575 5759 678 5814 ΡΜ
712 5760 976 5824 prodiissc
1022 5763 1320 5826 allirment,
1379 5779 1497 5817 rum
1545 5779 1719 5822 tamen

1835 1953 1899 2006 de
1925 1954 2178 2006 Ceresiers
2199 1995 2214 2020 ,
2247 1954 2527 2007 aumOnier
2552 1954 2622 2006 du
2655 1953 2790 2022 lloy.
2824 1971 2842 2003 ι
2879 1950 2993 2006 Cat.
3025 1952 3161 2004 Bibl.
3197 1951 3324 2019 Reg.
3358 1961 3403 2004 et

1836 2044 2076 2097 Casanal.

1907 2134 2044 2188 1665
2072 2144 2124 2188 et
2153 2136 2239 2188 67.
2277 2133 2430 2189 Paris
2455 2175 2470 2198 ,
2512 2136 2632 2187 cltez
2664 2134 2840 2188 Pierre
2866 2135 2912 2188 le
2942 2132 3112 2198 Petit;
3143 2134 3305 2196 ἰη-8⁰,
3337 2131 3399 2184 ΙΙ

1835 2227 1961 2280 voll.
2012 2244 2029 2276 ι
2063 2226 2212 2280 Saint
2237 2228 2504 2294 Augustin
2530 2227 2597 2280 de
2625 2227 2672 2279 la
2698 2225 2814 2280 Cité
2835 2227 2900 2279 de
2929 2227 3084 2280 Dieu.
3113 2225 3309 2277 traduit
3336 2241 3400 2277 cn

1834 2317 2065 2383 francois
2093 2332 2185 2384 par
2210 2317 2367 2370 Louis
2394 2316 2540 2386 Gt'ry,
2570 2326 2743 2370 tomes
2769 2316 2792 2370 Ι
2820 2325 2872 2370 et
2901 2316 2976 2381 ll,
3009 2324 3297 2369 cuutcnaut
3326 2314 3402 2367 les

1833 2407 1919 2462 dix
1955 2410 2218 2476 premiers
2249 2409 2428 2461 livrcs.
2455 2424 2472 2457 ‹
2505 2407 2618 2460 Cat.
2653 2406 2790 2459 Bibl.
2828 2407 2955 2476 Reg.

1906 2499 2064 2552 1675.
2112 2499 2266 2552 Paris
2289 2543 2303 2567 ,
2335 2501 2458 2552 cltez
2490 2499 2664 2553 Andre
2694 2498 2921 2551 Pralard
2944 2539 2958 2562 ,
2987 2497 3146 2561 iri-8',
3179 2495 3238 2548 ΙΙ
3275 2495 3398 2550 voll-

1838 2591 1952 2644 «La
1981 2589 2097 2645 Cité
2125 2591 2193 2644 de
2239 2593 2367 2644 Dieu
2411 2592 2477 2644 de
2519 2591 2670 2645 Saint
2713 2591 3012 2658 Augustin,
3059 2589 3291 2642 traduite
3334 2603 3400 2640 en

1833 2679 2068 2744 {rationis
2089 2691 2144 2733 et
2169 2695 2362 2733 reveue
2384 2695 2476 2731 sur
2501 2680 2763 2746 plusieurs
2781 2682 2998 2731 auciens
3023 2691 3148 2729 mss.
3165 2691 3294 2729 avec
3307 2675 3403 2728 des

1832 2785 2144 2838 remarques
2167 2779 2220 2822 et
2243 2771 2338 2822 des
2365 2779 2537 2832 notes,
2557 2779 2846 2821 eontenant
2863 2769 2958 2819 des
2974 2768 3310 2819 corrections
3333 2766 3401 2816 du

1834 2869 1978 2914 texte
2010 2877 2101 2926 par
2134 2860 2310 2912 Pierre
2341 2858 2598 2911 Lombert.
2633 2875 2653 2908 ι
2683 2856 2796 2909 Cat.
2829 2854 2968 2908 Bibl.
2999 2853 3128 2922 Reg.
3159 2863 3214 2906 et
3243 2851 3402 2904 Ducis

1833 2954 1895 3006 de
1923 2951 1974 3004 la
2010 2950 2230 3004 Valiére.
2270 2949 2465 3004 Eadem
2498 2947 2722 3015 repetita
2753 2957 2835 3000 est
2868 2945 3056 2998 eodem
3091 2959 3231 2996 anno
3263 2942 3401 2994 Bru-

1831 3043 2010 3106 xclles,
2042 3051 2093 3096 et
2128 3042 2263 3095 1695
2294 3040 2444 3093 Paris
2471 3037 2534 3090 11
2564 3038 2683 3090 voll.
2723 3035 2878 3106 (Cat.
2912 3034 3047 3088 Bibl.
3083 3034 3298 3103 Tltott.)

1906 3135 2060 3189 1701.
2113 3134 2156 3186 Α
2198 3131 2382 3196 Paris,
2413 3131 2534 3183 cltez
2567 3128 2784 3182 Nicolas
2820 3127 3013 3198 Pepie;
3045 3126 3098 3178 in
3130 3124 3208 3188 8',
3251 3141 3310 3177 en
3340 3123 3401 3175 II

1835 3235 2012 3279 tomes.
2043 3243 2060 3274 ι
2082 3221 2152 3278 La
2182 3223 2299 3277 Cité
2328 3223 2396 3276 de
2424 3223 2636 3275 Dieude
2663 3221 2820 3275 Saint
2835 3217 3098 3286 Augustin
3124 3232 3138 3280 ;
3172 3215 3404 3268 traduite

1832 3332 1898 3372 en
1941 3316 2174 3381 lrancois
2213 3325 2267 3369 et
2298 3328 2462 3367 revue
2503 3328 2595 3366 sur
2639 3311 2874 3366 l’édition
2913 3310 3008 3363 des
3040 3307 3143 3362 PP.
3176 3305 3397 3360 Béuédin

1832 3409 1970 3459 ctins
1989 3449 2002 3471 ,
2035 3421 2163 3458 avec
2196 3405 2291 3457 des
2319 3418 2629 3469 remarques
2648 3442 2663 3466 ,
2694 3410 2798 3452 etc.
2824 3417 2843 3449 ι

1903 3497 2062 3552 1756.
2095 3498 2135 3546 Α
2159 3494 2505 3553 Amsterdam,
2530 3493 2650 3543 cites
2670 3489 2846 3541 Picrre
2870 3487 3108 3552 Morlier,
3133 3487 3187 3538 itt
3216 3486 3294 3546 8°,
3319 3483 3399 3536 IV

1831 3598 2010 3640 tomes.
2043 3603 2060 3633 ι
2083 3585 2157 3636 La
2175 3583 2291 3636 Cité
2319 3582 2385 3634 de
2412 3582 2542 3634 Dieu
2573 3581 2640 3632 de
2669 3579 2822 3632 Saint
2848 3578 3143 3644 Augustin;
3169 3574 3405 3626 traduite

1830 3693 1896 3729 cn
1931 3673 2167 3738 lraneois
2207 3681 2261 3724 et
2299 3684 2460 3723 revue
2497 3683 2592 3721 sur
2636 3666 2902 3734 plusieurs
2942 3679 3073 3716 mss.
3105 3681 3117 3713 :
3151 3677 3281 3716 avcc
3307 3662 3403 3714 des

1831 3778 2146 3831 remarques
2173 3771 2228 3816 et
2252 3763 2348 3814 des
2378 3769 2532 3813 notes
2558 3758 2652 3827 qui
2681 3757 3031 3810 conticnnent
3060 3751 3302 3822 quantité
3331 3752 3398 3804 de

1830 3854 2160 3907 corrections
2185 3851 2543 3917 itupurtantcs
2570 3848 2640 3900 du
2671 3852 2815 3897 texte
2843 3843 2973 3897 latin
3001 3859 3016 3906 ;
3048 3851 3102 3896 et
3127 3842 3176 3894 la
3208 3840 3304 3894 Vie
3332 3841 3401 3894 de

1831 3944 1902 3998 Μ.
1946 3939 2198 3993 Lombert.
2231 3958 2250 3991 ι
2277 3938 2430 3992 Notas
2472 3934 2738 4005 imprimis
2766 3934 2834 3987 de
2877 3932 3126 3986 versione
3173 3938 3404 3984 tractant

1831 4034 2052 4101 ejusque
2082 4031 2355 4085 licentiam
2386 4044 2450 4083 ex
2483 4043 2572 4093 eo,
2603 4026 2745 4096 quod
2775 4026 3054 4093 elegantia:
3080 4023 3261 4076 sensui
3294 4031 3404 4075 tra-

1827 4125 2022 4178 ductor
2050 4122 2243 4176 dcbeat
2268 4131 2323 4175 et
2347 4119 2488 4189 quod
2519 4121 2821 4187 linguarum
2849 4117 3078 4170 invicem
3105 4115 3402 4169 abhorrens

1829 4214 2104 4283 ingenium
2127 4213 2390 4280 postulet,
2413 4219 2693 4265 excusant.
2721 4210 2856 4262 Hinc
2878 4223 2976 4262 nec
2998 4209 3193 4274 ubique
3214 4207 3402 4262 eadem

1829 4303 2023 4357 iterum
2060 4302 2366 4363 inculcare,
2404 4299 2500 4354 sed
2531 4298 2598 4352 ad
2648 4298 2862 4366 priores
2889 4305 3096 4350 tantum
3131 4293 3202 4347 XI
3233 4295 3401 4348 libros

1832 4394 1956 4447 talia
1988 4407 2214 4446 monere
2256 4392 2388 4445 satis
2425 4391 2601 4443 visum
2642 4397 2745 4442 est.
2787 4384 3242 4447 Emendationes,
3268 4395 3402 4449 quas

1832 4486 1883 4539 iu
1916 4484 2069 4538 titulo
2101 4485 2405 4551 proﬁtetur,
2438 4497 2504 4536 ex
2539 4481 2605 4534 10
2637 4480 2858 4534 circiter
2894 4475 3068 4530 autll
3096 4488 3230 4528 mss.
3268 4470 3400 4524 Gal-

1832 4575 2023 4630 licanis
2051 4570 2428 4639 nonuullisque
2462 4570 2840 4626 Vaticauorutu
2863 4611 2878 4635 ,
2903 4581 3037 4635 quas
3065 4559 3400 4617 Beuediclini

1830 4665 1931 4719 PP.
1960 4664 2059 4733 ipsi
2086 4669 2474 4719 concesserant
2493 4701 2509 4727 ,
2540 4660 2864 4715 lectionibus
2888 4657 3107 4709 haustas
3134 4664 3257 4706 esse
3285 4663 3399 4702 mo-

1831 4769 1939 4813 net.
1967 4759 2163 4812 Eadem
2189 4756 2367 4811 versio
2390 4753 2615 4809 totidem
2640 4748 3006 4806 voluminibus
3029 4744 3198 4807 in-l‘Z,
3227 4743 3398 4795 eodem

1827 4866 1962 4903 anno
1997 4850 2180 4903 ibidem
2207 4848 2346 4918 apud
2376 4845 2493 4900 Jac.
2529 4845 2708 4897 Rollin
2738 4851 2974 4897 excusa.
3006 4849 3127 4903 qua:
3154 4833 3399 4886 similiter

1828 4956 1890 4995 ac
1921 4942 2227 5010 praecedens
2257 4940 2420 4991 vitam
2451 4931 2777 4988 traductoris
2803 4929 2856 4981 iu
2889 4927 3041 4980 titulo
3077 4927 3249 4994 gerit,
3284 4942 3393 4979 tne-

1831 5040 2072 5086 moratur
2114 5030 2166 5081 in
2214 5029 2329 5082 Cat.
2362 5025 2497 5077 Bibl.
2541 5023 2671 5090 Reg.
2700 5021 2762 5073 Τ.
2789 5019 2828 5074 Ι.
2873 5034 2924 5088 p.
2967 5019 3091 5072 570.
3137 5016 3390 5070 Eatndctn

1830 5121 2082 5174 duodenis
2112 5118 2134 5170 l
2152 5117 2191 5169 V
2214 5115 2335 5169 voll.
2367 5113 2592 5168 Parisiis
2616 5112 2749 5167 1757
2778 5124 3040 5166 exeusam
3071 5108 3250 5161 laudat
3277 5103 3392 5158 Cat.

1827 5211 1967 5265 Bibl.
2003 5208 2303 5262 Firntiante.

1899 5297 2480 5371 Hispaniain—16M.
2509 5297 2738 5362 Matriti,
2771 5295 2950 5364 in-f0l.
2985 5293 3044 5349 S.
3070 5288 3398 5359 Augustinus

1827 5395 1894 5449 de
1920 5394 2144 5448 Civitate
2173 5392 2266 5447 Dei
2295 5391 2332 5445 l.
2365 5389 2546 5454 XXII,
2574 5389 2862 5458 Ilispauice
2891 5403 2986 5455 per
3012 5385 3134 5436 Ant.
3163 5382 3225 5434 de
3260 5378 3396 5446 Roys

1827 5497 1881 5542 ct
1899 5488 2084 5539 Rozas.
2111 5485 2358 5539 Laudant
2379 5485 2731 5538 Colonienscs.

1900 5578 2057 5632 1676.
2087 5576 2326 5630 Autberes
2352 5571 2732 5644 (Antuerpiae),
2757 5567 2940 5637 in-fol.
2964 5564 3128 5620 Iidem
3153 5562 3396 5632 ejusdem

1828 5670 2112 5726 versionis.
2144 5668 2256 5723 Cat.
2289 5667 2425 5720 Bibl.
2462 5667 2632 5718 Tholt.
2672 5663 2978 5727 Itcrumque
3007 5656 3204 5710 ibidem
3237 5671 3396 5724 repe-

1832 5767 1912 5821 titi
1939 5765 2192 5824 dicuntur
2225 5779 2270 5818 a.
2312 5760 2443 5816 I993
2472 5757 2649 5819 iit—fol.
2690 5754 2742 5807 in
2772 5751 2904 5805 Bibl.
2942 5750 3084 5807 Eccl.
3120 5751 3302 5805 Colon.
