3882 6314
526 386 628 443 159
1404 374 1957 437 SUPPLEMENTUM
1997 377 2089 431 AD
2127 375 2353 431 OPERA
2394 376 2454 431 S.
2496 376 2885 435 AUGUSTINI.
3328 383 3331 386 ⁴
3663 385 3742 440 ιδο

595 498 857 567 Belgicam
875 498 1173 553 versionem
1197 482 1917 566 impressam‘LugauniBat.
1945 494 2100 557 1621,
2135 496 2187 554 Α
2281 493 2696 565 XXIX—(82,
2728 497 2819 567 85)
2857 495 3172 565 Augustinus
3207 496 3261 549 in
3304 496 3629 567 Evangelium
3665 501 3742 556 Jo-

524 604 587 643 ex
635 588 749 641 Cat.
797 587 934 640 Bibl.
972 586 1195 657 Traject.
1225 586 1289 641 T.
1320 586 1364 640 ll
1389 626 1403 651 ,
1436 601 1489 655 ι).
1518 586 1553 640 '5
1576 624 1592 651 ,
1631 585 1911 654 proferunt
1946 584 2103 640 Colo—
2205 584 2352 637 annis
2387 595 2434 637 et
2480 584 2765 655 Epistulam
2791 572 2907 654 eius
2955 584 3017 651 1,
3051 584 3120 637 ad
3165 583 3406 640 Parthos.
3451 586 3573 640 Sine
3610 605 3740 657 anno,

526 677 768 731 nienses.
2204 673 2318 728 loco
2368 684 2415 728 et
2460 684 2660 745 tgpogr.
2715 676 2887 730 iit-fol.
2957 678 3272 748 Augustinus
3314 694 3466 749 super
3505 676 3741 734 Joannem.

516 816 521 821 .
594 765 957 820 Germanicam
996 767 1219 821 Joannis
1264 765 1509 836 Godfridi
1544 766 1609 821 de
1638 764 2104 833 0dernheim,qui
2208 764 2332 817 limo
2416 766 2581 820 verba
2659 766 2799 819 tituli
2866 767 2988 821 loco
3049 768 3243 822 litteris
3299 766 3586 834 majoribus
3643 768 3747 823 lolio

526 856 667 910 circa
696 871 746 909 a.
782 857 918 911 1495
938 856 1427 925 Ορνεηὴεὶιηεηείδ
1449 856 1706 911 Ecclesia:
1730 864 1913 924 pastor
1940 856 2105 910 fuisse

2224 853 2383 907 )t‘imo
2435 862 2689 907 czeterum
2741 870 2909 909 vacuo
2965 867 3089 911 sunt
3155 857 3442 925 impressa.
3491 856 3545 910 In
3593 856 3748 912 limine

528 944 866 1011 perhibetur,
898 962 963 999 ex
995 946 1316 1016 Eisengrenii
1354 945 1458 998 lide
1496 953 1886 997 commemorat
1918 943 2107 995 Posse—
2207 952 2383 997 textus
2409 961 2421 995 :
2465 942 2585 996 Divi
2610 944 2809 997 Aurelii
2836 946 3129 1015 Augustini,
3153 947 3505 1017 Hipponensis
3525 948 3748 1018 episcopi:

526 1035 673 1087 vinus
705 1035 839 1104 App.
870 1036 1019 1090 Sacr.
1055 1036 1115 1089 T.
1148 1034 1202 1097 l,
1235 1051 1288 1102 p.
1320 1034 1447 1088 869.
1499 1033 1671 1086 Aliam
1702 1041 1925 1084 auctore
1956 1029 2104 1082 ﬂans
2205 1035 2259 1085 in
2317 1034 2651 1103 Evangelium
2676 1037 2951 1088 secundum
2999 1035 3251 1090 Joannem
3282 1036 3547 1089 Tractatus
3584 1039 3748 1106 primus

529 1124 752 1179 Nicolao
782 1125 1027 1195 Sigmaro
1056 1142 1086 1177 a
1116 1123 1506 1193 Scltlusselbcrg
1528 1164 1543 1188 ,
1575 1135 1828 1175 excusam
1865 1120 2105 1171 Ratisbo-
2204 1123 2421 1191 feliciter
2446 1125 2648 1194 incipit.
2680 1126 2751 1178 Ab
2781 1143 2840 1179 eo
2862 1128 2998 1194 quod
3028 1130 3279 1196 scriptum
3300 1135 3415 1181 est:
3446 1126 3510 1179 In
3531 1128 3750 1195 principio

530 1234 612 1271 na:
640 1217 810 1283 1666,
840 1217 986 1271 iit-4°
1014 1217 1194 1269 laudat
1228 1214 1494 1268 Gemeiner
1532 1212 1781 1282 Regensb.
1821 1210 2103 1265 Stadtbibl.
2207 1224 2315 1266 erat
2360 1213 2580 1268 Verbum
2604 1232 2623 1271 :
2669 1224 2715 1268 et
2750 1216 2956 1269 verbum
3002 1226 3112 1270 erat
3154 1218 3298 1286 apud
3337 1217 3490 1269 deum
3513 1232 3532 1269 :
3557 1224 3601 1269 et
3652 1216 3753 1269 deus

532 1322 586 1374 p.
614 1308 717 1363 197
739 1324 754 1361 :
779 1317 1017 1361 attamen
1048 1322 1155 1361 non
1187 1305 1291 1360 nisi
1319 1304 1516 1359 librum
1551 1304 1781 1373 primum
1810 1317 1931 1357 eam
1960 1315 2108 1356 com-
2207 1315 2316 1358 erat
2361 1305 2585 1358 verbum.
2631 1322 2791 1374 usque
2826 1308 2894 1360 ad
2926 1308 2981 1360 id
3008 1307 3147 1377 quod
3179 1309 3295 1360 ait:
3320 1306 3389 1359 Et
3433 1305 3625 1359 tenebre
3661 1320 3753 1358 eam

531 1396 694 1465 plecti
726 1397 1015 1464 signiﬁcat.
2207 1414 2307 1451 non
2339 1398 2845 1463 comprehenderunt.
2877 1398 2932 1452 In
2959 1399 3098 1461 (itte:
3136 1398 3253 1451 Divi
3284 1396 3492 1451 Aurelii
3519 1395 3753 1464 Augustini

727 1482 779 1537 Χ
788 1485 824 1537 Χ
841 1484 916 1536 γι
928 1484 1134 1554 .-(75)
1167 1483 1242 1538 De
1269 1483 1417 1537 Bono
1454 1482 1736 1537 Viduitatis
1760 1482 1907 1535 liber.

2224 1490 2539 1560 iipponensis
2599 1492 2827 1560 cpiscOpi
2872 1492 3125 1558 expasitio
3150 1491 3208 1542 in
3256 1488 3575 1558 evangelium
3606 1502 3754 1539 secun-

603 1572 763 1629 1517.
798 1573 976 1641 Paris,
1010 1576 1131 1627 cites
1161 1576 1294 1628 Jean
1328 1574 1484 1639 Petit,
1520 1575 1679 1629 its-4°.
1711 1593 1729 1624 ι
1753 1576 1828 1629 De
1855 1573 2013 1627 I‘Etat
2042 1573 2109 1629 de
2209 1580 2331 1633 dum
2360 1580 2615 1633 Joannem
2654 1583 2873 1651 feliciter
2899 1581 3128 1651 explicit.
3162 1581 3487 1634 Prtecedunt
3508 1578 3753 1631 Annotatio

532 1662 815 1732 Veuvage;
859 1664 926 1717 de
970 1664 1019 1716 la
1064 1663 1301 1719 Maniére
1339 1665 1406 1718 de
1448 1664 1594 1733 prier
1637 1664 1806 1728 Dieu;
1839 1664 1885 1717 la
1913 1663 2012 1717 Vie
2041 1662 2109 1718 de
2208 1687 2297 1723 seu
2328 1670 2678 1724 lnventarium
2705 1673 3063 1741 principalium
3105 1673 3502 1737 sententiarum,
3552 1683 3644 1725 nec
3670 1683 3753 1721 non

530 1751 719 1806 Sainte
750 1752 1036 1820 Monique;
1065 1753 1369 1821 Opuscules
1398 1753 1467 1807 de
1494 1754 1647 1807 Saint
1673 1753 1933 1821 Augustin
1956 1794 1971 1813 ,
2003 1762 2110 1805 tra-
2211 1761 2351 1813 tituli
2414 1777 2501 1814 nu
2538 1761 2756 1815 rubrica;
2802 1768 3147 1823 εναειαεαωη,
3196 1776 3226 1814 ι
3276 1760 3445 1814 foliis,
3503 1757 3755 1827 ιηφτρεείο

531 1839 676 1893 dum
704 1856 797 1908 P3P
828 1840 1025 1893 Αάτίαη
1055 1842 1269 1895 “me!”
1315 1843 1557 1911 (Jumt'll:
1587 1842 1766 1908 βτέιτυ
1790 1842 2015 1895 docte“?
2037 1855 2104 1895 8n
2138 1832 2181 1891 Β
2210 1849 2348 1903 facta
2369 1859 2451 1905 est
2469 1850 2661 1904 litteris
2686 1850 2926 1905 Gothicis
2949 1851 3259 1914 minoribus,
3280 1849 3488 1903 duabus
3506 1847 3757 1902 columnis.

532 1930 803 2000 theologia
824 1941 879 1986 et
897 1933 1066 2000 grand
1090 1933 1425 1987 arcbidiacre
1450 1934 1516 1987 de
1540 1933 1685 1987 Laon
1713 1947 1779 1987 en
1802 1932 2101 1987 Picardie.s
2209 1939 2421 1993 Charm
2450 1940 2645 1994 lium-is
2674 1941 2898 2009 signata;
2931 1949 3080 2003 sum,
3104 1940 3489 1994 desiderantur
3518 1947 3683 1990 tamen
3701 1934 3758 1987 lo-

532 2020 620 2074 Dtt
643 2021 856 2077 Verdier
868 2026 953 2078 ed.
973 2033 1196 2087 recent.,
1218 2025 1282 2077 Τ.
1305 2025 1347 2091 Ι,
1367 2040 1418 2093 [ι.
1440 2025 1492 2076 7.
1509 2024 1793 2077 Tractatus
1813 2023 1876 2077 de
1896 2022 2107 2076 Orando
2209 2028 2401 2083 [iurum
2441 2030 2656 2085 numeri
2702 2041 2755 2085 et
2792 2031 3068 2086 custodes,
3098 2032 3156 2085 1η
3204 2045 3419 2085 summa
3451 2029 3641 2099 pagina
3666 2040 3754 2079 non

532 2109 646 2167 Deo
674 2113 819 2168 inter
848 2115 1109 2182 epistolas
1137 2125 1392 2168 censetur
1423 2115 1542 2168 130.
2207 2117 2383 2173 solum
2416 2128 2693 2186 tractatus,
2737 2121 2835 2175 sed
2878 2130 2934 2175 et
2979 2123 3152 2190 capita
3195 2121 3524 2175 indicantur.
3573 2117 3628 2171 ln
3664 2114 3758 2183 ipso

727 2207 976 2261 XXVII.
1005 2237 1076 2265 —+
1106 2206 1219 2277 (79)
1252 2207 1326 2260 De
1351 2207 1517 2260 Gestis
1545 2204 1747 2275 Pelagii
1775 2206 1897 2258 liber
2208 2214 2463 2260 contextu
2490 2220 2668 2262 autem
2699 2209 2861 2263 verba
2894 2210 3167 2278 Evangelii
3198 2218 3292 2262 aut
3312 2209 3417 2261 alia
3455 2208 3576 2261 loca
3606 2205 3637 2259 b
3656 2203 3763 2259 bliea

603 2299 762 2351 1611.
792 2298 1037 2364 Auguste
1075 2298 1454 2350 Vindelicorum
1479 2335 1495 2360 ,
1524 2296 1683 2349 its-8‘.
1718 2294 1780 2347 D.
1828 2293 2106 2361 Augustini

533 2385 674 2439 liber
698 2385 765 2438 de
789 2384 971 2439 Gestis
1010 2386 1245 2454 Pelagii,
1289 2399 1435 2438 nunc
1461 2386 1691 2454 primum
1724 2382 1903 2437 editus
1931 2382 2110 2437 studio

534 2472 705 2527 Marci
742 2471 956 2526 Velseri.

606 2561 829 2617 Fwsulis
853 2562 1012 2632 (urbe
1039 2563 1148 2632 agri
1181 2562 1476 2617 Florentini
1498 2604 1512 2627 ,
1542 2577 1701 2632 quam
1730 2563 1890 2618 hodie
1921 2562 2111 2616 Fiesoli

534 2653 744 2722 dicunt)
777 2654 1029 2708 inventus
1058 2665 1174 2708 erat
1200 2655 1254 2707 in
1279 2654 1605 2708 bibliotheca
1636 2655 1865 2708 abbatis:
1893 2652 1951 2708 S.
1982 2654 2109 2707 Bar-

534 2743 810 2799 tholomtei
852 2746 1235 2800 canonicorum
1278 2747 1600 2814 regularium
1641 2746 2106 2801 Lateranensiunt.

534 2835 669 2891 Hinc
695 2837 813 2905 ejus
839 2840 1221 2908 antigrapltum
1248 2838 1539 2892 cardinalis
1565 2838 1743 2906 Scipio
1769 2837 2107 2897 Cobellutius,

534 2935 663 2981 tunc
692 2929 760 2981 ab
788 2929 1034 2995 epistolis
1063 2937 1115 2980 et
1145 2929 1370 2980 secretis
1397 2927 1592 2978 summi
1626 2926 1913 2991 pontificis,
1942 2925 2107 2974 Roma

534 3017 601 3070 ad
625 3017 857 3069 Marcum
884 3016 1151 3069 Velserum
1177 3015 1516 3068 duumvirum
1545 3016 1911 3081 Augustanum
1935 3020 2110 3064 trans-

535 3109 787 3161 miserat:
812 3106 904 3175 qui
932 3106 1151 3174 quidem
1178 3104 1507 3173 aliquamdiu
1536 3102 1822 3165 editiones,
1852 3115 1971 3169 qua:
1999 3100 2109 3151 Ro-

536 3209 639 3248 mae
681 3194 1075 3262 Florentiaeque
1112 3195 1518 3247 accuratissime
1556 3193 1731 3261 parari
1774 3191 2108 3254 ferebantur,
2136 3176 2181 3237 Ο

538 3284 733 3353 cupide
762 3285 1128 3352 exspectavit;
1161 3286 1254 3340 sed
1283 3285 1535 3355 quoniam
1561 3286 1775 3353 longum
1800 3284 1852 3338 id
1876 3284 2108 3336 futurum

540 3375 819 3445 negotium
847 3390 934 3430 res
961 3376 1297 3444 loquebatur,
1326 3376 1550 3444 gratiam
1574 3375 1711 3443 apud
1739 3375 1883 3428 viros
1916 3372 2033 3441 pios
2058 3380 2115 3425 et

539 3466 805 3531 eruditos,
854 3467 1090 3536 antiqum
1117 3468 1381 3521 doctrinm
1410 3476 1675 3531 amantes,
1707 3465 1966 3519 Romanis
1992 3463 2113 3516 Flo—

537 3559 880 3628 rentinisque
909 3559 1208 3615 editoribus
1239 3560 1372 3629 ipsis
1396 3573 1501 3611 non
1533 3558 1733 3622 invitis,
1766 3572 1824 3611 se
1851 3557 2110 3609 initurum

541 3667 663 3707 esse
692 3660 846 3707 ratus
867 3694 882 3719 ,
914 3654 959 3707 si
990 3654 1132 3706 nuda
1162 3646 1379 3706 interim
1408 3650 1689 3718 Augustini
1724 3648 1883 3701 verba
1918 3646 2113 3701 utenda

540 3743 769 3799 fruenda
799 3752 1156 3812 pr0poneret,
1186 3741 1491 3808 exemplum
1521 3740 1712 3792 Romae
1738 3738 2115 3791 transmissum

542 3850 667 3886 cum
698 3834 803 3886 lide
830 3832 1243 3899 exprimendum
1273 3830 1509 3895 curavit,
1543 3828 1865 3881 lectionibus
1901 3828 2120 3881 varian-

542 3921 723 3984 tibus,
766 3936 885 3983 qure
931 3920 997 3972 ad
1041 3921 1336 3986 marginem
1367 3918 1607 3986 ejusdem
1640 3928 2117 3984 comparaverant,

545 4010 748 4079 pariter
772 4010 824 4061 in
853 4023 948 4062 ora
972 4009 1243 4075 ascriptis,
1267 4006 1532 4075 subjectis
1553 4022 1681 4061 vero
1713 4007 1763 4059 in
1795 4008 1899 4059 ima
1929 4008 2119 4075 pagina

2211 2296 2828 2365 commentariorumque
2858 2297 3032 2365 initia,
3084 2299 3173 2351 illa
3216 2297 3421 2360 medio,
3453 2297 3570 2350 huic
3598 2294 3763 2361 majori

2211 2384 2524 2440 charactere
2543 2386 2962 2455 distinguuntur.
2997 2388 3188 2441 Addita
3212 2395 3341 2438 sunt
3370 2385 3701 2454 marginalia.
3727 2382 3763 2435 in

2209 2477 2402 2545 quibus
2434 2476 2518 2531 vel
2547 2476 2663 2530 loca
2694 2477 2973 2546 parallela,
2998 2477 3084 2530 vel
3128 2477 3392 2531 lectiones
3442 2475 3606 2527 variae
3656 2474 3763 2525 loco-

2210 2580 2327 2619 rum
2378 2566 2704 2621 Biblicorum
2742 2567 2812 2621 ab
2858 2567 3154 2636 Augustino
3205 2565 3550 2618 laudatorum
3601 2561 3761 2630 produ-

2209 2666 2423 2710 cuntur.
2449 2657 2544 2711 llis
2570 2658 2949 2721 consideratis,
2980 2670 3137 2709 nemo
3182 2670 3288 2708 non
3321 2654 3590 2721 insignem
3634 2650 3759 2717 hujus

2211 2746 2468 2801 editionis
2495 2747 2902 2802 similitudinem
2927 2760 3047 2800 cum
3095 2743 3372 2813 impressis
3402 2741 3757 2797 Amerhachia-

2212 2838 2318 2903 nis,
2342 2851 2566 2903 quorum
2599 2836 2925 2905 exemplaria
2958 2835 3157 2903 passim
3186 2848 3216 2886 a
3249 2833 3406 2886 nobis
3445 2832 3586 2886 inter
3606 2832 3755 2899 Augu-

2212 2932 2441 2982 stiniana
2472 2930 2850 2997 proferuntur,
2883 2934 3157 2994 agnoscet.
3207 2924 3424 2979 Lubens
3455 2934 3627 2977 tamen
3655 2936 3753 2976 con-

2210 3016 2465 3071 cesserim
2496 3017 2549 3070 in
2576 3018 2648 3071 cl.
2682 3016 2900 3067 Braunii
2932 3016 3279 3078 sententiam,
3303 3013 3392 3082 qui
3421 3023 3565 3067 tomo
3595 3012 3630 3064 ll
3656 3008 3749 3063 Not.

2213 3105 2277 3160 ll.
2304 3107 2431 3159 Litt.
2461 3121 2512 3174 p.
2541 3108 2630 3171 55,
2666 3104 3023 3172 Norimberga:
3069 3118 3168 3172 per
3211 3105 3495 3157 Antonium
3533 3099 3751 3164 Koberga-

2213 3213 2327 3249 rum
2348 3210 2599 3250 excusam
2627 3210 2750 3249 esse
2772 3196 2977 3260 statuit,
3010 3193 3169 3247 modo
3197 3209 3302 3248 non
3320 3196 3372 3247 in
3403 3194 3516 3247 sola
3545 3200 3751 3259 typoruot

2214 3283 2583 3348 similitudine,
2624 3284 2719 3338 sed
2775 3284 2938 3337 totius
2981 3282 3163 3351 operis
3186 3284 3547 3352 descriptione
3586 3279 3751 3331 nitatur

2215 3374 2359 3429 illius
2400 3374 2683 3443 judicium.
2718 3374 2892 3428 Unum
2945 3373 3180 3439 accedit,
3211 3372 3573 3442 Cobergerum
3610 3367 3749 3435 plura,

2216 3464 2631 3518 Amerbachium
2652 3473 2840 3517 contra
2870 3463 2956 3517 vel
2979 3463 3149 3530 nulla,
3174 3464 3260 3519 vel
3312 3477 3480 3534 pauca
3509 3455 3749 3515 admodum

2218 3554 2421 3623 absque
2454 3555 2671 3609 nomine
2697 3567 2798 3609 suo
2821 3554 3088 3609 emisisse.

2865 3642 3162 3698 Versiones.

2925 3735 3083 3789 1670.

2296 3823 2471 3877 Romae
2490 3825 2623 3892 typis
2648 3823 2709 3877 S.
2747 3820 2804 3876 ϐ.
2826 3823 2890 3876 de
2915 3839 3132 3893 prapag.
3168 3821 3235 3875 F.
3259 3824 3433 3877 iit-4°.
3457 3820 3628 3889 Capita
3656 3828 3757 3869 non-

2223 3913 2368 3966 nulla
2395 3928 2462 3967 ex
2490 3913 2720 3967 diversis
2743 3914 3062 3968 tractatibus
3095 3915 3145 3967 in
3173 3914 3531 3984 Evangelium
3553 3909 3685 3964 Joan.
3707 3902 3755 3954 de

2225 4003 2317 4071 Sp.
2341 4002 2421 4067 S.,
2449 4002 2567 4056 Lat.
2595 4010 2651 4056 et
2669 4002 2763 4057 Gr.
2792 4002 3014 4068 in'erpr.
3039 4001 3181 4054 Max.
3211 4000 3491 4065 Planude;
3515 4000 3634 4051 inter
3653 4004 3754 4057 opu-

2225 4094 2370 4148 scula
2408 4109 2567 4147 aurea
2588 4093 2814 4147 collecta
2868 4107 2897 4144 a
2949 4090 3015 4143 P.
3073 4093 3302 4144 Arcadio
3344 4108 3378 4145 a
3422 4104 3541 4160 pag.
3582 4084 3684 4141 651.
3711 4078 3751 4131 ln

2227 4184 2360 4238 Bibl.
2395 4183 2539 4236 Eccl.
2588 4183 2660 4235 Μ.
2701 4180 3011 4235 Coloniensi
3059 4181 3327 4241 laudatum
3370 4177 3574 4235 invenio
3598 4172 3750 4227 librum

546 4101 702 4166 aliis,
731 4114 863 4168 quas
903 4100 1190 4153 maximam
1235 4107 1440 4167 partem
1472 4098 1651 4151 Marco
1686 4097 1918 4160 Velsero,
1951 4112 2120 4151 cano-

548 4192 672 4247 nico
698 4201 822 4245 tunc
842 4190 1195 4259 Frisingensi,
1212 4191 1397 4246 deberi
1414 4190 1589 4245 editor
1612 4190 1901 4258 signiﬁcat,
1924 4203 2123 4258 easque

553 4281 863 4350 conjectura
902 4257 1312 4335 lere—subitaria
1360 4281 1505 4336 inter
1554 4257 1841 4349 legendum
1890 4288 2122 4343 notatas,
2226 4275 2288 4327 de
2306 4274 2504 4344 Spiritu
2529 4272 2590 4326 S.
2619 4288 2684 4327 ex
2716 4272 2943 4326 diversis
2965 4270 3245 4340 Augustini
3279 4279 3499 4326 tractat.
3521 4277 3656 4335 super

554 4386 755 4441 paucas
784 4372 946 4426 etiam
978 4370 1137 4439 paulo
1165 4371 1481 4425 audaciores
1512 4371 1580 4423 ab
1609 4380 1829 4424 auctore
1856 4368 2125 4438 improba-
2227 4342 2407 4420 annem
2429 4365 2738 4427 collectum,
2789 4364 2877 4432 qui
2907 4364 3172 4432 prodiisse
3196 4362 3402 4417 dicitur
3430 4358 3630 4415 Basin
3647 4342 3751 4404 1573

551 4440 634 4519 tas
657 4462 1067 4519 scribit.Nullas
1084 4478 1213 4517 vero
1234 4464 1514 4531 quantavis
1536 4463 1926 4530 prohabilitatis
1941 4460 2121 4530 specie
2157 4521 2196 4531 λ
2228 4458 2324 4514 Gr.
2356 4457 2473 4511 Lat.
2518 4458 2594 4510 Ex
2624 4456 2708 4509 his
2739 4457 3039 4524 intelligere
3088 4454 3221 4507 mihi
3250 4453 3464 4517 videor,
3494 4460 3593 4503 non
3620 4440 3749 4531 alium

552 4556 892 4611 blandientes
920 4555 972 4608 in
999 4564 1315 4609 contextum
1349 4568 1380 4605 a
1406 4568 1464 4608 se
1493 4562 1735 4621 receptas
1763 4568 1884 4607 esse
1910 4566 2127 4606 asseve-
2156 4521 2205 4583 D
2232 4548 2451 4603 iudicari
2489 4547 2707 4612 librum,
2738 4560 2894 4612 quam
2942 4543 3247 4596 Leunctanii
3302 4541 3627 4621 ΙιεςιιιείυηεηιΔ
3661 4524 3751 4621 Μιξ-

554 4655 659 4701 rat.
702 4645 1081 4701 Praefationem
1114 4645 1251 4697 hanc
1280 4644 1450 4711 repeti
1482 4611 1861 4697 fecil'Joannes
1892 4641 2125 4695 Clericus
2229 4637 2394 4691 nuelis
2426 4633 2673 4689 Comneni
2715 4635 2784 4686 ad
2830 4634 3122 4696 Armenios,
3171 4633 3255 4687 cui
3301 4632 3499 4700 aliquot
3525 4619 3678 4687 capita

556 4738 610 4791 in
656 4738 898 4807 Append.
946 4735 1365 4807 Augustinianca
1423 4734 1509 4802 (Τ.
1550 4733 1643 4786 ΧΙΙ
1685 4731 1773 4786 ed.
1814 4733 2127 4800 Antuerp.),

559 4843 613 4893 p.
645 4827 769 4880 607.
813 4830 1145 4897 Exspectata:
1178 4841 1304 4881 vero
1336 4824 1445 4879 illa:
1472 4823 1836 4878 Romanorum
1870 4822 2132 4876 Florenti-

561 4927 860 4982 norumque
881 4918 1147 4972 editiones
1173 4916 1343 4971 lucent
1368 4930 1475 4968 non
1502 4913 1770 4976 viderunt,
1793 4910 1886 4966 sed
1914 4911 2132 4965 Parisiis

567 5006 727 5075 paulo
754 5015 872 5074 post
898 5023 1016 5060 cum
1040 5011 1178 5063 libro
1200 5019 1372 5063 contra
1397 5007 1672 5062 secundant
1695 5005 1898 5058 Iuliani
1925 5020 2131 5074 respon-

560 5098 758 5149 sionem
810 5110 941 5149 cura
995 5097 1234 5150 Menardi
1286 5102 1478 5152 iterum
1528 5098 1759 5167 prodiit,
1806 5112 1967 5166 quem
2013 5094 2135 5148 vide

562 5202 618 5241 It.
669 5186 757 5241 98.
809 5187 920 5240 Nec
943 5186 1130 5240 dubito
1156 5226 1173 5249 ,
1224 5191 1354 5249 quin
1399 5190 1544 5243 inter
1575 5189 1836 5259 Opuscula
1865 5188 2135 5257 Augustini

561 5276 1032 5344 discipulorumque
1070 5276 1180 5344 ejus
1221 5275 1398 5329 editus
1438 5278 1549 5341 sit,
1583 5294 1701 5346 qua:
1731 5294 1891 5347 supra
1922 5293 1951 5331 a
1983 5278 2136 5331 nobis

563 5375 691 5421 sunt
720 5366 772 5420 in
804 5364 1039 5419 medium
1068 5364 1350 5434 producta.

607 5457 711 5510 XX
724 5457 1082 5529 VIII.~——(80)
1109 5457 1183 5511 De
1208 5464 1520 5512 correctione
1545 5458 1929 5514 Donatistarum
1953 5462 2099 5515 liber.

566 5546 749 5599 Edidit
776 5550 1003 5603 seorsim
1031 5548 1172 5602 hunc
1199 5548 1390 5601 librum
1423 5548 1543 5601 Nic.
1575 5548 1794 5621 Bergius
1821 5551 2135 5607 Revalensis

568 5634 797 5689 Ilolmiw
825 5640 982 5702 1696,
1016 5643 1188 5705 ili-8°,
1225 5642 1342 5694 sub.
1378 5642 1496 5696 tit.:
1531 5642 1594 5694 D.
1627 5644 1896 5712 Augustini
1924 5644 2049 5697 liber
2075 5645 2137 5696 de

568 5724 827 5781 moderate
851 5733 1137 5784 coercendis
1168 5734 1415 5786 han-elicis
1441 5734 1507 5786 ad
1533 5731 1859 5791 Bonifacinm
1882 5737 2129 5788 concitem.

2231 4726 2496 4781 Trinitate
2520 4740 2585 4779 ex
2608 4725 2909 4794 Augustino
2929 4740 3008 4793 gr.
3043 4737 3303 4777 conversa
3328 4730 3451 4777 sunt
3479 4716 3676 4771 inserta.
3700 4700 3749 4794 Al

2233 4819 2275 4873 si
2302 4818 2441 4872 hunc
2465 4818 2635 4872 voluit
2669 4789 2826 4885 quem
2859 4789 3048 4871 tes-tetu
3080 4814 3263 4868 laudat
3300 4811 3535 4883 Lipenius
3572 4803 3618 4855 in
3644 4789 3745 4848 Bibl-

2239 4909 2421 4964 Tlteol.
2455 4910 2515 4964 Τ.
2541 4910 2605 4974 11,
2638 4926 2691 4978 p.
2721 4911 2841 4972 783,
2869 4910 3067 4962 fallitur
3099 4906 3207 4961 ille
3231 4906 3445 4975 quidem
3473 4916 3489 4965 ;
3532 4906 3637 4949 nam
3670 4885 3745 4937 is”

2233 5017 2455 5071 prorsus
2495 5002 2691 5056 ibidem
2746 5016 2852 5054 non
2893 5000 3161 5066 leguntur.
3197 4998 3388 5052 Nescio
3429 5003 3551 5047 vero
3587 4996 3645 5035 an
3671 4978 3745 5028 Ιιυο

2238 5093 2373 5147 forte
2408 5094 2671 5162 pertineat
2725 5091 2853 5143 liber
2888 5090 3160 5158 Augustini
3207 5088 3271 5142 de
3328 5084 3523 5156 Spiritu
3573 5072 3743 5162 Sanflo-

2236 5154 2452 5238 σεηεεὲε
2490 5184 2650 5244 15w.
2683 5182 2827 5235 in-8"
2856 5223 2871 5248 ,
2903 5154 3059 5249 quem
3100 5180 3305 5249 profert
3345 5154 3455 5232 Cat.
3486 5168 3610 5227 Bibl.
3650 5154 3744 5210 Ber-

2239 5293 2384 5329 nens.
2405 5274 2469 5326 'l‘.
2502 5274 2544 5337 l,
2567 5289 2619 5341 p.
2644 5273 2733 5327 15.

2314 5364 2471 5420 1070.
2520 5327 2704 5430 Puris,
2756 5363 2878 5417 chez
2924 5360 3229 5430 Jean-Bapt.
3284 5327 3742 5438 Coignnfdijnjif:

2248 5478 2268 5511 ‹
2295 5456 2567 5511 Homelics
2614 5456 2681 5510 de
2710 5455 2769 5510 S.
2813 5454 3069 5522 Augustin
3092 5467 3190 5506 sur
3217 5450 3265 5505 la
3296 5445 3545 5519 premiere
3581 5429 3744 5497 Ερῖδίίθ

2241 5550 2309 5603 de
2327 5550 2383 5602 S.
2409 5548 2579 5611 Jean;
2612 5546 2916 5600 traduction
2941 5542 3209 5597 nouvelle.

2315 5637 2473 5691 1700.
2512 5636 2687 5698 Paris,
2716 5638 2835 5687 cites
2853 5631 3169 5699 Jean-Bapt.
3202 5625 3486 5699 Coignard;
3512 5620 3605 5705 in—i

2244 5731 2362 5786 volt.
2400 5748 2416 5781 ε
2441 5730 2537 5784 [.es
2562 5728 2748 5782 traitcz
2788 5725 2853 5779 dc
2896 5724 2950 5779 S.
2988 5720 3248 5787 Augustin
3274 5735 3367 5774 sur
3397 5696 3655 5769 ΙἘνιιηεδΙθ
3694 5683 3741 5735 du

3587 5606 3653 5667 3°,
3687 5586 3740 5647 ll’
