3882 6300
212 314 288 376 Im
1123 313 1393 370 NOTITIA
1432 309 1848 368 LITTERARIA
1888 310 1952 365 IN
1991 311 2046 367 S.
2089 311 2565 369 AUGUSTINUM.
3367 326 3468 378 162

212 427 242 480 ὃ
285 437 423 492 Iean
450 443 504 489 et
526 448 626 488 son
653 434 872 503 Epistre
899 447 1000 486 aux
1033 432 1274 496 Parthos,
1301 429 1528 484 traduits
1550 444 1614 484 en
1645 430 1782 482 lran-
1810 431 1856 488 A
1887 427 1978 480 tali
2007 429 2123 480 viro
2153 427 2455 496 exspectari
2505 441 2609 480 non
2652 436 2881 495 poterat,
2926 429 3020 484 sed
3070 440 3126 483 ut
3164 432 3341 488 denuo
3365 438 3469 491 sub

211 527 318 580 Ws
351 543 446 580 sur
472 524 713 579 l‘éditiou
745 522 839 577 des
863 523 964 575 PP.
993 519 1351 583 BénédicIins,
1373 534 1500 573 avec
1522 520 1616 572 des
1644 533 1784 573 som-
1886 519 2148 587 judicium
2179 519 2423 572 eamdem
2453 529 2732 572 revocaret
2761 530 2813 573 et
2853 518 2922 572 ab
2951 521 3095 573 omni
3135 531 3289 588 parte
3340 540 3463 591 per-

201 616 410 670 "Iaires
436 615 464 667 ὸ
495 615 543 667 la
577 627 788 679 marge,
821 626 918 680 par
951 609 1188 679 Philippe
1214 609 1477 662 Goisbaud
1507 610 1576 660 du
1610 608 1781 660 Βοὶδ.»
1892 626 2112 679 pensam
2163 619 2515 678 preponcret.
2569 610 2746 664 Facile
2780 621 2955 664 tamen
2991 622 3292 681 temporum
3334 615 3470 668 ratio

183 689 380 761 ΧΧΧ.
412 736 483 748 --
507 704 648 776 (84)
684 703 760 757 De
786 702 967 756 Gratia
994 702 1184 754 Christi
1214 710 1262 754 et
1295 700 1513 754 Peccato
1545 699 1787 769 originali
1894 701 2124 754 suadere
2183 708 2438 767 poterat,
2488 710 2547 752 ut
2599 715 2796 753 nomen
2843 701 3055 753 invidiae
3098 701 3462 757 subtraheret.

563 805 741 847 contra
775 792 1044 861 Pelagium
1075 801 1120 843 et
1148 789 1453 843 Caelestium.
1890 791 2072 844 Liceat
2104 805 2242 842 nunc
2276 790 2494 844 brevem
2526 789 2911 856 disputationis
2937 792 3054 857 ejus
3094 804 3467 860 conspectum,

252 889 433 942 1687.
469 886 778 955 Moguntina,
815 885 948 953 typis
984 882 1127 934 Petri
1154 881 1423 946 Hermans,
1445 881 1499 932 in
1520 880 1602 934 8°.
1629 878 1788 932 Liber
1890 879 2345 947 quemadmodum
2365 893 2392 930 a
2423 876 2569 930 Frib.
2589 877 2785 932 Bened.
2817 877 3099 946 Carpzovio
3128 895 3223 950 per
3243 897 3470 938 examen

196 980 294 1033 Diri
335 981 485 1032 Aur.
522 975 822 1046 Augustini,
874 973 1030 1041 llipp.
1075 973 1240 1041 cpisc.
1273 981 1457 1026 contra
1508 971 1785 1037 Pelagium
1891 967 2054 1034 hujus
2089 966 2212 1020 libri
2243 966 2296 1020 in
2329 967 2468 1020 Actis
2498 967 2667 1022 Erud.
2701 967 2846 1034 Lips.
2884 970 3045 1035 1698,
3079 985 3133 1039 p.
3167 972 3309 1039 540,
3339 973 3472 1026 deli-

190 1083 228 1124 et
258 1070 615 1125 Coelestium
638 1068 705 1121 de
734 1066 915 1121 Gratia
958 1065 1181 1129 Christi,
1210 1066 1609 1119 Commentario
1639 1062 1792 1118 brevi
1891 1067 2080 1111 neatus
2107 1067 2212 1120 est,
2251 1059 2596 1129 subjungere.
2638 1078 2656 1110 ι
2692 1060 2963 1126 Primum,
2994 1062 3201 1131 inquit,
3224 1065 3470 1120 animad-

187 1171 224 1214 et
258 1160 563 1214 continuo
610 1159 905 1212 illustratus
930 1171 955 1207 a
988 1156 1055 1208 R.
1086 1156 1145 1209 P.
1193 1155 1380 1208 Carolo
1422 1155 1649 1224 Josepho
1676 1153 1790 1205 Tri-
1890 1149 2050 1201 vertit
2081 1148 2406 1209 Schilterus,
2442 1151 2864 1203 controversiam
2900 1166 3022 1206 esse
3047 1152 3357 1221 duplicem:
3391 1154 3468 1207 al-

183 1253 430 1316 cassino,
465 1249 590 1303 0rd.
625 1248 799 1302 Fratr.
833 1247 958 1300 Min.
982 1246 1240 1313 Capucin.
1272 1247 1330 1298 S.
1373 1246 1664 1298 Francisci.
1703 1243 1786 1298 Cf.
1893 1248 2058 1292 teram
2089 1241 2156 1297 de
2197 1242 2320 1310 jure
2364 1240 2726 1306 divortiorum,
2761 1258 2880 1311 quae
2907 1244 3234 1312 Augustinus
3261 1245 3367 1299 nisi
3403 1262 3469 1300 ex

181 1343 286 1394 Art.
323 1341 692 1410 Erud.Lips.
717 1337 907 1407 Suppl.
936 1337 999 1392 Τ.
1027 1337 1066 1398 1,
1101 1353 1153 1404 p.
1187 1336 1307 1390 1'54.
1894 1345 2055 1385 causa
2106 1331 2362 1385 adulterii
2413 1333 2644 1401 negabat
2674 1348 2795 1389 esse
2846 1337 3138 1403 permissa;
3187 1338 3357 1390 altera
3408 1339 3471 1390 de

230 1435 331 1490 Ad
376 1434 541 1487 hunc
587 1430 865 1498 Augustini
909 1429 1103 1481 librum
1130 1435 1336 1494 Spectat
1378 1427 1600 1480 editoris
1631 1425 1784 1490 liber,
1881 1422 2008 1490 jure
2037 1423 2220 1473 iterum
2244 1421 2490 1486 nubendi,
2517 1423 2657 1490 quod
2678 1423 3026 1492 Augustinus,
3049 1425 3268 1478 vivente
3297 1425 3469 1477 altera

175 1523 380 1577 Gratia
440 1523 639 1592 efﬁcax
666 1519 887 1587 refutata
938 1533 1000 1570 ea:
1046 1518 1190 1570 libris
1236 1517 1295 1572 S.
1353 1516 1646 1586 Augustini,
1694 1529 1789 1583 per
1891 1522 2067 1580 parte,
2096 1513 2350 1566 concedit
2377 1513 2608 1580 nemini,
2635 1529 2702 1565 ne
2727 1513 2941 1581 quidem
2971 1529 3036 1567 ex
3069 1528 3232 1567 causa
3258 1513 3471 1568 adulte-

176 1614 456 1668 eumdem
487 1611 879 1681 typographum
901 1611 998 1662 hoc
1027 1608 1143 1676 ipso
1165 1623 1306 1660 anno
1327 1621 1578 1671 excusus,
1629 1621 1787 1675 quem
1891 1601 1954 1654 rii
1993 1617 2004 1651 :
2061 1602 2160 1654 nisi
2206 1601 2348 1670 quod
2395 1617 2516 1671 cap.
2577 1607 2608 1656 6
2654 1603 2853 1667 innuit,
2887 1602 3229 1659 Christianos
3262 1613 3470 1658 tantum

180 1712 507 1758 recensent
538 1703 664 1754 Acta
696 1699 864 1752 Erud.
892 1698 997 1752 vol.
1051 1697 1173 1751 eod.
1214 1712 1268 1766 p.
1321 1698 1579 1763 128-133,
1627 1697 1788 1766 idque
1891 1692 2147 1760 c0ujuges
2198 1693 2301 1748 hoc
2347 1702 2623 1764 prmcepto
2679 1695 2884 1760 teneri;
2938 1696 3079 1748 unde
3123 1697 3370 1766 colligas,
3404 1698 3472 1751 ab

177 1791 516 1850 intendisse
547 1800 820 1844 auctorem
853 1788 1146 1853 declarant,
1172 1788 1484 1856 Pelagianos
1517 1788 1584 1841 ab
1615 1788 1791 1857 Augu-
1818 1782 1866 1840 B
1892 1782 2142 1837 adultero
2173 1798 2279 1837 non
2309 1782 2618 1839 Christiano
2667 1785 2968 1840 discedenti
3001 1788 3213 1854 nuptias
3271 1801 3471 1841 secunn

184 1886 340 1940 Stino
397 1893 689 1952 propterea
741 1881 1009 1934 haereseos
1043 1878 1207 1932 fuisse
1239 1878 1597 1944 insimulatos,
1647 1879 1790 1947 quod
1895 1875 1992 1929 das
2033 1874 2212 1929 minus
2253 1876 2420 1930 fuisse
2470 1877 2803 1931 interdictas.
2856 1878 3180 1931 Pollentium
3235 1893 3362 1932 vero
3411 1879 3464 1932 in

164 1977 411 2030 nullam
446 1975 670 2027 omnino
693 1972 918 2041 gratiam
947 1971 1042 2024 Dei
1073 1970 1420 2025 admitterent
1443 1971 1497 2023 in
1515 1970 1792 2025 voluntate
1896 1967 2064 2036 priori
2104 1969 2403 2035 quaestione
2434 1969 2540 2023 labi
2571 1969 2728 2023 docet
2758 1979 3006 2022 notarum
3035 1979 3240 2034 auctor,
3276 1970 3475 2039 abrep-

154 2065 607 2130 necessariam,
634 2078 738 2117 non
763 2077 893 2115 vero
923 2062 992 2115 ob
1020 2062 1091 2126 id,
1125 2061 1269 2130 quod
1297 2061 1522 2130 gratiam
1556 2076 1672 2115 eam
1714 2061 1795 2115 iu-
1897 2069 2009 2113 tum
2038 2059 2390 2113 Hebraeorum
2414 2059 2887 2130 Romanorumque
2909 2062 3148 2116 moribus
3164 2063 3472 2132 aclegibus,

161 2157 582 2216 difl'erentem,
617 2167 706 2206 seu
755 2153 936 2215 talem,
971 2151 1056 2205 cui
1086 2153 1336 2205 voluntas
1388 2151 1645 2214 humana,
1700 2167 1794 2205 seu
1897 2150 2088 2218 quibus
2116 2149 2471 2204 divortiorum
2503 2151 2718 2204 licentia
2762 2152 3084 2206 invaluerat.
3117 2153 3172 2207 In
3217 2155 3318 2206 bac
3346 2168 3476 2222 ergo

174 2249 626 2314 obtemperare,
651 2257 744 2297 seu
777 2244 1030 2296 resistere
1055 2253 1255 2312 posset,
1287 2251 1604 2296 statuerent.
1647 2243 1792 2296 Idem
1898 2252 2048 2310 parte
2074 2242 2406 2310 triumphare
2433 2244 2716 2311 Augustini
2749 2243 3053 2297 facundiam
3086 2255 3139 2298 et
3162 2244 3476 2313 disputandi

181 2339 315 2392 tere
365 2335 708 2389 Tricassinus
734 2336 843 2403 jam
876 2343 1000 2388 ante
1023 2335 1074 2387 in
1101 2335 1238 2387 libro
1267 2333 1345 2386 De
1371 2334 1572 2386 Natura
1601 2336 1795 2400 peccati
1897 2333 2272 2396 subtilitatem,
2309 2334 2433 2388 licet
2462 2335 2793 2403 argumentis
2850 2335 2968 2403 ejus
3017 2349 3123 2389 non
3159 2335 3210 2389 id
3257 2347 3476 2404 semper

197 2425 509 2494 originalis,
539 2425 818 2478 secundum
849 2434 1063 2477 mentem
1086 2424 1145 2478 S.
1180 2425 1476 2495 Augustini,
1511 2431 1615 2476 etc.
1650 2424 1794 2477 edito

207 2517 437 2570 Parisiis
492 2518 651 2580 1677,
703 2515 866 2579 in—A',
905 2517 1181 2569 docuerat.
1253 2516 1516 2569 (heterum
1594 2516 1795 2568 Auctor

213 2609 554 2662 Coloniensis
574 2622 681 2662 non
711 2606 1120 2678 Moguntiw,sed
1148 2607 1340 2670 Trecis,
1373 2608 1514 2662 unde
1536 2607 1795 2661 oriundus

221 2711 330 2754 erat
356 2699 706 2765 Tricassinus,
740 2714 859 2753 eum
894 2699 1213 2767 impressum
1236 2699 1523 2753 existimat.

900 2788 1104 2844 Versio.

293 2881 448 2936 1758.
485 2881 660 2948 Paris,
690 2882 813 2936 cites
839 2880 1031 2934 Franc.
1064 2881 1468 2951 Babuty,in-12.
1501 2881 1633 2936 tLes
1659 2881 1795 2934 deux

227 2969 388 3022 livres
427 2970 494 3024 de
537 2970 596 3026 S.
643 2971 922 3040 Augustin,
953 2971 1021 3025 de
1050 2971 1100 3024 la
1128 2971 1298 3025 Grace
1332 2971 1398 3024 de
1444 2969 1588 3025 J.-C.
1641 2979 1695 3025 et
1724 2969 1795 3024 du

229 3058 397 3114 Peclté
416 3061 667 3130 originel,
696 3061 929 3115 traduits
959 3076 1026 3114 en
1058 3061 1290 3126 fraucois
1322 3076 1414 3114 sur
1440 3060 1676 3115 l‘édition
1702 3059 1797 3113 des

1897 2422 2233 2486 conficiatur,
2260 2423 2400 2492 quod
2435 2425 2541 2478 illis
2564 2425 2818 2493 colligere
2842 2425 2993 2479 velit.
3025 2425 3302 2480 Siclocum
3327 2425 3475 2479 illum

1896 2518 2178 2572 Paulinum
2211 2519 2224 2570 l
2257 2519 2378 2572 Cor.
2411 2503 2521 2584 VII,
2556 2518 2641 2585 10,
2671 2519 2758 2585 I'I,
2784 2533 2886 2573 nec
2922 2519 2989 2572 ab
3012 2519 3335 2588 AuguSIiuo,
3379 2532 3475 2572 nec

1898 2627 1927 2662 ιι
1953 2610 2213 2664 Pollentio
2233 2620 2380 2664 recte
2399 2611 2517 2677 capi
2550 2620 2606 2664 et
2635 2612 2891 2678 explicari
2917 2610 3187 2664 observat.
3225 2611 3476 2678 Augusti-

1900 2714 2026 2751 num
2058 2713 2122 2750 ex
2153 2698 2509 2765 praejudicata
2541 2698 2851 2763 opinionem
2878 2697 3183 2761 mulierem,
3227 2712 3347 2764 qua:
3394 2697 3479 2749 di-

1900 2789 2084 2843 scedat
2119 2802 2147 2840 a
2192 2788 2328 2851 viro,
2359 2790 2606 2854 accipere
2653 2786 2724 2840 de
2770 2802 2856 2853 ea,
2903 2801 3022 2855 quae
3052 2787 3120 2842 ob
3150 2787 3477 2841 adulterium

1902 2879 2138 2934 divortat
2164 2887 2255 2931 aut
2305 2879 2644 2946 repudietur,
2685 2888 2843 2944 atque
2884 2877 3042 2945 adeo,
3076 2887 3134 2934 ut
3165 2878 3478 2932 scholaelo-

1901 2981 2161 3041 quuntur,
2192 2980 2374 3037 petere
2404 2969 2740 3038 principium.
2777 2968 3102 3023 Pollentium
3134 2978 3479 3036 contra,qu:e

1902 3061 2188 3129 Apostolus
2238 3060 2289 3112 in
2341 3073 2458 3112 eam
2507 3058 2877 3113 conditionem
2928 3057 3194 3127 conferat,
3228 3058 3273 3112 si
3322 3057 3474 3123 ﬁant,

228 3147 322 3202 PP.
356 3121 696 3206 Bénédictiris
725 3153 791 3206 de
819 3153 866 3205 la
892 3121 1292 3221 Congrégation
1320 3152 1386 3205 de
1411 3152 1468 3205 S.
1505 3152 1671 3205 Maur.
1713 3171 1731 3203 ι
1823 3121 1871 3181 C
1907 3121 2040 3221 pure
2072 3150 2338 3218 aciriperc,
2367 3165 2429 3203 ac
2459 3151 2503 3202 si
2528 3150 2672 3204 licite
2704 3150 2819 3204 fieri
2859 3161 3098 3218 possunt,
3125 3121 3285 3219 atque
3318 3121 3477 3216 adeo,

296 3240 508 3295 XXXI.
532 3271 602 3281 —
625 3241 741 3312 (95)
768 3240 846 3294 De
875 3239 1140 3312 Conjugiis
1170 3241 1476 3306 adulterinis
1498 3241 1612 3293 libri
1643 3239 1726 3293 Il.

291 3331 453 3386 1698.
496 3328 671 3397 lentz,
710 3346 798 3399 per
831 3329 987 3383 Joan.
1035 3329 1321 3393 Bielkium;
1360 3330 1513 3384 ιιι-4⁸.
1569 3330 1631 3383 D.
1665 3331 1795 3385 Aur.

220 3420 521 3490 Augustini
552 3422 671 3476 libri
700 3421 807 3475 duo
836 3420 903 3475 de
951 3419 1267 3474 adulterinis
1297 3420 1558 3489 conjugiis
1589 3420 1653 3473 ad
1681 3419 1802 3472 Pol-

218 3513 476 3580 Ieutium,
512 3529 633 3566 cum
660 3514 806 3566 notis
829 3511 1198 3582 jurisconsulti
1221 3511 1582 3575 celeberrimi,
1606 3511 1801 3580 quibus

215 3605 416 3672 dogma
472 3604 729 3658 Ecclesiae
772 3602 840 3657 de
893 3601 1220 3656 matrimonii
1275 3600 1631 3655 dissolutione
1677 3600 1800 3654 illu-

215 3705 450 3748 stratur.

287 3783 505 3839 Auctor
535 3793 776 3838 notarum
820 3783 989 3838 fertur
1024 3781 1261 3836 Joannes
1312 3781 1618 3840 Schilterus.
1649 3791 1801 3837 ante-

221 3893 420 3933 cessor
441 3874 711 3944 quondam
762 3874 1251 3943 Argentoratensis,
1293 3873 1509 3942 ingenio
1550 3889 1703 3941 teque
1741 3888 1804 3926 ac

220 3969 475 4022 doctrina
509 3967 647 4018 inter
666 3963 1084 4032 jurisconsultos
1103 3963 1351 4017 eminens
1370 4005 1384 4028 ,
1411 3963 1576 4018 edidit
1598 3979 1730 4017 vero
1751 3977 1806 4017 et

219 4060 482 4127 prmfatus
511 4063 595 4110 est
642 4055 896 4125 Georgius
925 4053 1267 4118 Schubartus,
1300 4053 1678 4108 humaniorum
1716 4054 1804 4107 lit-

226 4159 469 4202 terarutn
531 4156 660 4200 tunc
707 4145 966 4213 temporis
1016 4144 1155 4213 apud
1196 4145 1456 4199 Ienenses
1507 4143 1800 4213 professor.

228 4237 582 4291 Occasionem
607 4234 743 4287 libro
766 4246 1093 4300 causamque
1137 4232 1296 4286 simul
1320 4246 1419 4286 cur
1446 4232 1614 4286 latere
1637 4231 1804 4286 Schil-

225 4334 374 4379 terus
399 4323 589 4388 voluit,
621 4322 834 4377 dedisse
879 4321 1057 4376 ferunt
1106 4321 1338 4375 Ulricum
1367 4322 1695 4390 Obrechtum,
1735 4323 1805 4376 vi-

227 4429 342 4468 rum
367 4413 602 4482 eleganti
626 4411 873 4466 doctrina
916 4421 969 4466 et
1019 4411 1200 4465 multis
1232 4411 1390 4465 editis
1429 4413 1646 4481 scriptis
1676 4422 1800 4468 tunc

227 4505 368 4572 apud
399 4506 885 4573 Argentoratenses
931 4502 1215 4570 insignem.
1243 4501 1343 4566 Qui
1380 4517 1504 4556 cum
1535 4505 1795 4572 Argento-

228 4605 344 4648 rato
367 4594 503 4648 urbe
533 4593 586 4646 in
617 4601 938 4662 potestatem
964 4591 1218 4646 Ludovici
1249 4590 1367 4644 XIV
1400 4592 1612 4646 redacta
1633 4591 1798 4646 Jesui-

223 4694 406 4738 tarum
449 4683 788 4751 captionibus
829 4683 883 4735 in
941 4693 1115 4736 eaStra
1171 4680 1448 4735 Pontiﬁcia
1496 4691 1644 4737 esset
1685 4683 1798 4751 pel-

219 4775 439 4836 lectus,
491 4772 652 4840 idque
693 4771 890 4825 deinde
939 4771 1145 4840 praemii
1187 4772 1420 4836 tulisset,
1476 4781 1533 4825 ut
1590 4773 1798 4826 senatui

220 4863 666 4931 Argentorateusi
685 4861 929 4930 praesidis
953 4862 1168 4915 nomine
1189 4877 1216 4914 a
1246 4876 1372 4930 rege
1412 4862 1798 4929 przeticeretur,

219 4967 433 5008 morem
467 4954 522 5007 in
564 4953 782 5020 iudiciis
834 4962 1132 5021 receptum,
1186 4954 1527 5006 matrimonia
1551 4955 1798 5009 adulterii

220 5057 389 5097 causa
415 5042 780 5107 dissolvendi,
813 5052 1020 5110 patrum
1059 5043 1212 5096 istius
1257 5043 1529 5096 societatis
1592 5043 1800 5110 placitis

221 5132 368 5185 haud
402 5131 562 5186 dubie
608 5131 1248 5200 obtemperans,aboleri
1288 5133 1411 5187 fecit
1456 5132 1680 5201 ejusque
1722 5134 1801 5188 rei

217 5221 406 5291 gratia
435 5221 598 5275 etiam
639 5221 782 5274 hunc
802 5221 1087 5288 Augustini
1118 5221 1311 5276 librum
1340 5223 1659 5279 Germanice
1682 5239 1803 5278 ver-

221 5313 358 5366 tisse
391 5309 642 5369 tratIitur.
674 5311 758 5366 Cf.
787 5310 1050 5365 Mercrius
1079 5314 1129 5366 in
1159 5313 1479 5368 Dictionario
1505 5316 1611 5386 (ed.
1635 5318 1799 5370 Amst.

221 5402 276 5452 in
293 5399 370 5454 Su
377 5396 538 5468 ppt.).
553 5398 784 5455 Tametsi
799 5415 930 5455 vero
945 5403 1209 5470 posterius
1230 5418 1471 5460 asserere
1489 5421 1592 5461 non
1608 5409 1800 5471 ausim,

221 5490 463 5542 arbitror
485 5497 686 5553 tamen,
720 5489 1002 5558 Augustini
1029 5493 1356 5547 sententiam
1392 5511 1420 5548 a
1445 5511 1623 5549 causa:
1648 5497 1804 5565 hujus

219 5579 470 5647 patronis
515 5575 677 5631 fuisse
708 5577 1028 5646 jactitatam,
1064 5581 1224 5652 idque
1264 5585 1435 5652 ipsum
1478 5586 1800 5641 Schilterum

218 5667 516 5728 impulisse
553 5680 662 5722 non
705 5676 762 5722 ut
790 5668 1110 5726 eludendam
1164 5671 1265 5728 sibi
1295 5682 1553 5738 sumeret,
1601 5676 1742 5738 quod
1763 5691 1802 5728 .a

1902 3256 2021 3309 quae
2043 3241 2105 3292 de
2144 3240 2278 3306 {acto
2301 3239 2571 3305 dicuntur,
2615 3254 2895 3308 perperam
2925 3241 2988 3292 de
2999 3243 3124 3310 jure
3154 3240 3476 3309 intelligere.

1898 3332 1955 3383 In
1986 3331 2157 3384 altera
2194 3344 2324 3384 vero
2367 3340 2520 3398 parte
2547 3332 2955 3396 controversiae,
2997 3348 3100 3400 qua
3130 3332 3196 3385 de
3223 3332 3343 3400 jure
3381 3332 3477 3386 ite-

1900 3433 2023 3472 rum
2081 3418 2338 3481 nubendi,
2389 3418 2436 3471 si
2491 3418 2687 3472 factum
2737 3430 2819 3474 est
2849 3421 3157 3484 divortium,
3192 3423 3477 3490 qumritur,

1900 3509 2255 3576 Augustinum
2290 3509 2412 3560 sine
2465 3523 2624 3561 causa
2663 3510 2731 3561 ab
2779 3512 2981 3578 apertis
3034 3511 3242 3565 Christi
3293 3512 3476 3566 verbis

1903 3598 2092 3654 Matth.
2127 3613 2180 3660 v,
2214 3596 2302 3660 52,
2329 3597 2630 3663 discedere,
2661 3600 2846 3668 eisque
2888 3602 2996 3653 vim
3048 3602 3247 3656 inferre
3295 3613 3479 3668 notat;

1902 3703 2022 3742 cum
2055 3703 2137 3750 ea,
2169 3703 2288 3754 qua:
2322 3687 2605 3755 particulis
2655 3689 2952 3756 exceptivis
2999 3691 3200 3758 regulae
3230 3693 3478 3746 eximuth

1905 3788 2012 3842 tur,
2067 3791 2171 3830 non
2226 3777 2276 3830 in
2309 3777 2418 3829 vim
2462 3777 2819 3847 exceptionis,
2875 3778 2970 3832 sed
3019 3780 3250 3848 exempli
3295 3781 3480 3836 valere

1905 3869 2056 3935 velit,
2083 3869 2254 3923 invito
2283 3885 2445 3924 sensu
2476 3871 3059 3934 eommuni,rectisque
3087 3872 3479 3941 interpretandi

1904 3960 2128 4028 regulis,
2158 3961 2222 4014 ad
2251 3959 2650 4027 Grammaticae,
2683 3961 2914 4031 Logiczr,
2964 3962 3326 4034 subjectaaque
3366 3979 3482 4019 ma-

1907 4051 2054 4105 teria:
2082 4052 2344 4120 principia
2373 4052 2664 4105 revocatis.
2689 4051 2873 4120 Neque
2907 4053 3143 4121 reliquas
3173 4054 3287 4122 ejus
3310 4055 3477 4109 ratio-

1907 4157 2004 4196 nes
2036 4142 2108 4195 ita
2139 4157 2258 4196 esse
2296 4153 2668 4210 comparatas,
2713 4153 2772 4196 ut
2797 4159 2897 4197 nos
2927 4154 3127 4214 cogant
3154 4145 3221 4198 ad
3261 4155 3483 4200 contor-

1909 4243 2016 4286 tam
2048 4234 2549 4302 interpretationem
2582 4233 2868 4288 verborum
2903 4237 3305 4304 perspicuorum
3345 4251 3479 4290 con-

1908 4325 2115 4393 fugere,
2141 4326 2354 4380 evoluto
2380 4326 2642 4396 cujusque
2670 4329 2969 4394 argumenti
3007 4327 3366 4397 paralogismo
3386 4327 3483 4382 de-

1911 4423 2196 4468 monstrat.
2231 4414 2356 4468 iImc
2386 4416 2498 4470 fere
2549 4425 2692 4481 sunt,
2739 4431 2856 4484 qua:
2906 4417 3074 4485 priori
3127 4417 3268 4471 libro
3297 4414 3481 4482 dispu-

1906 4513 2086 4558 tantur
2112 4512 2169 4557 et
2199 4511 2473 4557 notantur.
2506 4505 2696 4559 Altero
2730 4507 2869 4559 libro
2894 4507 3085 4560 eadem
3113 4505 3479 4559 controversia

1903 4597 2210 4660 discutitur,
2241 4611 2270 4649 a
2290 4596 2558 4650 Pollentio
2581 4598 2758 4651 denuo
2785 4607 2839 4652 et
2864 4598 3185 4651 luculentius
3210 4597 3476 4662 exposita,

1905 4689 2165 4756 novisque
2193 4686 2493 4740 rationibus
2532 4690 2756 4752 munita,
2798 4688 2994 4754 quibus
3031 4685 3359 4752 Augustinus
3388 4701 3481 4742 oc-

1905 4777 2092 4841 currit,
2137 4791 2392 4845 suamque
2432 4777 2758 4830 scntentiam
2809 4785 2988 4828 tuetur
3018 4783 3071 4826 et
3119 4773 3338 4838 expolit.
3374 4776 3480 4831 Do-

1905 4866 2178 4920 ctissimus
2209 4881 2337 4920 vero
2367 4865 2671 4920 Schilterus
2726 4874 2778 4916 et
2813 4863 2901 4914 hic
2950 4863 3304 4931 Augustinum
3349 4870 3481 4924 κατᾶ

1903 4957 2034 5013 πόδα
2061 4956 2325 5022 sequitur,
2347 4964 2401 5009 et
2425 4956 2548 5024 quid
2576 4956 2645 5007 sit
2674 4953 2724 5005 in
2753 4955 3144 5018 controversia,
3169 4956 3323 5025 cujus
3346 4973 3480 5018 non-

1906 5045 2053 5099 deris
2085 5046 2193 5098 sint
2220 5044 2455 5096 rationes
2485 5050 2578 5094 aut
2602 5043 2988 5110 responsiones
3023 5045 3224 5108 allatae,
3250 5062 3368 5114 qua:
3396 5050 3481 5101 in-

1904 5146 1987 5188 ter
2040 5148 2096 5187 se
2148 5139 2510 5186 consentanea
2561 5130 2667 5186 sint
2715 5139 2808 5185 aut
2851 5132 3218 5195 dissentanea,
3283 5150 3481 5205 magno

1901 5223 2105 5292 judicio
2128 5221 2432 5276 examinat:
2484 5222 2583 5275 sub
2637 5220 2799 5276 ﬁnem
2848 5238 2912 5276 ex
2967 5224 3059 5278 lib.
3092 5240 3129 5277 ιι
3180 5224 3474 5278 Retractat.

1908 5329 2027 5382 cap.
2057 5314 2124 5367 57
2151 5313 2468 5376 observans,
2503 5312 2554 5366 in
2584 5313 2699 5367 btec
2725 5315 2990 5368 sententia
3024 5317 3196 5382 ipsum
3240 5314 3337 5365 sibi
3371 5327 3477 5366 non

1908 5405 2037 5458 satis
2060 5403 2246 5466 fidere,
2280 5418 2378 5456 nec
2400 5403 2712 5458 satisfacere
2741 5403 3120 5472 Augustinum.
3154 5419 3172 5451 ι
3209 5401 3478 5455 Hactenus

1907 5496 2254 5562 Carpzovius.
2288 5496 2496 5560 Restat,
2540 5504 2597 5547 ut
2637 5496 3020 5554 observemus,
3069 5490 3344 5545 rarissime
3366 5492 3478 5560 jam

1910 5602 2196 5642 occurrere
2222 5588 2642 5644 Schilterianam
2675 5586 2813 5638 hanc
2861 5583 3116 5652 Opellam,
3147 5583 3343 5652 quippe
3374 5599 3479 5653 qua

1910 5687 2091 5734 nostra
2115 5680 2279 5733 etiam
2313 5677 2642 5731 Bibliotheca
2691 5683 2836 5729 caret
2865 5673 3120 5742 eujusque
3152 5675 3479 5731 mentionem
