3882 6322
547 335 645 392 163

1423 322 1976 382 SUPPLEMENTUM
2015 320 2105 375 AD

2215 316 2372 371 »ΕιιΑ
2409 286 2893 377 εῗᾹῦςυδτιΝι.
3658 332 3739 384 los

547 445 596 495 in
626 440 895 508 Catalogis
941 436 1327 506 prmeipuarum
1377 434 1846 497 bibliothecarum,
1895 440 2114 502 praeter-
2141 430 2193 490 Α
2219 430 2300 486 bis
2349 431 2598 487 finalibus
2639 441 2880 488 astruere
2932 432 3136 502 nititur,
3182 433 3234 489 in
3262 434 3452 504 quibus
3486 435 3652 490 omnia
3686 442 3739 494 ad

545 546 703 595 quam
738 533 788 581 in
828 528 1084 595 Catalogo
1117 527 1251 580 Bibl.
1304 526 1481 594 Regina
1527 525 1882 589 Parisiensis,
1919 523 2116 576 frustra
2220 525 2526 595 generalem
2558 541 2628 578 ex
2659 525 2822 578 illatis
2853 525 3250 580 conclusionem
3290 526 3528 593 apprime
3559 530 3742 598 conspi-

546 621 916 686 quaesivimus.

549 709 700 763 XXX
712 709 731 760 Ι
744 708 988 778 I.—-(98)
1005 709 1193 762 Contra
1205 709 1480 760 secundam
1492 705 1697 759 Juliani
1710 705 2112 769 responsionem,

917 801 1110 867 Operis
1148 799 1446 866 imperfecti
1471 800 1586 851 libri
1625 795 1718 849 VI.

619 894 775 947 1617.
825 892 1041 944 Lutetia:
1106 889 1308 956 Paris.,
1350 888 1490 955 apud
1537 886 1740 940 Sebast.
1791 882 2108 953 Chappelet,

545 982 714 1036 iii-8°.
751 999 769 1031 ι
807 981 864 1036 8.
895 980 1027 1034 Aur.
1059 977 1367 1047 Augustini,
1403 976 1664 1044 llipp.ep.
1704 984 1892 1027 contra
1921 987 2114 1026 secun-

545 1073 669 1127 dam
699 1071 900 1127 Juliani
932 1070 1360 1138 responsionem,
1393 1065 1584 1135 Operis
1626 1063 1950 1131 imperfecti,
1991 1061 2111 1116 libri

545 1147 650 1218 duo
680 1165 903 1232 priores.
933 1161 1084 1216 Nunc
1112 1161 1336 1227 primum
1369 1173 1437 1211 ex
1482 1155 1863 1222 manuscriptis
1911 1154 2114 1207 codici-

544 1254 644 1308 bus
669 1253 822 1308 editi.
846 1252 1077 1307 Additus
1094 1259 1174 1304 est
1194 1258 1248 1304 et
1263 1247 1505 1316 ejusdem
1538 1245 1822 1315 Augustini
1849 1245 1913 1296 de
1939 1241 2111 1297 Gesti:

545 1341 747 1410 Pelagii
776 1343 909 1395 liber
924 1351 1048 1394 ante
1071 1353 1271 1408 paucos
1294 1352 1464 1393 annos
1481 1337 1675 1391 editus.
1704 1334 1856 1392 Nunc
1876 1335 2108 1403 primum

544 1432 599 1484 in
653 1433 827 1486 lucem
867 1431 1046 1485 editus
1094 1446 1222 1485 cura
1263 1430 1342 1484 Cl.
1396 1429 1654 1493 Menardi,
1686 1427 1968 1498 Juliomagi
2000 1427 2110 1482 An-

541 1523 690 1575 dium
723 1523 1090 1590 propraetoris.
1124 1541 1142 1573 ι
1179 1522 1406 1586 Paucas,
1427 1521 1535 1575 ‘sed
1580 1521 1795 1574 selectae
1841 1519 2108 1573 doctrinm

543 1624 698 1667 notas
743 1613 915 1667 editor
960 1613 1101 1667 haud
1147 1613 1419 1667 inceleber
1457 1612 1707 1680 aspersit.
1763 1609 2104 1677 Nuncupavit

543 1713 719 1757 autem
744 1705 1152 1771 archiepiscopo
1195 1703 1536 1772 Lugdunensi
1579 1702 1834 1770 Dionysio
1865 1700 1930 1754 de
1968 1701 2105 1754 Mar-

2217 623 2358 668 rent.
2407 614 2693 667 Enimvero
2740 613 3075 667 Benedictini
3122 622 3267 668 tomo
3305 613 3374 679 Χ,
3405 629 3457 682 p.
3489 630 3542 680 ιι,
3591 618 3741 671 omnia

2218 702 2337 757 lucc
2356 718 2491 757 vana
2520 718 2640 758 esse
2665 704 3011 770 pronuntiant
3033 713 3193 772 atque
3214 703 3469 770 exemplis
3489 707 3741 760 contrariis

2218 796 2525 850 luculenter
2553 797 3009 851 demonstrarunt.
3041 796 3310 850 Prmmisit
3334 795 3508 850 editor
3533 795 3743 865 disputa-

2216 888 2420 941 tionem
2448 887 2515 942 de
2542 886 2754 941 Iuliano
2797 887 3022 955 ejusque
3052 888 3103 941 in
3148 887 3210 940 Β.
3269 885 3608 954 Augustinum
3635 886 3745 940 scri-

2215 977 2322 1044 ptis
2373 984 2429 1029 et
2475 977 2783 1030 testimonia
2821 987 3087 1045 veterum,
3121 976 3212 1046 qui
3257 976 3447 1030 borum
3489 989 3579 1029 sex
3605 974 3744 1029 libro-

2214 1082 2332 1120 rum
2365 1067 2725 1122 meminerunt
2752 1076 2806 1122 et
2834 1069 2980 1122 locos
3009 1082 3073 1122 ex
3099 1067 3169 1121 iis
3196 1065 3248 1121 in
3286 1079 3412 1121 suos
3447 1073 3745 1121 commenta-

2215 1157 2323 1212 rios
2353 1158 2668 1213 retulerunt.

2903 1249 3098 1305 Versio.

2284 1337 2442 1394 1736.
2474 1338 2652 1403 Paris,
2688 1336 2811 1392 dies
2855 1337 3043 1391 Franc.
3074 1339 3337 1408 Barbuty;
3364 1339 3538 1406 iit-i2,
3567 1336 3625 1392 II
3644 1337 3746 1391 toll.

2218 1446 2236 1479 ‹
2275 1428 2376 1482 Lcs
2399 1427 2458 1480 γι
2495 1429 2656 1483 livres
2691 1428 2757 1482 de
2782 1429 2841 1482 S.
2868 1430 3131 1498 Augustin
3157 1438 3344 1483 contre
3365 1427 3571 1494 Julien,
3597 1428 3752 1481 defen-

2210 1531 2334 1571 seur
2358 1518 2424 1572 de
2447 1518 2691 1573 l’bérésie
2722 1518 3056 1587 pélagiennc,
3081 1519 3305 1573 traduits
3335 1534 3400 1574 en
3423 1519 3653 1585 franoois
3678 1534 3751 1571 sur

2209 1610 2449 1664 l’édition
2477 1612 2570 1665 des
2602 1611 2704 1666 PP.
2736 1611 2823 1666 Bét
2850 1611 3101 1666 édictins.
3129 1631 3149 1664 ι

2312 1698 2593 1756 XXXIII.
2615 1730 2687 1741 —
2707 1701 2820 1772 (99)
2853 1700 3189 1754 Enchiridion
3216 1703 3285 1754 ad
3314 1701 3664 1754 Laurentium.

540 1801 799 1858 quemont
825 1807 911 1859 ep.
941 1792 996 1845 d.
1022 1793 1192 1860 pridie
1218 1771 1346 1847 non.
1366 1793 1502 1862 Aug.
1525 1792 1679 1846 1616.
1709 1792 1892 1844 Exstat
1917 1790 2103 1844 eadem
2134 1771 2181 1829 Β
2279 1791 2419 1845 Sac.
2450 1791 2563 1846 XV.
2585 1820 2657 1832 —
2684 1771 2811 1847 Sine
2835 1809 2972 1844 anno
2997 1801 3045 1845 et
3073 1794 3206 1859 loco,
3233 1792 3414 1862 iit-fol.
3440 1795 3568 1845 min.
3591 1792 3644 1846 S.
3669 1793 3753 1846 Att-

539 1882 703 1934 editio
742 1880 840 1934 hoc
871 1883 987 1949 ipso
1015 1898 1157 1937 anno
1181 1885 1247 1936 ab
1279 1884 1467 1937 iisdem
1515 1882 1857 1952 typograpbis
1895 1881 2107 1936 in-folio

541 1988 759 2024 excusa.
791 1972 870 2025 Cf.
904 1973 1012 2025 Cat.
1041 1973 1177 2026 Bibl.
1215 1974 1338 2042 Reg.
1363 1974 1537 2026 Paris.

611 2063 768 2116 1612.
819 2065 1050 2128 ιουαηίἱ,
1101 2065 1236 2133 apud
1278 2062 1480 2117 Cornel.
1513 2063 1905 2128 Cmrestenium,
1946 2065 1998 2116 in
2027 2063 2104 2115 4°.

539 2154 596 2206 8.
637 2155 764 2207 Aur.
805 2154 1088 2223 Augustini
1119 2163 1304 2207 contra
1346 2155 1633 2208 secundant
1659 2155 1857 2209 Juliani
1885 2169 2107 2222 respon-

543 2245 749 2297 sionem
771 2287 784 2310 ,
815 2245 1006 2310 Operis
1036 2244 1360 2312 imperfecti,
1393 2245 1516 2298 libri
1544 2244 1650 2298 duo
1677 2246 1902 2313 priores,
1945 2245 2104 2298 resti-

541 2330 640 2384 tuti
672 2347 699 2381 a
735 2331 791 2382 F.
824 2332 984 2383 Mich.
1025 2331 1316 2399 Paludauo,
1347 2332 1659 2386 Gandaven.
1693 2331 1756 2385 Ο.
1788 2331 2009 2384 Eretnit.
2043 2331 2100 2386 S.

540 2422 842 2486 Augustini.
873 2420 1278 2474 Prmmittuntur
1325 2421 1485 2475 iidem
1513 2422 1655 2488 libri,
1680 2422 1866 2492 quales
1891 2436 1921 2475 a
1946 2423 2100 2476 1617.

541 2508 757 2562 Parisiis
786 2509 912 2562 editi
944 2510 1111 2563 fuere.
1148 2511 1260 2563 Cat.
1299 2511 1435 2566 Bibl.
1471 2511 1714 2565 Casanat.

608 2629 676 2638 —
699 2600 914 2652 Lovanii
940 2600 1076 2670 apud
1106 2599 1358 2655 Iacobum
1385 2600 1602 2667 Gezers;
1636 2601 1794 2655 iit-4°.
1829 2622 1847 2654 ‹
1889 2602 1946 2657 8.
1973 2604 2101 2656 Aur.

540 2691 822 2761 Augustini
851 2690 976 2745 libri
1002 2691 1108 2746 duo
1139 2693 1366 2761 priores,
1398 2693 1587 2762 Operis
1618 2692 1942 2764 imperfecti,
1971 2709 2102 2748 con-

541 2796 619 2838 tra
647 2785 845 2839 Juliani
893 2783 1180 2838 secundam
1213 2784 1618 2853 responsionem
1649 2804 1661 2836 :
1695 2799 1761 2839 ex
1789 2785 2107 2840 recensione

533 2875 800 2929 Michaelis
833 2873 1116 2926 Paludani.
1156 2895 1174 2920 ι

2210 1884 2409 1953 guStini
2459 1883 2830 1938 Enchiridion.
2867 1882 3093 1938 Constat
3137 1884 3277 1939 foliis
3316 1883 3560 1938 XXXIII.
3604 1883 3750 1935 Exor-

2208 1976 2355 2027 dium
2401 1975 2544 2042 capit
2586 1975 2654 2028 ab
2694 1975 2811 2042 ipso
2850 1975 3028 2028 statim
3061 1976 3284 2044 prologo
3328 1975 3513 2029 verbis
3544 1991 3556 2024 :
3588 1970 3754 2036 Incipit

2206 2061 2334 2114 liber
2377 2061 2694 2115 enc'iiridion
2723 2054 2850 2116 ὥστε
2893 2062 3158 2132 augustini
3195 2061 3260 2115 de
3283 2061 3407 2128 fide,
3447 2077 3540 2130 spe
3569 2069 3613 2113 et
3649 2059 3753 2110 clm-

2207 2153 2376 2203 ritate.
2417 2150 2473 2205 In
2515 2151 2622 2205 line
2653 2159 2827 2204 textus
2859 2151 2971 2205 folii
3002 2167 3153 2219 xxxt,
3193 2152 3386 2219 pagina
3413 2164 3602 2203 aversa
3629 2166 3640 2200 :
3665 2145 3754 2200 Deo

2206 2243 2430 2310 gracias.
2489 2243 2644 2306 Dein,
2695 2253 2814 2312 post
2856 2242 3199 2311 capitulorum
3246 2243 3423 2295 titulos
3462 2241 3597 2296 folio
3633 2254 3754 2293 xxxn

2209 2333 2547 2400 incipientes,
2593 2331 2720 2385 folio
2751 2348 2922 2385 xxxttt
2973 2333 3160 2400 pagina
3205 2332 3375 2400 prima
3410 2347 3426 2387 :
3457 2331 3643 2385 Amen.
3675 2330 3756 2382 De-

2203 2424 2392 2478 scribit
2420 2422 2556 2477 banc
2585 2423 2877 2478 editiooem
2908 2424 3333 2491 antiquissimam
3376 2439 3508 2476 sane
3537 2424 3612 2476 cl.
3649 2422 3753 2475 See-

2203 2515 2372 2569 miller
2401 2515 2533 2569 fasc.
2563 2515 2604 2577 I,
2634 2531 2687 2584 p.
2706 2514 2806 2569 156
2831 2530 2938 2582 s-|.,
2969 2515 3110 2568 inter
3132 2528 3225 2567 eos
3253 2514 3421 2567 libros
3442 2513 3511 2566 de
3542 2525 3753 2580 quorum

2205 2604 2554 2674 typograpbis
2600 2620 2669 2658 ne
2714 2605 3027 2672 conjectura
3054 2604 3271 2672 quidem
3325 2603 3573 2670 experiri
3618 2616 3753 2654 ausus

2203 2704 2311 2748 est.
2337 2693 2491 2759 Quod
2531 2702 2746 2746 aetatem
2787 2692 3003 2756 attinet,
3048 2701 3174 2745 ante
3218 2705 3419 2743 annum
3448 2689 3591 2743 M77
3619 2705 3753 2742 excu-

2204 2799 2320 2839 sam
2358 2799 2479 2838 esse
2521 2798 2629 2838 non
2668 2783 2902 2849 dubitat,
2931 2781 3267 2848 litterasque,
3296 2781 3491 2850 quibus
3521 2795 3752 2849 expressa

1225 2870 1336 2920 Cat.
1372 2867 1505 2918 Bibl.
1543 2868 1665 2934 Reg.
1700 2866 1871 2918 Palis.
1910 2869 1965 2920 In
2012 2868 2112 2921 hac
2192 2885 2299 2940 est,
2331 2892 2436 2930 non
2469 2877 2645 2938 fusas,
2674 2873 2770 2926 sed
2801 2873 3034 2939 scalptas
3066 2871 3752 2940 preptcrinmquabilitatent

529 2963 810 3018 iteratione
859 2958 1052 3027 prioris
1106 2955 1357 3008 editionis
1425 2962 1598 3005 errata
1662 2958 1942 3005 innumera
1999 2954 2113 3006 sola
2193 2963 2294 3017 sibi
2351 2964 2520 3015 videri
2582 2962 2778 3025 edixit,
2821 2977 2988 3031 genus
3038 2971 3214 3016 tamen
3268 2977 3452 3016 earum
3503 2962 3754 3017 declarare

530 3052 838 3119 conjectura
887 3052 1128 3099 correcta
1171 3058 1310 3106 esse,
1345 3057 1410 3094 ex
1454 3041 1641 3094 ltiveto
1689 3050 1907 3094 mouent
1951 3039 2113 3097 Colo-

532 3141 765 3196 nienses.

2194 3052 2391 3104 oblitus
2429 3059 2531 3104 est.
2565 3050 2790 3104 Unicum
2831 3051 2899 3104 ab
2940 3064 3007 3104 eo
3046 3052 3497 3118 interpunctionis
3544 3053 3752 3122 signum,

2198 3150 2450 3209 punctum
2481 3154 2694 3206 nempe,
2728 3150 2888 3206 atque
2930 3139 2984 3192 id
3012 3139 3183 3207 ipsum
3220 3141 3496 3194 rarissime
3535 3140 3755 3194 observa.

606 3226 767 3282 1654.
813 3223 1030 3277 Parisiis
1070 3230 1237 3289 sumpt
1302 3219 1557 3274 Simeonis
1605 3195 1784 3287 Piget;
1829 3216 2004 3286 iit-fol.
2050 3217 2112 3274 8.

535 3316 822 3389 Augustini
855 3313 1094 3383 episcopi
1124 3309 1376 3366 catholici
1418 3317 1602 3363 contra
1640 3307 1906 3361 Julianmn
1946 3307 2112 3362 haere-

537 3409 701 3466 ticum
733 3407 1074 3477 Pelagianum
1105 3403 1286 3473 operis
1307 3400 1516 3474 perfecti
1546 3398 1668 3453 libri
1695 3412 1808 3452 sex.
1841 3398 1898 3452 In
1922 3398 2115 3468 Suppl.

537 3497 760 3557 Hieron.
797 3497 1046 3570 Vignerii.
1081 3495 1143 3550 T.
1171 3495 1234 3561 ll,
1261 3510 1313 3562 p.
1349 3490 1510 3547 1522.

609 3585 743 3638 Octo
802 3581 954 3635 libris
1010 3595 1144 3648 opus
1196 3579 1448 3632 secundae
1497 3577 1866 3647 reSponsionis
1914 3577 2111 3634 Juliani
2283 3577 3094 3647 Snc.XVl.—1527.Auguslaa
3121 3579 3378 3634 Vindelic.
3406 3595 3508 3636 seu
3529 3582 3756 3641 Colonia;

539 3676 841 3729 constabat.
895 3672 1024 3724 Eam
1079 3684 1206 3724 vero
1247 3669 1577 3738 Augustinus
1623 3671 1702 3724 sic
1751 3669 1987 3724 refutare
2021 3685 2112 3739 ag-
2215 3669 2374 3724 iii-8°.
2423 3671 2482 3724 S.
2531 3671 2664 3722 Aur.
2706 3670 2984 3737 Augustini
3037 3669 3384 3725 Enchiridion
3428 3672 3504 3728 de
3539 3673 3758 3727 Doctrina

540 3780 758 3832 gressus
787 3773 890 3828 eSt,
932 3768 990 3811 ut
1012 3759 1237 3826 singulis
1266 3759 1421 3811 libris
1443 3758 1636 3810 librum
1665 3768 1980 3826 opponeret.
2006 3759 2110 3813 Sed
2215 3761 2518 3814 Christiana
2549 3760 2614 3813 ad
2638 3760 2980 3815 Laurentium
3006 3761 3153 3814 urbis
3174 3761 3358 3814 Romae
3382 3763 3756 3830 primicerium,

2196 3235 2333 3280 tum.
2361 3227 2591 3281 Deerant
2631 3228 2782 3296 signa
2833 3228 3038 3295 qumvis
3077 3229 3388 3298 paginarum
3437 3227 3755 3286 foliorumre,

2197 3330 2296 3370 nec
2325 3331 2430 3369 non
2467 3315 2658 3369 litterae
2689 3317 2740 3368 in
2769 3317 2951 3379 tiales,
2992 3318 3165 3385 capita
3201 3328 3375 3371 tamen
3409 3332 3641 3372 numero
3671 3316 3756 3368 lto-

2195 3419 2357 3459 mano
2385 3404 2866 3474 distinguebantur.
2899 3406 3089 3459 Lineas
3117 3421 3212 3474 per
3238 3406 3487 3479 paginam
3534 3418 3756 3462 numera-

2199 3493 2288 3550 bat
2316 3495 2410 3550 34.

543 3863 714 3905 morte
752 3858 1066 3916 praeventus
1104 3847 1321 3899 nonnisi
1358 3861 1450 3900 sex
1492 3847 1662 3901 libros
1691 3849 1976 3903 absolvere
2018 3864 2112 3918 po-

543 3943 661 4005 tuit,
691 3950 847 4006 atque
871 3938 1181 4004 imperfecta
1205 3937 1341 3992 adeo
1370 3939 1482 3992 haec
1508 3939 1626 4007 ejus
1655 3942 1936 4008 responsio
1959 3957 2110 3994 man-

543 4032 633 4094 sit,
663 4041 718 4083 ut
747 4029 1023 4083 Possidius
1063 4029 1227 4082 etiam
1256 4038 1507 4084 testatur.
1547 4031 1622 4084 Ex
1666 4030 1750 4083 bis
1777 4031 1866 4085 diu
1894 4033 2107 4086 nonnisi

541 4123 645 4173 duo
696 4119 1030 4172 habebantur
1079 4120 1208 4174 editi
1254 4135 1350 4188 per
1398 4120 1582 4174 Claud.
1637 4119 1963 4173 Menardum.
2006 4120 2107 4173 Pa-

541 4211 634 4263 ris.
667 4210 823 4264 1617.
855 4209 1143 4264 Enimvero
1173 4224 1223 4264 a.
1254 4210 1391 4265 1651
1415 4210 1769 4280 Hieronymus
1808 4210 2018 4280 Vignier
2039 4226 2106 4265 ex

538 4301 664 4355 Soc.
695 4299 744 4353 .l.
778 4301 1142 4366 supplementis
1171 4301 1236 4356 ad
1266 4301 1531 4356 editiones
1567 4302 1984 4371 Augustinianas
2008 4317 2109 4356 an-

538 4393 762 4446 teriores
790 4390 898 4444 hoc
927 4405 1069 4444 anno
1100 4392 1262 4446 editis
1283 4392 1484 4456 clarus,
1523 4407 1628 4446 non
1669 4393 1839 4446 solum
1869 4384 2105 4461 quatuor

2216 3865 2313 3904 nec
2359 3866 2464 3903 non
2519 3850 2733 3904 libellus
2773 3851 2840 3904 de
2886 3853 3119 3905 essentia
3170 3851 3476 3905 Divinitatis
3522 3851 3756 3920 ejusdem.

2212 3940 2416 3994 Laudat
2453 3940 2744 3994 IIendreich
2784 3943 2838 3994 in
2888 3941 3056 3995 Pand.
3110 3941 3364 3995 Brandeb.
3417 3959 3470 4009 p.
3522 3944 3642 4005 3M,
3683 3939 3756 3994 sed

2213 4032 2348 4086 adeo
2379 4033 2717 4100 negligenter
2744 4031 2944 4096 locum,
2973 4032 3062 4086 ubi
3094 4033 3353 4101 impressa
3389 4033 3478 4096 sit,
3510 4035 3667 4088 editio
3697 4030 3755 4080 in~

2211 4124 2374 4188 dicat,
2419 4135 2476 4177 ut
2522 4125 2573 4178 in
2613 4124 2789 4178 medio
2838 4124 3156 4192 relinquam,
3201 4123 3489 4191 Augustam
3533 4139 3599 4177 an
3629 4121 3755 4174 Cola-

2211 4214 2348 4265 niam
2375 4215 2624 4266 voluerit.

2282 4303 2438 4358 1552.
2467 4302 2717 4366 Colonia,
2753 4319 2845 4371 ap.
2895 4301 3033 4355 Petr.
3080 4302 3282 4366 IIorst.,
3314 4303 3480 4355 iri-8°.
3511 4322 3530 4354 ι
3562 4304 3616 4357 8.
3648 4303 3752 4354 Aur.

2212 4393 2498 4462 Augustini
2529 4392 2876 4446 Enchiridion
2917 4391 2984 4445 de
3016 4391 3142 4457 fide,
3173 4406 3266 4458 spe
3295 4399 3348 4444 et
3370 4391 3650 4452 charitate.
3681 4401 3751 4439 ao-

534 4481 601 4535 de
631 4494 773 4533 novo
804 4494 869 4533 ex
890 4479 1075 4533 codice
1106 4495 1204 4534 ms.
1231 4450 1908 4538 abbatite'Clarrevallensis
1937 4486 2098 4549 eruit,
2133 4450 2184 4510 Β
2207 4450 2354 4538 cedit
2373 4483 2610 4552 ejusdem
2645 4482 2780 4536 liber
2808 4481 2874 4534 de
2905 4481 3036 4534 Fide
3057 4450 3414 4548 et'op'eribus.
3447 4498 3465 4530 ›
3503 4480 3613 4534 Cat.
3636 4450 3749 4529 Bibl.

535 4577 630 4630 sed
663 4575 769 4630 sibi
797 4574 955 4627 etiam
990 4572 1256 4639 persuasit
1283 4581 1337 4626 et
1376 4573 1492 4626 aliis
1515 4575 1842 4640 persuadere
1877 4586 2101 4630 conatus

533 4677 638 4730 cst,
681 4666 951 4734 integrum
989 4663 1137 4716 hisce
1180 4662 1246 4715 Vl
1289 4663 1439 4716 libris
1482 4665 1763 4730 Augustini
1799 4681 1933 4734 opus
1979 4681 2006 4718 a
2043 4683 2102 4721 se

535 4758 798 4812 exhiberi.
834 4754 1181 4822 Argumentis
1214 4754 1480 4817 utebatur,
1514 4755 1700 4821 primo,
1732 4756 1874 4822 quod
1923 4759 2100 4810 nullus

536 4861 565 4896 a
597 4858 654 4896 se
695 4843 969 4911 inspectus
997 4843 1070 4896 sit
1098 4842 1330 4911 Possidii
1370 4842 1558 4907 codex,
1616 4843 1666 4896 in
1697 4857 1802 4911 quo
1840 4860 1944 4898 vox
1972 4849 2095 4913 ista,

536 4931 912 4998 imperfectum.
959 4941 1166 4996 exstet;
1215 4932 1461 4994 secundo,
1501 4933 1641 5000 quod
1681 4934 1731 4985 in
1775 4948 1874 4988 ms.
1908 4935 2106 4990 Clara:-

537 5019 766 5074 vallensi
820 5029 973 5071 sexto
1026 5021 1241 5076 demum
1291 5023 1430 5078 libro
1477 5025 1664 5078 vocula
1713 5025 1945 5092 explicit,
1996 5043 2103 5081 non

538 5113 666 5163 item
715 5108 937 5171 reliquis
989 5108 1060 5160 sit
1098 5110 1296 5173 addita,
1327 5115 1467 5168 unde
1496 5115 1715 5185 colligit,
1749 5116 1907 5170 ﬁnem
1945 5119 2104 5174 totius

537 5201 717 5270 operis
766 5213 831 5253 eo
880 5198 1149 5263 tndicari;
1202 5204 1347 5255 tertio
1391 5208 1641 5275 denique,
1689 5209 1737 5263 id
1769 5211 1910 5279 quod
1949 5211 2105 5282 longe

535 5293 674 5347 foret
700 5287 1100 5359 gravissimum,
1126 5289 1168 5342 si
1196 5291 1497 5360 probasset,
1530 5308 1738 5352 sextum
1770 5301 1964 5355 librum
1998 5319 2104 5358 cm-

535 5384 663 5438 teris
692 5395 814 5436 esse
843 5379 1147 5448 longiorem
1188 5389 1350 5449 atque
1382 5391 1486 5436 tam
1513 5386 1711 5441 Juliani
1742 5390 2095 5457 invectiones,

533 5490 693 5536 quam
723 5469 1008 5540 Augustini
1052 5483 1308 5538 responsa
1355 5475 1568 5530 caeteris
1598 5479 1917 5546 prolixiora;
1967 5499 2101 5550 quo-

534 5567 673 5620 circa
721 5565 1016 5631 concludit,
1067 5565 1348 5633 probabile
1384 5567 1575 5637 videri,
1627 5582 1782 5627 sexto
1825 5574 1926 5629 hoc
1961 5576 2098 5631 libro

533 5671 638 5708 tres
661 5653 854 5708 Juliant
876 5655 1038 5708 simul
1066 5671 1185 5713 esse
1214 5658 1470 5716 collectos
1502 5661 1660 5730 idque
1688 5679 1753 5720 ex
1784 5666 1952 5733 ipsius
1979 5683 2096 5723 ver-

2209 4575 2382 4627 Tliou.

2280 4665 2441 4719 1575.
2491 4661 2745 4734 [Genera]
2771 4663 2911 4733 apud
2941 4662 3177 4716 Eustath.
3226 4661 3460 4732 Vignon;
3505 4661 3658 4713 iit-8°.
3701 4656 3750 4708 Ι).

2209 4758 2343 4810 Aur.
2395 4754 2675 4828 Augustini
2727 4753 3072 4807 Enchiridion
3121 4752 3186 4805 ad
3237 4751 3615 4816 Laurentium,
3658 4748 3749 4800 sire

2206 4858 2414 4898 summa
2445 4853 2501 4898 et
2530 4844 2799 4913 praacipua
2826 4843 2988 4896 totius
3016 4841 3342 4896 Christiana:
3383 4840 3651 4910 religionis
3675 4851 3749 4889 ca-

2209 4937 2341 5004 pita.
2395 4934 2556 4990 Liber
2601 4933 2920 4989 utilissimus
2959 4932 3025 4986 iis
3079 4932 3350 4996 omnibus,
3390 4932 3481 5000 qui
3523 4925 3748 4985 brevissio

2210 5043 2353 5082 mam
2388 5027 2789 5096 Augustinianm
2815 5025 3074 5078 doctrinae
3115 5023 3389 5091 epitomen
3423 5037 3488 5076 ex
3521 5023 3634 5090 ipso
3660 5018 3748 5070 Au-

2208 5121 2443 5188 gustino,
2484 5128 2539 5172 et
2583 5115 2796 5184 quidem
2831 5114 2940 5182 jam
2991 5128 3147 5177 sene,
3196 5113 3397 5167 habere
3443 5112 3744 5166 desiderant.

2210 5211 2390 5264 multis
2415 5207 2622 5263 mendis
2647 5215 2700 5261 et
2719 5206 3078 5275 glossematis,
3104 5203 3299 5270 quibus
3322 5212 3482 5256 antea
3508 5198 3746 5255 scatebat,

2210 5316 2274 5354 ex
2318 5299 2488 5352 veteri
2532 5296 2891 5364 manuscripto
2934 5303 3255 5362 repurgatus
3280 5301 3334 5346 et
3371 5284 3748 5346 commentariis

2207 5394 2524 5446 illustratus.
2559 5390 2659 5445 Per
2687 5389 2865 5442 Lamb.
2916 5388 3184 5440 Danaum.
3217 5385 3464 5441 Accessit
3498 5378 3643 5454 Operi
3667 5374 3747 5428 tris

2210 5484 2331 5552 plex
2359 5483 2539 5537 index.

2278 5577 2495 5631 Divinas
2556 5575 2712 5643 plane
2790 5571 3073 5640 Augustini
3142 5568 3464 5638 scriptorum
3546 5562 3744 5616 virtute:

2206 5669 2385 5724 Lamb.
2422 5667 2640 5722 Danaus
2675 5667 2726 5720 in
2755 5662 2978 5732 epistola
3006 5661 3335 5716 dedicatoria
3365 5659 3431 5714 ad
3472 5651 3747 5713 Edzardum
