3882 6368
197 321 294 376 163
1106 319 1375 375 NOTI'I'IA
1413 314 1828 372 LITTERARIA
1869 314 1935 368 IN
1975 315 2032 370 S.
2074 314 2521 372 AUGUSTINUM

189 438 388 494 Frisia
416 438 715 494 Orientalis
747 437 1040 506 principem
1074 438 1348 505 praedicnt,
1378 435 1610 503 indeque
1655 447 1776 500 pro—
1804 431 1857 491 Α

159 543 425 594 gressus
456 529 525 581 ad
547 528 803 596 querelas
825 526 894 580 de
926 526 1109 594 iniquo
1140 540 1323 578 eorum
1352 525 1511 592 paulo
1545 533 1656 591 post
1691 537 1784 576 an-
1958 518 2272 573 Demetrium
2293 517 2580 590 Cydoniam
2611 521 2662 574 in
2695 521 2928 575 Gra’cam
2952 523 3182 591 linguam
3211 529 3452 583 Enchiri-

143 620 374 671 eloris
402 621 492 670 sui
522 630 807 670 excessum
836 614 965 678 fato,
999 616 1124 666 dum
1154 614 1344 681 partim
1376 622 1673 680 temporum
1707 612 1786 663 in-
1886 610 2014 662 dion
2039 611 2328 676 Augustini
2360 610 2697 664 transtulisse
2737 613 2986 677 tradunt,
3022 615 3191 682 inquit
3221 616 3454 670 Possevi-

125 706 328 777 juria
385 705 629 775 perdita,
665 705 858 772 partim
899 703 1172 755 hominum
1217 702 1580 770 improborum
1622 700 1788 753 malev
1885 715 1981 752 nus
2009 699 2146 766 App.
2175 700 2262 764 S.,
2287 699 2348 753 T.
2377 701 2419 765 I,
2450 716 2502 767 p.
2549 702 2669 754 155.
2715 702 2818 756 Sed
2855 704 2996 758 unde
3025 705 3161 760 hanc
3211 709 3454 761 notitiam

120 797 437 852 volentia
472 802 730 863 corrupta
760 803 812 847 et
836 793 1161 860 interpolata
1189 792 1408 858 fuerint,
1433 805 1617 845 ansam
1646 788 1786 857 capit
1889 790 2125 842 hauserit
2147 797 2306 842 tacet.
2337 789 2490 842 Edita
2529 803 2680 846 certe
2721 792 2833 846 haec
2865 796 3038 848 versio
3061 811 3166 849 non
3196 807 3310 864 est,
3340 808 3392 852 et
3414 800 3458 853 si

115 900 422 956 operam
458 899 620 938 suam
668 892 958 950 utcumque
991 881 1425 949 commendandi,
1459 880 1654 950 quippe
1684 893 1786 948 qua
1889 879 2096 932 exsutit
2124 894 2410 947 umquam,
2436 881 2485 932 in
2507 879 2645 934 Bibl.
2681 880 2930 936 Vaticana
2968 886 3134 938 latere
3164 887 3457 942 etiamnum

110 994 142 1034 η
163 990 277 1029 on
320 974 534 1029 solum
563 974 851 1028 verborum
888 971 1114 1024 vulnera
1145 983 1388 1034 sanasse,
1419 970 1513 1023 sed
1538 967 1792 1038 Augusti-
1889 969 2053 1024 debet
2079 968 2177 1038 (a).
2223 971 2296 1022 Ex
2325 967 2543 1024 Gallicis
2574 973 2783 1027 duabus
2807 976 3029 1029 alteram
3063 975 3314 1031 Coltetetii
3349 979 3458 1046 jam

110 1088 144 1126 η
175 1081 301 1118 um
342 1066 545 1133 ipsum
573 1063 652 1117 sui
673 1071 858 1115 testem
884 1069 937 1113 et
959 1060 1313 1127 interpretem
1336 1059 1656 1128 produxisse
1676 1057 1788 1128 glo-
1888 1074 2072 1128 supra,
2097 1072 2219 1112 cum
2252 1058 2510 1113 librorum
2539 1061 2602 1113 de
2623 1059 2870 1116 Doctrina
2891 1061 3181 1118 Christiana
3201 1067 3462 1124 editione?

111 1160 385 1217 riatur.
432 1155 520 1208 De
551 1151 941 1219 manuscripto,
985 1164 1089 1219 quo
1123 1149 1189 1203 ad
1234 1148 1633 1204 emendandum
1678 1158 1793 1202 tex-
1890 1162 2336 1214 recenseremus,
2387 1152 2952 1207 commemoravimus.
2995 1154 3250 1224 Superest
3295 1157 3460 1211 altera

114 1262 280 1306 mm
347 1256 510 1296 usus
548 1243 639 1306 sit,
688 1239 818 1294 nihil
870 1239 1102 1307 amplius
1141 1239 1208 1293 ab
1258 1253 1324 1294 eo
1366 1239 1640 1308 proditum
1687 1248 1788 1292 est.
1890 1239 2100 1290 Antonii
2125 1238 2516 1307 Arnoldi,qute
2543 1241 2763 1308 prodiit.

118 1336 634 1398 Prmmittuntur
657 1344 786 1384 vero
809 1339 1005 1398 praeter
1034 1329 1231 1383 dictam
1263 1328 1572 1397 epistolam,
1601 1329 1663 1380 de
1690 1344 1790 1380 me-
1968 1327 2134 1384 1648.
2165 1328 2472 1395 Paris,chez
2492 1331 2682 1382 Anton.
2713 1330 2888 1386 Vitre:
2913 1333 2966 1386 in
3001 1334 3076 1387 8°.
3103 1336 3207 1390 «Le
3236 1336 3371 1391 livre
3399 1338 3466 1391 de

127 1426 340 1486 ιῙιοάο
392 1423 661 1476 librorum
694 1418 963 1489 Augustini
997 1428 1044 1472 et
1080 1420 1142 1470 de
1190 1433 1364 1471 eorum
1401 1417 1790 1471 evolvendorum
1891 1418 1948 1472 S.
1982 1418 2264 1489 Augustin,
2293 1419 2358 1474 de
2385 1420 2433 1473 la
2466 1419 2505 1474 F
2511 1435 2605 1491 0y,
2624 1421 2689 1476 de
2709 1422 3056 1492 I‘Esperance
3080 1434 3134 1478 et
3160 1426 3229 1480 de
3260 1428 3306 1478 la
3332 1426 3461 1480 Cha-

134 1517 400 1576 ratione
435 1512 744 1581 disputatio,
796 1524 895 1563 nec
939 1524 1044 1562 non
1087 1507 1459 1580 Prolegomena
1491 1508 1556 1562 ad
1598 1507 1786 1561 librutn
1893 1507 2013 1573 rité,
2042 1508 2326 1568 traduiten
2352 1510 2585 1576 francois
2607 1526 2704 1580 par
2729 1513 2948 1566 Antoine
2970 1515 3222 1581 Arnauld,
3245 1515 3463 1571 ductem

145 1605 423 1682 iamiam
479 1601 708 1670 editum,
750 1600 802 1652 in
833 1599 1027 1666 quibus
1056 1599 1119 1651 de
1150 1599 1322 1666 titulo,
1361 1598 1604 1664 utilitate,
1641 1604 1793 1651 tetate
1893 1598 1961 1652 de
1983 1598 2285 1664 Sorbonne,
2314 1614 2444 1654 avcc
2467 1600 2517 1655 le
2543 1602 2670 1655 latin
2704 1603 2934 1667 ensuitc,
2968 1619 3128 1659 reveu
3159 1620 3250 1658 sur
3274 1607 3354 1658 sia:
3374 1622 3463 1659 an~

157 1696 365 1766 operis
387 1708 457 1746 ac
481 1691 548 1745 de
573 1689 872 1754 Laurentio,
899 1687 965 1741 ad
982 1703 1130 1757 quem
1149 1687 1411 1757 dirigitur,
1439 1686 1711 1756 praecepit.
1733 1685 1790 1739 In
1894 1690 2044 1743 ciens
2072 1704 2234 1745 mss.)
2261 1691 2423 1744 Addit
2460 1691 2854 1746 llendreichius
2894 1693 3051 1761 hujus
3074 1695 3339 1750 versionis
3383 1711 3461 1750 rc-

167 1781 639 1844 Commentariis
662 1781 908 1848 dogmata
936 1792 1054 1831 cum
1079 1777 1492 1844 AuguStiniana,
1526 1785 1637 1830 tum
1669 1775 1790 1829 Cal-
1825 1783 1866 1842 Β
1896 1782 2184 1850 petitiones
2207 1797 2470 1837 annorum
2499 1785 2638 1838 1652
2665 1793 2719 1838 et
2748 1785 2907 1840 I656.

179 1877 535 1930 vinistarum
568 1872 827 1924 latissime
867 1869 1230 1936 explicantur,
1258 1877 1313 1922 et
1342 1867 1484 1936 quod
1519 1867 1620 1920 ista
1659 1874 1791 1919 aetas

1966 1873 2125 1928 1681.
2152 1873 2472 1940 ΚὶοὺεηΙιαυ,
2502 1876 2660 1929 iit-8°.
2689 1876 2829 1929 Idem
2857 1876 2988 1929 liber
3007 1875 3223 1940 Danice,
3261 1891 3464 1931 tovcrs.

193 1971 236 2022 in
297 1962 538 2018 deliciis
580 1961 780 2014 habere
838 1966 1108 2027 ceperat,
1169 1965 1357 2011 contra
1409 1956 1795 2012 dissentientes
1893 1963 2140 2031 aLHenr.
2177 1963 2444 2031 Olafsen.)
2476 1965 2559 2018 Cf.
2591 1963 2702 2018 Cat.
2730 1964 2865 2017 Bibl.
2896 1965 3068 2017 Tltott.

3351 327 3448 383 166

2526 430 2809 487 Versiones.

201 2066 437 2112 strenue
471 2051 861 2106 defenduntur.

261 2143 455 2198 1579.
503 2139 753 2212 [Genevw]
797 2139 935 2209 apud
979 2137 1129 2194 Eust.
1181 2138 1414 2210 Vignon;
1448 2139 1501 2191 in
1533 2136 1608 2192 8°.
1649 2136 1795 2191 Idem

210 2235 372 2298 liber,
412 2230 651 2287 secunda
679 2230 844 2284 editio
875 2237 1026 2283 aucta
1058 2238 1110 2283 et
1132 2227 1200 2282 ab
1229 2230 1349 2296 ipso
1388 2238 1611 2281 auctore
1644 2241 1796 2280 reco-

212 2336 457 2469 g|u1‘::83.
487 2412 715 2477 Genevte,
746 2411 922 2481 in-fol.
960 2409 1161 2464 Eadem
1205 2409 1332 2463 libri
1364 2409 1520 2478 hujus
1548 2409 1795 2462 recensio

213 2517 422 2559 recusa
445 2502 500 2556 in
524 2502 779 2570 opusculis
798 2499 1096 2569 theologicis
1114 2498 1294 2553 Lamb.
1325 2498 1507 2552 Dantei
1527 2512 1645 2568 past.
1667 2496 1771 2552 729

213 2593 349 2648 896.

289 2683 454 2737 1597.
498 2681 717 2745 Ibidem,
768 2678 930 2733 iit-8'.
979 2678 1179 2732 Eadem
1210 2679 1475 2734 recensio.
1519 2677 1798 2731 Laudante

213 2772 266 2825 Η
276 2773 582 2826 endreicltio
607 2771 657 2823 in
691 2769 859 2822 Pand.
888 2768 1147 2822 Brandeb.

283 2864 432 2917 Sic.
459 2860 623 2915 XVII.
645 2891 714 2900 —
737 2858 891 2914 1604.
913 2859 1240 2931 Witebergte,
1270 2866 1462 2927 sumpt.
1494 2855 1648 2909 Pauli
1671 2855 1801 2909 Ilel-

207 2955 392 3007 wichii
417 2953 552 3022 typis
588 2950 947 3016 Cratoniattis;
988 2949 1152 3004 iit-8°.
1191 2967 1210 3000 ί
1262 2950 1322 3002 D.
1366 2950 1496 3002 Aur.
1528 2948 1667 3016 Aug.
1696 2947 1803 3000 Ett-

209 3043 492 3098 eliiridion
522 3043 584 3095 ad
611 3043 958 3110 Laurentium
988 3042 1134 3094 urbis
1166 3041 1352 3094 Romae
1395 3040 1756 3108 primicerium
1783 3077 1799 3102 ,

1970 2053 2207 2106 Pertinet
2249 2052 2317 2106 ad
2366 2054 2507 2106 hunc
2550 2055 2833 2122 Augustini
2887 2054 3086 2108 librum
3135 2057 3466 2123 peculiariter

1893 2143 2210 2210 Opusculum
2248 2144 2453 2213 absque
2503 2145 2738 2197 auctoris
2779 2144 2997 2198 nomine
3026 2144 3126 2198 hoc
3166 2147 3318 2199 titulo
3363 2148 3466 2200 edi-

1895 2242 2007 2288 tum
2044 2252 2057 2288 :
2083 2233 2366 2303 Tlteologia
2395 2233 2608 2288 Moralis
2653 2233 2715 2289 S.
2745 2234 3042 2306 Augustini,
3084 2237 3135 2288 in
3164 2253 3267 2304 qua
3288 2252 3465 2306 prtere-

1898 2335 2039 2394 ptum
2064 2327 2126 2377 de
2149 2341 2323 2378 amore
2347 2323 2442 2378 Dei
2465 2327 2610 2394 plene
2641 2335 2999 2392 pertractatur,
3022 2335 3151 2387 etc.,
3183 2341 3284 2394 per
3314 2326 3376 2377 E.
3407 2327 3469 2382 B.

1898 2416 1960 2471 S.
1997 2416 2072 2468 Μ.
2102 2416 2167 2469 R.
2193 2415 2286 2480 D.,
2325 2416 2394 2470 de
2415 2431 2521 2485 quo
2547 2431 2597 2468 v.
2629 2415 2708 2469 Μ.
2733 2414 2872 2468 Bibl.
2919 2416 3062 2472 Eccl.
3090 2416 3202 2470 Col.
3251 2433 3301 2485 p.
3349 2416 3468 2472 744.

1899 2505 2166 2560 XXXIV.
2190 2536 2259 2546 —
2277 2507 2430 2577 (100)
2461 2505 2539 2559 De
2569 2503 2708 2560 Cura
2726 2524 2816 2576 pro
2838 2508 3049 2560 mortuis
3079 2509 3297 2576 gerenda
3328 2509 3468 2562 liber.

1969 2597 2128 2651 15i3.
2160 2594 2414 2658 Parisiis,
2457 2611 2519 2649 ra:
2559 2597 2758 2664 oﬁicina
2791 2596 3017 2649 Joannis
3043 2595 3276 2661 Patieri,
3310 2597 3469 2651 iit-8°.

1905 2687 1997 2738 ιῐ).
2026 2687 2308 2752 Augustini
2341 2686 2407 2739 de
2426 2685 2564 2738 Cura
2591 2701 2685 2753 pro
2709 2689 2939 2739 mortuis
2964 2689 3222 2753 gerenda,
3247 2687 3313 2738 ad
3340 2688 3468 2740 Pau-

1899 2774 2066 2827 linum
2089 2774 2223 2827 liber
2253 2789 2418 2836 unus;
2450 2773 2575 2825 item
2600 2774 2667 2826 de
2693 2774 3062 2842 Chry-Ostomi
3093 2775 3345 2836 Ilomilia,
3377 2776 3470 2829 La-

1903 2866 2052 2928 tine,
2097 2863 2237 2932 quod
2272 2879 2365 2932 pro
2409 2865 2676 2918 defunctis
2728 2865 3012 2934 lugendum
3065 2883 3169 2920 non
3215 2878 3333 2930 est,
3383 2870 3474 2922 sed

1901 2956 2217 3009 orandum.»
2254 2955 2422 3009 Maitt.
2454 2955 2514 3007 T.
2545 2956 2641 3020 Ill,
2674 2971 2724 3024 p.
2757 2972 2798 3022 ι,
2833 2975 2882 3025 p.
2916 2958 3042 3012 515.
3071 2958 3311 3012 Laudant
3345 2958 3464 3013 Cer-

1903 3047 2155 3099 manicam
2194 3046 2350 3110 hujus
2393 3046 2509 3100 libri
2539 3048 2865 3112 versionem,
2898 3059 3119 3102 auctore
3150 3048 3269 3102 Vito
3301 3049 3476 3102 Mileto

211 3148 456 3187 necnon
505 3131 717 3186 libellus
760 3131 827 3184 de
857 3130 1101 3184 Essentia
1133 3129 1431 3182 Divinitatis
1457 3168 1472 3192 ,
1522 3127 1612 3196 qui
1655 3128 1797 3181 inter

1916 3121 2381 3208 'Moguntaztsot
2411 3137 2669 3198 011651,
2713 3138 2864 3192 δικ-η
2888 3140 2906 3206 )
2952 3138 3208 3208 Lipenius
3257 3141 3309 3193 in
3340 3139 3475 3196 om;

209 3237 386 3290 opera
414 3221 695 3289 Augustini
719 3227 892 3274 exstat
919 3229 1064 3272 tomo
1094 3228 1286 3286 quarto
1317 3234 1331 3269 :
1356 3218 1409 3270 In
1429 3219 1656 3286 gratiam
1680 3227 1798 3270 stu-

211 3317 499 3369 diosorum
526 3312 808 3382 theologia:
829 3311 1052 3364 seorsim
1076 3309 1241 3374 edita,
1273 3325 1392 3363 cum
1427 3309 1702 3378 praemissa
1731 3307 1798 3361 ad

210 3409 469 3461 illustres
497 3414 551 3458 et
582 3417 873 3475 generosos
900 3403 1140 3455 Barones
1164 3440 1180 3468 ,
1209 3401 1364 3454 Dom.
1393 3400 1717 3454 Richardum
1746 3407 1803 3453 et

211 3500 380 3552 Dom.
426 3497 685 3552 Joannem
712 3512 742 3550 a
780 3494 1157 3549 Tschernemel
1185 3533 1199 3556 ,
1249 3494 1313 3547 de
1339 3499 1692 3560 vera'patrum
1720 3489 1802 3541 le-

213 3593 390 3641 ctione
417 3597 462 3640 et
484 3587 714 3641 lectionis
740 3585 957 3639 utilitate
978 3624 994 3649 ,
1039 3582 1352 3651 praefatione
1381 3593 1432 3635 et
1463 3581 1802 3636 dedicatione

218 3680 529 3732 Salomonis
558 3677 789 3740 Gesneri,
822 3676 1012 3730 Theol.
1042 3674 1277 3729 Witeb.»

303 3770 461 3824 16H.
490 3769 653 3838 Lugd.
685 3767 801 3821 But.
826 3807 842 3833 ,
892 3767 1070 3819 ἔνι-12.
1100 3765 1243 3819 Idem
1274 3765 1433 3818 liber.
1471 3763 1630 3817 Natat
1661 3762 1796 3816 Hen-

221 3861 404 3912 dreich
429 3861 482 3912 in
515 3859 684 3911 Pund.
717 3857 974 3911 Brandeb.
1009 3857 1045 3908 I.
1081 3856 1118 3909 I.

307 3950 462 4004 1656.
513 3947 752 4012 Ηειηιδι.,
785 3947 949 4001 iit-4°.
1013 3947 1153 4000 Idem
1210 3947 1365 4000 liber.
1418 3945 1707 3998 llendreich
1748 3945 1801 3997 in

229 4040 409 4092 Pand.
441 4039 700 4092 Brandeb.
731 4038 833 4092 Sed
864 4039 915 4091 in
941 4037 1022 4090 bis
1046 4037 1294 4089 omnibus
1317 4035 1451 4087 adeo
1479 4032 1806 4087 desultorins

227 4137 323 4183 est
350 4130 448 4183 viri
475 4129 632 4196 hujus
673 4129 843 4194 labor,
878 4134 955 4188 ut,
987 4127 1230 4195 quamvis
1261 4123 1539 4192 providus,
1575 4132 1805 4174 metuam

232 4230 435 4285 tamen,
459 4235 526 4274 ne
549 4218 690 4273 male
720 4233 842 4272 eum
886 4215 1273 4269 intellexerim.
1305 4212 1507 4266 Vereor
1536 4226 1603 4265 ne
1626 4251 1641 4275 ,
1666 4210 1807 4278 quod

230 4309 372 4364 banc
402 4309 695 4363 editionem
734 4308 925 4361 attinet
945 4346 961 4370 ,
991 4306 1043 4359 in
1087 4319 1273 4359 errore
1297 4313 1568 4367 versetur,
1598 4301 1809 4357 diversa

1906 3225 2086 3280 Theot.
2116 3227 2177 3279 T.
2209 3226 2272 3292 ll,
2302 3245 2353 3293 p.
2381 3226 2505 3291 529,
2539 3227 2600 3278 T.
2629 3226 2667 3290 I,
2699 3241 2755 3294 p.
2782 3227 2911 3292 498,
2936 3235 2989 3282 et
3016 3243 3079 3282 ex
3107 3244 3172 3282 eo
3191 3230 3477 3284 Colonien-

1902 3329 2028 3380 ses,
2076 3316 2215 3385 apud
2247 3331 2381 3384 quos
2426 3325 2683 3386 praeterea
2733 3317 2975 3386 egregias
3021 3319 3277 3386 quasdam
3319 3334 3476 3387 super

1900 3405 2181 3477 Augustini
2223 3409 2290 3462 de
2320 3409 2548 3461 mortuis
2590 3417 2645 3460 et
2673 3417 2984 3461 sanctorum
3021 3408 3171 3461 cultu
3212 3411 3475 3462 sententia

1901 3497 2307 3552 observationes
2333 3511 2401 3550 ex
2425 3498 2703 3550 doctorum
2733 3496 3107 3564 theologorum
3135 3497 3350 3564 scriptis
3367 3497 3477 3550 col-

1903 3587 2074 3644 lectas
2106 3588 2160 3637 h.
2188 3585 2223 3637 l.
2261 3585 2533 3637 invenies.

1904 3674 2137 3729 XXXV.
2166 3705 2236 3714 —
2262 3677 2279 3743 (
2309 3673 2450 3739 102)
2483 3673 2679 3742 Regula
2714 3673 2783 3725 ad
2822 3687 2989 3724 servos
3016 3671 3142 3735 Dei,
3176 3685 3270 3725 seu
3301 3671 3481 3724 verius

1983 3769 2176 3836 Regula
2224 3763 2714 3821 Sanctimonialibus
2770 3764 2962 3830 scripta
2991 3804 3006 3828 ,
3062 3761 3191 3816 alias
3241 3761 3480 3830 Epistola

1978 3855 2141 3910 CCXI
2175 3856 2250 3908 vel
2277 3854 2424 3909 CIX.

1980 3945 2273 3998 Bernardus
2310 3944 2598 4013 Vindingus
2628 3952 2682 3997 et
2712 3943 2937 4014 Prosper
2973 3944 3292 4009 Stellartius,
3327 3943 3483 3997 ambo

1905 4051 1970 4090 ex
2000 4035 2198 4088 familia
2226 4034 2634 4103 Augustiniana,
2663 4035 2821 4102 primi
2843 4033 3116 4098 viderunt,
3149 4034 3398 4103 Regulam
3418 4035 3483 4086 ad

1906 4142 2071 4178 servos
2100 4123 2194 4177 Dei
2218 4139 2283 4177 ex
2314 4125 2538 4192 epistola
2572 4125 2779 4177 laudata
2818 4123 2981 4178 fuisse
3002 4124 3372 4192 depromptam
3399 4124 3482 4177 vi-

1909 4218 2088 4284 risque
2111 4222 2367 4283 aptatam.
2389 4214 2527 4278 Quo,
2545 4214 2738 4282 quibus
2761 4213 2810 4266 id
2841 4214 3040 4267 factum
3063 4215 3130 4267 sit
3155 4215 3486 4280 auctoribus,

1910 4306 2202 4376 ignoratur.
2238 4303 2347 4359 Sed
2381 4315 2589 4358 mature
2619 4304 2905 4358 admodum
2938 4305 3138 4358 factum
3169 4319 3289 4359 esse
3319 4319 3486 4372 appa-

235 4398 516 4468 Angustiui
550 4399 747 4467 scripta
773 4439 787 4462 ,
815 4395 1165 4451 Enehiridion
1195 4394 1462 4447 Doctrinae
1491 4392 1811 4447 Christianas
1914 4405 2017 4448 ret.
2069 4396 2370 4448 Observant
2411 4397 2552 4449 enim
2601 4394 2935 4449 Benedictini
2959 4438 2973 4461 ,
3013 4410 3131 4449 eam
3164 4396 3488 4463 perantiquus
3524 4424 3527 4426 -

236 4503 359 4549 cum
401 4489 552 4543 libris
575 4487 642 4542 IV
665 4487 732 4542 de
776 4487 1026 4541 Doctrina
1067 4484 1369 4540 Christiana
1398 4525 1412 4552 ,
1459 4500 1508 4537 a.
1543 4485 1679 4538 1655
1714 4485 1813 4539 hac
1838 4473 1888 4532 D
1915 4485 2262 4538 'l‘arnatensis
2289 4485 2484 4551 regula:
2507 4485 2841 4553 potissimam
2872 4493 3077 4553 partem
3108 4483 3284 4538 facere
3307 4493 3358 4535 et
3379 4483 3489 4535 lau-

238 4575 408 4630 l‘orma
439 4577 761 4631 Ilelmstadii
791 4577 981 4641 editis,
1028 4574 1386 4629 confundens.

321 4666 475 4723 1665.
505 4666 704 4731 Parim,
726 4667 865 4734 apud
890 4665 1073 4734 Steph.
1103 4666 1372 4735 Loyson...
1408 4664 1683 4734 Augustini
1709 4664 1817 4719 Ett-

241 4755 506 4810 chiridion
560 4757 626 4811 ad
677 4756 1019 4809 Laurentium
1070 4755 1142 4815 ν,
1195 4756 1377 4807 Romae
1428 4754 1811 4823 primicerinm.

243 4845 402 4898 Exst.
433 4849 482 4899 in
507 4863 655 4917 apere
677 4846 951 4914 Spirituali
994 4862 1020 4897 a
1043 4861 1164 4914 pag.
1202 4845 1323 4899 I29.

319 4935 454 4989 Sic.
478 4936 663 4990 XVIII.
695 4967 765 4977 —-
790 4935 943 4989 1705.
971 4934 1156 5006 Lipsia:
1182 4974 1196 4998 ,
1229 4945 1417 5003 sumpt.
1443 4932 1599 4987 Joan.
1636 4933 1819 4986 Heini-

245 5025 344 5078 ehii
367 5029 550 5090 vidum,
579 5027 757 5079 litteris
781 5025 868 5079 Jo.
902 5025 1080 5081 Heinr.
1114 5026 1362 5089 Ricltteri,
1392 5024 1555 5078 iit-8°.
1589 5025 1651 5077 D.
1684 5028 1812 5078 Aur.

246 5116 381 5185 Aug.
409 5116 760 5171 Encbiridion
799 5117 864 5169 ad
896 5116 1276 5176 Laurentium.
1314 5116 1458 5168 urbis
1495 5114 1678 5168 Romae
1711 5115 1820 5183 pri-

247 5205 531 5259 micerium
555 5247 570 5272 ,
598 5207 649 5259 in
683 5221 836 5258 usum
867 5206 1119 5258 studiosa:
1143 5205 1456 5272 juventutis,
1479 5220 1598 5258 cum
1624 5205 1816 5272 prmia-

250 5295 390 5350 tione
417 5295 479 5348 de
514 5296 687 5348 studio
729 5295 1010 5363 theologica
1043 5293 1110 5347 D.
1145 5295 1324 5347 Adami
1359 5294 1701 5363 [iet/tenbrrgi
1729 5309 1815 5348 re-

249 5395 369 5438 CIJSII
380 5401 432 5439 m
443 5426 455 5438 .

311 5587 388 5655 (a)
422 5583 816 5642 IIendreichius
844 5586 899 5640 in
932 5585 1102 5640 Pand.
1135 5585 1384 5655 Brandeb.
1412 5601 1463 5654 p.
1496 5585 1601 5640 342
1624 5599 1810 5638 manu-

246 5652 502 5716 scriptam
545 5656 802 5712 Demetrii
840 5655 1142 5714 versionem
1188 5652 1388 5718 laudat,
1415 5652 1649 5710 adducto
1680 5663 1816 5710 teste

1913 4571 2028 4625 dari
2059 4571 2112 4625 in
2143 4570 2439 4640 Concordia
2471 4574 2772 4641 regularum
2796 4588 2825 4626 a
2848 4573 3137 4627 Benedicto
3158 4571 3366 4624 Aniauo
3395 4570 3489 4624 ab-

1916 4662 2038 4716 bate
2067 4670 2122 4716 et
2147 4663 2198 4715 in
2227 4661 2413 4716 codice
2442 4662 2602 4716 etiam
2631 4661 2940 4717 Corbeiensi
2964 4702 2978 4726 ,
3015 4661 3162 4713 mille
3188 4673 3447 4712 annorum
3475 4699 3490 4723 ,

1916 4753 2045 4806 viris
2070 4752 2549 4819 accommodatam,
2583 4765 2634 4808 et
2663 4770 2781 4808 cum
2811 4768 2872 4807 ea
2902 4768 3019 4819 qua:
3049 4749 3357 4802 inscribitur
3397 4749 3492 4804 Ite-

1918 4842 2039 4910 gula
2061 4844 2317 4908 secunda,
2352 4845 2403 4898 in
2436 4861 2597 4898 unum
2639 4859 2834 4913 corpus
2861 4850 3193 4909 compactam
3222 4842 3489 4897 exhiberi.

1919 4933 2235 4988 Tenendum
2275 4944 2360 4989 est
2402 4947 2610 4997 autem,
2656 4935 2755 4985 hac
2787 4933 3230 4986 transmutatione
3259 4933 3491 5001 priorem

1921 5024 2163 5092 epistola:
2189 5033 2393 5090 partem
2419 5038 2448 5075 a
2475 5022 2654 5075 verbis
2678 5019 2969 5074 initialibns
2993 5037 3007 5072 :
3043 5019 3188 5074 Sicut
3214 5031 3398 5092 parata
3423 5033 3494 5074 est

1921 5115 2175 5176 severitas,
2199 5125 2327 5178 ctc.,
2359 5127 2524 5181 usque
2544 5111 2610 5164 ad
2641 5111 2751 5177 illa,
2786 5110 2890 5167 Sed
2912 5111 3080 5181 potius
3111 5113 3364 5180 lacrymas
3395 5109 3492 5164 I’e-

1924 5207 1989 5257 rri
2016 5204 2251 5272 pastoris,
2285 5203 2498 5270 penitus
2525 5217 2643 5257 esse
2669 5203 2930 5270 abjectam
2965 5220 2978 5254 :
3009 5202 3162 5270 cujus
3184 5201 3303 5255 loco
3331 5213 3495 5267 pauca

1926 5299 2041 5349 lure
2087 5295 2333 5362 praemitti
2380 5294 2552 5347 solent
2586 5293 2850 5347 adscititia
2886 5309 2899 5344 :
2932 5293 3060 5346 Ante
3091 5293 3290 5354 omnia,
3314 5291 3495 5358 fratres

1924 5385 2230 5446 elmrissimi,
2265 5383 2513 5454 diligatur
2534 5383 2692 5450 Deus,
2726 5382 2908 5436 deinde
2929 5383 3191 5451 proximus
3211 5420 3225 5445 ,
3254 5378 3372 5444 quia
3401 5375 3496 5428 ista

1909 5544 2222 5654 'ﬂottmgeeo
2247 5583 2298 5654 in
2331 5581 2722 5637 Bibliothecario
2757 5597 2807 5650 p.
2831 5577 2958 5633 571.
2993 5575 3096 5631 Ubi
3123 5582 3304 5633 tamen
3327 5573 3495 5629 altum

1923 5655 1990 5708 de
2020 5667 2080 5708 ea
2110 5653 2406 5708 Silentium.
