3882 6322
523 340 618 394 lli?
1394 327 1947 388 SUPPLEMENTUM
1988 328 2079 382 AD
2117 327 2345 381 OPERA
2388 276 2873 383 SfAUGUSTINl.
3646 328 3729 382 168

520 462 772 523 praecepta
817 460 933 504 sunt
980 447 1327 520 principaliter
1384 447 1529 499 nobis
1573 444 1715 499 data.
1768 444 1941 512 Atque
1995 441 2094 496 hac
2120 441 2290 523 A'fol.
2320 457 2525 496 cumt
2561 443 2743 496 excusi
2774 449 2900 495 sunt
2928 440 3282 495 Commentarii
3330 439 3583 493 Ambrosii
3622 439 3734 496 Cho-

522 543 688 597 forma
718 541 915 610 sacpius
942 539 1230 608 separatim
1277 536 1343 590 ab
1371 534 1604 603 Operum
1645 530 2059 587 collectionibus
2079 570 2093 595 ,

521 637 591 689 ita
630 645 684 689 ut
716 635 797 687 vel
845 634 957 687 sola
1017 629 1240 699 adjectis
1270 627 1519 682 nimirum
1564 623 1803 694 Hugonis
1838 622 1901 675 de
1926 620 1964 677 S
2006 619 2098 673 Vi-

523 734 660 777 ctore
700 731 790 776 aut
834 721 1127 775 Lairveltsii
1162 718 1563 775 commentariis
1587 715 1835 768 volumen
1864 711 2093 770 efficiat.

523 814 612 869 vel
657 828 778 867 cum
808 813 927 866 aliis
973 811 1179 865 ordinis
1226 805 1597 878 Augustiniani
1628 800 2097 858 constitutionibus

525 892 717 959 excusa
750 912 852 958 est.
884 903 985 957 Sed
1006 917 1126 956 cum
1152 900 1409 954 latissime
1433 898 1519 951 hic
1544 895 1677 949 ordo
1700 899 1891 962 pateat,
1916 899 2099 958 totque

523 994 752 1048 diversa:
775 1008 842 1047 eo
862 992 1077 1047 nomine
1097 987 1619 1057 comprehendantur
1634 980 2096 1050 congregatioues,

523 1102 752 1156 quarum
779 1086 1017 1139 omnium
1054 1082 1465 1137 constitutiones
1487 1119 1503 1144 ,
1550 1092 1670 1146 qua:
1712 1074 1828 1143 plus
1854 1072 2099 1125 minusve

529 1177 665 1231 hanc
699 1175 935 1246 regulam
979 1171 1302 1240 respiciunt,
1343 1168 1539 1235 smpius
1576 1164 1791 1234 quidem
1830 1171 1953 1214 sunt
1996 1161 2099 1212 im-

526 1280 727 1334 pressa:
754 1305 767 1328 ,
800 1264 896 1317 sed
926 1271 1112 1315 natura
1135 1273 1229 1313 sua
1258 1270 1545 1325 paucorum
1583 1251 1829 1305 manibus
1856 1256 2102 1303 teruntur

525 1364 580 1408 et
607 1354 718 1407 fere
742 1353 1102 1406 delitescunt:
1135 1346 1479 1414 intelligitur,
1531 1356 1689 1411 quam
1724 1339 1987 1394 lubricum
2032 1335 2102 1389 sit

529 1454 836 1498 accuratum
866 1450 957 1494 aut
985 1440 1203 1508 plenum
1248 1436 1525 1490 editionum
1564 1431 1721 1501 hujus
1754 1429 1941 1499 regulae
1967 1424 2102 1479 indi-

525 1551 644 1591 cem
684 1542 993 1588 contexere.
1024 1528 1284 1598 Equidem
1325 1524 1524 1594 oppido
1567 1535 1764 1595 paucas
1808 1520 1924 1589 ipse
1950 1514 2099 1579 vidi,

528 1639 628 1679 nec
655 1637 810 1692 quos,
842 1620 1181 1675 cessantibus
1207 1617 1333 1680 illis,
1353 1614 1500 1682 sequi
1526 1610 1819 1680 potuissem
1844 1604 2100 1659 nobilium

528 1714 974 1770 bibliothecarum
996 1710 1295 1777 scriptores
1322 1706 1451 1760 satis
1476 1704 1613 1759 fidos
1634 1704 1734 1756 hac
1760 1701 1815 1754 in
1835 1711 1897 1752 re
1913 1708 2103 1763 exper-

2197 532 2388 586 riolani
2409 533 2462 585 in
2490 535 2704 603 primam
2729 531 2953 602 regulam
2980 530 3138 584 sancti
3158 530 3433 600 Augustini
3452 545 3571 584 cum
3591 531 3733 587 tribus

2197 620 2315 689 ejus
2342 623 2394 674 in
2428 620 2609 675 laudes
2648 630 2703 674 et
2744 620 3015 673 doctrinas
3052 620 3306 689 quasdam
3336 619 3496 688 hujus
3528 619 3734 676 doctoris

2198 713 2552 766 orationibus.
2584 712 2853 775 Praefatio,
2880 726 3000 781 quae
3030 711 3150 764 huic
3178 710 3315 780 parti
3347 710 3444 763 fol.
3474 725 3612 776 cxtx,
3638 728 3735 783 pag.

2199 802 2366 855 altera
2420 802 2760 869 praemittitur
2814 801 3023 854 Oliverii
3068 800 3237 855 Servii
3283 798 3645 854 Tholentinatis
3684 802 3735 855 ad

2199 892 2545 947 Guillermum
2588 894 2650 947 de
2690 889 3027 947 Estoutevilla
3068 893 3363 962 episcopum
3405 890 3667 945 Ostiensem
3706 902 3743 944 et

2200 984 2534 1050 cardinalem,
2557 984 2608 1037 in
2632 998 2731 1049 qua
2761 999 2818 1038 se
2847 984 3076 1052 primum
3100 982 3216 1034 hmo
3239 980 3394 1033 foras
3416 981 3616 1033 mittere
3634 981 3744 1033 scri-

2202 1074 2301 1140 bit,
2326 1074 2392 1128 ad
2423 1074 2607 1140 aliam,
2632 1089 2751 1143 qum
2780 1073 2916 1127 banc
2943 1071 3305 1141 praecesserit,
3335 1070 3615 1125 editionem
3641 1086 3744 1139 spe-

2203 1174 2351 1219 ctare
2377 1164 2608 1219 videtur.
2639 1164 2907 1219 Caeterum
2952 1162 3141 1215 sedulo
3186 1170 3410 1215 cautum
3448 1168 3529 1213 est
3564 1174 3591 1211 a
3627 1168 3746 1228 typo-

2202 1256 2421 1325 graphis
2446 1296 2460 1319 ,
2506 1270 2573 1309 ne
2594 1268 2793 1307 vacuas
2834 1251 3049 1321 paginas
3092 1250 3483 1313 admitterent;
3522 1251 3742 1318 quocirca

2204 1344 2423 1413 passim,
2454 1343 2617 1397 veluti
2646 1342 2737 1396 fol.
2773 1357 2867 1395 vttt
2897 1342 3084 1410 pagina
3111 1340 3302 1404 altera,
3340 1352 3442 1393 nec
3462 1351 3563 1391 non
3590 1337 3747 1391 eadem

2204 1438 2394 1503 pagina
2423 1435 2581 1497 tituli,
2610 1434 2734 1489 item
2763 1433 2935 1503 prima
2964 1432 3055 1485 fol.
3086 1447 3211 1486 cst:
3245 1431 3531 1499 Augustini
3554 1431 3748 1498 efﬁgiem

2204 1525 2350 1595 ligno
2373 1525 2689 1592 impressam
2708 1523 2931 1578 videbis.
2956 1520 3201 1576 Conferri
3223 1522 3390 1575 etiam
3411 1521 3478 1574 de
3504 1519 3599 1574 hoc
3616 1533 3751 1587 opere

2205 1616 2403 1684 poterit
2426 1615 2603 1668 Braun
2637 1614 2767 1669 Not.
2801 1613 2875 1670 Η.
2907 1614 3040 1685 Lit.,
3071 1613 3132 1667 T.
3162 1613 3227 1679 ll,
3255 1628 3379 1683 pag.
3416 1612 3539 1666 195.

2278 1706 2437 1762 1500.
2487 1706 2714 1760 Venetiis
2737 1745 2752 1768 ,
2792 1706 3039 1773 impensis
3065 1703 3303 1770 Giuntw,
3334 1712 3448 1757 arte
3481 1700 3685 1755 Joannis
3705 1700 3753 1751 de

532 1818 617 1861 tus
646 1820 786 1860 sum.
818 1803 1023 1871 Collegi
1058 1812 1258 1863 tamen,
1290 1807 1550 1867 quantum
1583 1794 1763 1865 potui,
1794 1802 1955 1859 atque
2000 1787 2102 1839 hoc

2227 1797 2397 1865 Epiro;
2424 1798 2592 1850 ἔνι-4ο.
2614 1798 2671 1853 8.
2696 1796 2978 1865 Augustini
3004 1796 3205 1865 Regula
3227 1810 3332 1849 una
3362 1809 3485 1848 cum
3507 1792 3621 1846 Vita
3641 1790 3749 1857 ejus.

530 1896 723 1951 saltem
748 1901 1025 1947 assecutus
1052 1891 1183 1944 mihi
1213 1889 1419 1954 videor,
1459 1897 1554 1952 ut,
1599 1884 1744 1956 quod
1791 1880 1931 1937 desit
1957 1920 1971 1945 ,
2013 1884 2107 1930 aut
2207 1886 2351 1941 lnler
2386 1887 2607 1956 Regulus
2640 1895 2860 1956 quatuor
2881 1886 3101 1955 primum
3132 1884 3478 1954 approbatas,
3502 1881 3569 1936 de
3591 1879 3751 1949 quibus

533 1989 712 2041 minus
740 1995 884 2041 recte
913 1999 973 2038 se
1006 1984 1217 2047 habent,
1250 1982 1294 2034 si
1325 1980 1457 2033 tanti
1488 1986 1708 2048 putatur
1736 1975 1803 2028 ab
1830 1972 1951 2027 aliis
1979 1983 2107 2037 sup-

533 2078 671 2147 pleri
698 2086 789 2130 aut
814 2074 1006 2142 corrigi
1038 2073 1245 2127 facilius
1268 2070 1443 2139 possit
1474 2066 1572 2139 (a).

608 2170 748 2225 Sic.
780 2167 899 2222 XV.
925 2194 997 2205 -—
1024 2164 1182 2219 1481.
1212 2163 1386 2215 Roma:
1412 2201 1426 2225 ,
1464 2158 1644 2228 in-{oL
1670 2154 1875 2226 Regula
1908 2152 1967 2207 S.
2001 2151 2110 2204 Au-

538 2259 736 2331 gustini
780 2272 902 2312 cum
940 2253 1345 2309 Commentario
1380 2249 1633 2305 Ambrosii
1670 2244 1954 2302 Coriolani.
2005 2240 2109 2294 0r-

538 2350 683 2403 landi
712 2362 833 2433 pag.
863 2345 970 2399 284
988 2356 1042 2397 et
1071 2343 1195 2397 516.

610 2420 770 2491 “9'0.
820 2436 1155 2504 Argentinae,
1194 2447 1288 2500 per
1335 2428 1621 2482 Martinam:
1661 2423 1891 2485 Schott.;
1928 2418 2107 2488 in—fol.

540 2528 786 2584 Cauones
806 2524 1007 2579 Aurelii
1038 2522 1310 2594 Augustini
1348 2523 1505 2592 juxta
1536 2516 1790 2587 triplicem
1820 2527 1972 2584 quam
1998 2510 2112 2563 edi-

541 2623 617 2675 dit
660 2620 894 2691 regulam
934 2618 1072 2670 omni
1104 2615 1265 2669 statui
1299 2613 1509 2667 modum
1548 2608 1749 2665 vivendi
1790 2614 2110 2677 praestantes.

2207 1978 2272 2030 ad
2294 1975 2627 2030 Benedictum
2657 1977 2896 2042 dicetur,
2922 1975 3191 2045 simulque
3221 1974 3359 2028 hanc
3383 1973 3670 2027 editionem
3692 1968 3754 2021 la-

2209 2064 2315 2118 tius
2354 2064 2682 2134 descriptam
2710 2064 2977 2120 dabimus.
3538 2088 3547 2101 υ

2279 2156 2426 2210 Sam.
2458 2154 2837 2213 XVl.—i5l6.
2868 2154 3132 2224 Lugduni,
3156 2151 3292 2207 in-8°
3317 2149 3403 2219 ﬁ)
3429 2150 3489 2206 S.
3515 2144 3761 2211 Augustini

2211 2246 2436 2316 Regula.

2283 2335 2494 2410 [£517.]
2524 2337 2650 2393 Sine
2679 2336 2793 2391 loco
2830 2344 2881 2391 et
2907 2335 3253 2405 typographo,
3282 2328 3459 2387 iri—8°.
3498 2331 3561 2385 Β.
3592 2331 3770 2397 Augus-

2213 2425 2314 2481 tini
2347 2426 2585 2497 episcOpi
2618 2425 2848 2495 Regula.
2888 2425 3075 2478 Exstat
3104 2425 3159 2477 in
3190 2421 3671 2477 Constitutionibus
3696 2417 3773 2471 ira-

2214 2528 2355 2573 trum
2391 2520 2789 2574 Heremitarum
2840 2517 3020 2574 Sancti
3070 2514 3364 2586 Augustini
3417 2514 3487 2567 ad
3534 2511 3770 2580 Apostoli-

2212 2622 2405 2663 corum
2468 2608 2874 2678 privilegiorum
2931 2604 3157 2660 formam
3233 2618 3342 2671 pro
3412 2600 3766 2656 reformatione

544 2711 705 2780 (Htec
734 2708 931 2764 litteris
958 2705 1303 2776 maiusculis,
1330 2700 1609 2773 sequentia
1649 2695 1947 2753 minoribus
1978 2691 2113 2748 tituli

2227 2697 2571 2753 Alemannite.
2612 2696 2965 2750 Przemittitur
3013 2694 3085 2746 ad
3124 2708 3296 2747 omnes
3336 2691 3542 2745 ordinis
3578 2694 3762 2759 fratrm

543 2807 714 2861 instar
736 2804 790 2858 in
819 2801 991 2872 prima
1024 2800 1213 2869 pagina
1244 2812 1260 2851 :
1289 2796 1308 2866 )
2220 2789 2607 2845 Heremitarum
2636 2786 2699 2843 S.
2730 2785 3002 2856 Augustini
3025 2798 3115 2853 per
3173 2781 3536 2835 Alemanniam
3564 2780 3760 2834 Conuen-

963 2890 1185 2942 Prelati.
1216 2886 1428 2955 regendi
1448 2885 1651 2955 copiam
1680 2881 2045 2933 nanciscuntur
2220 2889 2301 2933 tus
2328 2879 2622 2933 adhortatio
2649 2877 2873 2932 Joannis
2902 2875 2967 2929 de
2999 2872 3266 2941 Staupitz,
3297 2873 3493 2942 prioris
3534 2869 3752 2938 generalis

793 2982 895 3035 Hic
927 2980 1157 3036 Subditi.
1181 2977 1289 3030 suis
1322 2975 1516 3026 curatis
1553 2968 1863 3036 obsequendi
1890 2964 2117 3018 debitum
2219 2968 2288 3019 ad
2314 2967 2572 3036 negotium
2606 2965 2756 3017 dieue
2794 2963 3174 3033 reformationis
3210 2971 3331 3014 tunc
3360 2961 3560 3024 vicarii,
3588 2961 3756 3029 signata

1271 3072 1497 3129 prestare
1523 3060 1797 3111 docentur.

2227 3069 2271 3107 a.
2308 3056 2467 3109 1517.
3230 3064 3233 3067 ·

938 3157 1108 3211 Mores
1134 3155 1391 3224 accipiunt
1417 3156 1507 3225 xpi
1535 3148 1716 3221 ﬁdeles
1744 3146 1991 3202 universi.-
2147 3144 2192 3206 C
2296 3144 2456 3201 1526.
2482 3144 2726 3198 Parisiis.
2755 3181 2771 3196 .
2808 3180 2823 3196 .
2854 3179 2870 3196 .
2915 3183 2929 3196 .
2964 3141 3204 3212 Hugonis
3225 3159 3255 3194 a
3284 3141 3348 3197 S.
3384 3141 3586 3196 Victore
3608 3139 3654 3193 in
3681 3137 3758 3191 Be-

548 3254 628 3308 Ad
667 3250 869 3306 calcem
907 3265 921 3301 :
966 3246 1110 3313 Opus
1151 3260 1407 3299 canonum
1444 3243 1643 3297 Aurelii
1688 3237 1960 3310 Augustini
2007 3251 2123 3288 cum
2227 3238 2402 3307 gulam
2434 3236 2500 3290 D.
2545 3234 2833 3305 Augustini
2860 3234 3164 3302 expositio,
3202 3232 3353 3287 edita
3385 3232 3439 3286 in
3465 3232 3629 3301 prima
3654 3229 3759 3281 inte-

549 3361 680 3401 nova
700 3358 761 3396 ac
784 3341 1035 3411 prteclara
1070 3336 1487 3405 interpretatione
1517 3331 1786 3391 Ambrosii
1814 3326 2125 3384 Chariolani
2227 3343 2317 3396 gra
2347 3327 2571 3397 Operum
2599 3324 2831 3396 ejusdem
2856 3324 3173 3378 collectione
3199 3323 3254 3376 h.
3279 3339 3337 3375 a.
3363 3322 3520 3377 facta.
3538 3317 3759 3384 Numipsa

549 3437 647 3490 uiri
698 3430 1111 3504 prestantissimi.
1152 3427 1407 3499 generalis
1447 3424 1679 3495 magistri
1726 3422 1882 3476 totius
1928 3417 2126 3472 ordinis
2232 3432 2450 3487 quoque
2489 3416 2688 3486 Regula
2727 3429 2834 3468 una
2873 3428 3131 3482 expressa
3181 3413 3273 3477 sit,
3303 3414 3525 3483 ignoro.
3565 3405 3761 3476 ilugonis

552 3494 916 3580 heremitarum
943 3521 1044 3574 divi
1070 3494 1367 3589 Augustini.
1407 3533 1499 3588 per
1527 3494 1825 3583 spectabiles
1851 3511 1986 3563 viros
2014 3507 2127 3562 Til-
2230 3524 2355 3561 vero
2399 3504 2833 3561 Comtnenlarius
2873 3512 3058 3571 postea
3090 3501 3294 3571 pariter
3329 3515 3585 3567 recusus,
3618 3507 3688 3551 est
3723 3494 3760 3545 in

552 3630 810 3671 mannum
839 3582 1377 3681 limpergerjordinis
1407 3582 1778 3659 vheremitarum
1819 3599 1987 3654 sancti
2023 3598 2130 3650 Au-
2230 3596 2464 3652 editione
2515 3594 2705 3648 Veneta
2732 3593 2892 3664 (apud
2928 3590 3016 3646 Jo.
3046 3590 3202 3660 Bapt.
3254 3589 3587 3658 Somoscum)
3632 3582 3758 3646 l588,

553 3708 746 3780 gustini
782 3677 1013 3778 fratrem.
1036 3677 1310 3755 vJacobum
1344 3697 1607 3751 fedderer.
1646 3693 1906 3747 Joannem
1941 3688 2129 3743 scher-
2230 3698 2286 3743 et
2311 3684 2796 3751 Coloniensil6l7,
2822 3698 2922 3740 nec
2948 3698 3053 3737 non
3084 3682 3411 3749 novissima,
3434 3695 3586 3752 quam
3611 3677 3757 3743 singu-

555 3776 665 3855 rer.
712 3776 903 3851 artium
940 3791 1228 3848 liberalium
1268 3789 1583 3857 professores
1624 3792 1671 3836 et
1713 3796 1856 3835 sacre
1884 3778 2133 3848 theologia
2234 3779 2385 3834 latim
2412 3776 2792 3832 indicabimus.

2303 3868 2462 3924 l550.
2497 3865 2746 3934 Veneriis,
2774 3865 2937 3919 ενι-ι’.
2955 3863 3013 3919 8.
3041 3862 3324 3932 Augustini
3362 3861 3559 3933 Regula
3582 3857 3641 3911 ad
3667 3853 3762 3909 Ser-

2234 3974 2332 4015 vos
2378 3958 2496 4025 Dei,
2529 3973 2620 4010 seu
2659 3957 2828 4009 verius
2857 3954 3062 4023 Regula
3109 3951 3617 4008 Sanctimonialibus
3653 3954 3762 4014 pra:-

2234 4049 2433 4117 scripta
2469 4065 2482 4099 :
2509 4050 2592 4100 cui
2621 4042 3178 4117 prcemittiturRegulte
3200 4040 3417 4097 clericis
3446 4032 3762 4097 traditzefras-

2239 4151 2479 4193 mentum
2510 4152 2633 4192 cum
2678 4135 2881 4204 Regula
2908 4132 3145 4189 secunda
3190 4126 3595 4202 (supposititia).
3635 4124 3757 4178 Exst.

2238 4229 2376 4282 inter
2387 4236 2616 4294 quatuor
2638 4227 2871 4294 primum
2898 4224 3224 4293 approbatas
3238 4222 3495 4292 Regulas,
3518 4217 3761 4274 collectam

561 4349 751 4393 ctorem
771 4350 867 4391 se:
888 4332 1138 4388 distichis
1161 4296 1464 4385 constantia
1485 4322 2137 4396 subsignataquelitteris:
2236 4317 2324 4372 Jo.
2377 4315 2659 4370 Francisco
2698 4315 2967 4380 Brixiano,
3005 4328 3255 4384 congreg.
3289 4312 3350 4369 8.
3387 4312 3603 4369 Justinaa
3637 4304 3688 4358 0.
3714 4296 3757 4352 S-

492 4490 499 4495 _
560 4430 625 4483 Γ.
667 4429 734 4482 D.
759 4426 822 4479 L.
849 4426 931 4480 Ab
960 4423 1114 4477 initio
1141 4421 1379 4476 occurrit
1402 4419 1658 4473 Tilmanni
1684 4417 1978 4485 Limperger
2003 4427 2140 4483 prae-
2166 4494 2183 4495 ί
2238 4410 2537 4474 Benedicti;
2569 4446 2584 4461 .
2621 4450 2634 4463 .
2667 4447 2681 4461 .
2713 4409 2848 4461 circa
2878 4407 3056 4476 ﬁnem.

484 4490 499 4543 η.
561 4481 692 4574 futto
707 4517 771 4571 ad
789 4514 1102 4570 Nicltolaum
1117 4509 1644 4578 Friess,theologum
1665 4481 2131 4576 Augustiitianum,
2160 4494 2214 4555 D
2312 4502 2470 4563 1561.
2507 4500 2755 4565 Vsnetiis,
2782 4514 2872 4570 per
2900 4497 3279 4551 Bernardinum
3315 4496 3614 4551 Fasianum,
3653 4481 3762 4539 stim-

561 4613 872 4680 episcopum
904 4603 1317 4673 Tripolitanum.
1348 4575 1551 4655 Deinde
1588 4614 1617 4650 a
1661 4575 1789 4651 folio
1819 4595 1941 4649 inde
1964 4595 2135 4661 primo
2241 4596 2409 4666 ptibus
2430 4591 2804 4647 Canonicorum
2830 4589 3163 4659 Regularium
3190 4575 3762 4642 Lateranenst'unmlletm

562 4667 829 4770 usque-ad
866 4667 1112 4752 octavum
1148 4692 1542 4761 prmmittuntur
1582 4687 1703 4740 Vita
1737 4685 2011 4756 Augustini
2049 4700 2138 4751 per
2240 4684 2449 4751 Aprili;
2474 4682 2633 4736 in-l‘.
2659 4682 2716 4735 S.
2749 4680 3028 4749 Augustini
3057 4678 3257 4749 Regula
3284 4718 3298 4743 ,
3326 4694 3445 4733 cum
3474 4667 3759 4741 expositione

565 4752 911 4855 Coii—o'lanum,
937 4796 991 4843 et
1016 4752 1391 4839 commendatio
1414 4781 1606 4852 regula
1631 4752 1875 4841 eiusdem.
1899 4776 2137 4831 Tandem
2220 4775 2479 4844 'Hugonis
2507 4774 2569 4827 de
2599 4772 2658 4829 S.
2690 4771 2892 4825 Victore
2918 4771 3098 4825 Latine
3124 4780 3170 4825 et
3190 4769 3393 4824 Ιιαιίσε.
3414 4767 3519 4823 Cat.
3541 4760 3664 4816 Bibl.
3688 4752 3757 4847 Ρὶῖ

1092 4837 1855 4938 σοιηητιηιανὶἱυευρενννερυια
1894 4867 1997 4919 divi
2031 4867 2140 4920 Au-
2240 4837 2366 4922 nell.
2399 4865 2471 4920 cf.
2521 4864 2727 4918 Fabric.
2760 4864 2815 4918 in
2863 4861 3000 4916 Bibl.
3049 4860 3125 4917 Μ.
3154 4872 3200 4914 et
3225 4860 3333 4931 Inf.
3366 4861 3486 4915 Lat.
3508 4853 3595 4911 ed.
3630 4837 3758 4904 Μέιηεί

568 4965 874 5034 gustini.....
918 4966 1039 5017 editi
1073 4965 1136 5017 ab
1166 4963 1434 5018 Ambrosio
1474 4960 1882 5014 Coriolano......
1918 4974 2006 5025 per
2030 4974 2138 5011 mo-
2244 4957 2308 5012 T.
2332 4957 2418 5022 Ill,
2453 4973 2571 5026 pag.
2598 4957 2718 5010 50L

568 5021 690 5106 itum
719 5052 955 5119 Diutogi;
982 5055 1365 5107 continuantur
1390 5067 1516 5107 vero
1546 5065 1715 5119 usque
1745 5049 1807 5101 ad
1837 5021 1950 5102 folii
1973 5063 2136 5102 cxvttt
2316 5021 2472 5105 1575.
2506 5021 2729 5103 (Solonio:
2758 5047 2999 5116 Agripp.,
3026 5045 3186 5100 in-8°.
3217 5044 3273 5099 S.
3300 5036 3573 5113 Augustini
3600 5021 3756 5119 Begu“

572 5147 754 5197 linem.
785 5142 987 5195 Dehinc
1028 5144 1317 5207 separatim
1348 5143 1475 5197 folio
1502 5158 1607 5197 cxx
1651 5155 1817 5211 usque
1860 5140 1927 5193 ad
1977 5139 2135 5193 linem
2244 5152 2302 5198 et
2335 5140 2758 5196 Constitutiones
2804 5113 3029 5191 lratt'um
3074 5135 3195 5191 ord.
3222 5113 3756 5199 Praedicatorumﬁqlc

561 3887 882 3941 bachalarios
916 3887 1164 3951 formatos
1202 3875 1594 3945 exquisitissime
1635 3873 1938 3941 castigatum
1983 3878 2132 3938 atque

559 3978 782 4029 revisunt
832 3979 928 4025 est.
985 3968 1394 4038 Impressumque
1433 3960 1725 4031 Argentine
1780 3968 1891 4013 arte
1932 3967 1979 4011 et
2032 3959 2134 4010 im-

559 4067 728 4134 pensis
755 4060 1079 4117 solertissimi
1106 4059 1202 4112 viri
1250 4054 1463 4112 Martini
1505 4053 1704 4111 schott.
1754 4051 1903 4104 Anno
1954 4050 2136 4104 salutis

562 4151 909 4208 MCCCCXC.

644 4243 998 4301 Bisomnibus
1020 4240 1253 4307 denique
1265 4240 1505 4308 subjecta
1522 4246 1646 4291 sunt
1659 4235 1965 4290 monimenta
1981 4230 2049 4284 ad
2067 4231 2139 4284 le-

2247 5279 2368 5347 gnis
2412 5278 2668 5332 declarat.
2699 5275 2968 5347 Caeterum
2993 5273 3182 5347 nescio
3205 5272 3376 5347 etiam
3398 5284 3463 5347 an
3500 5248 3757 5347 omnis:le

2415 5322 3275 5416 Ligus—iii.iiﬁ'c'oiigniiiiunu'ui
3285 5322 3755 5416 editionesrfgf’ﬁ'

2251 5419 2388 5471 hanc
2421 5432 2449 5470 a
2485 5394 2667 5470 Ii’mine
2700 5394 3198 5471 ﬁi’itéiitiilutaas
3230 5394 3481 5463 numerus
3518 5406 3675 5471 eam")
3702 5394 3753 5471 ﬁ‘

2248 5459 2471 5551 Laxat.
2486 5459 2666 5555 '(‘iis'iif
2683 5459 3010 5538 fiéo'iiil'i
3025 5523 3040 5545 ,
3053 5459 3197 5555 {ag
3219 5459 3512 5555 negat),
3541 5459 3754 5555 item;

2247 5525 2886 5624 ἵιῖἴξῖἵαὶῖἇ’.”ἲῖιῖα’ἱιῖἐό.
2904 5525 3046 5621 ’ῥεοὲῖ
3072 5525 3205 5624 ’ἐᾌὶ
3217 5525 3321 5624 )ίὲῐ
3337 5525 3576 5624 (ξξῖᾧίρξρ
3599 5525 3753 5624 ιξζιξεξεξ

2241 5599 2413 5678 iti'e'mé
2422 5599 3384 5694 religi;'(vfﬁ’dniuunuiu)
3421 5599 3568 5668 facile
3609 5599 3751 5663 ³³8⁸³⁸

2243 5704 2443 5761 posset.

642 5277 721 5352 (a)
742 5279 880 5352 Quae
904 5293 1055 5352 c_ruc_e
1081 5284 1372 5352 notantur,
1404 5292 1495 5331 eas
1525 5278 1870 5352 solummodo
1888 5280 1941 5331 in
1989 5276 2144 5352 Cata-

573 5346 867 5424 logo'Bi‘bl.
910 5346 1217 5424 Bodleiaine
1247 5346 1491 5424 laudatas
1532 5349 1742 5424 reperi,
1786 5349 1873 5417 qui
1921 5356 1980 5424 ut
2007 5349 2145 5424 inter

576 5415 1052 5490 priestantissimos
1093 5415 1533 5490 bibliothecarum
1570 5415 1898 5490 publicarum
1940 5417 2144 5471 indices

580 5484 773 5544 inerito
810 5496 1138 5549 numeratur,
1173 5485 1241 5538 ita
1276 5484 1417 5538 haud
1458 5500 1580 5539 raro
1610 5484 2137 5540 bibliothecariorum

577 5561 759 5611 usibus
784 5560 972 5626 magis,
1004 5570 1160 5626 quam
1189 5556 1453 5626 communi
1486 5554 1698 5608 utilitati
1726 5564 1808 5609 est
1831 5569 2135 5609 accommo-

577 5628 755 5688 datus,
783 5628 1050 5694 librosque
1075 5626 1267 5693 quibus
1295 5625 1456 5692 aliqui
1477 5634 1730 5694 tractatus
1756 5626 1940 5678 inserti
1973 5634 2134 5689 Sunt,

578 5712 683 5748 non
714 5695 887 5748 verbis
910 5690 1124 5757 indicat,
1159 5696 1251 5751 scd
1283 5690 1445 5749 ubi—iu
1472 5690 1657 5749 forulis
1688 5697 2043 5759 reperiantur,
2069 5696 2141 5748 si-
