  <div class='ocr_page' id='page_1' title='image "/cluster/home/n/w/nwhite01/storage/ocr_20150623/47/uva.x000827107/093.png"; bbox 0 0 3908 6308; ppageno 0'>
   <div class='ocr_carea' id='block_1_1' title="bbox 1423 328 3750 403">
    <p class='ocr_par' dir='ltr' id='par_1_1' title="bbox 1423 328 3750 403">
     <span class='ocr_line' id='line_1_1' title="bbox 1423 328 3750 403; baseline -0.005 -11"><span class='ocrx_word' id='word_1_1' title='bbox 1423 332 1971 392; x_wconf 75' lang='lat' dir='ltr'><strong>SUPl&#39;LEMENTUM</strong></span> <span class='ocrx_word' id='word_1_2' title='bbox 2016 333 2105 387; x_wconf 83' lang='lat' dir='ltr'><strong>AD</strong></span> <span class='ocrx_word' id='word_1_3' title='bbox 2146 328 2376 403; x_wconf 74' lang='lat' dir='ltr'><strong>OPERA</strong></span> <span class='ocrx_word' id='word_1_4' title='bbox 2415 335 2474 391; x_wconf 91' lang='lat' dir='ltr'><strong>s.</strong></span> <span class='ocrx_word' id='word_1_5' title='bbox 2517 333 2903 392; x_wconf 68' lang='lat' dir='ltr'><strong>aucusmt.</strong></span> <span class='ocrx_word' id='word_1_6' title='bbox 3667 342 3750 396; x_wconf 69' lang='grc' dir='ltr'><strong>ιη</strong></span> 
     </span>
    </p>
   </div>
   <div class='ocr_carea' id='block_1_2' title="bbox 756 442 3752 517">
    <p class='ocr_par' dir='ltr' id='par_1_2' title="bbox 756 442 3752 517">
     <span class='ocr_line' id='line_1_2' title="bbox 756 442 3752 517; baseline 0.003 -15"><span class='ocrx_word' id='word_1_7' title='bbox 756 446 1090 505; x_wconf 73' lang='lat' dir='ltr'><strong>XXXVIII.</strong></span> <span class='ocrx_word' id='word_1_8' title='bbox 1146 476 1213 486; x_wconf 93' lang='lat'><strong>—</strong></span> <span class='ocrx_word' id='word_1_9' title='bbox 1265 443 1419 515; x_wconf 90' lang='grc'>(106)</span> <span class='ocrx_word' id='word_1_10' title='bbox 1462 443 1535 498; x_wconf 91' lang='lat' dir='ltr'><strong>De</strong></span> <span class='ocrx_word' id='word_1_11' title='bbox 1581 443 1897 497; x_wconf 69' lang='lat' dir='ltr'><strong>eresibus.</strong></span> <span class='ocrx_word' id='word_1_12' title='bbox 2140 446 2191 504; x_wconf 81' lang='grc' dir='ltr'>Α</span> <span class='ocrx_word' id='word_1_13' title='bbox 2216 459 2246 495; x_wconf 86' lang='lat' dir='ltr'><strong>a</strong></span> <span class='ocrx_word' id='word_1_14' title='bbox 2278 442 2339 497; x_wconf 91' lang='lat' dir='ltr'><strong>S.</strong></span> <span class='ocrx_word' id='word_1_15' title='bbox 2373 444 2669 514; x_wconf 86' lang='lat' dir='ltr'><strong>Laurentio,</strong></span> <span class='ocrx_word' id='word_1_16' title='bbox 2695 447 2813 501; x_wconf 89' lang='lat' dir='ltr'><strong>0rd.</strong></span> <span class='ocrx_word' id='word_1_17' title='bbox 2846 447 2972 501; x_wconf 82' lang='lat' dir='ltr'><strong>Min.</strong></span> <span class='ocrx_word' id='word_1_18' title='bbox 3020 446 3151 517; x_wconf 85' lang='lat' dir='ltr'><strong>Reg.</strong></span> <span class='ocrx_word' id='word_1_19' title='bbox 3181 448 3538 506; x_wconf 72' lang='lat' dir='ltr'><strong>Observantim</strong></span> <span class='ocrx_word' id='word_1_20' title='bbox 3562 453 3752 510; x_wconf 79' lang='lat' dir='ltr'><strong>lecturis</strong></span> 
     </span>
    </p>
   </div>
   <div class='ocr_carea' id='block_1_3' title="bbox 611 531 3751 608">
    <p class='ocr_par' dir='ltr' id='par_1_3' title="bbox 611 531 3751 608">
     <span class='ocr_line' id='line_1_3' title="bbox 611 531 3751 608; baseline -0.001 -13"><span class='ocrx_word' id='word_1_21' title='bbox 611 541 769 596; x_wconf 84' lang='grc'>1576.</span> <span class='ocrx_word' id='word_1_22' title='bbox 810 538 1045 603; x_wconf 71' lang='lat' dir='ltr'><strong>Cenem,</strong></span> <span class='ocrx_word' id='word_1_23' title='bbox 1092 537 1231 607; x_wconf 89' lang='lat' dir='ltr'><strong>apud</strong></span> <span class='ocrx_word' id='word_1_24' title='bbox 1257 536 1592 590; x_wconf 81' lang='lat' dir='ltr'><strong>Eustathium</strong></span> <span class='ocrx_word' id='word_1_25' title='bbox 1636 535 1872 605; x_wconf 82' lang='lat' dir='ltr'><strong>Vignon;</strong></span> <span class='ocrx_word' id='word_1_26' title='bbox 1920 536 1997 587; x_wconf 85' lang='lat' dir='ltr'><strong>in-</strong></span> <span class='ocrx_word' id='word_1_27' title='bbox 2026 534 2114 589; x_wconf 86' lang='lat'><strong>8°.</strong></span> <span class='ocrx_word' id='word_1_28' title='bbox 2212 531 2447 599; x_wconf 86' lang='lat' dir='ltr'><strong>jnbilati,</strong></span> <span class='ocrx_word' id='word_1_29' title='bbox 2480 534 2651 603; x_wconf 89' lang='lat' dir='ltr'><strong>ejusd.</strong></span> <span class='ocrx_word' id='word_1_30' title='bbox 2684 535 2802 590; x_wconf 93' lang='lat' dir='ltr'><strong>ord.</strong></span> <span class='ocrx_word' id='word_1_31' title='bbox 2837 537 3139 604; x_wconf 74' lang='lat' dir='ltr'><strong>scriptoris,</strong></span> <span class='ocrx_word' id='word_1_32' title='bbox 3166 539 3216 590; x_wconf 91' lang='lat' dir='ltr'><strong>in</strong></span> <span class='ocrx_word' id='word_1_33' title='bbox 3238 537 3475 593; x_wconf 81' lang='lat' dir='ltr'><strong>Romana</strong></span> <span class='ocrx_word' id='word_1_34' title='bbox 3504 544 3751 608; x_wconf 77' lang='lat' dir='ltr'><strong>provincia</strong></span> 
     </span>
    </p>
   </div>
   <div class='ocr_carea' id='block_1_4' title="bbox 546 620 3754 699">
    <p class='ocr_par' dir='ltr' id='par_1_4' title="bbox 546 620 3754 699">
     <span class='ocr_line' id='line_1_4' title="bbox 546 620 3754 699; baseline 0.001 -16"><span class='ocrx_word' id='word_1_35' title='bbox 546 651 565 683; x_wconf 69' lang='grc' dir='ltr'>ε</span> <span class='ocrx_word' id='word_1_36' title='bbox 594 632 657 686; x_wconf 87' lang='grc' dir='ltr'><strong>Ι).</strong></span> <span class='ocrx_word' id='word_1_37' title='bbox 679 633 807 685; x_wconf 79' lang='lat' dir='ltr'><strong>Aur.</strong></span> <span class='ocrx_word' id='word_1_38' title='bbox 834 628 1139 699; x_wconf 75' lang='lat' dir='ltr'><strong>Augustini,</strong></span> <span class='ocrx_word' id='word_1_39' title='bbox 1165 629 1325 694; x_wconf 88' lang='lat' dir='ltr'><strong>Hipp.</strong></span> <span class='ocrx_word' id='word_1_40' title='bbox 1346 642 1435 694; x_wconf 92' lang='lat' dir='ltr'><strong>ep.</strong></span> <span class='ocrx_word' id='word_1_41' title='bbox 1457 624 1674 680; x_wconf 86' lang='lat' dir='ltr'><strong>liberde</strong></span> <span class='ocrx_word' id='word_1_42' title='bbox 1699 625 2019 687; x_wconf 72' lang='lat' dir='ltr'><strong>bmresibus,</strong></span> <span class='ocrx_word' id='word_1_43' title='bbox 2048 624 2113 676; x_wconf 90' lang='lat' dir='ltr'><strong>ad</strong></span> <span class='ocrx_word' id='word_1_44' title='bbox 2216 620 2449 677; x_wconf 91' lang='lat' dir='ltr'><strong>ministri</strong></span> <span class='ocrx_word' id='word_1_45' title='bbox 2484 626 2855 691; x_wconf 83' lang='lat' dir='ltr'><strong>provincialis,</strong></span> <span class='ocrx_word' id='word_1_46' title='bbox 2898 627 3150 681; x_wconf 86' lang='lat' dir='ltr'><strong>dioecesis</strong></span> <span class='ocrx_word' id='word_1_47' title='bbox 3179 626 3531 683; x_wconf 80' lang='lat' dir='ltr'><strong>Viterbiensis</strong></span> <span class='ocrx_word' id='word_1_48' title='bbox 3574 637 3754 687; x_wconf 82' lang='lat' dir='ltr'><strong>exami-</strong></span> 
     </span>
    </p>
   </div>
   <div class='ocr_carea' id='block_1_5' title="bbox 539 712 3755 790">
    <p class='ocr_par' dir='ltr' id='par_1_5' title="bbox 539 712 3755 790">
     <span class='ocr_line' id='line_1_5' title="bbox 539 712 3755 790; baseline 0 -15"><span class='ocrx_word' id='word_1_49' title='bbox 539 720 995 790; x_wconf 85' lang='lat' dir='ltr'><strong>Quodvultdeum.</strong></span> <span class='ocrx_word' id='word_1_50' title='bbox 1030 716 1290 775; x_wconf 81' lang='lat' dir='ltr'><strong>Lamberti</strong></span> <span class='ocrx_word' id='word_1_51' title='bbox 1313 715 1494 769; x_wconf 80' lang='grc' dir='ltr'><strong>Παηωὶ</strong></span> <span class='ocrx_word' id='word_1_52' title='bbox 1523 729 1687 783; x_wconf 86' lang='lat' dir='ltr'><strong>opera</strong></span> <span class='ocrx_word' id='word_1_53' title='bbox 1720 712 2039 767; x_wconf 84' lang='lat' dir='ltr'><strong>emendatus</strong></span> <span class='ocrx_word' id='word_1_54' title='bbox 2063 721 2116 765; x_wconf 89' lang='lat' dir='ltr'><strong>et</strong></span> <span class='ocrx_word' id='word_1_55' title='bbox 2218 714 2421 767; x_wconf 89' lang='lat' dir='ltr'><strong>nat0ris</strong></span> <span class='ocrx_word' id='word_1_56' title='bbox 2448 716 2749 785; x_wconf 73' lang='lat' dir='ltr'><strong>synodalia,</strong></span> <span class='ocrx_word' id='word_1_57' title='bbox 2781 730 2952 770; x_wconf 69' lang='lat' dir='ltr'><strong>sacrm</strong></span> <span class='ocrx_word' id='word_1_58' title='bbox 2980 718 3409 787; x_wconf 64' lang='lat' dir='ltr'><strong>congregationis</strong></span> <span class='ocrx_word' id='word_1_59' title='bbox 3438 719 3625 774; x_wconf 89' lang='lat' dir='ltr'><strong>Indicis</strong></span> <span class='ocrx_word' id='word_1_60' title='bbox 3647 736 3755 775; x_wconf 85' lang='lat' dir='ltr'><strong>con-</strong></span> 
     </span>
    </p>
   </div>
   <div class='ocr_carea' id='block_1_6' title="bbox 537 802 3752 872">
    <p class='ocr_par' dir='ltr' id='par_1_6' title="bbox 537 802 3752 872">
     <span class='ocr_line' id='line_1_6' title="bbox 537 802 3752 872; baseline 0.001 -8"><span class='ocrx_word' id='word_1_61' title='bbox 537 808 945 864; x_wconf 84' lang='lat' dir='ltr'><strong>cummentariis</strong></span> <span class='ocrx_word' id='word_1_62' title='bbox 973 807 1297 871; x_wconf 78' lang='lat' dir='ltr'><strong>illustratus,</strong></span> <span class='ocrx_word' id='word_1_63' title='bbox 1330 819 1360 858; x_wconf 92' lang='lat' dir='ltr'><strong>a</strong></span> <span class='ocrx_word' id='word_1_64' title='bbox 1391 819 1500 872; x_wconf 91' lang='lat' dir='ltr'><strong>quo</strong></span> <span class='ocrx_word' id='word_1_65' title='bbox 1540 803 1729 858; x_wconf 89' lang='lat' dir='ltr'><strong>eodem</strong></span> <span class='ocrx_word' id='word_1_66' title='bbox 1761 802 1958 855; x_wconf 68' lang='lat' dir='ltr'><strong>additae</strong></span> <span class='ocrx_word' id='word_1_67' title='bbox 1990 812 2117 855; x_wconf 90' lang='lat' dir='ltr'><strong>sunt</strong></span> <span class='ocrx_word' id='word_1_68' title='bbox 2214 803 2457 857; x_wconf 89' lang='lat' dir='ltr'><strong>sultoris.</strong></span> <span class='ocrx_word' id='word_1_69' title='bbox 2489 804 2663 859; x_wconf 90' lang='lat' dir='ltr'><strong>Oblati</strong></span> <span class='ocrx_word' id='word_1_70' title='bbox 2709 806 3048 859; x_wconf 89' lang='lat' dir='ltr'><strong>eminentiss.</strong></span> <span class='ocrx_word' id='word_1_71' title='bbox 3102 817 3154 859; x_wconf 89' lang='lat' dir='ltr'><strong>et</strong></span> <span class='ocrx_word' id='word_1_72' title='bbox 3197 806 3571 862; x_wconf 81' lang='lat' dir='ltr'><strong>Reverendiss.</strong></span> <span class='ocrx_word' id='word_1_73' title='bbox 3601 808 3653 864; x_wconf 91' lang='grc'>8.</span> <span class='ocrx_word' id='word_1_74' title='bbox 3698 811 3752 867; x_wconf 77' lang='lat' dir='ltr'><strong>li.</strong></span> 
     </span>
    </p>
   </div>
   <div class='ocr_carea' id='block_1_7' title="bbox 539 890 3752 965">
    <p class='ocr_par' dir='ltr' id='par_1_7' title="bbox 539 890 3752 965">
     <span class='ocr_line' id='line_1_7' title="bbox 539 890 3752 965; baseline 0.001 -14"><span class='ocrx_word' id='word_1_75' title='bbox 539 899 784 952; x_wconf 74' lang='lat' dir='ltr'><strong>haereses</strong></span> <span class='ocrx_word' id='word_1_76' title='bbox 810 902 877 951; x_wconf 89' lang='lat' dir='ltr'><strong>ab</strong></span> <span class='ocrx_word' id='word_1_77' title='bbox 904 896 1037 951; x_wconf 84' lang='lat' dir='ltr'><strong>orbe</strong></span> <span class='ocrx_word' id='word_1_78' title='bbox 1068 894 1286 949; x_wconf 89' lang='lat' dir='ltr'><strong>condito</strong></span> <span class='ocrx_word' id='word_1_79' title='bbox 1314 893 1383 947; x_wconf 86' lang='lat' dir='ltr'><strong>ad</strong></span> <span class='ocrx_word' id='word_1_80' title='bbox 1422 890 1775 948; x_wconf 87' lang='lat' dir='ltr'><strong>constitutum</strong></span> <span class='ocrx_word' id='word_1_81' title='bbox 1806 891 2111 961; x_wconf 88' lang='lat' dir='ltr'><strong>Papismum</strong></span> <span class='ocrx_word' id='word_1_82' title='bbox 2217 891 2279 945; x_wconf 82' lang='grc' dir='ltr'><strong>Ε.</strong></span> <span class='ocrx_word' id='word_1_83' title='bbox 2311 893 2698 961; x_wconf 81' lang='lat' dir='ltr'><strong>cardinalibus,</strong></span> <span class='ocrx_word' id='word_1_84' title='bbox 2730 895 2973 964; x_wconf 85' lang='lat' dir='ltr'><strong>ejusdem</strong></span> <span class='ocrx_word' id='word_1_85' title='bbox 2995 896 3052 950; x_wconf 98' lang='grc'><strong>8.</strong></span> <span class='ocrx_word' id='word_1_86' title='bbox 3088 898 3525 965; x_wconf 74' lang='lat' dir='ltr'><strong>congregationis</strong></span> <span class='ocrx_word' id='word_1_87' title='bbox 3567 900 3752 955; x_wconf 81' lang='lat' dir='ltr'><strong>indicis.</strong></span> 
     </span>
    </p>
   </div>
   <div class='ocr_carea' id='block_1_8' title="bbox 536 981 2095 1056">
    <p class='ocr_par' dir='ltr' id='par_1_8' title="bbox 536 981 2095 1052">
     <span class='ocr_line' id='line_1_8' title="bbox 536 981 2095 1052; baseline -0.006 -9"><span class='ocrx_word' id='word_1_88' title='bbox 536 998 593 1043; x_wconf 90' lang='lat' dir='ltr'><strong>et</strong></span> <span class='ocrx_word' id='word_1_89' title='bbox 623 987 1107 1051; x_wconf 67' lang='lat' dir='ltr'><strong>Moluametismum,</strong></span> <span class='ocrx_word' id='word_1_90' title='bbox 1135 985 1301 1041; x_wconf 86' lang='lat' dir='ltr'><strong>etiam</strong></span> <span class='ocrx_word' id='word_1_91' title='bbox 1340 998 1440 1049; x_wconf 70' lang='lat' dir='ltr'><strong>eae,</strong></span> <span class='ocrx_word' id='word_1_92' title='bbox 1474 999 1595 1052; x_wconf 75' lang='lat' dir='ltr'><strong>qua:</strong></span> <span class='ocrx_word' id='word_1_93' title='bbox 1624 982 1711 1036; x_wconf 86' lang='lat' dir='ltr'><strong>hic</strong></span> <span class='ocrx_word' id='word_1_94' title='bbox 1734 991 1892 1036; x_wconf 88' lang='lat' dir='ltr'><strong>erant</strong></span> <span class='ocrx_word' id='word_1_95' title='bbox 1912 986 1978 1034; x_wconf 88' lang='lat' dir='ltr'><strong>ab</strong></span> <span class='ocrx_word' id='word_1_96' title='bbox 2009 981 2095 1034; x_wconf 74' lang='lat' dir='ltr'><strong>Au</strong></span> 
     </span>
    </p>
   </div>
   <div class='ocr_carea' id='block_1_9' title="bbox 2205 981 3756 1056">
    <p class='ocr_par' dir='ltr' id='par_1_9' title="bbox 2219 983 3756 1056">
     <span class='ocr_line' id='line_1_9' title="bbox 2219 983 3756 1056; baseline 0.003 -18"><span class='ocrx_word' id='word_1_97' title='bbox 2219 1002 2237 1033; x_wconf 76' lang='grc' dir='ltr'>ι</span> <span class='ocrx_word' id='word_1_98' title='bbox 2273 983 2422 1053; x_wconf 90' lang='lat' dir='ltr'><strong>Opus</strong></span> <span class='ocrx_word' id='word_1_99' title='bbox 2451 988 2740 1056; x_wconf 88' lang='lat' dir='ltr'><strong>omnigena</strong></span> <span class='ocrx_word' id='word_1_100' title='bbox 2771 986 3085 1043; x_wconf 85' lang='lat' dir='ltr'><strong>eruditione</strong></span> <span class='ocrx_word' id='word_1_101' title='bbox 3107 989 3387 1043; x_wconf 81' lang='lat' dir='ltr'><strong>refertum.</strong></span> <span class='ocrx_word' id='word_1_102' title='bbox 3433 989 3568 1045; x_wconf 85' lang='lat' dir='ltr'><strong>Utile</strong></span> <span class='ocrx_word' id='word_1_103' title='bbox 3606 991 3756 1046; x_wconf 80' lang='lat' dir='ltr'><strong>Theu-</strong></span> 
     </span>
    </p>
   </div>
   <div class='ocr_carea' id='block_1_10' title="bbox 537 1072 3755 1150">
    <p class='ocr_par' dir='ltr' id='par_1_10' title="bbox 537 1072 3755 1150">
     <span class='ocr_line' id='line_1_10' title="bbox 537 1072 3755 1150; baseline -0.001 -15"><span class='ocrx_word' id='word_1_104' title='bbox 537 1082 754 1150; x_wconf 90' lang='lat' dir='ltr'><strong>gustino</strong></span> <span class='ocrx_word' id='word_1_105' title='bbox 786 1078 1190 1149; x_wconf 61' lang='lat' dir='ltr'><strong>praetermissae.</strong></span> <span class='ocrx_word' id='word_1_106' title='bbox 1214 1077 1458 1131; x_wconf 80' lang='lat' dir='ltr'><strong>Accessit</strong></span> <span class='ocrx_word' id='word_1_107' title='bbox 1487 1074 1641 1141; x_wconf 82' lang='lat' dir='ltr'><strong>Operi</strong></span> <span class='ocrx_word' id='word_1_108' title='bbox 1671 1072 2009 1142; x_wconf 82' lang='lat' dir='ltr'><strong>quadruplex</strong></span> <span class='ocrx_word' id='word_1_109' title='bbox 2037 1073 2116 1125; x_wconf 89' lang='lat' dir='ltr'><strong>in-</strong></span> <span class='ocrx_word' id='word_1_110' title='bbox 2215 1072 2372 1142; x_wconf 91' lang='lat' dir='ltr'><strong>logis,</strong></span> <span class='ocrx_word' id='word_1_111' title='bbox 2402 1075 2761 1145; x_wconf 80' lang='lat' dir='ltr'><strong>pbilosOphis,</strong></span> <span class='ocrx_word' id='word_1_112' title='bbox 2788 1079 3165 1147; x_wconf 86' lang='lat' dir='ltr'><strong>scriptoribus,</strong></span> <span class='ocrx_word' id='word_1_113' title='bbox 3187 1080 3755 1147; x_wconf 66' lang='lat' dir='ltr'><strong>historicis,concinna-</strong></span> 
     </span>
    </p>
   </div>
   <div class='ocr_carea' id='block_1_11' title="bbox 538 1162 3752 1237">
    <p class='ocr_par' dir='ltr' id='par_1_11' title="bbox 538 1162 3752 1237">
     <span class='ocr_line' id='line_1_11' title="bbox 538 1162 3752 1237; baseline -0.001 -12"><span class='ocrx_word' id='word_1_114' title='bbox 538 1174 663 1237; x_wconf 64' lang='lat' dir='ltr'><strong>ilex,</strong></span> <span class='ocrx_word' id='word_1_115' title='bbox 696 1180 757 1227; x_wconf 89' lang='lat' dir='ltr'><strong>ut</strong></span> <span class='ocrx_word' id='word_1_116' title='bbox 786 1188 891 1225; x_wconf 93' lang='lat' dir='ltr'><strong>non</strong></span> <span class='ocrx_word' id='word_1_117' title='bbox 914 1171 1074 1225; x_wconf 91' lang='lat' dir='ltr'><strong>modo</strong></span> <span class='ocrx_word' id='word_1_118' title='bbox 1112 1166 1481 1233; x_wconf 84' lang='lat' dir='ltr'><strong>chronologiae</strong></span> <span class='ocrx_word' id='word_1_119' title='bbox 1511 1162 1794 1219; x_wconf 69' lang='lat' dir='ltr'><strong>ba-reseon</strong></span> <span class='ocrx_word' id='word_1_120' title='bbox 1827 1166 1985 1230; x_wconf 77' lang='lat' dir='ltr'><strong>ratio,</strong></span> <span class='ocrx_word' id='word_1_121' title='bbox 2018 1167 2113 1217; x_wconf 90' lang='lat' dir='ltr'><strong>sed</strong></span> <span class='ocrx_word' id='word_1_122' title='bbox 2218 1162 2449 1231; x_wconf 89' lang='lat' dir='ltr'><strong>toribus,</strong></span> <span class='ocrx_word' id='word_1_123' title='bbox 2476 1164 2843 1230; x_wconf 84' lang='lat' dir='ltr'><strong>conlessariis,</strong></span> <span class='ocrx_word' id='word_1_124' title='bbox 2873 1180 3059 1220; x_wconf 86' lang='lat' dir='ltr'><strong>curam</strong></span> <span class='ocrx_word' id='word_1_125' title='bbox 3114 1168 3417 1221; x_wconf 73' lang='lat' dir='ltr'><strong>animorum</strong></span> <span class='ocrx_word' id='word_1_126' title='bbox 3446 1168 3752 1235; x_wconf 84' lang='lat' dir='ltr'><strong>habentibus,</strong></span> 
     </span>
    </p>
   </div>
   <div class='ocr_carea' id='block_1_12' title="bbox 541 1251 3753 1333">
    <p class='ocr_par' dir='ltr' id='par_1_12' title="bbox 541 1251 3753 1333">
     <span class='ocr_line' id='line_1_12' title="bbox 541 1251 3753 1333; baseline -0.002 -15"><span class='ocrx_word' id='word_1_127' title='bbox 541 1265 727 1328; x_wconf 89' lang='lat' dir='ltr'><strong>etiam,</strong></span> <span class='ocrx_word' id='word_1_128' title='bbox 758 1278 877 1333; x_wconf 75' lang='lat' dir='ltr'><strong>qua:</strong></span> <span class='ocrx_word' id='word_1_129' title='bbox 898 1276 966 1317; x_wconf 83' lang='lat' dir='ltr'><strong>ex</strong></span> <span class='ocrx_word' id='word_1_130' title='bbox 993 1260 1099 1314; x_wconf 91' lang='lat' dir='ltr'><strong>illis</strong></span> <span class='ocrx_word' id='word_1_131' title='bbox 1122 1258 1324 1313; x_wconf 89' lang='lat' dir='ltr'><strong>utilitas</strong></span> <span class='ocrx_word' id='word_1_132' title='bbox 1349 1256 1553 1325; x_wconf 80' lang='lat' dir='ltr'><strong>percipi</strong></span> <span class='ocrx_word' id='word_1_133' title='bbox 1602 1256 1794 1323; x_wconf 90' lang='lat' dir='ltr'><strong>possit,</strong></span> <span class='ocrx_word' id='word_1_134' title='bbox 1844 1253 2111 1323; x_wconf 89' lang='lat' dir='ltr'><strong>intellige-</strong></span> <span class='ocrx_word' id='word_1_135' title='bbox 2214 1251 2563 1307; x_wconf 86' lang='lat' dir='ltr'><strong>humanarum</strong></span> <span class='ocrx_word' id='word_1_136' title='bbox 2612 1253 3027 1324; x_wconf 89' lang='lat' dir='ltr'><strong>divinarumque</strong></span> <span class='ocrx_word' id='word_1_137' title='bbox 3073 1256 3376 1310; x_wconf 90' lang='lat' dir='ltr'><strong>litterarum</strong></span> <span class='ocrx_word' id='word_1_138' title='bbox 3407 1268 3562 1327; x_wconf 89' lang='lat' dir='ltr'><strong>atque</strong></span> <span class='ocrx_word' id='word_1_139' title='bbox 3602 1273 3753 1312; x_wconf 80' lang='lat' dir='ltr'><strong>rerum</strong></span> 
     </span>
    </p>
   </div>
   <div class='ocr_carea' id='block_1_13' title="bbox 542 1340 3752 1418">
    <p class='ocr_par' dir='ltr' id='par_1_13' title="bbox 542 1340 3752 1418">
     <span class='ocr_line' id='line_1_13' title="bbox 542 1340 3752 1418; baseline -0.001 -13"><span class='ocrx_word' id='word_1_140' title='bbox 542 1362 712 1416; x_wconf 86' lang='lat' dir='ltr'><strong>retur,</strong></span> <span class='ocrx_word' id='word_1_141' title='bbox 743 1359 800 1405; x_wconf 82' lang='lat' dir='ltr'><strong>et</strong></span> <span class='ocrx_word' id='word_1_142' title='bbox 822 1366 851 1402; x_wconf 94' lang='lat' dir='ltr'><strong>a</strong></span> <span class='ocrx_word' id='word_1_143' title='bbox 874 1348 1075 1418; x_wconf 85' lang='lat' dir='ltr'><strong>quibus</strong></span> <span class='ocrx_word' id='word_1_144' title='bbox 1108 1348 1161 1401; x_wconf 89' lang='lat' dir='ltr'><strong>in</strong></span> <span class='ocrx_word' id='word_1_145' title='bbox 1192 1359 1515 1414; x_wconf 86' lang='lat' dir='ltr'><strong>unoquoque</strong></span> <span class='ocrx_word' id='word_1_146' title='bbox 1537 1344 1787 1411; x_wconf 86' lang='lat' dir='ltr'><strong>Decalogi</strong></span> <span class='ocrx_word' id='word_1_147' title='bbox 1818 1352 2108 1411; x_wconf 71' lang='lat' dir='ltr'><strong>praecepto,</strong></span> <span class='ocrx_word' id='word_1_148' title='bbox 2216 1340 2705 1398; x_wconf 83' lang='lat' dir='ltr'><strong>Ecclesiasticarum</strong></span> <span class='ocrx_word' id='word_1_149' title='bbox 2749 1345 3028 1401; x_wconf 88' lang='lat' dir='ltr'><strong>studiosis.</strong></span> <span class='ocrx_word' id='word_1_150' title='bbox 3087 1345 3226 1400; x_wconf 87' lang='lat' dir='ltr'><strong>Pars</strong></span> <span class='ocrx_word' id='word_1_151' title='bbox 3294 1350 3462 1417; x_wconf 85' lang='lat' dir='ltr'><strong>prima</strong></span> <span class='ocrx_word' id='word_1_152' title='bbox 3522 1351 3752 1402; x_wconf 83' lang='lat' dir='ltr'><strong>continens</strong></span> 
     </span>
    </p>
   </div>
   <div class='ocr_carea' id='block_1_14' title="bbox 539 1430 3750 1511">
    <p class='ocr_par' dir='ltr' id='par_1_14' title="bbox 539 1430 3750 1511">
     <span class='ocr_line' id='line_1_14' title="bbox 539 1430 3750 1511; baseline -0.001 -16"><span class='ocrx_word' id='word_1_153' title='bbox 539 1438 782 1511; x_wconf 83' lang='lat' dir='ltr'><strong>Symboli</strong></span> <span class='ocrx_word' id='word_1_154' title='bbox 800 1437 1083 1507; x_wconf 88' lang='lat' dir='ltr'><strong>apostolici</strong></span> <span class='ocrx_word' id='word_1_155' title='bbox 1111 1435 1360 1500; x_wconf 87' lang='lat' dir='ltr'><strong>articulo,</strong></span> <span class='ocrx_word' id='word_1_156' title='bbox 1391 1434 1520 1490; x_wconf 88' lang='lat' dir='ltr'><strong>item</strong></span> <span class='ocrx_word' id='word_1_157' title='bbox 1541 1433 1904 1503; x_wconf 85' lang='lat' dir='ltr'><strong>disputatione</strong></span> <span class='ocrx_word' id='word_1_158' title='bbox 1928 1430 1996 1486; x_wconf 88' lang='lat' dir='ltr'><strong>de</strong></span> <span class='ocrx_word' id='word_1_159' title='bbox 2018 1430 2114 1487; x_wconf 68' lang='lat' dir='ltr'><strong>Sa-</strong></span> <span class='ocrx_word' id='word_1_160' title='bbox 2213 1431 2427 1485; x_wconf 72' lang='lat' dir='ltr'><strong>haereses</strong></span> <span class='ocrx_word' id='word_1_161' title='bbox 2450 1430 2571 1485; x_wconf 78' lang='lat' dir='ltr'><strong><em>XII</em></strong></span> <span class='ocrx_word' id='word_1_162' title='bbox 2602 1451 2635 1487; x_wconf 91' lang='lat' dir='ltr'><strong>a</strong></span> <span class='ocrx_word' id='word_1_163' title='bbox 2697 1434 2908 1489; x_wconf 82' lang='lat' dir='ltr'><strong>Simone</strong></span> <span class='ocrx_word' id='word_1_164' title='bbox 2952 1434 3110 1506; x_wconf 78' lang='lat' dir='ltr'><strong>Mago</strong></span> <span class='ocrx_word' id='word_1_165' title='bbox 3147 1453 3305 1502; x_wconf 78' lang='lat' dir='ltr'><strong>usque</strong></span> <span class='ocrx_word' id='word_1_166' title='bbox 3348 1439 3417 1491; x_wconf 90' lang='lat' dir='ltr'><strong>ad</strong></span> <span class='ocrx_word' id='word_1_167' title='bbox 3449 1438 3750 1502; x_wconf 62' lang='lat' dir='ltr'><strong>Margianam.</strong></span> 
     </span>
    </p>
   </div>
   <div class='ocr_carea' id='block_1_15' title="bbox 538 1519 3751 1593">
    <p class='ocr_par' dir='ltr' id='par_1_15' title="bbox 538 1519 3751 1593">
     <span class='ocr_line' id='line_1_15' title="bbox 538 1519 3751 1593; baseline -0.001 -10"><span class='ocrx_word' id='word_1_168' title='bbox 538 1530 829 1585; x_wconf 76' lang='lat' dir='ltr'><strong>oramentis</strong></span> <span class='ocrx_word' id='word_1_169' title='bbox 858 1529 926 1582; x_wconf 89' lang='lat' dir='ltr'><strong>sit</strong></span> <span class='ocrx_word' id='word_1_170' title='bbox 954 1536 1215 1582; x_wconf 86' lang='lat' dir='ltr'><strong>erratum.</strong></span> <span class='ocrx_word' id='word_1_171' title='bbox 1247 1527 1304 1581; x_wconf 93' lang='lat' dir='ltr'><strong>ln</strong></span> <span class='ocrx_word' id='word_1_172' title='bbox 1334 1525 1481 1579; x_wconf 86' lang='lat' dir='ltr'><strong>calce</strong></span> <span class='ocrx_word' id='word_1_173' title='bbox 1508 1525 1689 1590; x_wconf 88' lang='lat' dir='ltr'><strong>operis</strong></span> <span class='ocrx_word' id='word_1_174' title='bbox 1716 1522 1896 1576; x_wconf 86' lang='lat' dir='ltr'><strong>addita</strong></span> <span class='ocrx_word' id='word_1_175' title='bbox 1925 1529 2009 1575; x_wconf 87' lang='lat' dir='ltr'><strong>est</strong></span> <span class='ocrx_word' id='word_1_176' title='bbox 2027 1536 2113 1574; x_wconf 90' lang='lat' dir='ltr'><strong>ar-</strong></span> <span class='ocrx_word' id='word_1_177' title='bbox 2212 1519 2434 1586; x_wconf 81' lang='lat' dir='ltr'><strong>Adjecta</strong></span> <span class='ocrx_word' id='word_1_178' title='bbox 2464 1521 2533 1576; x_wconf 88' lang='lat' dir='ltr'><strong>ad</strong></span> <span class='ocrx_word' id='word_1_179' title='bbox 2563 1524 2765 1578; x_wconf 83' lang='lat' dir='ltr'><strong>calcem</strong></span> <span class='ocrx_word' id='word_1_180' title='bbox 2806 1524 3188 1593; x_wconf 85' lang='lat' dir='ltr'><strong>cujuscumque</strong></span> <span class='ocrx_word' id='word_1_181' title='bbox 3218 1526 3445 1582; x_wconf 66' lang='lat' dir='ltr'><strong>haeresis</strong></span> <span class='ocrx_word' id='word_1_182' title='bbox 3479 1526 3751 1581; x_wconf 86' lang='lat' dir='ltr'><strong>Collatione</strong></span> 
     </span>
    </p>
   </div>
   <div class='ocr_carea' id='block_1_16' title="bbox 539 1610 3753 1686">
    <p class='ocr_par' dir='ltr' id='par_1_16' title="bbox 539 1610 3753 1686">
     <span class='ocr_line' id='line_1_16' title="bbox 539 1610 3753 1686; baseline -0.001 -12"><span class='ocrx_word' id='word_1_183' title='bbox 539 1622 637 1674; x_wconf 91' lang='lat' dir='ltr'><strong>bor</strong></span> <span class='ocrx_word' id='word_1_184' title='bbox 670 1620 964 1681; x_wconf 71' lang='lat' dir='ltr'><strong>bacreseon,</strong></span> <span class='ocrx_word' id='word_1_185' title='bbox 996 1631 1065 1671; x_wconf 77' lang='lat' dir='ltr'><strong>ex</strong></span> <span class='ocrx_word' id='word_1_186' title='bbox 1093 1629 1195 1685; x_wconf 88' lang='lat' dir='ltr'><strong>qua</strong></span> <span class='ocrx_word' id='word_1_187' title='bbox 1219 1613 1491 1684; x_wconf 90' lang='lat' dir='ltr'><strong>quomodo</strong></span> <span class='ocrx_word' id='word_1_188' title='bbox 1535 1612 1656 1666; x_wconf 71' lang='lat' dir='ltr'><strong>aliae</strong></span> <span class='ocrx_word' id='word_1_189' title='bbox 1698 1626 1765 1666; x_wconf 90' lang='lat' dir='ltr'><strong>ex</strong></span> <span class='ocrx_word' id='word_1_190' title='bbox 1806 1610 1927 1663; x_wconf 78' lang='lat' dir='ltr'><strong>al;is</strong></span> <span class='ocrx_word' id='word_1_191' title='bbox 1976 1618 2113 1663; x_wconf 67' lang='lat' dir='ltr'><strong>natu:</strong></span> <span class='ocrx_word' id='word_1_192' title='bbox 2212 1610 2451 1678; x_wconf 87' lang='lat' dir='ltr'><strong>ejusdem</strong></span> <span class='ocrx_word' id='word_1_193' title='bbox 2504 1628 2625 1668; x_wconf 90' lang='lat' dir='ltr'><strong>cum</strong></span> <span class='ocrx_word' id='word_1_194' title='bbox 2658 1615 3024 1669; x_wconf 88' lang='lat' dir='ltr'><strong>recentiorum</strong></span> <span class='ocrx_word' id='word_1_195' title='bbox 3078 1616 3522 1686; x_wconf 86' lang='lat' dir='ltr'><strong>Evangelicornm</strong></span> <span class='ocrx_word' id='word_1_196' title='bbox 3562 1618 3753 1671; x_wconf 76' lang='lat' dir='ltr'><strong>ltmrcsi-</strong></span> 
     </span>
    </p>
   </div>
   <div class='ocr_carea' id='block_1_17' title="bbox 538 1699 3751 1777">
    <p class='ocr_par' dir='ltr' id='par_1_17' title="bbox 538 1699 3751 1777">
     <span class='ocr_line' id='line_1_17' title="bbox 538 1699 3751 1777; baseline -0.001 -16"><span class='ocrx_word' id='word_1_197' title='bbox 538 1710 646 1764; x_wconf 87' lang='lat' dir='ltr'><strong>sint</strong></span> <span class='ocrx_word' id='word_1_198' title='bbox 670 1719 726 1763; x_wconf 90' lang='lat' dir='ltr'><strong>et</strong></span> <span class='ocrx_word' id='word_1_199' title='bbox 748 1717 1073 1777; x_wconf 61' lang='lat' dir='ltr'><strong>propagatae,</strong></span> <span class='ocrx_word' id='word_1_200' title='bbox 1099 1714 1153 1760; x_wconf 90' lang='lat' dir='ltr'><strong>et</strong></span> <span class='ocrx_word' id='word_1_201' title='bbox 1172 1714 1231 1759; x_wconf 90' lang='lat' dir='ltr'><strong>ut</strong></span> <span class='ocrx_word' id='word_1_202' title='bbox 1250 1719 1398 1773; x_wconf 60' lang='lat' dir='ltr'><strong>saepe</strong></span> <span class='ocrx_word' id='word_1_203' title='bbox 1418 1718 1521 1757; x_wconf 89' lang='lat' dir='ltr'><strong>una</strong></span> <span class='ocrx_word' id='word_1_204' title='bbox 1544 1701 1788 1772; x_wconf 61' lang='lat' dir='ltr'><strong>quaedam</strong></span> <span class='ocrx_word' id='word_1_205' title='bbox 1809 1700 1978 1770; x_wconf 86' lang='lat' dir='ltr'><strong>hydra</strong></span> <span class='ocrx_word' id='word_1_206' title='bbox 2001 1700 2114 1767; x_wconf 80' lang='lat' dir='ltr'><strong>plu-</strong></span> <span class='ocrx_word' id='word_1_207' title='bbox 2214 1699 2336 1755; x_wconf 87' lang='lat' dir='ltr'><strong>bus.</strong></span> <span class='ocrx_word' id='word_1_208' title='bbox 2364 1702 2541 1757; x_wconf 71' lang='lat' dir='ltr'><strong>Romae</strong></span> <span class='ocrx_word' id='word_1_209' title='bbox 2585 1704 2746 1769; x_wconf 87' lang='lat'><strong>1707,</strong></span> <span class='ocrx_word' id='word_1_210' title='bbox 2777 1706 2911 1773; x_wconf 82' lang='lat' dir='ltr'><strong>typis</strong></span> <span class='ocrx_word' id='word_1_211' title='bbox 2939 1704 3034 1759; x_wconf 84' lang='lat' dir='ltr'><strong>Ge.</strong></span> <span class='ocrx_word' id='word_1_212' title='bbox 3083 1705 3292 1772; x_wconf 86' lang='lat' dir='ltr'><strong>Plachi,</strong></span> <span class='ocrx_word' id='word_1_213' title='bbox 3336 1709 3615 1776; x_wconf 81' lang='lat' dir='ltr'><strong>sumptibus</strong></span> <span class='ocrx_word' id='word_1_214' title='bbox 3657 1706 3751 1760; x_wconf 75' lang='lat' dir='ltr'><strong>Val.</strong></span> 
     </span>
    </p>
   </div>
   <div class='ocr_carea' id='block_1_18' title="bbox 534 1781 3753 1868">
    <p class='ocr_par' dir='ltr' id='par_1_18' title="bbox 534 1781 3753 1868">
     <span class='ocr_line' id='line_1_18' title="bbox 534 1781 3753 1868; baseline -0.001 -15"><span class='ocrx_word' id='word_1_215' title='bbox 534 1815 594 1853; x_wconf 83' lang='lat' dir='ltr'><strong>ra</strong></span> <span class='ocrx_word' id='word_1_216' title='bbox 623 1800 799 1867; x_wconf 82' lang='lat' dir='ltr'><strong>capita</strong></span> <span class='ocrx_word' id='word_1_217' title='bbox 829 1797 1161 1867; x_wconf 85' lang='lat' dir='ltr'><strong>produxerit,</strong></span> <span class='ocrx_word' id='word_1_218' title='bbox 1214 1794 1502 1864; x_wconf 74' lang='lat' dir='ltr'><strong>perspicue</strong></span> <span class='ocrx_word' id='word_1_219' title='bbox 1530 1794 1775 1848; x_wconf 90' lang='lat' dir='ltr'><strong>docetur.</strong></span> <span class='ocrx_word' id='word_1_220' title='bbox 1822 1792 1925 1845; x_wconf 83' lang='lat' dir='ltr'><strong>Per</strong></span> <span class='ocrx_word' id='word_1_221' title='bbox 1952 1806 2105 1844; x_wconf 87' lang='lat' dir='ltr'><strong>eum-</strong></span> <span class='ocrx_word' id='word_1_222' title='bbox 2139 1781 2183 1837; x_wconf 78' lang='grc' dir='ltr'><strong>Β</strong></span> <span class='ocrx_word' id='word_1_223' title='bbox 2213 1789 2500 1863; x_wconf 83' lang='lat' dir='ltr'><strong>Fregianti.</strong></span> <span class='ocrx_word' id='word_1_224' title='bbox 2519 1795 2574 1863; x_wconf 84' lang='lat'><strong>(5</strong></span> <span class='ocrx_word' id='word_1_225' title='bbox 2589 1794 2795 1863; x_wconf 85' lang='lat' dir='ltr'><strong>Alph.7</strong></span> <span class='ocrx_word' id='word_1_226' title='bbox 2815 1796 3061 1867; x_wconf 87' lang='lat' dir='ltr'><strong>plagg.et</strong></span> <span class='ocrx_word' id='word_1_227' title='bbox 3082 1796 3242 1852; x_wconf 61' lang='lat' dir='ltr'><strong>Praef.</strong></span> <span class='ocrx_word' id='word_1_228' title='bbox 3271 1800 3443 1867; x_wconf 82' lang='lat' dir='ltr'><strong>plagg.</strong></span> <span class='ocrx_word' id='word_1_229' title='bbox 3474 1798 3554 1868; x_wconf 89' lang='lat'><strong>6.)</strong></span> <span class='ocrx_word' id='word_1_230' title='bbox 3578 1828 3642 1838; x_wconf 90' lang='lat'><strong>—-</strong></span> <span class='ocrx_word' id='word_1_231' title='bbox 3662 1801 3753 1853; x_wconf 86' lang='lat' dir='ltr'><strong>Au-</strong></span> 
     </span>
    </p>
   </div>
   <div class='ocr_carea' id='block_1_19' title="bbox 535 1879 3753 1958">
    <p class='ocr_par' dir='ltr' id='par_1_19' title="bbox 535 1879 3753 1958">
     <span class='ocr_line' id='line_1_19' title="bbox 535 1879 3753 1958; baseline -0.001 -14"><span class='ocrx_word' id='word_1_232' title='bbox 535 1892 657 1944; x_wconf 85' lang='lat' dir='ltr'><strong>dem</strong></span> <span class='ocrx_word' id='word_1_233' title='bbox 689 1888 751 1942; x_wconf 86' lang='lat' dir='ltr'><strong>L.</strong></span> <span class='ocrx_word' id='word_1_234' title='bbox 774 1887 1045 1942; x_wconf 65' lang='lat' dir='ltr'><strong>Damnum.</strong></span> <span class='ocrx_word' id='word_1_235' title='bbox 1081 1884 1312 1940; x_wconf 82' lang='lat' dir='ltr'><strong>Additus</strong></span> <span class='ocrx_word' id='word_1_236' title='bbox 1335 1894 1417 1940; x_wconf 89' lang='lat' dir='ltr'><strong>est</strong></span> <span class='ocrx_word' id='word_1_237' title='bbox 1438 1892 1700 1951; x_wconf 68' lang='lat' dir='ltr'><strong>praeterea</strong></span> <span class='ocrx_word' id='word_1_238' title='bbox 1739 1889 1996 1935; x_wconf 86' lang='lat' dir='ltr'><strong>tractatus</strong></span> <span class='ocrx_word' id='word_1_239' title='bbox 2043 1879 2112 1934; x_wconf 90' lang='lat' dir='ltr'><strong>de</strong></span> <span class='ocrx_word' id='word_1_240' title='bbox 2211 1882 2413 1949; x_wconf 89' lang='lat' dir='ltr'><strong>gustini</strong></span> <span class='ocrx_word' id='word_1_241' title='bbox 2440 1884 2604 1949; x_wconf 75' lang='lat' dir='ltr'><strong>verba</strong></span> <span class='ocrx_word' id='word_1_242' title='bbox 2630 1885 2777 1940; x_wconf 89' lang='lat' dir='ltr'><strong>velut</strong></span> <span class='ocrx_word' id='word_1_243' title='bbox 2804 1886 2914 1939; x_wconf 87' lang='lat' dir='ltr'><strong>rari</strong></span> <span class='ocrx_word' id='word_1_244' title='bbox 2942 1895 3123 1941; x_wconf 80' lang='lat' dir='ltr'><strong>nantes</strong></span> <span class='ocrx_word' id='word_1_245' title='bbox 3151 1888 3205 1940; x_wconf 89' lang='lat' dir='ltr'><strong>in</strong></span> <span class='ocrx_word' id='word_1_246' title='bbox 3223 1888 3427 1958; x_wconf 77' lang='lat' dir='ltr'><strong>gurgite</strong></span> <span class='ocrx_word' id='word_1_247' title='bbox 3450 1898 3589 1942; x_wconf 83' lang='lat' dir='ltr'><strong>uasto</strong></span> <span class='ocrx_word' id='word_1_248' title='bbox 3611 1903 3753 1955; x_wconf 85' lang='lat' dir='ltr'><strong>appa-</strong></span> 
     </span>
    </p>
   </div>
   <div class='ocr_carea' id='block_1_20' title="bbox 545 1968 3755 2045">
    <p class='ocr_par' dir='ltr' id='par_1_20' title="bbox 545 1968 3755 2045">
     <span class='ocr_line' id='line_1_20' title="bbox 545 1968 3755 2045; baseline -0.001 -14"><span class='ocrx_word' id='word_1_249' title='bbox 545 1980 804 2045; x_wconf 71' lang='lat' dir='ltr'><strong>llcclesia,</strong></span> <span class='ocrx_word' id='word_1_250' title='bbox 833 1978 946 2044; x_wconf 89' lang='lat' dir='ltr'><strong>ubi,</strong></span> <span class='ocrx_word' id='word_1_251' title='bbox 979 1976 1173 2045; x_wconf 88' lang='lat' dir='ltr'><strong>quibus</strong></span> <span class='ocrx_word' id='word_1_252' title='bbox 1201 1975 1401 2029; x_wconf 87' lang='lat' dir='ltr'><strong>sensim</strong></span> <span class='ocrx_word' id='word_1_253' title='bbox 1426 1972 1679 2043; x_wconf 74' lang='lat' dir='ltr'><strong>gradibus</strong></span> <span class='ocrx_word' id='word_1_254' title='bbox 1700 1970 1790 2025; x_wconf 88' lang='lat' dir='ltr'><strong>illa</strong></span> <span class='ocrx_word' id='word_1_255' title='bbox 1816 1969 2026 2023; x_wconf 88' lang='lat' dir='ltr'><strong>tandem</strong></span> <span class='ocrx_word' id='word_1_256' title='bbox 2058 1968 2109 2021; x_wconf 89' lang='lat' dir='ltr'><strong>in</strong></span> <span class='ocrx_word' id='word_1_257' title='bbox 2212 1980 2353 2024; x_wconf 90' lang='lat' dir='ltr'><strong>rent.</strong></span> <span class='ocrx_word' id='word_1_258' title='bbox 2392 1970 2666 2028; x_wconf 88' lang='lat' dir='ltr'><strong>Potiorem</strong></span> <span class='ocrx_word' id='word_1_259' title='bbox 2698 1974 2985 2031; x_wconf 85' lang='lat' dir='ltr'><strong>voluminis</strong></span> <span class='ocrx_word' id='word_1_260' title='bbox 3033 1985 3241 2045; x_wconf 88' lang='lat' dir='ltr'><strong>partem</strong></span> <span class='ocrx_word' id='word_1_261' title='bbox 3271 1978 3498 2033; x_wconf 83' lang='lat' dir='ltr'><strong>collatio</strong></span> <span class='ocrx_word' id='word_1_262' title='bbox 3536 1978 3588 2031; x_wconf 91' lang='lat' dir='ltr'><strong>in</strong></span> <span class='ocrx_word' id='word_1_263' title='bbox 3626 1977 3755 2029; x_wconf 86' lang='lat' dir='ltr'><strong>titulo</strong></span> 
     </span>
    </p>
   </div>
   <div class='ocr_carea' id='block_1_21' title="bbox 534 2058 3758 2137">
    <p class='ocr_par' dir='ltr' id='par_1_21' title="bbox 534 2058 3758 2137">
     <span class='ocr_line' id='line_1_21' title="bbox 534 2058 3758 2137; baseline -0 -16"><span class='ocrx_word' id='word_1_264' title='bbox 534 2068 857 2137; x_wconf 86' lang='lat' dir='ltr'><strong>Papisticam</strong></span> <span class='ocrx_word' id='word_1_265' title='bbox 892 2064 1224 2136; x_wconf 78' lang='lat' dir='ltr'><strong>tyrannidem</strong></span> <span class='ocrx_word' id='word_1_266' title='bbox 1268 2061 1542 2128; x_wconf 89' lang='lat' dir='ltr'><strong>inciderit,</strong></span> <span class='ocrx_word' id='word_1_267' title='bbox 1571 2060 1891 2116; x_wconf 88' lang='lat' dir='ltr'><strong>ostenditur.</strong></span> <span class='ocrx_word' id='word_1_268' title='bbox 1932 2076 1951 2111; x_wconf 71' lang='grc' dir='ltr'><strong><em>ι</em></strong></span> <span class='ocrx_word' id='word_1_269' title='bbox 1986 2058 2111 2129; x_wconf 89' lang='lat' dir='ltr'><strong>Dig-</strong></span> <span class='ocrx_word' id='word_1_270' title='bbox 2212 2061 2498 2127; x_wconf 65' lang='lat' dir='ltr'><strong>praedicata</strong></span> <span class='ocrx_word' id='word_1_271' title='bbox 2528 2074 2776 2134; x_wconf 82' lang='lat' dir='ltr'><strong>occupat.</strong></span> <span class='ocrx_word' id='word_1_272' title='bbox 2805 2066 3071 2123; x_wconf 65' lang='lat' dir='ltr'><strong>Caeterum</strong></span> <span class='ocrx_word' id='word_1_273' title='bbox 3097 2067 3308 2136; x_wconf 89' lang='lat' dir='ltr'><strong>ignoro,</strong></span> <span class='ocrx_word' id='word_1_274' title='bbox 3334 2078 3516 2121; x_wconf 90' lang='lat' dir='ltr'><strong>utrum</strong></span> <span class='ocrx_word' id='word_1_275' title='bbox 3545 2068 3655 2136; x_wconf 85' lang='lat' dir='ltr'><strong>plus</strong></span> <span class='ocrx_word' id='word_1_276' title='bbox 3680 2066 3758 2119; x_wconf 83' lang='lat' dir='ltr'><strong>viri</strong></span> 
     </span>
    </p>
   </div>
   <div class='ocr_carea' id='block_1_22' title="bbox 538 2148 2109 2222">
    <p class='ocr_par' dir='ltr' id='par_1_22' title="bbox 538 2148 2109 2222">
     <span class='ocr_line' id='line_1_22' title="bbox 538 2148 2109 2222; baseline -0.004 -13"><span class='ocrx_word' id='word_1_277' title='bbox 538 2172 605 2209; x_wconf 82' lang='lat' dir='ltr'><strong>ua</strong></span> <span class='ocrx_word' id='word_1_278' title='bbox 627 2166 710 2212; x_wconf 86' lang='lat' dir='ltr'><strong>est</strong></span> <span class='ocrx_word' id='word_1_279' title='bbox 733 2171 849 2211; x_wconf 67' lang='lat' dir='ltr'><strong>navo</strong></span> <span class='ocrx_word' id='word_1_280' title='bbox 880 2157 985 2209; x_wconf 92' lang='lat' dir='ltr'><strong>isto</strong></span> <span class='ocrx_word' id='word_1_281' title='bbox 1015 2164 1069 2209; x_wconf 90' lang='lat' dir='ltr'><strong>et</strong></span> <span class='ocrx_word' id='word_1_282' title='bbox 1094 2154 1359 2222; x_wconf 90' lang='lat' dir='ltr'><strong>imprimis</strong></span> <span class='ocrx_word' id='word_1_283' title='bbox 1406 2151 1567 2221; x_wconf 87' lang='lat' dir='ltr'><strong>hujus</strong></span> <span class='ocrx_word' id='word_1_284' title='bbox 1593 2151 1777 2207; x_wconf 83' lang='lat' dir='ltr'><strong>eximii</strong></span> <span class='ocrx_word' id='word_1_285' title='bbox 1830 2148 2109 2203; x_wconf 73' lang='lat' dir='ltr'><strong>ha-reseon</strong></span> 
     </span>
    </p>
   </div>
   <div class='ocr_carea' id='block_1_23' title="bbox 531 2238 2111 2313">
    <p class='ocr_par' dir='ltr' id='par_1_23' title="bbox 531 2238 2111 2313">
     <span class='ocr_line' id='line_1_23' title="bbox 531 2238 2111 2313; baseline -0.006 -13"><span class='ocrx_word' id='word_1_286' title='bbox 531 2244 924 2313; x_wconf 73' lang='lat' dir='ltr'><strong>genealogista:</strong></span> <span class='ocrx_word' id='word_1_287' title='bbox 948 2242 1168 2312; x_wconf 88' lang='lat' dir='ltr'><strong>ingenio</strong></span> <span class='ocrx_word' id='word_1_288' title='bbox 1187 2241 1417 2312; x_wconf 87' lang='lat' dir='ltr'><strong>epistola</strong></span> <span class='ocrx_word' id='word_1_289' title='bbox 1441 2240 1509 2294; x_wconf 91' lang='lat' dir='ltr'><strong>ad</strong></span> <span class='ocrx_word' id='word_1_290' title='bbox 1538 2248 1787 2295; x_wconf 86' lang='lat' dir='ltr'><strong>senatum</strong></span> <span class='ocrx_word' id='word_1_291' title='bbox 1830 2238 2111 2294; x_wconf 84' lang='lat' dir='ltr'><strong>Geneven-</strong></span> 
     </span>
    </p>
   </div>
   <div class='ocr_carea' id='block_1_24' title="bbox 544 339 643 396">
    <p class='ocr_par' dir='ltr' id='par_1_24' title="bbox 544 339 643 396">
     <span class='ocr_line' id='line_1_24' title="bbox 544 339 643 396; baseline -0.03 -1"><span class='ocrx_word' id='word_1_292' title='bbox 544 339 643 396; x_wconf 77' lang='lat'><strong>171</strong></span> 
     </span>
    </p>
   </div>
   <div class='ocr_carea' id='block_1_25' title="bbox 2219 2149 3759 2225">
    <p class='ocr_par' dir='ltr' id='par_1_25' title="bbox 2219 2149 3759 2225">
     <span class='ocr_line' id='line_1_25' title="bbox 2219 2149 3759 2225; baseline 0.004 -22"><span class='ocrx_word' id='word_1_293' title='bbox 2219 2149 2380 2205; x_wconf 88' lang='lat' dir='ltr'><strong>ardor</strong></span> <span class='ocrx_word' id='word_1_294' title='bbox 2407 2163 2580 2207; x_wconf 91' lang='lat' dir='ltr'><strong>morte</strong></span> <span class='ocrx_word' id='word_1_295' title='bbox 2602 2155 2674 2209; x_wconf 88' lang='lat' dir='ltr'><strong>sit</strong></span> <span class='ocrx_word' id='word_1_296' title='bbox 2700 2155 3017 2221; x_wconf 80' lang='lat' dir='ltr'><strong>exstinctus,</strong></span> <span class='ocrx_word' id='word_1_297' title='bbox 3054 2171 3121 2211; x_wconf 89' lang='lat' dir='ltr'><strong>an</strong></span> <span class='ocrx_word' id='word_1_298' title='bbox 3152 2172 3285 2211; x_wconf 88' lang='lat' dir='ltr'><strong>vero</strong></span> <span class='ocrx_word' id='word_1_299' title='bbox 3316 2156 3609 2225; x_wconf 87' lang='lat' dir='ltr'><strong>bibliopola</strong></span> <span class='ocrx_word' id='word_1_300' title='bbox 3628 2157 3759 2223; x_wconf 82' lang='lat' dir='ltr'><strong>juve-</strong></span> 
     </span>
    </p>
   </div>
   <div class='ocr_carea' id='block_1_26' title="bbox 2211 2240 3760 2314">
    <p class='ocr_par' dir='ltr' id='par_1_26' title="bbox 2211 2240 3760 2314">
     <span class='ocr_line' id='line_1_26' title="bbox 2211 2240 3760 2314; baseline 0.003 -23"><span class='ocrx_word' id='word_1_301' title='bbox 2211 2240 2372 2294; x_wconf 87' lang='lat' dir='ltr'><strong>nilem</strong></span> <span class='ocrx_word' id='word_1_302' title='bbox 2417 2242 2637 2310; x_wconf 89' lang='lat' dir='ltr'><strong>jubilati</strong></span> <span class='ocrx_word' id='word_1_303' title='bbox 2690 2246 2969 2313; x_wconf 90' lang='lat' dir='ltr'><strong>scriptoris</strong></span> <span class='ocrx_word' id='word_1_304' title='bbox 3020 2246 3275 2313; x_wconf 90' lang='lat' dir='ltr'><strong>impetum</strong></span> <span class='ocrx_word' id='word_1_305' title='bbox 3331 2247 3664 2314; x_wconf 87' lang='lat' dir='ltr'><strong>represserit.</strong></span> <span class='ocrx_word' id='word_1_306' title='bbox 3694 2244 3760 2297; x_wconf 84' lang='lat' dir='ltr'><strong>Cl.</strong></span> 
     </span>
    </p>
   </div>
   <div class='ocr_carea' id='block_1_27' title="bbox 535 2313 2109 2399">
    <p class='ocr_par' dir='ltr' id='par_1_27' title="bbox 535 2313 2109 2399">
     <span class='ocr_line' id='line_1_27' title="bbox 535 2313 2109 2399; baseline -0.006 -11"><span class='ocrx_word' id='word_1_307' title='bbox 535 2349 647 2388; x_wconf 84' lang='lat' dir='ltr'><strong>sem</strong></span> <span class='ocrx_word' id='word_1_308' title='bbox 676 2334 745 2388; x_wconf 91' lang='lat' dir='ltr'><strong>ab</strong></span> <span class='ocrx_word' id='word_1_309' title='bbox 768 2346 836 2387; x_wconf 90' lang='lat' dir='ltr'><strong>eo</strong></span> <span class='ocrx_word' id='word_1_310' title='bbox 858 2334 1083 2399; x_wconf 88' lang='lat' dir='ltr'><strong>scripta,</strong></span> <span class='ocrx_word' id='word_1_311' title='bbox 1109 2347 1209 2399; x_wconf 87' lang='lat' dir='ltr'><strong>qua</strong></span> <span class='ocrx_word' id='word_1_312' title='bbox 1239 2339 1441 2385; x_wconf 92' lang='lat' dir='ltr'><strong>sortem</strong></span> <span class='ocrx_word' id='word_1_313' title='bbox 1473 2330 1573 2384; x_wconf 86' lang='lat' dir='ltr'><strong>sibi</strong></span> <span class='ocrx_word' id='word_1_314' title='bbox 1593 2330 1888 2397; x_wconf 80' lang='lat' dir='ltr'><strong>gratulatur</strong></span> <span class='ocrx_word' id='word_1_315' title='bbox 1915 2313 2109 2380; x_wconf 75' lang='lat' dir='ltr'><strong>divini-</strong></span> 
     </span>
    </p>
   </div>
   <div class='ocr_carea' id='block_1_28' title="bbox 534 2416 2103 2490">
    <p class='ocr_par' dir='ltr' id='par_1_28' title="bbox 534 2416 2103 2490">
     <span class='ocr_line' id='line_1_28' title="bbox 534 2416 2103 2490; baseline -0.004 -15"><span class='ocrx_word' id='word_1_316' title='bbox 534 2432 622 2476; x_wconf 87' lang='lat' dir='ltr'><strong>tus</strong></span> <span class='ocrx_word' id='word_1_317' title='bbox 642 2436 974 2485; x_wconf 86' lang='lat' dir='ltr'><strong>concessam,</strong></span> <span class='ocrx_word' id='word_1_318' title='bbox 999 2421 1141 2490; x_wconf 90' lang='lat' dir='ltr'><strong>quod</strong></span> <span class='ocrx_word' id='word_1_319' title='bbox 1171 2422 1224 2475; x_wconf 90' lang='lat' dir='ltr'><strong>in</strong></span> <span class='ocrx_word' id='word_1_320' title='bbox 1254 2434 1315 2474; x_wconf 88' lang='lat' dir='ltr'><strong>ea</strong></span> <span class='ocrx_word' id='word_1_321' title='bbox 1346 2420 1563 2474; x_wconf 80' lang='lat' dir='ltr'><strong>civitate</strong></span> <span class='ocrx_word' id='word_1_322' title='bbox 1593 2417 1776 2473; x_wconf 79' lang='lat' dir='ltr'><strong>vivere</strong></span> <span class='ocrx_word' id='word_1_323' title='bbox 1801 2416 2103 2485; x_wconf 78' lang='lat' dir='ltr'><strong>contigerit,</strong></span> 
     </span>
    </p>
   </div>
   <div class='ocr_carea' id='block_1_29' title="bbox 532 2506 2110 2582">
    <p class='ocr_par' dir='ltr' id='par_1_29' title="bbox 532 2506 2110 2582">
     <span class='ocr_line' id='line_1_29' title="bbox 532 2506 2110 2582; baseline -0.003 -17"><span class='ocrx_word' id='word_1_324' title='bbox 532 2529 692 2582; x_wconf 86' lang='lat' dir='ltr'><strong>quam</strong></span> <span class='ocrx_word' id='word_1_325' title='bbox 714 2512 848 2567; x_wconf 89' lang='lat' dir='ltr'><strong>nulli</strong></span> <span class='ocrx_word' id='word_1_326' title='bbox 868 2512 1041 2582; x_wconf 88' lang='lat' dir='ltr'><strong>gloria</strong></span> <span class='ocrx_word' id='word_1_327' title='bbox 1068 2511 1121 2566; x_wconf 92' lang='lat' dir='ltr'><strong>in</strong></span> <span class='ocrx_word' id='word_1_328' title='bbox 1170 2508 1529 2579; x_wconf 72' lang='lat' dir='ltr'><strong>exstirpandis</strong></span> <span class='ocrx_word' id='word_1_329' title='bbox 1560 2509 1680 2578; x_wconf 89' lang='lat' dir='ltr'><strong>igne</strong></span> <span class='ocrx_word' id='word_1_330' title='bbox 1715 2507 1970 2576; x_wconf 83' lang='lat' dir='ltr'><strong>ferroque</strong></span> <span class='ocrx_word' id='word_1_331' title='bbox 2000 2506 2110 2561; x_wconf 81' lang='lat' dir='ltr'><strong>liae-</strong></span> 
     </span>
    </p>
   </div>
   <div class='ocr_carea' id='block_1_30' title="bbox 532 2599 2108 2668">
    <p class='ocr_par' dir='ltr' id='par_1_30' title="bbox 532 2599 2108 2668">
     <span class='ocr_line' id='line_1_30' title="bbox 532 2599 2108 2668; baseline -0.003 -10"><span class='ocrx_word' id='word_1_332' title='bbox 532 2605 733 2659; x_wconf 86' lang='lat' dir='ltr'><strong>resium</strong></span> <span class='ocrx_word' id='word_1_333' title='bbox 758 2603 1076 2658; x_wconf 86' lang='lat' dir='ltr'><strong>auctoribus</strong></span> <span class='ocrx_word' id='word_1_334' title='bbox 1104 2601 1393 2657; x_wconf 87' lang='lat' dir='ltr'><strong>secundam</strong></span> <span class='ocrx_word' id='word_1_335' title='bbox 1411 2599 1624 2655; x_wconf 91' lang='lat' dir='ltr'><strong>censeri</strong></span> <span class='ocrx_word' id='word_1_336' title='bbox 1653 2606 1919 2668; x_wconf 84' lang='lat' dir='ltr'><strong>oporteat,</strong></span> <span class='ocrx_word' id='word_1_337' title='bbox 1946 2606 2108 2667; x_wconf 85' lang='lat' dir='ltr'><strong>atque</strong></span> 
     </span>
    </p>
   </div>
   <div class='ocr_carea' id='block_1_31' title="bbox 531 2688 2105 2763">
    <p class='ocr_par' dir='ltr' id='par_1_31' title="bbox 531 2688 2105 2763">
     <span class='ocr_line' id='line_1_31' title="bbox 531 2688 2105 2763; baseline -0.004 -16"><span class='ocrx_word' id='word_1_338' title='bbox 531 2692 872 2748; x_wconf 55' lang='lat' dir='ltr'><strong>laetabundus</strong></span> <span class='ocrx_word' id='word_1_339' title='bbox 912 2692 1177 2763; x_wconf 85' lang='lat' dir='ltr'><strong>supplicia</strong></span> <span class='ocrx_word' id='word_1_340' title='bbox 1221 2690 1290 2746; x_wconf 86' lang='lat' dir='ltr'><strong>ab</strong></span> <span class='ocrx_word' id='word_1_341' title='bbox 1321 2690 1590 2746; x_wconf 79' lang='lat' dir='ltr'><strong>hzereticis</strong></span> <span class='ocrx_word' id='word_1_342' title='bbox 1616 2688 1847 2745; x_wconf 75' lang='lat' dir='ltr'><strong>Genevae</strong></span> <span class='ocrx_word' id='word_1_343' title='bbox 1894 2697 2105 2757; x_wconf 85' lang='lat' dir='ltr'><strong>sumpta</strong></span> 
     </span>
    </p>
   </div>
   <div class='ocr_carea' id='block_1_32' title="bbox 532 2792 802 2839">
    <p class='ocr_par' dir='ltr' id='par_1_32' title="bbox 532 2792 802 2839">
     <span class='ocr_line' id='line_1_32' title="bbox 532 2792 802 2839; baseline -0.007 0"><span class='ocrx_word' id='word_1_344' title='bbox 532 2802 545 2834; x_wconf 90' lang='grc' dir='ltr'><strong>Ι</strong></span> <span class='ocrx_word' id='word_1_345' title='bbox 561 2792 802 2839; x_wconf 90' lang='lat' dir='ltr'><strong>ccenset.</strong></span> 
     </span>
    </p>
   </div>
   <div class='ocr_carea' id='block_1_33' title="bbox 593 2798 2104 2939">
    <p class='ocr_par' dir='ltr' id='par_1_33' title="bbox 593 2798 2104 2939">
     <span class='ocr_line' id='line_1_33' title="bbox 660 2798 802 2838; baseline -0.007 0"><span class='ocrx_word' id='word_1_346' title='bbox 660 2800 720 2838; x_wconf 90' lang='lat' dir='ltr'><strong>ns</strong></span> <span class='ocrx_word' id='word_1_347' title='bbox 761 2798 802 2837; x_wconf 91' lang='grc' dir='ltr'><strong>ι.</strong></span> 
     </span>
     <span class='ocr_line' id='line_1_34' title="bbox 593 2798 2104 2939; baseline -0.009 -9"><span class='ocrx_word' id='word_1_348' title='bbox 593 2798 760 2930; x_wconf 55' lang='grc' dir='ltr'><strong>ξέηῗ</strong></span> <span class='ocrx_word' id='word_1_349' title='bbox 801 2873 1022 2935; x_wconf 86' lang='lat' dir='ltr'><strong>Ibidem,</strong></span> <span class='ocrx_word' id='word_1_350' title='bbox 1047 2872 1187 2939; x_wconf 86' lang='lat' dir='ltr'><strong>apud</strong></span> <span class='ocrx_word' id='word_1_351' title='bbox 1211 2872 1465 2935; x_wconf 87' lang='lat' dir='ltr'><strong>eumdem,</strong></span> <span class='ocrx_word' id='word_1_352' title='bbox 1498 2870 1581 2922; x_wconf 89' lang='lat' dir='ltr'><strong>in-</strong></span> <span class='ocrx_word' id='word_1_353' title='bbox 1604 2870 1689 2922; x_wconf 88' lang='lat'><strong>8°.</strong></span> <span class='ocrx_word' id='word_1_354' title='bbox 1716 2868 1915 2921; x_wconf 86' lang='lat' dir='ltr'><strong>Eadem</strong></span> <span class='ocrx_word' id='word_1_355' title='bbox 1946 2866 2104 2933; x_wconf 89' lang='lat' dir='ltr'><strong>plane</strong></span> 
     </span>
    </p>
   </div>
   <div class='ocr_carea' id='block_1_34' title="bbox 529 2958 1226 3018">
    <p class='ocr_par' dir='ltr' id='par_1_34' title="bbox 529 2958 1226 3018">
     <span class='ocr_line' id='line_1_35' title="bbox 529 2958 1226 3018; baseline -0.01 -2"><span class='ocrx_word' id='word_1_356' title='bbox 529 2964 712 3018; x_wconf 73' lang='lat' dir='ltr'><strong>editio.</strong></span> <span class='ocrx_word' id='word_1_357' title='bbox 744 2962 856 3017; x_wconf 87' lang='lat' dir='ltr'><strong>Cat.</strong></span> <span class='ocrx_word' id='word_1_358' title='bbox 884 2960 1023 3014; x_wconf 82' lang='lat' dir='ltr'><strong>Bibl.</strong></span> <span class='ocrx_word' id='word_1_359' title='bbox 1054 2958 1226 3012; x_wconf 83' lang='lat' dir='ltr'><strong>Tltott.</strong></span> 
     </span>
    </p>
   </div>
   <div class='ocr_carea' id='block_1_35' title="bbox 2212 2326 3763 2403">
    <p class='ocr_par' dir='ltr' id='par_1_35' title="bbox 2212 2326 3763 2403">
     <span class='ocr_line' id='line_1_36' title="bbox 2212 2326 3763 2403; baseline 0.003 -22"><span class='ocrx_word' id='word_1_360' title='bbox 2212 2326 2367 2382; x_wconf 77' lang='lat' dir='ltr'><strong>Mem.</strong></span> <span class='ocrx_word' id='word_1_361' title='bbox 2402 2331 2467 2383; x_wconf 90' lang='lat' dir='ltr'><strong>de</strong></span> <span class='ocrx_word' id='word_1_362' title='bbox 2502 2330 2765 2396; x_wconf 71' lang='lat' dir='ltr'><strong>Treoouz,</strong></span> <span class='ocrx_word' id='word_1_363' title='bbox 2803 2332 2930 2385; x_wconf 82' lang='lat' dir='ltr'><strong>Juin</strong></span> <span class='ocrx_word' id='word_1_364' title='bbox 2982 2334 3141 2398; x_wconf 87' lang='lat'><strong>1707,</strong></span> <span class='ocrx_word' id='word_1_365' title='bbox 3187 2348 3315 2403; x_wconf 83' lang='lat' dir='ltr'><strong>pag.</strong></span> <span class='ocrx_word' id='word_1_366' title='bbox 3357 2335 3516 2399; x_wconf 83' lang='lat'><strong>1110,</strong></span> <span class='ocrx_word' id='word_1_367' title='bbox 3568 2344 3616 2388; x_wconf 90' lang='lat' dir='ltr'><strong>et</strong></span> <span class='ocrx_word' id='word_1_368' title='bbox 3658 2335 3763 2387; x_wconf 79' lang='lat' dir='ltr'><strong>Acta</strong></span> 
     </span>
    </p>
   </div>
   <div class='ocr_carea' id='block_1_36' title="bbox 2213 2417 3171 2491">
    <p class='ocr_par' dir='ltr' id='par_1_36' title="bbox 2213 2417 3171 2491">
     <span class='ocr_line' id='line_1_37' title="bbox 2213 2417 3171 2491; baseline 0.009 -22"><span class='ocrx_word' id='word_1_369' title='bbox 2213 2417 2401 2483; x_wconf 79' lang='lat' dir='ltr'><strong>Erud.,</strong></span> <span class='ocrx_word' id='word_1_370' title='bbox 2424 2418 2571 2487; x_wconf 83' lang='lat' dir='ltr'><strong>Lips.</strong></span> <span class='ocrx_word' id='word_1_371' title='bbox 2604 2421 2763 2485; x_wconf 78' lang='lat'><strong>1708,</strong></span> <span class='ocrx_word' id='word_1_372' title='bbox 2783 2419 2941 2486; x_wconf 73' lang='grc' dir='ltr'><strong>Νου..</strong></span> <span class='ocrx_word' id='word_1_373' title='bbox 2966 2436 3020 2491; x_wconf 84' lang='lat' dir='ltr'><strong>p.</strong></span> <span class='ocrx_word' id='word_1_374' title='bbox 3043 2422 3171 2478; x_wconf 69' lang='lat'><strong>489.</strong></span> 
     </span>
    </p>
   </div>
   <div class='ocr_carea' id='block_1_37' title="bbox 2204 2504 3761 2581">
    <p class='ocr_par' dir='ltr' id='par_1_37' title="bbox 2204 2504 3761 2581">
     <span class='ocr_line' id='line_1_38' title="bbox 2204 2504 3761 2581; baseline 0.005 -24"><span class='ocrx_word' id='word_1_375' title='bbox 2204 2504 2477 2581; x_wconf 60' lang='grc' dir='ltr'><strong>ῘΧΧΙΧ.</strong></span> <span class='ocrx_word' id='word_1_376' title='bbox 2520 2508 2665 2578; x_wconf 89' lang='grc'><strong>(110.</strong></span> <span class='ocrx_word' id='word_1_377' title='bbox 2699 2510 2848 2579; x_wconf 91' lang='grc'><strong>111.)</strong></span> <span class='ocrx_word' id='word_1_378' title='bbox 2884 2510 2959 2563; x_wconf 88' lang='lat' dir='ltr'><strong>De</strong></span> <span class='ocrx_word' id='word_1_379' title='bbox 2984 2508 3453 2565; x_wconf 67' lang='lat' dir='ltr'><strong>Prwdestinatione</strong></span> <span class='ocrx_word' id='word_1_380' title='bbox 3492 2523 3761 2565; x_wconf 77' lang='lat' dir='ltr'><strong>sanctorum</strong></span> 
     </span>
    </p>
   </div>
   <div class='ocr_carea' id='block_1_38' title="bbox 2252 2598 3757 2670">
    <p class='ocr_par' dir='ltr' id='par_1_38' title="bbox 2252 2598 3757 2670">
     <span class='ocr_line' id='line_1_39' title="bbox 2252 2598 3757 2670; baseline 0.003 -19"><span class='ocrx_word' id='word_1_381' title='bbox 2252 2598 2390 2652; x_wconf 83' lang='lat' dir='ltr'><strong>.libri</strong></span> <span class='ocrx_word' id='word_1_382' title='bbox 2416 2601 2546 2669; x_wconf 86' lang='lat' dir='ltr'><strong>duo,</strong></span> <span class='ocrx_word' id='word_1_383' title='bbox 2572 2617 2790 2670; x_wconf 81' lang='lat' dir='ltr'><strong>quorum</strong></span> <span class='ocrx_word' id='word_1_384' title='bbox 2820 2601 2951 2657; x_wconf 85' lang='lat' dir='ltr'><strong>alter</strong></span> <span class='ocrx_word' id='word_1_385' title='bbox 2976 2602 3182 2656; x_wconf 83' lang='lat' dir='ltr'><strong>inscribi</strong></span> <span class='ocrx_word' id='word_1_386' title='bbox 3212 2602 3347 2657; x_wconf 80' lang='lat' dir='ltr'><strong>solet</strong></span> <span class='ocrx_word' id='word_1_387' title='bbox 3380 2603 3444 2655; x_wconf 85' lang='lat' dir='ltr'><strong>de</strong></span> <span class='ocrx_word' id='word_1_388' title='bbox 3474 2601 3625 2656; x_wconf 88' lang='lat' dir='ltr'><strong>Dono</strong></span> <span class='ocrx_word' id='word_1_389' title='bbox 3655 2603 3757 2655; x_wconf 77' lang='lat' dir='ltr'><strong>Per-</strong></span> 
     </span>
    </p>
   </div>
   <div class='ocr_carea' id='block_1_39' title="bbox 2274 2690 2589 2742">
    <p class='ocr_par' dir='ltr' id='par_1_39' title="bbox 2274 2690 2589 2742">
     <span class='ocr_line' id='line_1_40' title="bbox 2274 2690 2589 2742; baseline 0 -1"><span class='ocrx_word' id='word_1_390' title='bbox 2274 2690 2589 2742; x_wconf 64' lang='lat' dir='ltr'><strong>severantia.</strong></span> 
     </span>
    </p>
   </div>
   <div class='ocr_carea' id='block_1_40' title="bbox 2213 2776 3749 2853">
    <p class='ocr_par' dir='ltr' id='par_1_40' title="bbox 2213 2776 3749 2853">
     <span class='ocr_line' id='line_1_41' title="bbox 2213 2776 3749 2853; baseline 0.005 -24"><span class='ocrx_word' id='word_1_391' title='bbox 2213 2776 2297 2830; x_wconf 83' lang='lat' dir='ltr'><strong>Cl‘.</strong></span> <span class='ocrx_word' id='word_1_392' title='bbox 2324 2779 2388 2833; x_wconf 87' lang='lat' dir='ltr'><strong>de</strong></span> <span class='ocrx_word' id='word_1_393' title='bbox 2410 2777 2593 2834; x_wconf 84' lang='lat' dir='ltr'><strong>Gratia</strong></span> <span class='ocrx_word' id='word_1_394' title='bbox 2616 2789 2664 2833; x_wconf 88' lang='lat' dir='ltr'><strong>et</strong></span> <span class='ocrx_word' id='word_1_395' title='bbox 2692 2780 2851 2835; x_wconf 82' lang='lat' dir='ltr'><strong>libero</strong></span> <span class='ocrx_word' id='word_1_396' title='bbox 2912 2781 3135 2835; x_wconf 79' lang='lat' dir='ltr'><strong>Arbitrio</strong></span> <span class='ocrx_word' id='word_1_397' title='bbox 3165 2798 3222 2838; x_wconf 85' lang='grc' dir='ltr'><strong>η.</strong></span> <span class='ocrx_word' id='word_1_398' title='bbox 3274 2782 3405 2848; x_wconf 81' lang='grc'><strong>105;</strong></span> <span class='ocrx_word' id='word_1_399' title='bbox 3450 2783 3579 2838; x_wconf 91' lang='lat' dir='ltr'><strong>item</strong></span> <span class='ocrx_word' id='word_1_400' title='bbox 3612 2784 3749 2853; x_wconf 75' lang='lat' dir='ltr'><strong>Opus-</strong></span> 
     </span>
    </p>
   </div>
   <div class='ocr_carea' id='block_1_41' title="bbox 2273 2869 2623 2925">
    <p class='ocr_par' dir='ltr' id='par_1_41' title="bbox 2273 2869 2623 2925">
     <span class='ocr_line' id='line_1_42' title="bbox 2273 2869 2623 2925; baseline 0.017 -7"><span class='ocrx_word' id='word_1_401' title='bbox 2273 2869 2391 2919; x_wconf 85' lang='lat' dir='ltr'><strong>cstla</strong></span> <span class='ocrx_word' id='word_1_402' title='bbox 2412 2872 2623 2925; x_wconf 86' lang='lat' dir='ltr'><strong>selecta.</strong></span> 
     </span>
    </p>
   </div>
   <div class='ocr_carea' id='block_1_42' title="bbox 2275 2955 3743 3033">
    <p class='ocr_par' dir='ltr' id='par_1_42' title="bbox 2275 2955 3743 3033">
     <span class='ocr_line' id='line_1_43' title="bbox 2275 2955 3743 3033; baseline 0.007 -26"><span class='ocrx_word' id='word_1_403' title='bbox 2275 2955 2433 3008; x_wconf 84' lang='lat'><strong>1711.</strong></span> <span class='ocrx_word' id='word_1_404' title='bbox 2473 2957 2715 3022; x_wconf 79' lang='lat' dir='ltr'><strong>Parisiis,</strong></span> <span class='ocrx_word' id='word_1_405' title='bbox 2738 2965 2880 3026; x_wconf 86' lang='lat' dir='ltr'><strong>apud</strong></span> <span class='ocrx_word' id='word_1_406' title='bbox 2909 2960 3051 3015; x_wconf 85' lang='lat' dir='ltr'><strong>Guil.</strong></span> <span class='ocrx_word' id='word_1_407' title='bbox 3086 2961 3314 3031; x_wconf 76' lang='lat' dir='ltr'><strong>Desprez</strong></span> <span class='ocrx_word' id='word_1_408' title='bbox 3335 2980 3353 3029; x_wconf 88' lang='lat'><em>;</em></span> <span class='ocrx_word' id='word_1_409' title='bbox 3380 2965 3557 3033; x_wconf 73' lang='lat' dir='ltr'><strong>iit-fol.</strong></span> <span class='ocrx_word' id='word_1_410' title='bbox 3579 2965 3633 3021; x_wconf 88' lang='lat' dir='ltr'><strong>S.</strong></span> <span class='ocrx_word' id='word_1_411' title='bbox 3658 2966 3743 3018; x_wconf 82' lang='lat' dir='ltr'><strong>Au-</strong></span> 
     </span>
    </p>
   </div>
   <div class='ocr_carea' id='block_1_43' title="bbox 602 3038 3744 3118">
    <p class='ocr_par' dir='ltr' id='par_1_43' title="bbox 602 3038 3744 3118">
     <span class='ocr_line' id='line_1_44' title="bbox 602 3038 3744 3118; baseline -0.001 -12"><span class='ocrx_word' id='word_1_412' title='bbox 602 3053 759 3106; x_wconf 77' lang='lat'><strong>1583.</strong></span> <span class='ocrx_word' id='word_1_413' title='bbox 799 3049 1017 3102; x_wconf 73' lang='lat' dir='ltr'><strong>Genevw</strong></span> <span class='ocrx_word' id='word_1_414' title='bbox 1040 3086 1055 3112; x_wconf 89' lang='lat'><strong>,</strong></span> <span class='ocrx_word' id='word_1_415' title='bbox 1113 3045 1288 3113; x_wconf 79' lang='lat' dir='ltr'><strong>in-fol.</strong></span> <span class='ocrx_word' id='word_1_416' title='bbox 1338 3042 1483 3097; x_wconf 81' lang='lat' dir='ltr'><strong>Idem</strong></span> <span class='ocrx_word' id='word_1_417' title='bbox 1528 3042 1669 3097; x_wconf 83' lang='lat' dir='ltr'><strong>liber</strong></span> <span class='ocrx_word' id='word_1_418' title='bbox 1719 3040 1775 3094; x_wconf 89' lang='lat' dir='ltr'><strong>in</strong></span> <span class='ocrx_word' id='word_1_419' title='bbox 1820 3038 2100 3113; x_wconf 66' lang='lat' dir='ltr'><strong>opusculis</strong></span> <span class='ocrx_word' id='word_1_420' title='bbox 2132 3108 2167 3118; x_wconf 42' lang='grc' dir='ltr'><strong>Δ</strong></span> <span class='ocrx_word' id='word_1_421' title='bbox 2202 3043 2404 3112; x_wconf 89' lang='lat' dir='ltr'><strong>gustini</strong></span> <span class='ocrx_word' id='word_1_422' title='bbox 2434 3044 2501 3099; x_wconf 92' lang='lat' dir='ltr'><strong>de</strong></span> <span class='ocrx_word' id='word_1_423' title='bbox 2529 3045 3011 3103; x_wconf 69' lang='lat' dir='ltr'><strong>Praadestinatione</strong></span> <span class='ocrx_word' id='word_1_424' title='bbox 3028 3060 3083 3103; x_wconf 93' lang='lat' dir='ltr'><strong>et</strong></span> <span class='ocrx_word' id='word_1_425' title='bbox 3104 3050 3169 3104; x_wconf 89' lang='lat' dir='ltr'><strong>de</strong></span> <span class='ocrx_word' id='word_1_426' title='bbox 3192 3051 3345 3105; x_wconf 92' lang='lat' dir='ltr'><strong>Dono</strong></span> <span class='ocrx_word' id='word_1_427' title='bbox 3370 3054 3744 3118; x_wconf 69' lang='lat' dir='ltr'><strong>perseverantia:</strong></span> 
     </span>
    </p>
   </div>
   <div class='ocr_carea' id='block_1_44' title="bbox 530 3129 1852 3207">
    <p class='ocr_par' dir='ltr' id='par_1_44' title="bbox 530 3129 1852 3207">
     <span class='ocr_line' id='line_1_45' title="bbox 530 3129 1852 3207; baseline -0.007 -15"><span class='ocrx_word' id='word_1_428' title='bbox 530 3139 854 3207; x_wconf 82' lang='lat' dir='ltr'><strong>Tlteologicis</strong></span> <span class='ocrx_word' id='word_1_429' title='bbox 894 3136 1077 3189; x_wconf 82' lang='lat' dir='ltr'><strong>Lamb.</strong></span> <span class='ocrx_word' id='word_1_430' title='bbox 1116 3132 1321 3186; x_wconf 67' lang='lat' dir='ltr'><strong>Damni.</strong></span> <span class='ocrx_word' id='word_1_431' title='bbox 1370 3146 1523 3201; x_wconf 81' lang='lat' dir='ltr'><strong>pagg.</strong></span> <span class='ocrx_word' id='word_1_432' title='bbox 1557 3129 1852 3185; x_wconf 63' lang='lat'><strong>897-1048.</strong></span> 
     </span>
    </p>
   </div>
   <div class='ocr_carea' id='block_1_45' title="bbox 600 3222 2099 3292">
    <p class='ocr_par' dir='ltr' id='par_1_45' title="bbox 600 3222 2099 3292">
     <span class='ocr_line' id='line_1_46' title="bbox 600 3222 2099 3292; baseline -0.007 -8"><span class='ocrx_word' id='word_1_433' title='bbox 600 3230 755 3284; x_wconf 78' lang='grc'><strong>1595.</strong></span> <span class='ocrx_word' id='word_1_434' title='bbox 797 3226 1034 3292; x_wconf 79' lang='lat' dir='ltr'><strong>Genevte,</strong></span> <span class='ocrx_word' id='word_1_435' title='bbox 1063 3225 1240 3280; x_wconf 67' lang='lat' dir='ltr'><strong>iit—8°.</strong></span> <span class='ocrx_word' id='word_1_436' title='bbox 1273 3224 1415 3278; x_wconf 87' lang='lat' dir='ltr'><strong>idem</strong></span> <span class='ocrx_word' id='word_1_437' title='bbox 1442 3224 1578 3279; x_wconf 83' lang='lat' dir='ltr'><strong>liber</strong></span> <span class='ocrx_word' id='word_1_438' title='bbox 1600 3237 1724 3278; x_wconf 91' lang='lat' dir='ltr'><strong>cum</strong></span> <span class='ocrx_word' id='word_1_439' title='bbox 1744 3222 1934 3279; x_wconf 78' lang='lat' dir='ltr'><strong>iisdem</strong></span> <span class='ocrx_word' id='word_1_440' title='bbox 1955 3233 2099 3275; x_wconf 91' lang='lat' dir='ltr'><strong>com-</strong></span> 
     </span>
    </p>
   </div>
   <div class='ocr_carea' id='block_1_46' title="bbox 526 3313 1665 3375">
    <p class='ocr_par' dir='ltr' id='par_1_46' title="bbox 526 3313 1665 3375">
     <span class='ocr_line' id='line_1_47' title="bbox 526 3313 1665 3375; baseline -0.005 -3"><span class='ocrx_word' id='word_1_441' title='bbox 526 3319 826 3374; x_wconf 83' lang='lat' dir='ltr'><strong>mentariis.</strong></span> <span class='ocrx_word' id='word_1_442' title='bbox 856 3316 969 3370; x_wconf 87' lang='lat' dir='ltr'><strong>Cat.</strong></span> <span class='ocrx_word' id='word_1_443' title='bbox 1002 3313 1139 3369; x_wconf 86' lang='lat' dir='ltr'><strong>Bibl.</strong></span> <span class='ocrx_word' id='word_1_444' title='bbox 1168 3313 1323 3369; x_wconf 85' lang='lat' dir='ltr'><strong>Bodl.</strong></span> <span class='ocrx_word' id='word_1_445' title='bbox 1662 3372 1665 3375; x_wconf 96' lang='lat'><em>_</em></span> 
     </span>
    </p>
   </div>
   <div class='ocr_carea' id='block_1_47' title="bbox 600 3401 2094 3476">
    <p class='ocr_par' dir='ltr' id='par_1_47' title="bbox 600 3401 2094 3476">
     <span class='ocr_line' id='line_1_48' title="bbox 600 3401 2094 3476; baseline -0.005 -13"><span class='ocrx_word' id='word_1_446' title='bbox 600 3408 703 3463; x_wconf 68' lang='lat'><strong>162</strong></span> <span class='ocrx_word' id='word_1_447' title='bbox 715 3408 733 3461; x_wconf 92' lang='lat' dir='ltr'><strong>l</strong></span> <span class='ocrx_word' id='word_1_448' title='bbox 747 3448 761 3461; x_wconf 96' lang='lat'><strong>.</strong></span> <span class='ocrx_word' id='word_1_449' title='bbox 784 3406 1116 3475; x_wconf 80' lang='lat' dir='ltr'><strong>Helmstadii,</strong></span> <span class='ocrx_word' id='word_1_450' title='bbox 1137 3408 1269 3476; x_wconf 80' lang='lat' dir='ltr'><strong>typis</strong></span> <span class='ocrx_word' id='word_1_451' title='bbox 1287 3403 1547 3457; x_wconf 81' lang='lat' dir='ltr'><strong>hceredum</strong></span> <span class='ocrx_word' id='word_1_452' title='bbox 1559 3402 1740 3457; x_wconf 81' lang='lat' dir='ltr'><strong>Jacobi</strong></span> <span class='ocrx_word' id='word_1_453' title='bbox 1753 3401 1874 3455; x_wconf 78' lang='lat' dir='ltr'><strong>Levi</strong></span> <span class='ocrx_word' id='word_1_454' title='bbox 1888 3417 1907 3465; x_wconf 88' lang='grc'><em>;</em></span> <span class='ocrx_word' id='word_1_455' title='bbox 1927 3402 2069 3455; x_wconf 71' lang='grc' dir='ltr'><strong>ἔνι-4⁸</strong></span> <span class='ocrx_word' id='word_1_456' title='bbox 2080 3444 2094 3455; x_wconf 90' lang='grc'><strong>.</strong></span> 
     </span>
    </p>
   </div>
   <div class='ocr_carea' id='block_1_48' title="bbox 529 3493 2095 3570">
    <p class='ocr_par' dir='ltr' id='par_1_48' title="bbox 529 3493 2095 3570">
     <span class='ocr_line' id='line_1_49' title="bbox 529 3493 2095 3570; baseline -0.006 -14"><span class='ocrx_word' id='word_1_457' title='bbox 529 3504 592 3558; x_wconf 88' lang='lat' dir='ltr'><strong>D.</strong></span> <span class='ocrx_word' id='word_1_458' title='bbox 620 3502 752 3557; x_wconf 86' lang='lat' dir='ltr'><strong>Aur.</strong></span> <span class='ocrx_word' id='word_1_459' title='bbox 779 3500 1062 3570; x_wconf 87' lang='lat' dir='ltr'><strong>Augustini</strong></span> <span class='ocrx_word' id='word_1_460' title='bbox 1102 3499 1239 3553; x_wconf 88' lang='lat' dir='ltr'><strong>liber</strong></span> <span class='ocrx_word' id='word_1_461' title='bbox 1272 3496 1342 3551; x_wconf 85' lang='lat' dir='ltr'><strong>de</strong></span> <span class='ocrx_word' id='word_1_462' title='bbox 1368 3496 1674 3551; x_wconf 69' lang='lat' dir='ltr'><strong>llazresibus</strong></span> <span class='ocrx_word' id='word_1_463' title='bbox 1700 3494 1765 3548; x_wconf 91' lang='lat' dir='ltr'><strong>ad</strong></span> <span class='ocrx_word' id='word_1_464' title='bbox 1791 3493 2095 3561; x_wconf 86' lang='lat' dir='ltr'><strong>Quodvult-</strong></span> 
     </span>
    </p>
   </div>
   <div class='ocr_carea' id='block_1_49' title="bbox 527 3582 2097 3656">
    <p class='ocr_par' dir='ltr' id='par_1_49' title="bbox 527 3582 2097 3656">
     <span class='ocr_line' id='line_1_50' title="bbox 527 3582 2097 3656; baseline -0.005 -11"><span class='ocrx_word' id='word_1_465' title='bbox 527 3594 708 3648; x_wconf 85' lang='lat' dir='ltr'><strong>deum.</strong></span> <span class='ocrx_word' id='word_1_466' title='bbox 731 3592 866 3648; x_wconf 87' lang='lat' dir='ltr'><strong>ltcm</strong></span> <span class='ocrx_word' id='word_1_467' title='bbox 890 3590 951 3646; x_wconf 91' lang='grc'><strong>8.</strong></span> <span class='ocrx_word' id='word_1_468' title='bbox 973 3587 1244 3644; x_wconf 86' lang='lat' dir='ltr'><strong>Pbilastrii</strong></span> <span class='ocrx_word' id='word_1_469' title='bbox 1264 3589 1385 3656; x_wconf 90' lang='lat' dir='ltr'><strong>ejus</strong></span> <span class='ocrx_word' id='word_1_470' title='bbox 1408 3583 1967 3652; x_wconf 69' lang='lat' dir='ltr'><strong>coaetaneiCatalogus</strong></span> <span class='ocrx_word' id='word_1_471' title='bbox 1990 3582 2097 3637; x_wconf 72' lang='lat' dir='ltr'><strong>bte-</strong></span> 
     </span>
    </p>
   </div>
   <div class='ocr_carea' id='block_1_50' title="bbox 528 3671 2092 3751">
    <p class='ocr_par' dir='ltr' id='par_1_50' title="bbox 528 3671 2092 3751">
     <span class='ocr_line' id='line_1_51' title="bbox 528 3671 2092 3751; baseline -0.006 -15"><span class='ocrx_word' id='word_1_472' title='bbox 528 3686 727 3739; x_wconf 85' lang='lat' dir='ltr'><strong>resium</strong></span> <span class='ocrx_word' id='word_1_473' title='bbox 750 3696 891 3751; x_wconf 82' lang='lat' dir='ltr'><strong>pene</strong></span> <span class='ocrx_word' id='word_1_474' title='bbox 916 3680 1179 3745; x_wconf 89' lang='lat' dir='ltr'><strong>omnium,</strong></span> <span class='ocrx_word' id='word_1_475' title='bbox 1204 3692 1321 3745; x_wconf 67' lang='lat' dir='ltr'><strong>qua:</strong></span> <span class='ocrx_word' id='word_1_476' title='bbox 1343 3690 1372 3728; x_wconf 91' lang='lat' dir='ltr'><strong>a</strong></span> <span class='ocrx_word' id='word_1_477' title='bbox 1403 3674 1619 3728; x_wconf 85' lang='lat' dir='ltr'><strong>condito</strong></span> <span class='ocrx_word' id='word_1_478' title='bbox 1645 3673 1845 3726; x_wconf 88' lang='lat' dir='ltr'><strong>mundo</strong></span> <span class='ocrx_word' id='word_1_479' title='bbox 1874 3671 1940 3724; x_wconf 90' lang='lat' dir='ltr'><strong>ad</strong></span> <span class='ocrx_word' id='word_1_480' title='bbox 1966 3672 2092 3726; x_wconf 91' lang='lat' dir='ltr'><strong>illud</strong></span> 
     </span>
    </p>
   </div>
   <div class='ocr_carea' id='block_1_51' title="bbox 527 3761 2097 3843">
    <p class='ocr_par' dir='ltr' id='par_1_51' title="bbox 527 3761 2097 3843">
     <span class='ocr_line' id='line_1_52' title="bbox 527 3761 2097 3843; baseline -0.009 -15"><span class='ocrx_word' id='word_1_481' title='bbox 527 3787 697 3843; x_wconf 87' lang='lat' dir='ltr'><strong>usque</strong></span> <span class='ocrx_word' id='word_1_482' title='bbox 746 3770 1007 3825; x_wconf 74' lang='lat' dir='ltr'><strong>saeculum</strong></span> <span class='ocrx_word' id='word_1_483' title='bbox 1054 3775 1195 3821; x_wconf 78' lang='lat' dir='ltr'><strong>nota:</strong></span> <span class='ocrx_word' id='word_1_484' title='bbox 1253 3764 1488 3817; x_wconf 83' lang='lat' dir='ltr'><strong>luerunt.</strong></span> <span class='ocrx_word' id='word_1_485' title='bbox 1532 3761 1777 3815; x_wconf 84' lang='lat' dir='ltr'><strong>Accessit</strong></span> <span class='ocrx_word' id='word_1_486' title='bbox 1821 3761 2097 3829; x_wconf 90' lang='lat' dir='ltr'><strong>utriusque</strong></span> 
     </span>
    </p>
   </div>
   <div class='ocr_carea' id='block_1_52' title="bbox 529 3851 2123 3932">
    <p class='ocr_par' dir='ltr' id='par_1_52' title="bbox 529 3851 2123 3932">
     <span class='ocr_line' id='line_1_53' title="bbox 529 3851 2123 3932; baseline -0.009 -14"><span class='ocrx_word' id='word_1_487' title='bbox 529 3863 719 3932; x_wconf 82' lang='lat' dir='ltr'><strong>scripti</strong></span> <span class='ocrx_word' id='word_1_488' title='bbox 740 3860 1170 3929; x_wconf 89' lang='lat' dir='ltr'><strong>supplementum</strong></span> <span class='ocrx_word' id='word_1_489' title='bbox 1193 3864 1248 3908; x_wconf 91' lang='lat' dir='ltr'><strong>et</strong></span> <span class='ocrx_word' id='word_1_490' title='bbox 1268 3852 1428 3907; x_wconf 87' lang='lat' dir='ltr'><strong>index</strong></span> <span class='ocrx_word' id='word_1_491' title='bbox 1445 3854 1708 3920; x_wconf 90' lang='lat' dir='ltr'><strong>genuinus</strong></span> <span class='ocrx_word' id='word_1_492' title='bbox 1732 3868 1743 3901; x_wconf 90' lang='lat'>:</span> <span class='ocrx_word' id='word_1_493' title='bbox 1774 3866 1911 3905; x_wconf 92' lang='lat' dir='ltr'><strong>unus</strong></span> <span class='ocrx_word' id='word_1_494' title='bbox 1934 3851 2093 3905; x_wconf 81' lang='lat' dir='ltr'><strong>Citl‘O-</strong></span> <span class='ocrx_word' id='word_1_495' title='bbox 2118 3914 2123 3917; x_wconf 89' lang='lat'>_</span> 
     </span>
    </p>
   </div>
   <div class='ocr_carea' id='block_1_53' title="bbox 527 3942 2047 4018">
    <p class='ocr_par' dir='ltr' id='par_1_53' title="bbox 527 3942 2047 4018">
     <span class='ocr_line' id='line_1_54' title="bbox 527 3942 2047 4018; baseline -0.017 -11"><span class='ocrx_word' id='word_1_496' title='bbox 527 3951 829 4018; x_wconf 87' lang='lat' dir='ltr'><strong>nologicus,</strong></span> <span class='ocrx_word' id='word_1_497' title='bbox 861 3947 998 4001; x_wconf 86' lang='lat' dir='ltr'><strong>alter</strong></span> <span class='ocrx_word' id='word_1_498' title='bbox 1027 3942 1412 4014; x_wconf 84' lang='lat' dir='ltr'><strong>alphabeticus.</strong></span> <span class='ocrx_word' id='word_1_499' title='bbox 1446 3958 1464 3991; x_wconf 85' lang='lat' dir='ltr'><strong>s</strong></span> <span class='ocrx_word' id='word_1_500' title='bbox 2044 4010 2047 4013; x_wconf 14' lang='grc' dir='ltr'>Ἴ</span> 
     </span>
    </p>
   </div>
   <div class='ocr_carea' id='block_1_54' title="bbox 597 4027 2096 4101">
    <p class='ocr_par' dir='ltr' id='par_1_54' title="bbox 597 4027 2096 4101">
     <span class='ocr_line' id='line_1_55' title="bbox 597 4027 2096 4101; baseline -0.009 -5"><span class='ocrx_word' id='word_1_501' title='bbox 597 4040 757 4095; x_wconf 77' lang='grc'><strong>1651.</strong></span> <span class='ocrx_word' id='word_1_502' title='bbox 802 4036 1038 4101; x_wconf 70' lang='lat' dir='ltr'><strong>Oxoniaz,</strong></span> <span class='ocrx_word' id='word_1_503' title='bbox 1068 4036 1153 4087; x_wconf 84' lang='lat' dir='ltr'><strong>in—</strong></span> <span class='ocrx_word' id='word_1_504' title='bbox 1181 4033 1265 4087; x_wconf 76' lang='grc' dir='ltr'><strong>δο.</strong></span> <span class='ocrx_word' id='word_1_505' title='bbox 1298 4030 1356 4086; x_wconf 92' lang='grc'><strong>8.</strong></span> <span class='ocrx_word' id='word_1_506' title='bbox 1398 4029 1683 4099; x_wconf 86' lang='lat' dir='ltr'><strong>Augustini</strong></span> <span class='ocrx_word' id='word_1_507' title='bbox 1719 4028 1857 4084; x_wconf 89' lang='lat' dir='ltr'><strong>liber</strong></span> <span class='ocrx_word' id='word_1_508' title='bbox 1887 4027 1953 4083; x_wconf 90' lang='lat' dir='ltr'><strong>de</strong></span> <span class='ocrx_word' id='word_1_509' title='bbox 1978 4028 2096 4083; x_wconf 73' lang='lat' dir='ltr'><strong>lite-</strong></span> 
     </span>
    </p>
   </div>
   <div class='ocr_carea' id='block_1_55' title="bbox 527 4122 1249 4189">
    <p class='ocr_par' dir='ltr' id='par_1_55' title="bbox 527 4122 1249 4189">
     <span class='ocr_line' id='line_1_56' title="bbox 527 4122 1249 4189; baseline -0.012 -5"><span class='ocrx_word' id='word_1_510' title='bbox 527 4129 755 4185; x_wconf 87' lang='lat' dir='ltr'><strong>resibus.</strong></span> <span class='ocrx_word' id='word_1_511' title='bbox 779 4127 893 4179; x_wconf 86' lang='lat' dir='ltr'><strong>Cat.</strong></span> <span class='ocrx_word' id='word_1_512' title='bbox 924 4123 1061 4189; x_wconf 84' lang='lat' dir='ltr'><strong>Bibl.</strong></span> <span class='ocrx_word' id='word_1_513' title='bbox 1097 4122 1249 4176; x_wconf 84' lang='lat' dir='ltr'><strong>Bodl.</strong></span> 
     </span>
    </p>
   </div>
   <div class='ocr_carea' id='block_1_56' title="bbox 598 4210 2094 4283">
    <p class='ocr_par' dir='ltr' id='par_1_56' title="bbox 598 4210 2094 4283">
     <span class='ocr_line' id='line_1_57' title="bbox 598 4210 2094 4283; baseline -0.009 -9"><span class='ocrx_word' id='word_1_514' title='bbox 598 4219 756 4274; x_wconf 81' lang='lat'><strong>1675.</strong></span> <span class='ocrx_word' id='word_1_515' title='bbox 797 4216 1140 4281; x_wconf 80' lang='lat' dir='ltr'><strong>Helmstadii,</strong></span> <span class='ocrx_word' id='word_1_516' title='bbox 1164 4230 1252 4283; x_wconf 79' lang='lat' dir='ltr'><strong>ap,</strong></span> <span class='ocrx_word' id='word_1_517' title='bbox 1273 4211 1361 4267; x_wconf 78' lang='grc' dir='ltr'><strong>Ιο.</strong></span> <span class='ocrx_word' id='word_1_518' title='bbox 1385 4220 1433 4266; x_wconf 89' lang='lat' dir='ltr'><strong>et</strong></span> <span class='ocrx_word' id='word_1_519' title='bbox 1460 4210 1612 4263; x_wconf 86' lang='lat' dir='ltr'><strong>Frid.</strong></span> <span class='ocrx_word' id='word_1_520' title='bbox 1641 4210 1965 4274; x_wconf 87' lang='lat' dir='ltr'><strong>Luderwald,</strong></span> <span class='ocrx_word' id='word_1_521' title='bbox 2015 4211 2094 4262; x_wconf 85' lang='lat' dir='ltr'><strong>in-</strong></span> 
     </span>
    </p>
   </div>
   <div class='ocr_carea' id='block_1_57' title="bbox 524 4300 2091 4368">
    <p class='ocr_par' dir='ltr' id='par_1_57' title="bbox 524 4300 2091 4368">
     <span class='ocr_line' id='line_1_58' title="bbox 524 4300 2091 4368; baseline -0.009 -2"><span class='ocrx_word' id='word_1_522' title='bbox 524 4313 609 4366; x_wconf 70' lang='grc' dir='ltr'><strong>ια.</strong></span> <span class='ocrx_word' id='word_1_523' title='bbox 642 4309 786 4363; x_wconf 89' lang='lat' dir='ltr'><strong>Idem</strong></span> <span class='ocrx_word' id='word_1_524' title='bbox 832 4308 969 4362; x_wconf 87' lang='lat' dir='ltr'><strong>liber</strong></span> <span class='ocrx_word' id='word_1_525' title='bbox 1006 4319 1127 4359; x_wconf 92' lang='lat' dir='ltr'><strong>cum</strong></span> <span class='ocrx_word' id='word_1_526' title='bbox 1168 4301 1567 4357; x_wconf 86' lang='lat' dir='ltr'><strong>commentariis</strong></span> <span class='ocrx_word' id='word_1_527' title='bbox 1611 4310 1665 4354; x_wconf 87' lang='lat' dir='ltr'><strong>et</strong></span> <span class='ocrx_word' id='word_1_528' title='bbox 1708 4300 2091 4368; x_wconf 86' lang='lat' dir='ltr'><strong>supplementis</strong></span> 
     </span>
    </p>
   </div>
   <div class='ocr_carea' id='block_1_58' title="bbox 524 4386 2086 4460">
    <p class='ocr_par' dir='ltr' id='par_1_58' title="bbox 524 4386 2086 4460">
     <span class='ocr_line' id='line_1_59' title="bbox 524 4386 2086 4460; baseline -0.013 -4"><span class='ocrx_word' id='word_1_529' title='bbox 524 4400 715 4455; x_wconf 84' lang='lat' dir='ltr'><strong>Lamb.</strong></span> <span class='ocrx_word' id='word_1_530' title='bbox 744 4395 950 4460; x_wconf 60' lang='lat' dir='ltr'><strong>Danai,</strong></span> <span class='ocrx_word' id='word_1_531' title='bbox 972 4409 1100 4449; x_wconf 85' lang='lat' dir='ltr'><strong>cura</strong></span> <span class='ocrx_word' id='word_1_532' title='bbox 1125 4391 1383 4447; x_wconf 77' lang='lat' dir='ltr'><strong>Gebhardi</strong></span> <span class='ocrx_word' id='word_1_533' title='bbox 1413 4389 1671 4443; x_wconf 84' lang='lat' dir='ltr'><strong>Theodori</strong></span> <span class='ocrx_word' id='word_1_534' title='bbox 1688 4430 1702 4454; x_wconf 91' lang='lat'><strong>,</strong></span> <span class='ocrx_word' id='word_1_535' title='bbox 1731 4388 1929 4442; x_wconf 72' lang='grc' dir='ltr'><strong>Μοίρι-ἱ.</strong></span> <span class='ocrx_word' id='word_1_536' title='bbox 1967 4386 2086 4441; x_wconf 77' lang='lat' dir='ltr'><strong>Vid.</strong></span> 
     </span>
    </p>
   </div>
   <div class='ocr_carea' id='block_1_59' title="bbox 524 4489 869 4546">
    <p class='ocr_par' dir='ltr' id='par_1_59' title="bbox 524 4489 869 4546">
     <span class='ocr_line' id='line_1_60' title="bbox 524 4489 869 4546; baseline -0.017 0"><span class='ocrx_word' id='word_1_537' title='bbox 524 4492 639 4546; x_wconf 86' lang='lat' dir='ltr'><strong>Cat.</strong></span> <span class='ocrx_word' id='word_1_538' title='bbox 666 4489 869 4544; x_wconf 82' lang='lat' dir='ltr'><strong>Bunav.</strong></span> 
     </span>
    </p>
   </div>
   <div class='ocr_carea' id='block_1_60' title="bbox 595 4568 2092 4645">
    <p class='ocr_par' dir='ltr' id='par_1_60' title="bbox 595 4568 2092 4645">
     <span class='ocr_line' id='line_1_61' title="bbox 595 4568 2092 4645; baseline -0.012 -9"><span class='ocrx_word' id='word_1_539' title='bbox 595 4580 754 4635; x_wconf 87' lang='lat'><strong>1687.</strong></span> <span class='ocrx_word' id='word_1_540' title='bbox 797 4575 1157 4645; x_wconf 77' lang='lat' dir='ltr'><strong>Cantabrigice,</strong></span> <span class='ocrx_word' id='word_1_541' title='bbox 1185 4574 1265 4626; x_wconf 88' lang='lat' dir='ltr'><strong>in-</strong></span> <span class='ocrx_word' id='word_1_542' title='bbox 1286 4573 1373 4627; x_wconf 76' lang='lat'><strong>12.</strong></span> <span class='ocrx_word' id='word_1_543' title='bbox 1402 4571 1547 4626; x_wconf 81' lang='lat' dir='ltr'><strong>Idem</strong></span> <span class='ocrx_word' id='word_1_544' title='bbox 1572 4570 1707 4625; x_wconf 89' lang='lat' dir='ltr'><strong>liber</strong></span> <span class='ocrx_word' id='word_1_545' title='bbox 1728 4584 1841 4622; x_wconf 83' lang='lat' dir='ltr'><strong>cum</strong></span> <span class='ocrx_word' id='word_1_546' title='bbox 1866 4568 2092 4621; x_wconf 75' lang='lat' dir='ltr'><strong>Vincen-</strong></span> 
     </span>
    </p>
   </div>
   <div class='ocr_carea' id='block_1_61' title="bbox 523 4656 2088 4732">
    <p class='ocr_par' dir='ltr' id='par_1_61' title="bbox 523 4656 2088 4732">
     <span class='ocr_line' id='line_1_62' title="bbox 523 4656 2088 4732; baseline -0.01 -9"><span class='ocrx_word' id='word_1_547' title='bbox 523 4672 579 4725; x_wconf 78' lang='lat' dir='ltr'><strong>tii</strong></span> <span class='ocrx_word' id='word_1_548' title='bbox 606 4669 905 4726; x_wconf 86' lang='lat' dir='ltr'><strong>Lirinensis</strong></span> <span class='ocrx_word' id='word_1_549' title='bbox 927 4663 1326 4723; x_wconf 87' lang='lat' dir='ltr'><strong>Commentario</strong></span> <span class='ocrx_word' id='word_1_550' title='bbox 1351 4677 1506 4732; x_wconf 87' lang='lat' dir='ltr'><strong>pagg.</strong></span> <span class='ocrx_word' id='word_1_551' title='bbox 1533 4660 1652 4723; x_wconf 88' lang='grc'><strong>169,</strong></span> <span class='ocrx_word' id='word_1_552' title='bbox 1683 4660 1805 4714; x_wconf 69' lang='lat'><strong>269.</strong></span> <span class='ocrx_word' id='word_1_553' title='bbox 1838 4657 1952 4711; x_wconf 83' lang='lat' dir='ltr'><strong>Cat.</strong></span> <span class='ocrx_word' id='word_1_554' title='bbox 1980 4656 2088 4708; x_wconf 71' lang='lat' dir='ltr'><strong>Ba-</strong></span> 
     </span>
    </p>
   </div>
   <div class='ocr_carea' id='block_1_62' title="bbox 527 4744 2088 4815">
    <p class='ocr_par' dir='ltr' id='par_1_62' title="bbox 527 4744 2088 4815">
     <span class='ocr_line' id='line_1_63' title="bbox 527 4744 2088 4815; baseline -0.006 -3"><span class='ocrx_word' id='word_1_555' title='bbox 527 4776 645 4813; x_wconf 87' lang='lat' dir='ltr'><strong>nav.</strong></span> <span class='ocrx_word' id='word_1_556' title='bbox 672 4761 830 4815; x_wconf 75' lang='lat' dir='ltr'><strong>Addit</strong></span> <span class='ocrx_word' id='word_1_557' title='bbox 859 4757 975 4814; x_wconf 90' lang='lat' dir='ltr'><strong>Cat.</strong></span> <span class='ocrx_word' id='word_1_558' title='bbox 1007 4755 1141 4811; x_wconf 89' lang='lat' dir='ltr'><strong>Bibl.</strong></span> <span class='ocrx_word' id='word_1_559' title='bbox 1174 4744 1516 4807; x_wconf 69' lang='lat' dir='ltr'><strong>Bodleianze:</strong></span> <span class='ocrx_word' id='word_1_560' title='bbox 1566 4765 1679 4801; x_wconf 88' lang='lat' dir='ltr'><strong>cum</strong></span> <span class='ocrx_word' id='word_1_561' title='bbox 1704 4749 1837 4801; x_wconf 89' lang='lat' dir='ltr'><strong>notis</strong></span> <span class='ocrx_word' id='word_1_562' title='bbox 1865 4745 2088 4802; x_wconf 74' lang='lat' dir='ltr'><strong>Baluzii.</strong></span> 
     </span>
    </p>
   </div>
   <div class='ocr_carea' id='block_1_63' title="bbox 598 4839 2087 4914">
    <p class='ocr_par' dir='ltr' id='par_1_63' title="bbox 598 4839 2087 4914">
     <span class='ocr_line' id='line_1_64' title="bbox 598 4839 2087 4914; baseline -0.008 -12"><span class='ocrx_word' id='word_1_563' title='bbox 598 4850 757 4903; x_wconf 72' lang='lat'><strong>1721.</strong></span> <span class='ocrx_word' id='word_1_564' title='bbox 800 4850 1011 4914; x_wconf 74' lang='lat' dir='ltr'><strong>Oronii,</strong></span> <span class='ocrx_word' id='word_1_565' title='bbox 1042 4846 1286 4902; x_wconf 81' lang='lat' dir='ltr'><strong>etheatro</strong></span> <span class='ocrx_word' id='word_1_566' title='bbox 1307 4842 1688 4904; x_wconf 84' lang='lat' dir='ltr'><strong>Sheldoniano;</strong></span> <span class='ocrx_word' id='word_1_567' title='bbox 1739 4840 1821 4891; x_wconf 79' lang='lat' dir='ltr'><strong>in-</strong></span> <span class='ocrx_word' id='word_1_568' title='bbox 1849 4842 1932 4893; x_wconf 80' lang='lat'><strong>8°.</strong></span> <span class='ocrx_word' id='word_1_569' title='bbox 1971 4856 1988 4888; x_wconf 73' lang='grc' dir='ltr'>ι</span> <span class='ocrx_word' id='word_1_570' title='bbox 2028 4839 2087 4890; x_wconf 85' lang='grc'><strong>1).</strong></span> 
     </span>
    </p>
   </div>
   <div class='ocr_carea' id='block_1_64' title="bbox 529 4928 2091 5005">
    <p class='ocr_par' dir='ltr' id='par_1_64' title="bbox 529 4928 2091 5005">
     <span class='ocr_line' id='line_1_65' title="bbox 529 4928 2091 5005; baseline -0.006 -15"><span class='ocrx_word' id='word_1_571' title='bbox 529 4940 660 4990; x_wconf 79' lang='lat' dir='ltr'><strong>Aur.</strong></span> <span class='ocrx_word' id='word_1_572' title='bbox 692 4939 990 5005; x_wconf 81' lang='lat' dir='ltr'><strong>Augustini,</strong></span> <span class='ocrx_word' id='word_1_573' title='bbox 1044 4937 1203 5005; x_wconf 86' lang='lat' dir='ltr'><strong>llipp.</strong></span> <span class='ocrx_word' id='word_1_574' title='bbox 1233 4949 1323 5001; x_wconf 85' lang='lat' dir='ltr'><strong>ep.</strong></span> <span class='ocrx_word' id='word_1_575' title='bbox 1382 4934 1515 4988; x_wconf 89' lang='lat' dir='ltr'><strong>liber</strong></span> <span class='ocrx_word' id='word_1_576' title='bbox 1566 4930 1632 4984; x_wconf 91' lang='lat' dir='ltr'><strong>de</strong></span> <span class='ocrx_word' id='word_1_577' title='bbox 1676 4929 1980 4984; x_wconf 68' lang='lat' dir='ltr'><strong>Hmresibus</strong></span> <span class='ocrx_word' id='word_1_578' title='bbox 2025 4928 2091 4981; x_wconf 87' lang='lat' dir='ltr'><strong>ad</strong></span> 
     </span>
    </p>
   </div>
   <div class='ocr_carea' id='block_1_65' title="bbox 525 5018 2092 5097">
    <p class='ocr_par' dir='ltr' id='par_1_65' title="bbox 525 5018 2092 5097">
     <span class='ocr_line' id='line_1_66' title="bbox 525 5018 2092 5097; baseline -0.005 -18"><span class='ocrx_word' id='word_1_579' title='bbox 525 5026 976 5097; x_wconf 33' lang='lat' dir='ltr'><strong>Quodvul‘tdeurn,</strong></span> <span class='ocrx_word' id='word_1_580' title='bbox 1020 5040 1123 5078; x_wconf 85' lang='lat' dir='ltr'><strong>una</strong></span> <span class='ocrx_word' id='word_1_581' title='bbox 1152 5040 1277 5079; x_wconf 92' lang='lat' dir='ltr'><strong>cum</strong></span> <span class='ocrx_word' id='word_1_582' title='bbox 1312 5022 1575 5081; x_wconf 86' lang='lat' dir='ltr'><strong>Gennadii</strong></span> <span class='ocrx_word' id='word_1_583' title='bbox 1614 5018 1965 5074; x_wconf 83' lang='lat' dir='ltr'><strong>Massiliensis</strong></span> <span class='ocrx_word' id='word_1_584' title='bbox 2000 5034 2092 5085; x_wconf 91' lang='lat' dir='ltr'><strong>ap-</strong></span> 
     </span>
    </p>
   </div>
   <div class='ocr_carea' id='block_1_66' title="bbox 526 5107 2091 5183">
    <p class='ocr_par' dir='ltr' id='par_1_66' title="bbox 526 5107 2091 5183">
     <span class='ocr_line' id='line_1_67' title="bbox 526 5107 2091 5183; baseline -0.007 -14"><span class='ocrx_word' id='word_1_585' title='bbox 526 5112 773 5183; x_wconf 88' lang='lat' dir='ltr'><strong>pendice.</strong></span> <span class='ocrx_word' id='word_1_586' title='bbox 796 5113 970 5167; x_wconf 84' lang='lat' dir='ltr'><strong>Edidit</strong></span> <span class='ocrx_word' id='word_1_587' title='bbox 987 5113 1234 5179; x_wconf 85' lang='lat' dir='ltr'><strong>notisque</strong></span> <span class='ocrx_word' id='word_1_588' title='bbox 1262 5113 1551 5167; x_wconf 75' lang='lat' dir='ltr'><strong>illustravit</strong></span> <span class='ocrx_word' id='word_1_589' title='bbox 1574 5109 1854 5163; x_wconf 84' lang='lat' dir='ltr'><strong>Eduardus</strong></span> <span class='ocrx_word' id='word_1_590' title='bbox 1881 5107 2091 5162; x_wconf 50' lang='lat' dir='ltr'><strong>Welcho</strong></span> 
     </span>
    </p>
   </div>
   <div class='ocr_carea' id='block_1_67' title="bbox 529 5200 2085 5273">
    <p class='ocr_par' dir='ltr' id='par_1_67' title="bbox 529 5200 2085 5273">
     <span class='ocr_line' id='line_1_68' title="bbox 529 5200 2085 5273; baseline -0.004 -14"><span class='ocrx_word' id='word_1_591' title='bbox 529 5220 708 5269; x_wconf 84' lang='lat' dir='ltr'><strong>mann,</strong></span> <span class='ocrx_word' id='word_1_592' title='bbox 741 5205 886 5260; x_wconf 85' lang='lat' dir='ltr'><strong>Eccl.</strong></span> <span class='ocrx_word' id='word_1_593' title='bbox 913 5202 1121 5273; x_wconf 79' lang='lat' dir='ltr'><strong>Anglic.</strong></span> <span class='ocrx_word' id='word_1_594' title='bbox 1161 5202 1341 5269; x_wconf 87' lang='lat' dir='ltr'><strong>presb.</strong></span> <span class='ocrx_word' id='word_1_595' title='bbox 1388 5204 1529 5256; x_wconf 88' lang='lat' dir='ltr'><strong>Coll.</strong></span> <span class='ocrx_word' id='word_1_596' title='bbox 1577 5203 1782 5256; x_wconf 85' lang='lat' dir='ltr'><strong>Merton</strong></span> <span class='ocrx_word' id='word_1_597' title='bbox 1814 5200 2085 5270; x_wconf 88' lang='lat' dir='ltr'><strong>quondam</strong></span> 
     </span>
    </p>
   </div>
   <div class='ocr_carea' id='block_1_68' title="bbox 523 5288 2089 5360">
    <p class='ocr_par' dir='ltr' id='par_1_68' title="bbox 523 5288 2089 5360">
     <span class='ocr_line' id='line_1_69' title="bbox 523 5288 2089 5360; baseline -0.004 -12"><span class='ocrx_word' id='word_1_598' title='bbox 523 5294 727 5350; x_wconf 78' lang='lat' dir='ltr'><strong>socius.</strong></span> <span class='ocrx_word' id='word_1_599' title='bbox 768 5311 789 5345; x_wconf 83' lang='lat' dir='ltr'><strong>s</strong></span> <span class='ocrx_word' id='word_1_600' title='bbox 820 5291 977 5347; x_wconf 69' lang='lat' dir='ltr'><strong>Nota</strong></span> <span class='ocrx_word' id='word_1_601' title='bbox 1027 5295 1157 5343; x_wconf 83' lang='lat' dir='ltr'><strong>sunt</strong></span> <span class='ocrx_word' id='word_1_602' title='bbox 1182 5296 1341 5356; x_wconf 63' lang='lat' dir='ltr'><strong>apte,</strong></span> <span class='ocrx_word' id='word_1_603' title='bbox 1386 5289 1479 5342; x_wconf 88' lang='lat' dir='ltr'><strong>sed</strong></span> <span class='ocrx_word' id='word_1_604' title='bbox 1531 5288 1707 5345; x_wconf 91' lang='lat' dir='ltr'><strong>doctis</strong></span> <span class='ocrx_word' id='word_1_605' title='bbox 1754 5304 2089 5360; x_wconf 84' lang='lat' dir='ltr'><strong>nequaquam</strong></span> 
     </span>
    </p>
   </div>
   <div class='ocr_carea' id='block_1_69' title="bbox 522 5374 1929 5455">
    <p class='ocr_par' dir='ltr' id='par_1_69' title="bbox 522 5374 1929 5455">
     <span class='ocr_line' id='line_1_70' title="bbox 522 5374 1929 5455; baseline 0.007 -17"><span class='ocrx_word' id='word_1_606' title='bbox 522 5386 757 5455; x_wconf 60' lang='lat' dir='ltr'><strong>scripta.</strong></span> <span class='ocrx_word' id='word_1_607' title='bbox 1923 5374 1929 5379; x_wconf 44' lang='grc'><em>’</em></span> 
     </span>
    </p>
   </div>
   <div class='ocr_carea' id='block_1_70' title="bbox 601 5468 2091 5540">
    <p class='ocr_par' dir='ltr' id='par_1_70' title="bbox 601 5468 2091 5540">
     <span class='ocr_line' id='line_1_71' title="bbox 601 5468 2091 5540; baseline -0.002 -14"><span class='ocrx_word' id='word_1_608' title='bbox 601 5494 621 5526; x_wconf 73' lang='grc' dir='ltr'><strong><em>ι</em></strong></span> <span class='ocrx_word' id='word_1_609' title='bbox 648 5471 1029 5531; x_wconf 73' lang='lat' dir='ltr'><strong>Coinmentarii</strong></span> <span class='ocrx_word' id='word_1_610' title='bbox 1084 5468 1654 5540; x_wconf 87' lang='lat' dir='ltr'><strong>bistorico—dogmatici</strong></span> <span class='ocrx_word' id='word_1_611' title='bbox 1701 5471 1752 5525; x_wconf 94' lang='lat' dir='ltr'><strong>in</strong></span> <span class='ocrx_word' id='word_1_612' title='bbox 1783 5472 1977 5525; x_wconf 89' lang='lat' dir='ltr'><strong>librum</strong></span> <span class='ocrx_word' id='word_1_613' title='bbox 2034 5472 2091 5526; x_wconf 92' lang='lat' dir='ltr'><strong>S.</strong></span> 
     </span>
    </p>
   </div>
   <div class='ocr_carea' id='block_1_71' title="bbox 526 5560 2094 5631">
    <p class='ocr_par' dir='ltr' id='par_1_71' title="bbox 526 5560 2094 5631">
     <span class='ocr_line' id='line_1_72' title="bbox 526 5560 2094 5631; baseline -0.004 -11"><span class='ocrx_word' id='word_1_614' title='bbox 526 5564 803 5631; x_wconf 80' lang='lat' dir='ltr'><strong>Augustini</strong></span> <span class='ocrx_word' id='word_1_615' title='bbox 834 5564 899 5618; x_wconf 86' lang='lat' dir='ltr'><strong>de</strong></span> <span class='ocrx_word' id='word_1_616' title='bbox 945 5560 1254 5619; x_wconf 63' lang='lat' dir='ltr'><strong>Haresibus</strong></span> <span class='ocrx_word' id='word_1_617' title='bbox 1292 5562 1357 5616; x_wconf 90' lang='lat' dir='ltr'><strong>ad</strong></span> <span class='ocrx_word' id='word_1_618' title='bbox 1402 5560 1848 5628; x_wconf 87' lang='lat' dir='ltr'><strong>Quodvultdeum.</strong></span> <span class='ocrx_word' id='word_1_619' title='bbox 1893 5561 2094 5629; x_wconf 86' lang='lat' dir='ltr'><strong>Digesti</strong></span> 
     </span>
    </p>
   </div>
   <div class='ocr_carea' id='block_1_72' title="bbox 524 5648 2094 5722">
    <p class='ocr_par' dir='ltr' id='par_1_72' title="bbox 524 5648 2094 5722">
     <span class='ocr_line' id='line_1_73' title="bbox 524 5648 2094 5722; baseline -0.004 -15"><span class='ocrx_word' id='word_1_620' title='bbox 524 5662 688 5722; x_wconf 78' lang='lat' dir='ltr'><strong>atque</strong></span> <span class='ocrx_word' id='word_1_621' title='bbox 718 5652 964 5707; x_wconf 77' lang='lat' dir='ltr'><strong>lllustrati</strong></span> <span class='ocrx_word' id='word_1_622' title='bbox 986 5654 1166 5710; x_wconf 91' lang='lat' dir='ltr'><strong>labore</strong></span> <span class='ocrx_word' id='word_1_623' title='bbox 1212 5660 1267 5708; x_wconf 88' lang='lat' dir='ltr'><strong>et</strong></span> <span class='ocrx_word' id='word_1_624' title='bbox 1296 5651 1473 5709; x_wconf 89' lang='lat' dir='ltr'><strong>studio</strong></span> <span class='ocrx_word' id='word_1_625' title='bbox 1504 5649 1571 5704; x_wconf 88' lang='lat' dir='ltr'><strong>P.</strong></span> <span class='ocrx_word' id='word_1_626' title='bbox 1618 5651 1885 5706; x_wconf 82' lang='lat' dir='ltr'><strong>Laurentii</strong></span> <span class='ocrx_word' id='word_1_627' title='bbox 1929 5648 2094 5705; x_wconf 78' lang='lat' dir='ltr'><strong>Cassa</strong></span> 
     </span>
    </p>
   </div>
   <div class='ocr_carea' id='block_1_73' title="bbox 2072 3108 3431 3210">
    <p class='ocr_par' dir='ltr' id='par_1_73' title="bbox 2072 3108 3431 3210">
     <span class='ocr_line' id='line_1_74' title="bbox 2072 3108 3431 3210; baseline 0.008 -25"><span class='ocrx_word' id='word_1_628' title='bbox 2072 3110 2077 3113; x_wconf 75' lang='grc'><strong>’</strong></span> <span class='ocrx_word' id='word_1_629' title='bbox 2123 3108 2168 3170; x_wconf 83' lang='lat' dir='ltr'><strong>C</strong></span> <span class='ocrx_word' id='word_1_630' title='bbox 2200 3108 2343 3188; x_wconf 72' lang='lat' dir='ltr'><strong>libri.</strong></span> <span class='ocrx_word' id='word_1_631' title='bbox 2372 3132 2529 3189; x_wconf 81' lang='lat' dir='ltr'><strong>Exst.</strong></span> <span class='ocrx_word' id='word_1_632' title='bbox 2559 3135 2613 3191; x_wconf 82' lang='lat' dir='ltr'><strong>in</strong></span> <span class='ocrx_word' id='word_1_633' title='bbox 2648 3135 2784 3207; x_wconf 83' lang='lat' dir='ltr'><strong>Opp.</strong></span> <span class='ocrx_word' id='word_1_634' title='bbox 2815 3137 2876 3193; x_wconf 86' lang='lat' dir='ltr'><strong>s.</strong></span> <span class='ocrx_word' id='word_1_635' title='bbox 2909 3137 3158 3203; x_wconf 80' lang='lat' dir='ltr'><strong>Prosperi</strong></span> <span class='ocrx_word' id='word_1_636' title='bbox 3188 3155 3216 3194; x_wconf 91' lang='lat' dir='ltr'><strong>a</strong></span> <span class='ocrx_word' id='word_1_637' title='bbox 3253 3157 3309 3210; x_wconf 86' lang='lat' dir='ltr'><strong>p.</strong></span> <span class='ocrx_word' id='word_1_638' title='bbox 3342 3108 3431 3196; x_wconf 62' lang='lat'><strong>2&#39;5.</strong></span> 
     </span>
    </p>
   </div>
   <div class='ocr_carea' id='block_1_74' title="bbox 2849 3229 3144 3284">
    <p class='ocr_par' dir='ltr' id='par_1_74' title="bbox 2849 3229 3144 3284">
     <span class='ocr_line' id='line_1_75' title="bbox 2849 3229 3144 3284; baseline 0.01 -3"><span class='ocrx_word' id='word_1_639' title='bbox 2849 3229 3063 3283; x_wconf 85' lang='lat' dir='ltr'><strong>Version</strong></span> <span class='ocrx_word' id='word_1_640' title='bbox 3072 3248 3144 3284; x_wconf 87' lang='lat' dir='ltr'><strong>es.</strong></span> 
     </span>
    </p>
   </div>
   <div class='ocr_carea' id='block_1_75' title="bbox 2270 3316 3736 3387">
    <p class='ocr_par' dir='ltr' id='par_1_75' title="bbox 2270 3316 3736 3387">
     <span class='ocr_line' id='line_1_76' title="bbox 2270 3316 3736 3387; baseline 0.001 -18"><span class='ocrx_word' id='word_1_641' title='bbox 2270 3316 2489 3371; x_wconf 63' lang='lat' dir='ltr'><strong>Italicae.</strong></span> <span class='ocrx_word' id='word_1_642' title='bbox 2534 3319 2689 3373; x_wconf 77' lang='lat'><strong>1537.</strong></span> <span class='ocrx_word' id='word_1_643' title='bbox 2731 3318 2964 3383; x_wconf 85' lang='lat' dir='ltr'><strong>Brescia,</strong></span> <span class='ocrx_word' id='word_1_644' title='bbox 3015 3338 3104 3387; x_wconf 84' lang='lat' dir='ltr'><strong>per</strong></span> <span class='ocrx_word' id='word_1_645' title='bbox 3150 3321 3409 3376; x_wconf 85' lang='lat' dir='ltr'><strong>Lodavico</strong></span> <span class='ocrx_word' id='word_1_646' title='bbox 3443 3321 3736 3382; x_wconf 82' lang='lat' dir='ltr'><strong>Britannico;</strong></span> 
     </span>
    </p>
   </div>
   <div class='ocr_carea' id='block_1_76' title="bbox 2198 3408 3737 3467">
    <p class='ocr_par' dir='ltr' id='par_1_76' title="bbox 2198 3408 3737 3467">
     <span class='ocr_line' id='line_1_77' title="bbox 2198 3408 3737 3467; baseline -0.001 -5"><span class='ocrx_word' id='word_1_647' title='bbox 2198 3409 2368 3467; x_wconf 79' lang='lat' dir='ltr'><strong>in--1°.</strong></span> <span class='ocrx_word' id='word_1_648' title='bbox 2408 3426 2429 3461; x_wconf 69' lang='grc' dir='ltr'><strong><em>ι</em></strong></span> <span class='ocrx_word' id='word_1_649' title='bbox 2466 3408 2619 3464; x_wconf 89' lang='lat' dir='ltr'><strong>Delia</strong></span> <span class='ocrx_word' id='word_1_650' title='bbox 2659 3409 3143 3464; x_wconf 87' lang='lat' dir='ltr'><strong>Predestinazionc</strong></span> <span class='ocrx_word' id='word_1_651' title='bbox 3192 3411 3283 3465; x_wconf 82' lang='lat' dir='ltr'><strong>de&#39;</strong></span> <span class='ocrx_word' id='word_1_652' title='bbox 3311 3412 3409 3467; x_wconf 89' lang='lat' dir='ltr'><strong>SS.</strong></span> <span class='ocrx_word' id='word_1_653' title='bbox 3454 3430 3481 3466; x_wconf 93' lang='lat' dir='ltr'><strong>e</strong></span> <span class='ocrx_word' id='word_1_654' title='bbox 3524 3411 3602 3466; x_wconf 91' lang='lat' dir='ltr'><strong>del</strong></span> <span class='ocrx_word' id='word_1_655' title='bbox 3630 3410 3737 3463; x_wconf 84' lang='lat' dir='ltr'><strong>bene</strong></span> 
     </span>
    </p>
   </div>
   <div class='ocr_carea' id='block_1_77' title="bbox 2197 3498 3680 3567">
    <p class='ocr_par' dir='ltr' id='par_1_77' title="bbox 2197 3498 3680 3567">
     <span class='ocr_line' id='line_1_78' title="bbox 2197 3498 3680 3567; baseline -0.004 -13"><span class='ocrx_word' id='word_1_656' title='bbox 2197 3498 2337 3554; x_wconf 90' lang='lat' dir='ltr'><strong>della</strong></span> <span class='ocrx_word' id='word_1_657' title='bbox 2362 3499 2761 3553; x_wconf 84' lang='lat' dir='ltr'><strong>Perseveranza</strong></span> <span class='ocrx_word' id='word_1_658' title='bbox 2786 3514 2802 3563; x_wconf 89' lang='lat'><strong>;</strong></span> <span class='ocrx_word' id='word_1_659' title='bbox 2841 3516 2857 3550; x_wconf 75' lang='grc' dir='ltr'><strong><em>ι</em></strong></span> <span class='ocrx_word' id='word_1_660' title='bbox 2888 3499 3092 3567; x_wconf 88' lang='lat' dir='ltr'><strong>absque</strong></span> <span class='ocrx_word' id='word_1_661' title='bbox 3120 3500 3343 3554; x_wconf 90' lang='lat' dir='ltr'><strong>nomine</strong></span> <span class='ocrx_word' id='word_1_662' title='bbox 3365 3500 3680 3554; x_wconf 90' lang='lat' dir='ltr'><strong>traductoris.</strong></span> 
     </span>
    </p>
   </div>
   <div class='ocr_carea' id='block_1_78' title="bbox 2242 3584 3734 3658">
    <p class='ocr_par' dir='ltr' id='par_1_78' title="bbox 2242 3584 3734 3658">
     <span class='ocr_line' id='line_1_79' title="bbox 2242 3584 3734 3658; baseline -0.004 -15"><span class='ocrx_word' id='word_1_663' title='bbox 2242 3604 2245 3607; x_wconf 76' lang='lat'><strong>‘</strong></span> <span class='ocrx_word' id='word_1_664' title='bbox 2270 3589 2431 3645; x_wconf 68' lang='lat'><strong>15“.</strong></span> <span class='ocrx_word' id='word_1_665' title='bbox 2470 3588 2708 3653; x_wconf 76' lang='lat' dir='ltr'><strong>Venezia,</strong></span> <span class='ocrx_word' id='word_1_666' title='bbox 2732 3590 2785 3642; x_wconf 91' lang='lat' dir='ltr'><strong>al</strong></span> <span class='ocrx_word' id='word_1_667' title='bbox 2806 3604 2962 3658; x_wconf 82' lang='lat' dir='ltr'><strong>segno</strong></span> <span class='ocrx_word' id='word_1_668' title='bbox 2981 3589 3069 3640; x_wconf 85' lang='lat' dir='ltr'><strong>del</strong></span> <span class='ocrx_word' id='word_1_669' title='bbox 3092 3588 3265 3640; x_wconf 72' lang='lat' dir='ltr'><strong>Poazo</strong></span> <span class='ocrx_word' id='word_1_670' title='bbox 3286 3606 3304 3652; x_wconf 86' lang='lat'><strong><em>;</em></strong></span> <span class='ocrx_word' id='word_1_671' title='bbox 3326 3590 3492 3643; x_wconf 72' lang='lat' dir='ltr'><strong>iri-16.</strong></span> <span class='ocrx_word' id='word_1_672' title='bbox 3518 3608 3535 3640; x_wconf 77' lang='grc' dir='ltr'>ι</span> <span class='ocrx_word' id='word_1_673' title='bbox 3565 3588 3645 3642; x_wconf 83' lang='lat' dir='ltr'><strong>Del</strong></span> <span class='ocrx_word' id='word_1_674' title='bbox 3665 3584 3734 3638; x_wconf 75' lang='lat' dir='ltr'><strong>be-</strong></span> 
     </span>
    </p>
   </div>
   <div class='ocr_carea' id='block_1_79' title="bbox 2198 3676 3731 3751">
    <p class='ocr_par' dir='ltr' id='par_1_79' title="bbox 2198 3676 3731 3751">
     <span class='ocr_line' id='line_1_80' title="bbox 2198 3676 3731 3751; baseline -0.005 -18"><span class='ocrx_word' id='word_1_675' title='bbox 2198 3695 2264 3733; x_wconf 89' lang='lat' dir='ltr'><strong>ne</strong></span> <span class='ocrx_word' id='word_1_676' title='bbox 2289 3680 2429 3735; x_wconf 89' lang='lat' dir='ltr'><strong>della</strong></span> <span class='ocrx_word' id='word_1_677' title='bbox 2461 3679 2875 3751; x_wconf 77' lang='lat' dir='ltr'><strong>Perseveranza,</strong></span> <span class='ocrx_word' id='word_1_678' title='bbox 2928 3677 3161 3732; x_wconf 91' lang='lat' dir='ltr'><strong>tradotto</strong></span> <span class='ocrx_word' id='word_1_679' title='bbox 3190 3676 3256 3730; x_wconf 89' lang='lat' dir='ltr'><strong>da</strong></span> <span class='ocrx_word' id='word_1_680' title='bbox 3284 3678 3535 3732; x_wconf 81' lang='lat' dir='ltr'><strong>Lodovico</strong></span> <span class='ocrx_word' id='word_1_681' title='bbox 3582 3676 3731 3729; x_wconf 79' lang='lat' dir='ltr'><strong>Dome—</strong></span> 
     </span>
    </p>
   </div>
   <div class='ocr_carea' id='block_1_80' title="bbox 2196 3768 2411 3820">
    <p class='ocr_par' dir='ltr' id='par_1_80' title="bbox 2196 3768 2411 3820">
     <span class='ocr_line' id='line_1_81' title="bbox 2196 3768 2411 3820; baseline -0.005 0"><span class='ocrx_word' id='word_1_682' title='bbox 2196 3768 2355 3820; x_wconf 82' lang='lat' dir='ltr'><strong>nicltt&#39;.</strong></span> <span class='ocrx_word' id='word_1_683' title='bbox 2378 3784 2411 3819; x_wconf 82' lang='lat' dir='ltr'><strong>&#39;s</strong></span> 
     </span>
    </p>
   </div>
   <div class='ocr_carea' id='block_1_81' title="bbox 2270 3851 3730 3926">
    <p class='ocr_par' dir='ltr' id='par_1_81' title="bbox 2270 3851 3730 3926">
     <span class='ocr_line' id='line_1_82' title="bbox 2270 3851 3730 3926; baseline -0.005 -16"><span class='ocrx_word' id='word_1_684' title='bbox 2270 3855 2424 3913; x_wconf 80' lang='grc'><strong>1547.</strong></span> <span class='ocrx_word' id='word_1_685' title='bbox 2467 3854 2701 3921; x_wconf 75' lang='lat' dir='ltr'><strong>Venesia,</strong></span> <span class='ocrx_word' id='word_1_686' title='bbox 2728 3872 2818 3926; x_wconf 85' lang='lat' dir='ltr'><strong>per</strong></span> <span class='ocrx_word' id='word_1_687' title='bbox 2839 3854 3018 3909; x_wconf 87' lang='lat' dir='ltr'><strong>Comin</strong></span> <span class='ocrx_word' id='word_1_688' title='bbox 3039 3855 3106 3908; x_wconf 87' lang='lat' dir='ltr'><strong>da</strong></span> <span class='ocrx_word' id='word_1_689' title='bbox 3136 3854 3335 3921; x_wconf 85' lang='lat' dir='ltr'><strong>Trino;</strong></span> <span class='ocrx_word' id='word_1_690' title='bbox 3362 3859 3414 3910; x_wconf 87' lang='lat' dir='ltr'><strong>in</strong></span> <span class='ocrx_word' id='word_1_691' title='bbox 3446 3856 3527 3913; x_wconf 85' lang='lat'><strong>8°.</strong></span> <span class='ocrx_word' id='word_1_692' title='bbox 3557 3872 3573 3905; x_wconf 75' lang='grc' dir='ltr'>ι</span> <span class='ocrx_word' id='word_1_693' title='bbox 3600 3851 3681 3906; x_wconf 69' lang='grc' dir='ltr'><strong>Ιιίὺ</strong></span> <span class='ocrx_word' id='word_1_694' title='bbox 3706 3862 3730 3899; x_wconf 88' lang='lat'><strong>0</strong></span> 
     </span>
    </p>
   </div>
   <div class='ocr_carea' id='block_1_82' title="bbox 2195 3946 3729 4016">
    <p class='ocr_par' dir='ltr' id='par_1_82' title="bbox 2195 3946 3729 4016">
     <span class='ocr_line' id='line_1_83' title="bbox 2195 3946 3729 4016; baseline 0.001 -17"><span class='ocrx_word' id='word_1_695' title='bbox 2195 3946 2283 4000; x_wconf 90' lang='lat' dir='ltr'><strong>del</strong></span> <span class='ocrx_word' id='word_1_696' title='bbox 2313 3946 2453 4001; x_wconf 91' lang='lat' dir='ltr'><strong>bene</strong></span> <span class='ocrx_word' id='word_1_697' title='bbox 2475 3947 2614 4002; x_wconf 86' lang='lat' dir='ltr'><strong>delia</strong></span> <span class='ocrx_word' id='word_1_698' title='bbox 2647 3948 3041 4002; x_wconf 86' lang='lat' dir='ltr'><strong>Perseveranza</strong></span> <span class='ocrx_word' id='word_1_699' title='bbox 3081 3959 3368 4016; x_wconf 84' lang='lat' dir='ltr'><strong>composta</strong></span> <span class='ocrx_word' id='word_1_700' title='bbox 3397 3948 3479 4003; x_wconf 93' lang='lat' dir='ltr'><strong>dal</strong></span> <span class='ocrx_word' id='word_1_701' title='bbox 3509 3949 3567 4002; x_wconf 71' lang='grc' dir='ltr'><strong>δ.</strong></span> <span class='ocrx_word' id='word_1_702' title='bbox 3590 3946 3729 4013; x_wconf 73' lang='lat' dir='ltr'><strong>Agor</strong></span> 
     </span>
    </p>
   </div>
   <div class='ocr_carea' id='block_1_83' title="bbox 2197 4036 3723 4105">
    <p class='ocr_par' dir='ltr' id='par_1_83' title="bbox 2197 4036 3723 4105">
     <span class='ocr_line' id='line_1_84' title="bbox 2197 4036 3723 4105; baseline -0.003 -16"><span class='ocrx_word' id='word_1_703' title='bbox 2197 4037 2311 4090; x_wconf 85' lang='lat' dir='ltr'><strong>tino</strong></span> <span class='ocrx_word' id='word_1_704' title='bbox 2340 4051 2575 4091; x_wconf 89' lang='lat' dir='ltr'><strong>vescovo</strong></span> <span class='ocrx_word' id='word_1_705' title='bbox 2606 4037 2928 4105; x_wconf 85' lang='lat' dir='ltr'><strong>lpponense,</strong></span> <span class='ocrx_word' id='word_1_706' title='bbox 2960 4036 3012 4090; x_wconf 88' lang='lat' dir='ltr'><strong>di</strong></span> <span class='ocrx_word' id='word_1_707' title='bbox 3047 4036 3215 4090; x_wconf 87' lang='lat' dir='ltr'><strong>latino</strong></span> <span class='ocrx_word' id='word_1_708' title='bbox 3259 4037 3314 4089; x_wconf 85' lang='lat' dir='ltr'><strong>in</strong></span> <span class='ocrx_word' id='word_1_709' title='bbox 3346 4038 3555 4105; x_wconf 88' lang='lat' dir='ltr'><strong>volgare</strong></span> <span class='ocrx_word' id='word_1_710' title='bbox 3592 4043 3723 4085; x_wconf 62' lang='lat' dir='ltr'><strong>now</strong></span> 
     </span>
    </p>
   </div>
   <div class='ocr_carea' id='block_1_84' title="bbox 2195 4117 3721 4192">
    <p class='ocr_par' dir='ltr' id='par_1_84' title="bbox 2195 4117 3721 4192">
     <span class='ocr_line' id='line_1_85' title="bbox 2195 4117 3721 4192; baseline -0.006 -16"><span class='ocrx_word' id='word_1_711' title='bbox 2195 4133 2375 4178; x_wconf 88' lang='lat' dir='ltr'><strong>mente</strong></span> <span class='ocrx_word' id='word_1_712' title='bbox 2404 4124 2662 4179; x_wconf 87' lang='lat' dir='ltr'><strong>tradotto.</strong></span> <span class='ocrx_word' id='word_1_713' title='bbox 2702 4142 2722 4176; x_wconf 75' lang='grc' dir='ltr'><strong><em>ι</em></strong></span> <span class='ocrx_word' id='word_1_714' title='bbox 2756 4124 2853 4179; x_wconf 84' lang='lat' dir='ltr'><strong>Est</strong></span> <span class='ocrx_word' id='word_1_715' title='bbox 2872 4124 3050 4178; x_wconf 85' lang='lat' dir='ltr'><strong>versio</strong></span> <span class='ocrx_word' id='word_1_716' title='bbox 3068 4124 3344 4191; x_wconf 85' lang='lat' dir='ltr'><strong>superior,</strong></span> <span class='ocrx_word' id='word_1_717' title='bbox 3368 4119 3604 4192; x_wconf 89' lang='lat' dir='ltr'><strong>quicquid</strong></span> <span class='ocrx_word' id='word_1_718' title='bbox 3623 4117 3721 4171; x_wconf 86' lang='lat' dir='ltr'><strong>titu-</strong></span> 
     </span>
    </p>
   </div>
   <div class='ocr_carea' id='block_1_85' title="bbox 2196 4210 3581 4281">
    <p class='ocr_par' dir='ltr' id='par_1_85' title="bbox 2196 4210 3581 4281">
     <span class='ocr_line' id='line_1_86' title="bbox 2196 4210 3581 4281; baseline -0.003 -16"><span class='ocrx_word' id='word_1_719' title='bbox 2196 4216 2280 4266; x_wconf 92' lang='lat' dir='ltr'><strong>lus</strong></span> <span class='ocrx_word' id='word_1_720' title='bbox 2308 4213 2546 4266; x_wconf 84' lang='lat' dir='ltr'><strong>venditet</strong></span> <span class='ocrx_word' id='word_1_721' title='bbox 2577 4228 2593 4277; x_wconf 85' lang='lat'><strong>;</strong></span> <span class='ocrx_word' id='word_1_722' title='bbox 2626 4212 2680 4265; x_wconf 94' lang='lat' dir='ltr'><strong>id</strong></span> <span class='ocrx_word' id='word_1_723' title='bbox 2705 4212 2848 4281; x_wconf 90' lang='lat' dir='ltr'><strong>quod</strong></span> <span class='ocrx_word' id='word_1_724' title='bbox 2874 4213 3034 4266; x_wconf 90' lang='lat' dir='ltr'><strong>etiam</strong></span> <span class='ocrx_word' id='word_1_725' title='bbox 3059 4211 3127 4265; x_wconf 88' lang='lat' dir='ltr'><strong>de</strong></span> <span class='ocrx_word' id='word_1_726' title='bbox 3152 4213 3401 4280; x_wconf 85' lang='lat' dir='ltr'><strong>sequenti</strong></span> <span class='ocrx_word' id='word_1_727' title='bbox 3431 4210 3581 4264; x_wconf 84' lang='lat' dir='ltr'><strong>valet.</strong></span> 
     </span>
    </p>
   </div>
   <div class='ocr_carea' id='block_1_86' title="bbox 2264 4290 3719 4370">
    <p class='ocr_par' dir='ltr' id='par_1_86' title="bbox 2264 4290 3719 4370">
     <span class='ocr_line' id='line_1_87' title="bbox 2264 4290 3719 4370; baseline -0.007 -15"><span class='ocrx_word' id='word_1_728' title='bbox 2264 4301 2558 4366; x_wconf 85' lang='lat' dir='ltr'><strong>—Ibidem,</strong></span> <span class='ocrx_word' id='word_1_729' title='bbox 2574 4302 2731 4356; x_wconf 80' lang='lat' dir='ltr'><strong>in-8’.</strong></span> <span class='ocrx_word' id='word_1_730' title='bbox 2757 4320 2775 4352; x_wconf 73' lang='grc' dir='ltr'>ι</span> <span class='ocrx_word' id='word_1_731' title='bbox 2797 4302 2836 4355; x_wconf 90' lang='lat' dir='ltr'><strong>ll</strong></span> <span class='ocrx_word' id='word_1_732' title='bbox 2852 4300 2987 4355; x_wconf 87' lang='lat' dir='ltr'><strong>libro</strong></span> <span class='ocrx_word' id='word_1_733' title='bbox 3009 4300 3094 4354; x_wconf 90' lang='lat' dir='ltr'><strong>del</strong></span> <span class='ocrx_word' id='word_1_734' title='bbox 3119 4300 3178 4354; x_wconf 87' lang='grc' dir='ltr'><strong>Β.</strong></span> <span class='ocrx_word' id='word_1_735' title='bbox 3200 4302 3461 4370; x_wconf 79' lang='lat' dir='ltr'><strong>Agustino</strong></span> <span class='ocrx_word' id='word_1_736' title='bbox 3481 4296 3592 4352; x_wconf 80' lang='lat' dir='ltr'><strong>v.1.</strong></span> <span class='ocrx_word' id='word_1_737' title='bbox 3612 4290 3719 4347; x_wconf 69' lang='lat' dir='ltr'><strong>delia</strong></span> 
     </span>
    </p>
   </div>
   <div class='ocr_carea' id='block_1_87' title="bbox 2196 4388 3721 4457">
    <p class='ocr_par' dir='ltr' id='par_1_87' title="bbox 2196 4388 3721 4457">
     <span class='ocr_line' id='line_1_88' title="bbox 2196 4388 3721 4457; baseline -0.006 -10"><span class='ocrx_word' id='word_1_738' title='bbox 2196 4392 2665 4448; x_wconf 78' lang='lat' dir='ltr'><strong>l‘redestinazione</strong></span> <span class='ocrx_word' id='word_1_739' title='bbox 2721 4392 2806 4447; x_wconf 80' lang='lat' dir='ltr'><strong>de‘</strong></span> <span class='ocrx_word' id='word_1_740' title='bbox 2832 4392 3006 4455; x_wconf 82' lang='lat' dir='ltr'><strong>Santi,</strong></span> <span class='ocrx_word' id='word_1_741' title='bbox 3044 4390 3099 4445; x_wconf 86' lang='lat' dir='ltr'><strong>di</strong></span> <span class='ocrx_word' id='word_1_742' title='bbox 3128 4390 3298 4446; x_wconf 90' lang='lat' dir='ltr'><strong>latino</strong></span> <span class='ocrx_word' id='word_1_743' title='bbox 3330 4394 3381 4445; x_wconf 91' lang='lat' dir='ltr'><strong>in</strong></span> <span class='ocrx_word' id='word_1_744' title='bbox 3427 4388 3623 4457; x_wconf 74' lang='lat' dir='ltr'><strong>volgare</strong></span> <span class='ocrx_word' id='word_1_745' title='bbox 3647 4393 3721 4433; x_wconf 72' lang='lat'><strong>00&#39;</strong></span> 
     </span>
    </p>
   </div>
   <div class='ocr_carea' id='block_1_88' title="bbox 2119 4453 3717 4541">
    <p class='ocr_par' dir='ltr' id='par_1_88' title="bbox 2119 4453 3717 4541">
     <span class='ocr_line' id='line_1_89' title="bbox 2119 4453 3717 4541; baseline -0.009 -3"><span class='ocrx_word' id='word_1_746' title='bbox 2119 4453 2172 4511; x_wconf 70' lang='grc' dir='ltr'><strong>Β</strong></span> <span class='ocrx_word' id='word_1_747' title='bbox 2200 4493 2441 4539; x_wconf 75' lang='lat' dir='ltr'><strong>vamente</strong></span> <span class='ocrx_word' id='word_1_748' title='bbox 2470 4484 2723 4541; x_wconf 87' lang='lat' dir='ltr'><strong>tradotto.</strong></span> <span class='ocrx_word' id='word_1_749' title='bbox 2763 4502 2782 4534; x_wconf 71' lang='grc' dir='ltr'><strong><em>ι</em></strong></span> <span class='ocrx_word' id='word_1_750' title='bbox 2812 4453 3121 4536; x_wconf 23' lang='lat' dir='ltr'><strong>Lauda-titur</strong></span> <span class='ocrx_word' id='word_1_751' title='bbox 3159 4482 3281 4535; x_wconf 74' lang='lat' dir='ltr'><strong>istae</strong></span> <span class='ocrx_word' id='word_1_752' title='bbox 3322 4453 3604 4536; x_wconf 65' lang='lat' dir='ltr'><strong>versionum</strong></span> <span class='ocrx_word' id='word_1_753' title='bbox 3625 4468 3717 4526; x_wconf 84' lang='lat' dir='ltr'><strong>edi-</strong></span> 
     </span>
    </p>
   </div>
   <div class='ocr_carea' id='block_1_89' title="bbox 2199 4555 3717 4653">
    <p class='ocr_par' dir='ltr' id='par_1_89' title="bbox 2199 4555 3717 4653">
     <span class='ocr_line' id='line_1_90' title="bbox 2199 4555 3717 4653; baseline -0.011 -26"><span class='ocrx_word' id='word_1_754' title='bbox 2199 4577 2371 4628; x_wconf 86' lang='lat' dir='ltr'><strong>tiones</strong></span> <span class='ocrx_word' id='word_1_755' title='bbox 2392 4574 2444 4627; x_wconf 87' lang='lat' dir='ltr'><strong>in</strong></span> <span class='ocrx_word' id='word_1_756' title='bbox 2475 4570 2612 4625; x_wconf 84' lang='lat' dir='ltr'><strong>Bibl.</strong></span> <span class='ocrx_word' id='word_1_757' title='bbox 2644 4571 2780 4642; x_wconf 86' lang='lat' dir='ltr'><strong>dein</strong></span> <span class='ocrx_word' id='word_1_758' title='bbox 2809 4572 2926 4623; x_wconf 85' lang='lat' dir='ltr'><strong>Aut.</strong></span> <span class='ocrx_word' id='word_1_759' title='bbox 2958 4570 3092 4639; x_wconf 77' lang='lat' dir='ltr'><strong>volg.</strong></span> <span class='ocrx_word' id='word_1_760' title='bbox 3144 4569 3350 4625; x_wconf 78' lang='lat' dir='ltr'><strong>Inserta</strong></span> <span class='ocrx_word' id='word_1_761' title='bbox 3380 4570 3429 4622; x_wconf 88' lang='lat' dir='ltr'><strong>itt</strong></span> <span class='ocrx_word' id='word_1_762' title='bbox 3460 4567 3599 4619; x_wconf 74' lang='lat' dir='ltr'><strong>Ilaec.</strong></span> <span class='ocrx_word' id='word_1_763' title='bbox 3619 4555 3717 4653; x_wconf 59' lang='lat' dir='ltr'><strong>d’il-</strong></span> 
     </span>
    </p>
   </div>
   <div class='ocr_carea' id='block_1_90' title="bbox 2197 4650 3716 4731">
    <p class='ocr_par' dir='ltr' id='par_1_90' title="bbox 2197 4650 3716 4731">
     <span class='ocr_line' id='line_1_91' title="bbox 2197 4650 3716 4731; baseline -0.014 -16"><span class='ocrx_word' id='word_1_764' title='bbox 2197 4678 2343 4731; x_wconf 86' lang='lat' dir='ltr'><strong>pusc.</strong></span> <span class='ocrx_word' id='word_1_765' title='bbox 2374 4675 2448 4713; x_wconf 85' lang='lat' dir='ltr'><strong>sc.</strong></span> <span class='ocrx_word' id='word_1_766' title='bbox 2478 4676 2504 4713; x_wconf 90' lang='lat' dir='ltr'><strong>e</strong></span> <span class='ocrx_word' id='word_1_767' title='bbox 2529 4660 2687 4727; x_wconf 63' lang='grc' dir='ltr'><strong>βίοι..</strong></span> <span class='ocrx_word' id='word_1_768' title='bbox 2709 4659 2772 4713; x_wconf 90' lang='grc' dir='ltr'><strong>Τ.</strong></span> <span class='ocrx_word' id='word_1_769' title='bbox 2805 4657 3022 4724; x_wconf 81' lang='lat' dir='ltr'><strong>XXXII,</strong></span> <span class='ocrx_word' id='word_1_770' title='bbox 3049 4672 3103 4726; x_wconf 89' lang='lat' dir='ltr'><strong>p.</strong></span> <span class='ocrx_word' id='word_1_771' title='bbox 3131 4657 3258 4711; x_wconf 80' lang='grc'><strong>519.</strong></span> <span class='ocrx_word' id='word_1_772' title='bbox 3291 4659 3351 4713; x_wconf 85' lang='lat' dir='ltr'><strong>Ei</strong></span> <span class='ocrx_word' id='word_1_773' title='bbox 3391 4671 3509 4710; x_wconf 83' lang='lat' dir='ltr'><strong>vero</strong></span> <span class='ocrx_word' id='word_1_774' title='bbox 3534 4650 3716 4719; x_wconf 75' lang='lat' dir='ltr'><strong>potissi—</strong></span> 
     </span>
    </p>
   </div>
   <div class='ocr_carea' id='block_1_91' title="bbox 2198 4740 3027 4804">
    <p class='ocr_par' dir='ltr' id='par_1_91' title="bbox 2198 4740 3027 4804">
     <span class='ocr_line' id='line_1_92' title="bbox 2198 4740 3027 4804; baseline -0.007 0"><span class='ocrx_word' id='word_1_775' title='bbox 2198 4765 2344 4804; x_wconf 90' lang='lat' dir='ltr'><strong>mum</strong></span> <span class='ocrx_word' id='word_1_776' title='bbox 2358 4740 2690 4803; x_wconf 86' lang='lat' dir='ltr'><strong>Fontaninus</strong></span> <span class='ocrx_word' id='word_1_777' title='bbox 2708 4748 3027 4803; x_wconf 86' lang='lat' dir='ltr'><strong>auctorluit.</strong></span> 
     </span>
    </p>
   </div>
   <div class='ocr_carea' id='block_1_92' title="bbox 2269 4823 3708 4902">
    <p class='ocr_par' dir='ltr' id='par_1_92' title="bbox 2269 4823 3708 4902">
     <span class='ocr_line' id='line_1_93' title="bbox 2269 4823 3708 4902; baseline -0.01 -10"><span class='ocrx_word' id='word_1_778' title='bbox 2269 4837 2591 4893; x_wconf 76' lang='lat' dir='ltr'><strong>Gallicw.—-</strong></span> <span class='ocrx_word' id='word_1_779' title='bbox 2613 4837 2865 4891; x_wconf 84' lang='lat' dir='ltr'><strong>Gallicam</strong></span> <span class='ocrx_word' id='word_1_780' title='bbox 2894 4836 3173 4902; x_wconf 81' lang='lat' dir='ltr'><strong>utriusque</strong></span> <span class='ocrx_word' id='word_1_781' title='bbox 3203 4833 3353 4898; x_wconf 89' lang='lat' dir='ltr'><strong>libri,</strong></span> <span class='ocrx_word' id='word_1_782' title='bbox 3386 4829 3571 4886; x_wconf 86' lang='lat' dir='ltr'><strong>editam</strong></span> <span class='ocrx_word' id='word_1_783' title='bbox 3600 4823 3708 4887; x_wconf 77' lang='lat' dir='ltr'><strong>Lug-</strong></span> 
     </span>
    </p>
   </div>
   <div class='ocr_carea' id='block_1_93' title="bbox 2195 4916 3803 4994">
    <p class='ocr_par' dir='ltr' id='par_1_93' title="bbox 2195 4916 3803 4994">
     <span class='ocr_line' id='line_1_94' title="bbox 2195 4916 3803 4994; baseline -0.014 -13"><span class='ocrx_word' id='word_1_784' title='bbox 2195 4928 2324 4981; x_wconf 87' lang='lat' dir='ltr'><strong>duni</strong></span> <span class='ocrx_word' id='word_1_785' title='bbox 2355 4928 2515 4994; x_wconf 87' lang='grc'><strong>1616,</strong></span> <span class='ocrx_word' id='word_1_786' title='bbox 2552 4934 2976 4982; x_wconf 87' lang='lat' dir='ltr'><strong>commemorant</strong></span> <span class='ocrx_word' id='word_1_787' title='bbox 3008 4921 3381 4977; x_wconf 87' lang='lat' dir='ltr'><strong>Colonienses.</strong></span> <span class='ocrx_word' id='word_1_788' title='bbox 3434 4916 3606 4972; x_wconf 83' lang='grc' dir='ltr'><strong>Νοιίυι·</strong></span> <span class='ocrx_word' id='word_1_789' title='bbox 3629 4916 3704 4965; x_wconf 84' lang='lat' dir='ltr'><strong>est.</strong></span> <span class='ocrx_word' id='word_1_790' title='bbox 3802 4956 3803 4981; x_wconf 15' lang='grc' dir='ltr'>ξ</span> 
     </span>
    </p>
   </div>
   <div class='ocr_carea' id='block_1_94' title="bbox 2193 4997 3701 5089">
    <p class='ocr_par' dir='ltr' id='par_1_94' title="bbox 2193 4997 3701 5089">
     <span class='ocr_line' id='line_1_95' title="bbox 2193 4997 3701 5089; baseline -0.011 -17"><span class='ocrx_word' id='word_1_791' title='bbox 2193 5034 2336 5089; x_wconf 65' lang='lat' dir='ltr'><strong>quas,</strong></span> <span class='ocrx_word' id='word_1_792' title='bbox 2372 5019 2534 5088; x_wconf 91' lang='lat' dir='ltr'><strong>longo</strong></span> <span class='ocrx_word' id='word_1_793' title='bbox 2564 5017 2756 5071; x_wconf 86' lang='lat' dir='ltr'><strong>abhinc</strong></span> <span class='ocrx_word' id='word_1_794' title='bbox 2798 5015 2976 5082; x_wconf 83' lang='lat' dir='ltr'><strong>spatio</strong></span> <span class='ocrx_word' id='word_1_795' title='bbox 3003 5053 3017 5076; x_wconf 93' lang='lat'><strong>,</strong></span> <span class='ocrx_word' id='word_1_796' title='bbox 3058 5012 3261 5082; x_wconf 90' lang='lat' dir='ltr'><strong>prodiit</strong></span> <span class='ocrx_word' id='word_1_797' title='bbox 3285 5020 3498 5065; x_wconf 87' lang='lat' dir='ltr'><strong>auctore</strong></span> <span class='ocrx_word' id='word_1_798' title='bbox 3528 4997 3701 5089; x_wconf 63' lang='lat' dir='ltr'><strong>Dsboif.</strong></span> 
     </span>
    </p>
   </div>
   <div class='ocr_carea' id='block_1_95' title="bbox 2193 5084 3704 5181">
    <p class='ocr_par' dir='ltr' id='par_1_95' title="bbox 2193 5084 3704 5181">
     <span class='ocr_line' id='line_1_96' title="bbox 2193 5084 3704 5181; baseline -0.016 -15"><span class='ocrx_word' id='word_1_799' title='bbox 2193 5084 2255 5166; x_wconf 62' lang='lat' dir='ltr'><strong>iii</strong></span> <span class='ocrx_word' id='word_1_800' title='bbox 2286 5084 2554 5181; x_wconf 76' lang='lat' dir='ltr'><strong>proditum</strong></span> <span class='ocrx_word' id='word_1_801' title='bbox 2586 5108 2749 5161; x_wconf 88' lang='lat' dir='ltr'><strong>estin</strong></span> <span class='ocrx_word' id='word_1_802' title='bbox 2782 5105 2918 5159; x_wconf 88' lang='lat' dir='ltr'><strong>Bibl.</strong></span> <span class='ocrx_word' id='word_1_803' title='bbox 2962 5104 3107 5158; x_wconf 86' lang='lat' dir='ltr'><strong>Eccl.</strong></span> <span class='ocrx_word' id='word_1_804' title='bbox 3155 5100 3462 5157; x_wconf 73' lang='lat' dir='ltr'><strong>Coloniensi</strong></span> <span class='ocrx_word' id='word_1_805' title='bbox 3498 5084 3704 5181; x_wconf 62' lang='grc' dir='ltr'><strong>(μηδ).</strong></span> 
     </span>
    </p>
   </div>
   <div class='ocr_carea' id='block_1_96' title="bbox 2194 5172 3797 5263">
    <p class='ocr_par' dir='ltr' id='par_1_96' title="bbox 2194 5172 3797 5263">
     <span class='ocr_line' id='line_1_97' title="bbox 2194 5172 3797 5263; baseline -0.018 -9"><span class='ocrx_word' id='word_1_806' title='bbox 2194 5172 2301 5255; x_wconf 87' lang='lat' dir='ltr'><strong>Sed</strong></span> <span class='ocrx_word' id='word_1_807' title='bbox 2343 5180 2502 5251; x_wconf 83' lang='lat' dir='ltr'><strong>aliam</strong></span> <span class='ocrx_word' id='word_1_808' title='bbox 2530 5192 3074 5263; x_wconf 86' lang='lat' dir='ltr'><strong>indigitatCatalogus</strong></span> <span class='ocrx_word' id='word_1_809' title='bbox 3104 5191 3241 5245; x_wconf 83' lang='lat' dir='ltr'><strong>Bibl.</strong></span> <span class='ocrx_word' id='word_1_810' title='bbox 3274 5192 3404 5260; x_wconf 76' lang='lat' dir='ltr'><strong>Reg.</strong></span> <span class='ocrx_word' id='word_1_811' title='bbox 3434 5172 3705 5243; x_wconf 73' lang='lat' dir='ltr'><strong>Parisiensit</strong></span> <span class='ocrx_word' id='word_1_812' title='bbox 3796 5208 3797 5263; x_wconf 16' lang='grc' dir='ltr'>ἢ</span> 
     </span>
    </p>
   </div>
   <div class='ocr_carea' id='block_1_97' title="bbox 2195 5288 3251 5343">
    <p class='ocr_par' dir='ltr' id='par_1_97' title="bbox 2195 5288 3251 5343">
     <span class='ocr_line' id='line_1_98' title="bbox 2195 5288 3251 5343; baseline -0.013 0"><span class='ocrx_word' id='word_1_813' title='bbox 2195 5291 2299 5343; x_wconf 83' lang='lat' dir='ltr'><strong>ltoc</strong></span> <span class='ocrx_word' id='word_1_814' title='bbox 2320 5288 2476 5342; x_wconf 90' lang='lat' dir='ltr'><strong>titulo</strong></span> <span class='ocrx_word' id='word_1_815' title='bbox 2501 5302 2514 5339; x_wconf 92' lang='lat'><strong>:</strong></span> <span class='ocrx_word' id='word_1_816' title='bbox 2738 5306 2743 5312; x_wconf 85' lang='lat'><strong><em>-</em></strong></span> <span class='ocrx_word' id='word_1_817' title='bbox 3146 5320 3149 5323; x_wconf 96' lang='lat'><strong>.</strong></span> <span class='ocrx_word' id='word_1_818' title='bbox 3244 5324 3251 5329; x_wconf 80' lang='lat'><strong>.</strong></span> 
     </span>
    </p>
   </div>
   <div class='ocr_carea' id='block_1_98' title="bbox 2266 5354 3702 5440">
    <p class='ocr_par' dir='ltr' id='par_1_98' title="bbox 2266 5354 3702 5440">
     <span class='ocr_line' id='line_1_99' title="bbox 2266 5354 3702 5440; baseline -0.015 -8"><span class='ocrx_word' id='word_1_819' title='bbox 2266 5377 2424 5431; x_wconf 81' lang='grc'><strong>1676.</strong></span> <span class='ocrx_word' id='word_1_820' title='bbox 2448 5375 2622 5437; x_wconf 82' lang='lat' dir='ltr'><strong>Paris,</strong></span> <span class='ocrx_word' id='word_1_821' title='bbox 2650 5372 2769 5425; x_wconf 79' lang='lat' dir='ltr'><strong>cltez</strong></span> <span class='ocrx_word' id='word_1_822' title='bbox 2793 5371 2935 5426; x_wconf 84' lang='lat' dir='ltr'><strong>Guil.</strong></span> <span class='ocrx_word' id='word_1_823' title='bbox 2960 5370 3223 5440; x_wconf 75' lang='lat' dir='ltr'><strong>Despres;</strong></span> <span class='ocrx_word' id='word_1_824' title='bbox 3247 5368 3414 5420; x_wconf 73' lang='lat' dir='ltr'><strong>iri-1‘3.</strong></span> <span class='ocrx_word' id='word_1_825' title='bbox 3448 5381 3467 5415; x_wconf 76' lang='grc' dir='ltr'>ι</span> <span class='ocrx_word' id='word_1_826' title='bbox 3487 5362 3576 5416; x_wconf 84' lang='lat' dir='ltr'><strong>Les</strong></span> <span class='ocrx_word' id='word_1_827' title='bbox 3593 5354 3702 5440; x_wconf 58' lang='lat' dir='ltr'><strong>del“</strong></span> 
     </span>
    </p>
   </div>
   <div class='ocr_carea' id='block_1_99' title="bbox 2196 5439 3699 5530">
    <p class='ocr_par' dir='ltr' id='par_1_99' title="bbox 2196 5439 3699 5530">
     <span class='ocr_line' id='line_1_100' title="bbox 2196 5439 3699 5530; baseline -0.015 -10"><span class='ocrx_word' id='word_1_828' title='bbox 2196 5467 2361 5521; x_wconf 89' lang='lat' dir='ltr'><strong>livres</strong></span> <span class='ocrx_word' id='word_1_829' title='bbox 2402 5464 2471 5518; x_wconf 91' lang='lat' dir='ltr'><strong>de</strong></span> <span class='ocrx_word' id='word_1_830' title='bbox 2512 5463 2568 5518; x_wconf 89' lang='grc'><strong>8.</strong></span> <span class='ocrx_word' id='word_1_831' title='bbox 2619 5462 2883 5530; x_wconf 88' lang='lat' dir='ltr'><strong>Augustin</strong></span> <span class='ocrx_word' id='word_1_832' title='bbox 2909 5500 2924 5526; x_wconf 92' lang='lat'><strong>,</strong></span> <span class='ocrx_word' id='word_1_833' title='bbox 2975 5459 3043 5513; x_wconf 91' lang='lat' dir='ltr'><strong>de</strong></span> <span class='ocrx_word' id='word_1_834' title='bbox 3090 5460 3138 5511; x_wconf 94' lang='lat' dir='ltr'><strong>la</strong></span> <span class='ocrx_word' id='word_1_835' title='bbox 3187 5450 3592 5512; x_wconf 80' lang='lat' dir='ltr'><strong>Prédestinalion</strong></span> <span class='ocrx_word' id='word_1_836' title='bbox 3628 5439 3699 5530; x_wconf 55' lang='lat' dir='ltr'><strong>dei</strong></span> 
     </span>
    </p>
   </div>
   <div class='ocr_carea' id='block_1_100' title="bbox 2197 5528 3707 5618">
    <p class='ocr_par' dir='ltr' id='par_1_100' title="bbox 2197 5528 3707 5618">
     <span class='ocr_line' id='line_1_101' title="bbox 2197 5528 3707 5618; baseline -0.015 -8"><span class='ocrx_word' id='word_1_837' title='bbox 2197 5557 2367 5611; x_wconf 89' lang='lat' dir='ltr'><strong>saints</strong></span> <span class='ocrx_word' id='word_1_838' title='bbox 2405 5561 2459 5608; x_wconf 87' lang='lat' dir='ltr'><strong>et</strong></span> <span class='ocrx_word' id='word_1_839' title='bbox 2486 5553 2557 5607; x_wconf 87' lang='lat' dir='ltr'><strong>du</strong></span> <span class='ocrx_word' id='word_1_840' title='bbox 2586 5528 2796 5605; x_wconf 28' lang='lat' dir='ltr'><strong>Donido</strong></span> <span class='ocrx_word' id='word_1_841' title='bbox 2822 5551 2869 5604; x_wconf 91' lang='lat' dir='ltr'><strong>la</strong></span> <span class='ocrx_word' id='word_1_842' title='bbox 2914 5545 3303 5618; x_wconf 83' lang='lat' dir='ltr'><strong>persévérance</strong></span> <span class='ocrx_word' id='word_1_843' title='bbox 3325 5583 3349 5611; x_wconf 95' lang='lat'><strong>,_</strong></span> <span class='ocrx_word' id='word_1_844' title='bbox 3389 5553 3510 5596; x_wconf 88' lang='lat' dir='ltr'><strong>avec</strong></span> <span class='ocrx_word' id='word_1_845' title='bbox 3541 5536 3607 5589; x_wconf 88' lang='lat' dir='ltr'><strong>les</strong></span> <span class='ocrx_word' id='word_1_846' title='bbox 3625 5528 3707 5618; x_wconf 48' lang='lat' dir='ltr'><strong>let}</strong></span> 
     </span>
    </p>
   </div>
   <div class='ocr_carea' id='block_1_101' title="bbox 2198 5606 3700 5713">
    <p class='ocr_par' dir='ltr' id='par_1_101' title="bbox 2198 5606 3700 5713">
     <span class='ocr_line' id='line_1_102' title="bbox 2198 5606 3700 5713; baseline -0.023 -8"><span class='ocrx_word' id='word_1_847' title='bbox 2518 5606 2618 5699; x_wconf 83' lang='lat'><strong>106</strong></span> <span class='ocrx_word' id='word_1_848' title='bbox 2664 5651 2718 5699; x_wconf 90' lang='lat' dir='ltr'><strong>et</strong></span> <span class='ocrx_word' id='word_1_849' title='bbox 2763 5641 2861 5699; x_wconf 88' lang='grc'><strong>107</strong></span> <span class='ocrx_word' id='word_1_850' title='bbox 2907 5606 2976 5696; x_wconf 77' lang='lat' dir='ltr'><strong>de</strong></span> <span class='ocrx_word' id='word_1_851' title='bbox 3021 5655 3083 5696; x_wconf 90' lang='lat' dir='ltr'><strong>ce</strong></span> <span class='ocrx_word' id='word_1_852' title='bbox 3113 5640 3253 5698; x_wconf 84' lang='lat' dir='ltr'><strong>saint</strong></span> <span class='ocrx_word' id='word_1_853' title='bbox 3280 5606 3523 5698; x_wconf 81' lang='lat' dir='ltr'><strong>docteur;</strong></span> <span class='ocrx_word' id='word_1_854' title='bbox 3549 5606 3700 5679; x_wconf 75' lang='lat' dir='ltr'><strong>letoul</strong></span> 
     </span>
    </p>
   </div>
   <div class='ocr_carea' id='block_1_102' title="bbox 3790 5054 3802 5572">
    <p class='ocr_par' dir='ltr' id='par_1_102' title="bbox 3790 5120 3799 5572">
     <span class='ocr_line' id='line_1_103' title="bbox 3798 5120 3799 5181; baseline 0 0"><span class='ocrx_word' id='word_1_855' title='bbox 3798 5120 3799 5181; x_wconf 70' lang='lat' dir='ltr'><strong>l</strong></span> 
     </span>
     <span class='ocr_line' id='line_1_104' title="bbox 3790 5396 3793 5572; baseline 0 0"><span class='ocrx_word' id='word_1_856' title='bbox 3790 5396 3793 5483; x_wconf 55' lang='lat'><em>*</em></span> 
     </span>
    </p>
   </div>
  </div>
