3908 6312
149 290 246 344 ns
309 273 314 276 ’

1055 294 1329 351 NOTITIA
1366 292 1781 350 LITTERAlllA
1823 293 1884 347 ΙΝ
1920 294 1980 349 S.
2021 293 2484 350 AUGUSTINUM.

3293 304 3392 356 ιτι

148 401 448 499 irati-niteo
482 401 849 499 lranqoisﬂpar
870 401 1030 499 denu
1058 405 1722 499 Segui.hi___l‘3pltemet'id¢_35
1751 407 1798 463 Α
1827 427 2013 498 majori
2034 427 2475 480 commendatione
2500 443 2552 478 se
2579 426 2794 494 dignum
2819 429 3054 480 exhibens
3079 431 3354 499 legentibus
3372 475 3388 495 ,

147 493 329 544 Paris.
362 489 566 561 (Journ.
593 492 681 542 des
709 490 888 561 Spav.)
913 491 967 545 h.
997 508 1046 546 a.
1069 509 1215 547 num.
1237 495 1373 560 XIV,
1395 510 1514 564 pag.
1541 495 1632 561 92,
1658 495 1724 548 de

144 593 382 636 auctore
410 583 631 634 omnino
662 591 860 636 lacent.

217 672 385 724 1715.
428 670 591 723 Paris
618 709 631 733 ,
682 671 806 724 cltez
843 670 993 740 Jacq.
1023 672 1299 737 Estienne;
1347 675 1523 728 ενι-12.
1576 695 1594 725 ι
1628 676 1727 729 Les

142 760 286 812 deus
336 758 505 811 livres
554 758 622 812 de
675 759 731 812 S.
783 759 1081 827 Augustin,
1121 763 1188 816 de
1221 764 1268 816 la
1302 764 1726 819 Prédestination

144 851 238 902 des
277 850 458 902 saints
508 859 564 902 et
594 850 663 903 du
695 850 812 903 Don
840 851 908 906 de
943 852 989 904 la
1020 853 1417 921 persévérance
1442 897 1455 919 ,
1489 870 1619 909 avec
1651 856 1728 910 les

150 940 344 991 lettres
379 939 508 1003 105,
541 939 640 992 106
671 948 728 993 et
759 939 857 996 107
887 940 959 995 du
986 943 1162 1003 méme
1191 945 1358 1009 saint;
1394 946 1444 999 le
1472 954 1589 999 tout
1623 956 1730 999 tra-

147 1029 260 1083 duit
284 1042 354 1080 en
387 1027 685 1094 lrangois.»

911 1125 982 1140 0‘—

215 1188 274 1242 S.
306 1187 606 1254 Augustini
633 1188 902 1241 sententia
926 1188 994 1242 de
1019 1189 1505 1244 Praedestinatione
1529 1201 1584 1244 et
1606 1192 1731 1245 Per-

153 1281 466 1332 severantia
495 1287 773 1346 excerpta,
807 1293 930 1332 cum
959 1279 1180 1332 srholiis
1209 1279 1420 1349 Georgii
1458 1280 1731 1334 Cassandri

157 1367 354 1437 Belgae.
404 1368 629 1421 Parisiis
672 1367 833 1422 1616.
867 1367 1068 1422 Eadem
1108 1369 1317 1437 Anglice
1341 1386 1434 1437 per
1462 1369 1513 1423 ι.
1546 1369 1730 1440 Scory,

157 1456 314 1511 in-8°.
343 1457 529 1524 Lipen.
557 1455 694 1512 Bibl.
727 1456 849 1521 Th.,
879 1457 942 1510 Τ.
978 1456 1022 1522 l,
1056 1474 1106 1526 p.
1142 1459 1268 1512 525.

253 1567 304 1621 Χ
315 1568 375 1620 L.
398 1597 469 1607 —-
489 1566 642 1638 (115)
668 1566 948 1636 Speculum
969 1584 1032 1620 ea:
1053 1577 1264 1636 utroque
1292 1567 1636 1623 Testamento.

1827 534 1980 582 quam
2011 516 2261 585 quibusvis
2287 515 2450 568 verbis
2479 517 2724 581 explicari
2762 519 2921 582 possit
2953 531 2971 573 .'
3010 527 3066 568 ut
3094 529 3139 570 et
3173 521 3222 570 in
3257 540 3388 587 pra:-

1825 605 2020 671 ratione
2031 613 2079 656 et
2099 602 2314 672 prologo
2329 604 2494 672 ipsius
2507 603 2761 657 evidenter
2782 606 2956 674 colligi
2973 617 3155 674 potest.
3184 608 3390 670 Quanto

1826 706 1942 743 vero
1968 691 2139 743 studio
2171 699 2217 742 et
2248 693 2573 744 accuratione
2612 695 2945 762 castigatum,
2987 697 3315 748 emendatum
3349 709 3396 751 et

1828 779 2126 832 ordinatum
2150 779 2213 831 sit
2237 793 2256 831 :
2277 779 2328 830 Ιιὶ
2345 781 2604 849 judicent,
2627 784 2711 848 qui
2741 783 2870 834 illud
2896 785 3014 836 aliis
3038 785 3295 838 similibus
3326 788 3398 839 si-

1829 871 1878 922 bi
1898 886 1916 922 :
1940 872 2045 922 sive
2068 884 2222 920 manu
2249 871 2456 938 scriptis
2481 886 2500 922 :
2527 872 2631 924 sive
2657 889 2756 925 aere
2775 874 3038 943 impressis
3060 875 3242 927 litteris
3275 892 3394 928 con~

1829 959 2054 1012 tulerint.
2086 959 2502 1013 Consummatum
2530 960 2748 1014 Basileaz
2777 981 2866 1030 per
2891 965 3188 1033 magistrum
3237 965 3397 1019 Joan-

1829 1067 1941 1103 nem
1969 1051 2034 1104 de
2067 1049 2361 1103 Anterbaclt.
2396 1051 2545 1103 Anno
2570 1054 2659 1104 dni
2688 1052 3248 1108 LLCCCCLXXXIX.
3299 1057 3397 1110 im-

1832 1154 2075 1207 pressum
2100 1148 2185 1193 est
2207 1140 2520 1192 charactere
2545 1140 2774 1194 Gothico
2798 1142 2850 1194 in
2878 1142 3086 1196 duabus
3104 1144 3396 1198 columnis.

1831 1229 2046 1282 Adsunt
2087 1229 2378 1296 signatura:
2404 1269 2418 1294 ,
2462 1229 2656 1284 litterae
2688 1231 2925 1284 initiates
2959 1247 3136 1298 parva:
3167 1244 3220 1286 et
3244 1236 3396 1303 pagi-

1832 1335 2024 1373 narum
2057 1321 2188 1373 tituli
2217 1361 2232 1382 ,
2283 1335 2392 1372 non
2435 1321 2558 1374 item
2605 1321 2861 1374 custodes
2908 1331 2962 1374 et
2999 1323 3246 1376 foliorum
3291 1340 3394 1378 nu-

1832 1410 1988 1463 meri.
2023 1409 2077 1462 1n
2109 1409 2284 1478 prima
2334 1409 2446 1463 lolii
2497 1410 2654 1478 primi
2707 1411 2896 1478 pagina
2943 1411 3257 1467 charactere
3290 1412 3397 1466 Go-

1832 1500 1980 1553 thico
2047 1514 2238 1566 magno
2302 1500 2668 1568 impressum:
2724 1485 2850 1552 Aur.
2901 1500 3176 1568 Augustini
3216 1499 3399 1554 Prima

1837 1590 2229 1657 Quinquagena.
2288 1589 2549 1642 Praecedit
2596 1590 2754 1642 index
2803 1604 2982 1644 rerum
3031 1591 3400 1659 alphabeticus

238 1659 452 1712 Diversi
485 1657 586 1712 sub
632 1658 734 1711 hoc
773 1659 991 1711 nomine
1024 1658 1155 1711 editi
1192 1668 1406 1713 exstant
1445 1659 1567 1712 libri
1595 1700 1608 1722 ,
1643 1659 1732 1727 qui
1835 1695 1928 1732 λιν
1962 1681 2123 1733 (oms.
2161 1679 2416 1748 Exempla
2447 1681 2607 1747 huius
2639 1681 2728 1734 θα.
2760 1690 2973 1735 exstant
3013 1682 3063 1734 in
3090 1657 3231 1736 Bibl.
3262 1684 3402 1736 80d,

169 1750 352 1818 utique
400 1749 470 1803 ab
498 1749 800 1802 editoribus
851 1748 966 1802 suis
1013 1750 1310 1817 Augustino
1351 1750 1725 1803 vindicantur:

1860 1770 2007 1823 eiana
2047 1780 2102 1823 et
2144 1771 2312 1823 Acad.
2351 1770 2812 1837 lngoistadiensis.
2847 1771 2930 1824 Ci.
2967 1772 3236 1825 Seemiller
3261 1773 3398 1826 fasc.

178 1853 346 1902 unus,
379 1839 468 1907 qui
501 1839 554 1891 in
607 1837 860 1891 omnibus
903 1836 1167 1892 hactenus
1193 1853 1412 1905 operum
1448 1839 1732 1906 Augustini

185 1928 499 1983 editionibus
534 1929 786 1996 vulgatus
812 1937 1013 1995 prostat
1039 1967 1052 1991 ,
1091 1936 1144 1981 et
1167 1927 1218 1981 in
1246 1929 1537 1981 novissima
1563 1928 1734 1980 Bene-

187 2021 496 2072 dictinorum
525 2016 838 2084 Autuerpim
865 2033 1050 2070 recusa
1074 2028 1409 2083 recensetur,
1445 2018 1614 2072 Tomo
1645 2018 1731 2083 lll,

190 2127 218 2164 a
243 2126 357 2179 pag.
393 2111 492 2165 501
520 2109 584 2162 ad
616 2107 749 2174 612,
781 2109 932 2177 juxta
967 2110 1162 2163 seriem
1193 2110 1454 2163 librorum
1495 2111 1556 2164 V.
1588 2118 1638 2163 et
1668 2108 1733 2162 N.

191 2200 246 2252 Τ.
278 2199 638 2268 compositus;
674 2199 831 2262 alter,
875 2200 963 2268 qui
1000 2199 1068 2252 ab
1101 2199 1416 2269 Ilieronymo
1450 2200 1658 2271 Vignier
1684 2202 1735 2254 in

190 2290 439 2358 supplem.
493 2289 555 2343 Τ.
599 2290 641 2350 1,
684 2304 711 2341 a
756 2304 877 2357 pag.
919 2289 1022 2344 515
1052 2289 1118 2343 ad
1150 2289 1275 2356 545,
1307 2305 1375 2345 ex
1403 2292 1738 2361 autographa

188 2379 464 2433 Bibliorum
485 2394 613 2432 mss.
639 2379 964 2448 Theodulplii
983 2379 1360 2434 Aurelianensis
1377 2381 1738 2450 episcopi,qui

184 2469 325 2524 circa
351 2487 395 2521 a.
425 2470 522 2524 820
553 2470 688 2524 obiit
713 2511 726 2536 ,
759 2482 840 2524 est
875 2471 1146 2538 prolatus,
1183 2471 1240 2524 in
1270 2488 1380 2540 quo
1408 2473 1473 2525 ad
1499 2473 1738 2541 capitula

183 2567 326 2611 certa
354 2559 574 2611 moralia
607 2559 902 2612 Bibliorum
945 2561 1228 2614 sententia:
1258 2561 1587 2625 referuntur,
1617 2564 1738 2615 abs-

184 2665 288 2718 que
335 2651 668 2718 praefatione.
717 2651 871 2704 llunc
903 2653 1060 2719 plane
1103 2653 1346 2720 Spurium
1376 2664 1601 2708 censent
1650 2655 1741 2708 lle-

181 2739 462 2805 uedictini,
494 2741 636 2809 quod
661 2753 712 2793 et
735 2741 910 2794 minus
933 2757 1056 2795 cum
1081 2740 1304 2795 Possidii
1328 2743 1508 2796 verbis
1539 2752 1740 2796 etcum

177 2831 490 2897 praefatione
540 2830 827 2897 Augustini
870 2831 1168 2899 exemplari
1198 2847 1226 2884 a
1260 2847 1318 2885 se
1349 2830 1493 2885 edito
1525 2831 1740 2900 praeﬁxa

175 2923 480 2974 conveniat.
511 2920 891 2974 Praefationem
915 2931 1093 2974 autem
1123 2921 1280 2974 istam
1309 2935 1469 2974 nemo
1500 2934 1607 2973 non
1634 2920 1743 2972 Au-

1834 1858 2010 1926 111.1).
2043 1859 2164 1913 164.
2199 1860 2350 1915 Adde
2376 1861 2660 1914 Braunium
2692 1862 2730 1914 1.
2761 1862 2795 1913 Ι.
2821 1901 2836 1925 ,
2861 1863 2922 1914 Τ.
2959 1862 3022 1926 ll,
3049 1878 3101 1928 p.
3136 1863 3257 1916 181.

1908 1947 2064 2002 1495.
2118 1947 2366 2014 Venetiis,
2394 1965 2484 2016 per
2520 1949 2829 2002 Bernardin.
2871 1949 3189 2016 Benalium;
3216 1952 3400 2020 iit-fol.

1836 2036 2166 2103 Augustinus
2196 2038 2246 2089 in
2276 2036 2541 2090 Psalmos.
2578 2037 2800 2089 Oi'landi
2822 2052 2871 2104 p.
2899 2037 3024 2091 9.81.

1907 2124 2250 2191 —Busilea:,
2301 2143 2388 2195 per
2429 2125 2517 2179 Ja.
2550 2126 2980 2192 Amerbacltium;
3009 2129 3187 2197 in-fol.
3219 2132 3399 2199 Augu-

1837 2216 1961 2269 stini
1993 2231 2132 2282 opus
2159 2215 2212 2267 in
2239 2215 2502 2268 Psalmos.
2539 2214 2734 2278 Maitt.,
2768 2215 2830 2268 Τ.
2861 2215 2902 2279 l,
2937 2231 2989 2283 p.
3020 2231 3056 2269 ll
3077 2259 3090 2282 ,
3125 2232 3176 2285 p.
3210 2219 3332 2272 565.

1911 2305 2068 2358 1494.
2110 2302 2328 2370 Ibidem,
2359 2304 2535 2371 in-fol.
2566 2303 2897 2373 Augustinus
2926 2305 2978 2359 in
3007 2306 3267 2360 Psalmos.
3301 2307 3400 2360 Eo-

1839 2397 1952 2449 dem
1981 2406 2104 2448 teste
2132 2395 2169 2448 l.
2205 2395 2242 2448 ι.

1913 2484 2072 2538 1195.
2112 2484 2328 2550 Ibidem,
2362 2502 2450 2553 per
2476 2486 2732 2549 eumdem;
2761 2487 2942 2556 ἑτι-[οι.
2976 2487 3120 2541 ldcm
3151 2503 3303 2556 opus.

1912 2575 2069 2630 1-197.
2109 2574 2354 2639 Basilete,
2378 2592 2467 2644 per
2491 2571 2580 2628 Jo.
2602 2576 2668 2628 de
2689 2577 2967 2629 Amerbaclt
2990 2593 3009 2638 ;
3030 2576 3211 2641 in-fol.
3259 2577 3402 2630 Idem

1839 2680 1991 2732 opus.
2025 2663 2445 2716 Consummatum
2473 2681 2608 2716 anno
2630 2665 2717 2716 dni
2749 2664 3260 2718 M.CCCC.XCVII.
3293 2668 3398 2721 Sed

1839 2752 1961 2805 loco
1988 2751 2162 2814 exilis,
2196 2765 2352 2819 quem
2402 2751 2453 2802 in
2485 2752 2648 2817 priori
2679 2752 2916 2805 editione
2950 2753 3280 2819 notavimus,
3316 2755 3404 2806 in-

1841 2840 1998 2904 dicis,
2023 2840 2248 2893 seorsitn
2277 2840 2365 2892 hic
2391 2839 2594 2906 adjecta
2626 2849 2710 2892 est
2737 2840 3100 2908 principalium
3129 2843 3406 2895 sententia-

1842 2946 1958 2982 rum
1983 2931 2266 2994 annotatio,
2299 2946 2419 2997 qua:
2451 2929 2564 2983 sola
2587 2929 2640 2982 in
2669 2930 2918 2984 volumen
2943 2931 3166 2984 modica:
3191 2934 3403 2998 magni-

175 3009 538 3076 gustinianum
563 3009 832 3063 calamum
871 3024 1059 3076 sapere
1090 3011 1424 3077 proﬁteatur.
1475 3007 1584 3064 Nec
1610 3023 1742 3062 vero

1860 3019 2043 3072 .udinis
2065 3018 2322 3072 excrevit.
2352 3019 2482 3085 Ejus
2519 3019 2796 3086 exemplar
2832 3029 3162 3074 memoratur
3190 3035 3405 3090 quoque

182 3115 460 3154 assensum
489 3102 570 3154 eis
610 3117 934 3169 quemquam
967 3101 1021 3153 in
1053 3100 1156 3154 hoc
1187 3116 1415 3171 negasse
1441 3102 1740 3171 comperio,
1772 3088 1817 3150 C
1847 3110 1989 3163 inter
2015 3109 2219 3162 rariora
2251 3109 2386 3164 Bibl.
2418 3108 2548 3176 Reg.
2581 3109 2865 3163 Budensis.
3164 3097 3170 3100 ’

180 3191 283 3243 nisi
313 3191 452 3260 quod
481 3200 663 3244 textus
693 3190 918 3244 biblicos
945 3193 1251 3259 concernit,
1285 3193 1373 3260 qui
1409 3207 1513 3246 non
1549 3208 1614 3247 ex
1643 3208 1742 3246 an-

179 3279 349 3344 tiqua,
381 3295 484 3348 qua
536 3279 725 3347 procul
769 3279 933 3333 dubio
980 3283 1313 3349 Augustinus
1345 3283 1611 3346 utebatur,
1648 3284 1744 3337 sed

181 3380 250 3418 ex
283 3366 706 3438 Hieronymiana
742 3383 836 3422 seu
876 3370 1086 3437 vulgata
1115 3370 1367 3425 versione
1391 3381 1516 3424 sunt
1542 3371 1746 3426 descri-

186 3457 281 3523 pti.
323 3459 605 3527 Augustini
639 3475 855 3514 manum
894 3473 922 3510 a
955 3459 1123 3513 St'iOiO
1150 3460 1328 3529 aliquo
1368 3462 1634 3517 monacho
1662 3472 1742 3516 te-

188 3560 440 3604 meratam
469 3565 612 3617 esse,
649 3567 754 3605 non
780 3550 1208 3621 improbabiliter
1234 3552 1332 3605 viri
1361 3553 1520 3623 aliqui
1547 3554 1746 3608 doctis-

191 3639 348 3706 simi,
399 3640 797 3710 refragantibus
853 3649 1029 3696 tamen
1075 3641 1475 3712 Benedictinis,
1521 3654 1745 3699 conten-

189 3728 319 3784 dunt
351 3730 451 3800 (α).

258 3821 414 3877 1679.
460 3823 669 3892 Ronue,
714 3825 856 3891 apud
891 3823 1175 3893 Josephum
1211 3823 1742 3888 Vanuccium;in-8°.

187 3911 250 3965 D.
299 3917 433 3967 Aur.
480 3914 764 3982 Attgttstitti
794 3913 1078 3982 Speculum
1104 3958 1116 3981 ,
1149 3925 1206 3966 ut
1236 3915 1289 3966 in
1320 3929 1406 3979 eo,
1435 3928 1590 3980 quam
1619 3913 1748 3967 obe-

187 4003 346 4058 diens
377 4004 513 4071 Deo,
540 4004 962 4072 inobediensque
988 4004 1077 4069 sit,
1114 4004 1318 4057 lacilius
1340 4004 1563 4072 quisque
1588 4018 1750 4071 agnu-

191 4103 347 4157 scat,
390 4095 490 4149 hac
533 4095 732 4149 minori
777 4095 948 4148 forma
983 4095 1213 4162 primum
1245 4094 1467 4147 editum.
1511 4093 1753 4146 Accessit

197 4185 436 4251 ejusdem
461 4185 701 4240 doctoris
729 4185 1082 4251 Psalterium,
1114 4183 1255 4254 quod
1283 4184 1439 4237 matri
1467 4199 1575 4238 sua:
1607 4198 1752 4236 com-

198 4276 391 4341 pOSuit.
437 4276 617 4330 Edidit
657 4285 712 4331 et
743 4275 991 4344 prmfatus
1022 4285 1105 4329 est
1143 4277 1304 4329 tacito
1327 4283 1504 4329 tamen
1536 4275 1753 4328 nomine

200 4364 448 4434 Iosephus
473 4366 648 4419 Maria
694 4366 947 4420 Tommasi
977 4365 1135 4436 (forte
1160 4365 1502 4433 Tommasius)
1524 4406 1537 4430 ,
1568 4365 1752 4418 Alica-

1918 3197 2078 3254 1519.
2121 3196 2385 3266 Lugduni,
2416 3197 2590 3266 in-fol.
2617 3198 2677 3250 Β.
2706 3200 3033 3266 Augustinus
3062 3202 3112 3254 in
3143 3200 3407 3257 Psalmos.

1845 3287 2118 3342 Laudatur
2142 3302 2170 3339 a
2202 3286 2585 3353 Hendreichio,
2621 3288 2671 3339 in
2713 3287 2883 3342 Pand.
2913 3288 3166 3344 Brandeb.
3202 3307 3255 3360 p.
3280 3294 3406 3348 542.

1851 3378 2171 3432 Asservatur
2202 3378 2253 3428 in
2280 3377 2418 3429 Bibl.
2452 3377 2765 3430 monasterii
2795 3377 2924 3430 0rd.
2955 3380 3178 3434 Eremit.
3212 3381 3268 3434 S.
3303 3383 3410 3437 Au-

1847 3466 2048 3536 gustini
2079 3465 2360 3528 Monachii,
2388 3474 2526 3518 teste
2559 3465 2835 3533 Ossingero
2868 3467 2921 3519 in
2953 3465 3090 3520 Bibl.
3134 3471 3408 3539 Augustin.

1848 3571 1968 3626 pag.
2004 3556 2091 3608 11.

1922 3643 2080 3698 1529.
2107 3642 2342 3705 anilete,
2376 3643 2552 3712 in-fol.
2577 3642 2721 3697 Idem
2751 3643 2908 3708 liber,
2941 3658 3412 3704 commemorante

1853 3733 2221 3786 llendreichio.
2262 3731 2367 3786 Sed
2401 3733 2540 3786 haud
2572 3733 2730 3786 dubie
2758 3734 2994 3802 pertinet
3019 3735 3083 3788 ad
3122 3737 3413 3793 editionem

1851 3825 2076 3892 primam
2129 3823 2365 3890 Operutn
2405 3823 2641 3875 omnium
2706 3839 2772 3875 ex
2820 3825 3136 3879 recensiOne
3182 3826 3410 3882 Erasmi.

1855 3911 2005 3980 Apud
2051 3910 2296 3964 eumdem
2344 3910 2518 3964 solum
2569 3911 2812 3964 laudatas
2867 3912 3084 3966 invenio
3123 3925 3415 3984 sequentes

1853 3999 2118 4053 editiones
2143 4014 2156 4050 :
2207 3998 2342 4052 1545
2369 4007 2423 4052 et
2449 3997 2583 4052 1555
2607 4040 2621 4062 ,
2659 3998 2916 4064 Parisiis;
2960 4000 3116 4067 1555,
3149 4003 3416 4073 Lugduni;

1855 4087 2016 4152 1556,
2069 4087 2322 4150 Basileaz;
2377 4087 2532 4153 1561,
2582 4087 2739 4155 1562,
2777 4088 2936 4155 1565,
2973 4090 3246 4162 Lugduni:
3277 4094 3417 4150 haud

1853 4177 2090 4245 graviori
2123 4175 2244 4229 (ide.

1926 4265 2083 4319 1569.
2123 4264 2364 4332 Basileaz,
2397 4281 2485 4330 per
2510 4263 2849 4330 Frobenium,
2875 4267 3052 4336 iit-fol.
3089 4272 3420 4337 Augu~tinus

1857 4358 1910 4410 in
1935 4356 2198 4410 Psalmos.
2215 4357 2305 4412 Sic
2326 4356 2539 4424 quidem
2563 4367 2744 4410 exstat
2766 4357 2820 4410 in
2838 4355 3050 4428 Georgii
3072 4358 3199 4429 allg.
3223 4359 3420 4427 Europ.

206 4460 362 4512 tensis
394 4461 445 4512 in
469 4459 654 4513 Sicilia
687 4458 917 4512 clericus
947 4457 1260 4525 Regularis,
1284 4457 1425 4511 idem
1449 4457 1538 4523 qui
1573 4466 1744 4524 postea

1862 4445 2170 4499 Biicherlex.
2231 4446 2420 4512 Suppl.
2455 4447 2494 4510 l,
2531 4461 2580 4513 p.
2605 4445 2694 4498 21.
2736 4445 2839 4500 Sed
2867 4461 3152 4515 perperam
3179 4449 3422 4511 omnino,

204 4543 404 4616 (Romae
446 4548 698 4614 1709-12,
729 4546 796 4600 Ill
825 4547 979 4612 voll.,
1021 4545 1188 4615 ἐτι-8ο)
1230 4546 1382 4599 titulo
1416 4543 1754 4614 Theoloyico-

209 4651 314 4686 rum
338 4639 682 4706 antiquiorum
715 4636 938 4689 Patrum
965 4636 1164 4690 selecta
1191 4634 1501 4688 Graecorum
1533 4646 1586 4688 et
1616 4634 1762 4686 Lati-

217 4742 392 4780 norum
421 4729 676 4798 opuscula
708 4728 975 4797 evolgavit
1003 4727 1102 4796 (b).

237 4813 374 4868 XLI.
400 4846 467 4855 —
487 4817 638 4888 (111)
664 4815 1038 4868 Enarrationes
1059 4817 1111 4866 in
1137 4815 1372 4868 Psalmos
1395 4815 1606 4868 Davidis
1633 4813 1738 4867 CL.

285 4907 429 4961 1-189.
469 4906 709 4970 Basileae,
741 4923 830 4975 per
849 4905 969 4960 Joa.
1006 4908 1068 4958 de
1090 4905 1400 4969 Amerbnclt;
1428 4907 1604 4973 in-fol.
1654 4906 1765 4958 Au-

226 4992 328 5044 relii
369 4995 650 5062 Augustini
699 4995 891 5062 prima,
924 4995 1160 5048 secunda
1199 5009 1261 5047 ac
1291 4993 1448 5046 tertia
1492 4993 1766 5060 Quinqua-

230 5096 367 5148 gena.
422 5085 478 5137 In
523 5086 629 5139 line
664 5085 878 5140 tertia:
937 5084 1062 5138 Post
1105 5095 1335 5138 exactam
1376 5083 1768 5150 diligentemque

1862 4535 1908 4590 si
1939 4534 2006 4588 de
2035 4533 2289 4600 singulari
2329 4533 2693 4602 descriptione
2732 4535 3136 4603 intelligendum
3169 4535 3275 4587 sit:
3317 4552 3424 4593 non

1864 4627 1992 4680 item
2039 4623 2084 4678 si
2117 4625 2256 4677 inter
2293 4622 2470 4692 Opera
2510 4639 2740 4692 qumras.
2788 4623 3127 4676 Genevensem
3183 4625 3426 4690 ejusdem

1865 4715 1992 4770 anni
2021 4715 2310 4771 editionem
2341 4724 2490 4769 notat
2519 4715 2832 4769 Hendreich.
2881 4715 3081 4767 Vereor
3109 4726 3287 4769 autem
3312 4757 3326 4780 ,
3361 4735 3428 4772 ne

1869 4808 1920 4861 in
1953 4807 2077 4860 anni
2123 4807 2323 4860 iudicio
2364 4807 2647 4859 erraverit.
2681 4805 2865 4858 Exstat
2899 4802 3045 4854 enim
3073 4803 3161 4857 ed.
3195 4805 3428 4872 Operum

1871 4897 2148 4964 Augustini
2177 4896 2408 4949 Geneva:
2440 4895 2595 4955 1596,
2628 4909 2732 4944 non
2780 4891 2938 4954 1569,
2973 4891 3143 4960 facta,
3181 4896 3245 4949 ad
3271 4913 3429 4965 quam

1872 4988 1985 5040 haec
2015 4988 2261 5039 fortassis
2287 4985 2569 5038 referenda
2602 4993 2705 5049 est.

1942 5077 2100 5132 1570.
2154 5075 2392 5137 Vettetiis,
2415 5075 2592 5142 ἱη-[οι.
2624 5072 2768 5127 ldetn
2801 5089 2958 5142 opus.
2997 5075 3308 5131 Hendreich.
3333 5079 3434 5145 Qui

232 5174 614 5226 emendationem
658 5173 918 5239 (auctore
960 5171 1109 5240 Deo)
1157 5173 1438 5241 perfectum
1471 5179 1543 5223 est
1573 5171 1769 5239 insigne
1874 5167 2176 5224 ed.Venet.
2225 5164 2457 5232 Operum
2503 5178 2647 5218 Otnn.
2682 5164 2736 5217 h.
2781 5181 2830 5217 a.
2887 5167 3128 5233 noverit,
3175 5167 3435 5236 intelliget

234 5273 366 5329 atque
413 5265 721 5332 praclarum
780 5264 874 5315 hoc
935 5279 1061 5329 opus
1127 5263 1497 5330 explanationis
1540 5262 1774 5317 Psalnto-

234 5366 368 5404 rum:
409 5355 512 5405 ιιἰυὶ
542 5369 601 5405 ac
634 5354 805 5423 magni
833 5352 1053 5404 doctoris
1086 5351 1376 5420 Augustini.
1423 5369 1546 5420 opus
1576 5369 1630 5406 re
1659 5369 1774 5405 vera

295 5551 363 5619 la)
387 5551 471 5619 Cl.
515 5549 735 5612 Caveus,
781 5550 1038 5619 Dupinius
1076 5557 1131 5604 ct
1167 5550 1316 5604 Ric/t.
1349 5551 1527 5605 Simon
1563 5551 1614 5604 itt
1645 5548 1776 5603 Crit.

233 5615 354 5673 Bile
386 5618 648 5685 Ercl.,'1‘.
684 5620 724 5682 l,
760 5633 810 5686 p.
844 5615 966 5671 its.

1877 5271 2128 5331 quantum
2157 5259 2210 5311 in
2236 5271 2300 5310 eo
2329 5257 2440 5309 veri
2469 5258 2560 5309 sit.
3089 5311 3093 5313 _

1949 5351 2102 5404 1571.
2145 5347 2423 5418 Lugduni,
2454 5349 2591 5416 apud
2631 5347 2752 5401 Seb.
2794 5346 3157 5409 Honoratum,
3193 5341 3361 5410 iit-8°,
3395 5346 3437 5402 ll

1881 5543 2030 5668 "ﬁt?
2062 5545 2297 5614 Purpura
2329 5543 2522 5597 a.171‘z
2545 5557 2573 5596 a
2601 5539 2878 5596 Clemente
2909 5537 2993 5599 Χῖ,
3031 5535 3278 5604 donatus,
3309 5540 3440 5601 obiit
