3908 6306
574 303 676 357 179

1449 292 2001 351 SUPPLEMENI‘UM
2041 292 2130 346 AD
2168 290 2393 347 OPERA
2437 292 2494 348 S.
2540 293 2924 351 AUGUSTINI.
3682 299 3769 355 {50'

568 412 711 465 Bois.
743 408 1038 465 Troisiéme
1071 408 1291 464 edition.
1330 426 1347 457 ι
1380 405 1491 460 Cat.
1522 405 1721 459 Bunav.
1748 413 1804 463 et
1828 403 1967 457 Bibl.
2003 402 2131 470 Reg.
2164 405 2215 461 Λ
2238 411 2572 471 οωιετοςίιυε
2601 404 2905 459 cardinales
2936 405 3211 459 Annotatio
3239 406 3531 461 brevissima
3570 410 3619 462 in
3647 427 3764 465 erro-

569 501 744 553 Puris.
802 499 926 553 llasc
966 500 1081 566 ipsa
1114 498 1342 550 fortasse
1380 506 1456 549 cst
1490 495 1769 563 repetitio,
1807 507 1967 560 quam
1997 493 2051 547 b.
2082 506 2133 544 a.

565 590 915 643 Colonienses
942 586 1323 640 Amstelodami
1353 586 1541 637 factam
1572 584 1943 650 prodiderunt.

638 678 903 746 Anglicum
931 677 1233 729 versionem
1269 673 1514 743 Epistolas
1541 670 1791 724 XLVIII
1821 671 1918 723 sub
1949 669 2134 723 titulo:

573 786 593 817 ε
625 765 895 820 Iudicium
934 765 990 819 S.
1023 764 1304 829 Augustini
1354 757 1420 815 de
1454 763 1682 831 Legibus
1720 761 2021 831 poenalibus
2047 759 2140 813 ad-

565 869 757 909 versus
786 854 1162 908 conventicula
1210 864 1261 906 et
1300 852 1366 904 de
1399 854 1603 905 unitate
1645 851 1915 918 religionis
1943 863 2139 918 propo-

566 946 728 998 situm
758 944 811 997 in
842 960 929 1012 ep.
953 944 1046 1006 48,
1076 941 1301 995 Loudini
1338 941 1490 1003 1670,
1521 942 1679 1007 in-L",
1713 947 2013 993 memorant
2033 939 2135 993 Coo

566 1036 863 1097 lonienses,
904 1034 1090 1087 addito
1118 1034 1425 1088 testimonio
1454 1032 1651 1101 Lipem'i
1684 1033 1736 1086 in
1764 1031 1904 1087 Bibl.
1932 1031 2133 1085 Philas.

566 1139 622 1177 ν.
652 1124 1039 1179 Conventicula.

635 1215 879 1285 Denique
922 1215 1168 1285 Epistula:
1212 1216 1274 1267 de
1321 1215 1480 1285 panis
1525 1213 1870 1280 parvulorum,
1903 1212 1989 1280 qui
2031 1212 2140 1265 sine

565 1303 835 1373 Baptismo
872 1304 1144 1365 decedunt,
1168 1302 1346 1355 versio
1374 1316 1495 1356 esse
1520 1301 1732 1355 videtur
1750 1342 1766 1367 ,
1797 1316 1915 1368 quae
1943 1302 1993 1353 in
2024 1300 2135 1352 Cat.

567 1391 707 1446 Bibl.
742 1393 1022 1446 Firmianat
1061 1402 1390 1446 memoratur
1429 1391 1533 1445 hoc
1575 1391 1770 1445 titulo:
1818 1389 2061 1445 Sermone
2084 1391 2138 1441 di

568 1482 629 1537 S.
652 1482 917 1552 Agostino,
950 1483 1003 1535 in
1041 1484 1123 1535 cui
1166 1484 1211 1536 si
1256 1491 1411 1536 tratta
1456 1484 1589 1535 della
1628 1498 1757 1551 penu
1801 1482 1877 1535 de’
1906 1482 2139 1549 fanciulli

564 1573 720 1625 morti
748 1588 897 1625 sensa
928 1572 1223 1637 Battesimo,
1252 1574 1385 1625 trad.
1416 1588 1511 1625 con
1532 1572 1859 1625 annutazioni
1884 1571 1953 1622 da
1973 1570 2038 1623 G.
2072 1570 2135 1624 G.

565 1662 752 1725 Panic,
776 1662 934 1725 1778,
958 1664 1120 1719 in-8°.

2237 508 2345 545 rem
2363 493 2689 546 scribentium
2705 504 2938 549 sanctum
2960 498 3297 565 Augustinum
3310 500 3464 568 fuisse
3485 500 3766 560 heremitam.

2239 580 2411 646 Atque
2442 581 2555 635 hzcc
2584 583 2696 648 ipsa
2724 574 2902 636 omnia
2942 585 2995 637 in
3038 587 3260 654 epistola
3306 588 3624 643 dedicatoria
3655 593 3767 647 libro

2240 668 2363 723 huic
2394 670 2573 724 inesse
2602 671 2873 727 Corradus
2900 674 3065 742 dicit,
3100 691 3198 729 nec
3223 677 3291 729 ibi
3320 678 3531 745 quidem
3561 682 3767 746 epistola:

2241 760 2381 812 illius
2404 763 2736 815 mentionem
2767 764 2915 825 facit,
2948 780 3068 818 cum
3092 775 3281 819 contra
3312 767 3365 818 in
3390 767 3591 820 laudata
3622 770 3768 826 tabula

2241 847 2354 901 htec
2372 851 2640 903 annotatio
2668 866 2772 904 non
2802 854 2870 906 sit
2896 853 3157 907 indicata.
3185 856 3267 908 Ad
3298 858 3499 910 calcem
3534 869 3691 912 tamen
3712 863 3770 914 lu-

2238 940 2381 1008 gitur
2412 958 2425 991 :
2459 938 2612 993 Finis
2637 943 2779 995 adest
2808 944 2964 996 trium
2983 961 3271 998 sermonum
3293 945 3427 1000 beati
3452 948 3699 1017 Augustini
3721 953 3771 1003 de

2242 1028 2556 1083 Clericorum
2601 1033 2705 1084 uita
2740 1033 3066 1104 moribusque
3108 1052 3211 1088 una
3258 1052 3377 1089 cum
3407 1039 3508 1090 vita
3547 1037 3603 1092 S.
3631 1040 3773 1109 Augs-

2238 1122 2361 1173 stini
2383 1161 2397 1185 ,
2429 1138 2523 1175 nec
2570 1139 2681 1175 non
2706 1126 2973 1194 cujusdam
3022 1128 3237 1194 epistole
3276 1128 3441 1196 ipsius
3482 1129 3601 1181 :An
3646 1131 3773 1184 cleri-

2240 1215 2339 1278 cis,
2357 1221 2451 1265 etc.
2464 1254 2479 1279 ,
2492 1229 2586 1281 que
2596 1216 2768 1267 omnia
2780 1216 3025 1283 impressa
3043 1218 3183 1285 fuere
3208 1217 3389 1270 Padue
3405 1235 3493 1283 per
3514 1221 3774 1288 magisth

2242 1299 2507 1355 Mat/zeum
2535 1301 2799 1355 Cerdonis.
2836 1307 2983 1356 Anno
3015 1306 3223 1358 Domini
3255 1306 3417 1360 “84.
3447 1306 3775 1375 Colophonem

2239 1390 2392 1443 addit
2425 1390 2540 1443 (Ida
2569 1392 2622 1443 in
2665 1392 2866 1444 laudem
2911 1393 3207 1461 Augustini,
3236 1394 3501 1463 incipiens
3533 1414 3544 1449 :
3577 1394 3647 1448 De
3680 1414 3777 1464 pro-

2239 1480 2418 1547 fundis
2442 1481 2778 1533 tenebrarum.
2806 1482 3118 1536 Absolvitur
3153 1483 3268 1538 lucc
3298 1485 3465 1538 editio
3498 1485 3636 1539 foliis
3655 1489 3711 1541 36
3730 1488 3777 1540 li-

2240 1571 2355 1623 neis
2384 1586 2481 1637 per
2511 1573 2758 1641 paginam
2790 1574 3089 1642 impressis.
3122 1574 3421 1630 Character
3447 1585 3527 1630 est
3554 1575 3778 1631 Gothicus

2238 1658 2565 1716 luculentus.
2599 1666 2798 1719 Prmter
2824 1665 3131 1718 chartarum
3169 1679 3426 1720 numeros
3468 1674 3607 1718 noue
3632 1667 3778 1733 cujus-

635 1782 707 1792 —
728 1750 1085 1819 lnsignlorum
1117 1752 1403 1820 Augustini
1443 1753 1798 1819 Epistolarum
1826 1761 2132 1823 argumenta
2168 1748 2214 1805 B
2238 1765 2463 1820 cumque
2491 1754 2708 1821 generis
2739 1754 2989 1807 foliorum
3031 1754 3413 1821 paginarumve
3438 1755 3645 1809 desunt.
3670 1754 3781 1808 Sunt

564 1843 729 1897 modo
760 1843 962 1907 brevia,
989 1844 1149 1899 modo
1178 1844 1472 1913 prolixiora
1502 1845 1572 1898 cl.
1601 1845 1874 1898 Roeslerus
1910 1845 2144 1899 inseruit
2244 1854 2419 1896 tamen
2465 1847 2659 1899 littera:
2716 1846 2950 1899 initialcs
2998 1846 3243 1899 formulis
3283 1846 3480 1915 ligneis
3527 1860 3777 1913 expressae.

565 1941 714 1988 tomo
756 1932 797 1987 ν
842 1933 934 1987 der
969 1931 1285 1988 Bibliotheck
1326 1934 1381 1986 d.
1432 1933 1850 2003 Kirchenraeter,
1882 1949 2002 2005 pag.
2034 1934 2139 1988 M7

565 2036 739 2093 usque
764 2021 829 2076 ad
861 2022 957 2077 ﬁn.

774 2110 996 2164 XLIII.
1022 2140 1091 2152 —-
1120 2111 1271 2180 (116)
1296 2111 1564 2167 Sermones
1594 2123 1640 2165 et
1662 2113 1714 2166 Η
1720 2114 1925 2166 omilim.

635 2204 777 2257 Sac.
802 2202 991 2255 XV.-
1007 2202 1161 2257 M75.
1182 2203 1441 2273 Augusta,
1457 2220 1544 2269 per
1556 2204 1830 2256 Antonium
1847 2201 1979 2272 Sorg
2008 2218 2025 2265 ;
2053 2202 2136 2253 in-

566 2292 661 2359 fol.
694 2292 816 2343 min.
841 2291 898 2344 S.
917 2291 1197 2359 Augustini
1221 2291 1384 2355 liber,
1402 2292 1491 2357 qui
1512 2301 1731 2346 vocatur
1759 2292 2139 2359 Quinquaginta

566 2379 683 2431 sive
708 2378 946 2431 Humilia:
967 2378 1028 2431 L.
1055 2379 1109 2431 lu
1146 2380 1248 2431 line
1282 2396 1294 2429 :
1328 2380 1475 2431 Anno
1504 2380 1607 2431 dm.
1643 2378 2059 2432 M.CCCC.LXX
2078 2379 2133 2431 V.

567 2466 764 2519 circiter
791 2465 916 2519 Kal.
957 2465 1232 2520 Februarii
1276 2469 1546 2537 impressus
1574 2478 1645 2521 est
1687 2468 1811 2519 liber
1838 2469 1934 2520 iste
1953 2468 2021 2519 ad
2049 2469 2140 2521 ho-

568 2572 751 2609 norem
780 2558 881 2621 dei,
909 2573 999 2626 per
1042 2559 1313 2611 Antonium
1354 2560 1508 2629 Sorg.
1534 2558 1599 2613 In
1628 2558 1874 2631 Angusta.
1896 2559 2083 2627 Incipit
2109 2574 2138 2613 a

566 2648 801 2716 registro
848 2648 1217 2714 homiliarum,
1252 2650 1399 2719 quod
1443 2652 1672 2719 primum
1713 2652 1896 2705 folium
1930 2651 2135 2719 implet.

567 2735 865 2793 Character
892 2738 1156 2795 Gothicus
1185 2750 1289 2804 est,
1322 2740 1417 2795 sed
1441 2742 1682 2809 elegans.
1713 2742 1822 2796 Nec
1852 2742 2012 2801 foliis.
2040 2756 2139 2795 nec

566 2828 782 2895 paginis
814 2829 1021 2883 numeri
1054 2837 1264 2881 notaave
1298 2838 1419 2881 sunt
1449 2832 1689 2895 ascripti,
1726 2840 1860 2883 teste
1888 2830 1956 2882 cl.
1982 2828 2135 2896 Zapf.

569 2916 623 2967 in
652 2915 837 2967 Annal.
862 2915 995 2983 Tgp.
1020 2913 1237 2983 August.
1254 2930 1307 2981 p.
1324 2916 1415 2978 52,
1435 2916 1732 2968 Seemillero
1756 2917 1885 2967 fasc.
1909 2915 1948 2979 l,
1973 2928 2026 2980 p.
2046 2914 2133 2968 70.

570 3004 722 3058 Adde
750 3004 1031 3056 Braunium
1067 3002 1190 3055 Not.
1220 3002 1295 3055 H.
1329 3002 1659 3070 Lil.(l788),
1688 3018 1742 3070 p.
1769 3002 1890 3056 179.

2238 1933 2476 1987 Meminit
2520 1935 2638 2003 ejus
2666 1951 2882 2005 quoque
2930 1934 3190 1988 Braunius
3232 1934 3360 1989 Not.
3389 1934 3468 1989 Η.
3517 1933 3621 1989 Lit.
3649 1934 3702 1988 Τ.
3728 1933 3777 2000 ιι,

2242 2022 2445 2089 p.111.

2312 2112 2469 2166 “86.
2499 2112 2728 2180 Brixiw,
2773 2131 2862 2185 per
2910 2114 3161 2167 Iacobum
3214 2114 3570 2168 Britannicum
3613 2112 3782 2166 Brixia-

2239 2216 2392 2264 nnm;
2418 2203 2471 2255 in
2496 2203 2572 2256 8’.
2594 2204 2651 2257 S.
2673 2204 2953 2273 Augustini
2979 2205 3212 2273 episcopi
3233 2204 3526 2259 Sermones
3547 2204 3611 2257 ad
3628 2204 3782 2257 fratres

2240 2290 2558 2344 Heremitas.
2596 2293 2652 2345 In
2690 2293 2794 2345 fine
2822 2311 2832 2344 :
2865 2292 3185 2359 lmpressum
3214 2292 3415 2345 Brixiae
3442 2309 3540 2361 per
3566 2293 3781 2347 Iacobum

2238 2378 2589 2433 Britannicum
2656 2380 2990 2434 Brixianam.
3042 2383 3192 2434 Anno
3254 2382 3475 2435 domini.
3548 2380 3780 2436 Μ.6666.

2237 2466 2547 2521 LXXXVI.
2581 2470 2663 2522 die
2702 2469 2740 2522 V
2767 2468 3030 2523 Januarii.

2308 2561 2576 2616 Editionis
2604 2562 2764 2632 hujus
2809 2564 2934 2616 nulli
2983 2562 3476 2631 bibliographorum
3523 2569 3682 2615 antea
3716 2575 3778 2613 co-

2237 2650 2397 2720 gnitae
2412 2651 2657 2705 notitiam
2679 2652 2824 2705 solus
2850 2652 3055 2717 praebet
3076 2651 3249 2703 Braun
3275 2650 3403 2703 Not.
3423 2649 3495 2702 11.
3522 2648 3626 2703 Lit.
3656 2650 3709 2704 Τ.
3725 2649 3774 2711 ll,

2240 2755 2295 2808 p.
2328 2740 2450 2805 150,
2483 2741 2790 2810 significans
2820 2740 3077 2794 volumen
3105 2753 3224 2794 esse
3252 2754 3339 2792 ιιι
3369 2739 3693 2808 plagularum
3718 2739 3772 2792 fa-

2239 2831 2457 2885 sciculis
2504 2843 2842 2895 contentum,
2882 2832 3196 2885 charactere
3242 2829 3491 2883 Romano
3520 2847 3582 2884 ac
3610 2830 3775 2900 perele-

2236 2922 2383 2985 ganti
2418 2921 2768 2986 impressum,
2801 2922 3183 2975 deficientibus
3206 2921 3628 2991 quibuscumque
3656 2921 3774 2974 folio-

2236 3020 2356 3058 rum
2399 3008 2789 3075 paginarumve
2819 3010 2984 3073 notis,
3030 3011 3322 3078 parvisque
3350 3012 3543 3065 litteris
3569 3012 3677 3064 loco
3702 3010 3772 3062 ini-

643 3094 802 3146 MTI.
836 3092 1068 3155 Mutinaz,
1095 3107 1183 3158 per
1207 3091 1590 3161 Balthaxsarem
1611 3093 1672 3146 de
1700 3093 1945 3156 Struciis;
1972 3092 2138 3145 iit-4°.
2168 3080 2214 3142 C
2246 3093 2448 3147 tialium
2487 3096 2647 3151 miuia
2660 3098 2791 3150 toris
2836 3098 3007 3165 gratia
3038 3100 3326 3168 appositis.
3362 3100 3608 3155 Continet
3632 3100 3771 3153 omnia

571 3182 631 3235 S.
655 3182 938 3250 Augustini
971 3181 1265 3236 Sermones
1294 3182 1357 3235 ad
1398 3182 1613 3237 Fratres
1643 3184 1694 3236 in
1724 3185 1977 3238 Heremo.
2006 3183 2144 3238 Nus-

572 3287 729 3341 quam
758 3271 856 3325 nisi
888 3272 940 3325 in
969 3270 1078 3325 Cat.
1108 3270 1249 3328 Bibl.
1282 3271 1474 3326 Pinell.
1503 3273 1566 3327 T.
1592 3274 1634 3339 l,
1664 3290 1717 3344 p.
1742 3274 1811 3331 92
1831 3316 1845 3339 ,
1875 3272 2140 3329 laudatam

573 3364 897 3420 invenimus.

646 3458 817 3514 1482..
838 3458 1026 3527 Spirat,
1068 3464 1255 3527 factore
1284 3458 1438 3512 Petro
1467 3460 1621 3513 drach
1634 3460 1844 3528 juniore
1874 3461 1950 3529 (in
1970 3459 2146 3530 vigilia

574 3551 849 3605 nativitatis
880 3553 1035 3604 marie
1060 3553 1322 3622 virginis);
1354 3554 1529 3621 in-fol.
1564 3553 1623 3606 Β.
1643 3553 1920 3621 Augustini
1943 3565 2145 3606 sermo-

575 3657 670 3697 nes
692 3646 857 3707 varii;
891 3644 942 3697 in
978 3646 1256 3698 Omeliario
1286 3644 1470 3698 Karoli
1500 3644 1676 3714 Magni
1701 3645 1855 3710 hujus
1881 3645 1967 3698 ed.

646 3732 805 3787 M84.
855 3732 1156 3793 Mediolani,
1186 3749 1276 3797 per
1321 3733 1623 3786 Teutonicos
1649 3750 1667 3785 :
1690 3735 1855 3786 ἔνι-ιο.
1877 3733 1933 3787 S.
1967 3734 2149 3799 Augu-

576 3821 701 3872 stini
723 3820 1013 3873 Sermones
1034 3819 1098 3871 ad
1131 3818 1349 3873 Fratres
1380 3820 1432 3872 in
1464 3819 1716 3874 lloremo.
1743 3821 1854 3875 Cat.
1886 3815 2022 3875 Bibl.
2056 3821 2149 3875 Pi-

576 3907 700 3959 nell.
724 3907 788 3959 T.
816 3907 855 3971 l,
886 3920 939 3971 p.
973 3906 1061 3960 92.

645 4023 717 4034 --
748 3993 945 4048 Paduce
972 4012 1062 4063 per
1083 3995 1367 4048 Maliacum
1385 3996 1632 4050 Cerdonis
1649 4015 1667 4062 ;
1696 4000 1854 4061 iit-4',
1886 4001 1945 4053 Β.
1973 4002 2153 4071 Augu-

578 4084 705 4138 stini
734 4099 1014 4142 sermones
1047 4096 1156 4142 tres
1194 4087 1262 4142 de
1294 4088 1627 4142 Clericornm
1656 4092 1763 4142 vita
1792 4099 1847 4146 et
1886 4094 2145 4147 moribus.

579 4202 648 4214 —
675 4175 860 4229 Editur
890 4187 973 4231 est
1002 4176 1251 4231 Eusebius
1286 4178 1543 4233 Corradus
1572 4180 2017 4244 Mediolanensis,
2049 4182 2151 4236 Ca-

581 4267 807 4323 nonicus
854 4267 1117 4337 regularis
1162 4266 1427 4338 Congrcg.
1461 4270 1880 4338 Laterancnsis,
1923 4286 1951 4324 a
1996 4272 2150 4339 cujus

577 4358 793 4427 epistola
818 4358 886 4409 ad
931 4359 1137 4411 Sixtum
1185 4370 1455 4426 quartum,
1487 4363 1778 4431 pontiﬁcem
1824 4366 2099 4416 maximum
2131 4380 2151 4416 :

2244 3182 2543 3253 eademque
2586 3185 2728 3240 serie
2751 3202 2813 3240 ac
2855 3201 3110 3255 sequens,
3162 3203 3231 3243 ne
3283 3204 3596 3261 sermonum
3639 3189 3775 3241 tabula

2244 3272 2461 3341 quidem
2486 3284 2733 3342 excepta.

2319 3362 2476 3417 1487.
2499 3364 2744 3433 Venetiis,
2765 3382 2854 3435 per
2875 3364 3198 3436 Paganinum
3222 3368 3286 3421 de
3318 3363 3775 3441 Paganinis;in-8‘.

2246 3453 2305 3509 S.
2336 3454 2616 3525 Augustini
2648 3456 2938 3511 Sermones
2964 3459 3026 3511 ad
3070 3459 3371 3513 Eremitas.
3404 3462 3484 3515 Ab
3516 3459 3688 3513 initio:
3715 3455 3781 3507 ln-

2246 3544 2439 3613 cipiunt
2462 3560 2724 3599 sermones
2750 3548 2915 3598 sancti
2941 3547 3213 3616 Augustini
3240 3549 3309 3600 ad
3358 3549 3632 3603 Heremitas
3651 3563 3665 3599 :
3684 3561 3777 3598 non-

2248 3634 2382 3687 nulli
2431 3636 2499 3687 ad
2542 3637 2826 3689 sacerdotes
2854 3654 2976 3691 suos
2999 3653 3016 3689 :
3043 3637 3111 3689 ad
3138 3636 3351 3710 aliquos
3388 3639 3537 3693 alios.
3566 3636 3629 3690 Et
3654 3636 3779 3705 primo

2248 3729 2311 3781 de
2338 3716 2613 3782 istitutio?
2630 3728 2883 3797 regularis
2926 3729 3023 3780 vite
3054 3706 3276 3797 δυνωῷ
3341 3728 3516 3801 (sic).
3568 3728 3619 3780 In
3664 3724 3775 3777 line:

2248 3816 2562 3883 I‘mpressum
2624 3814 2844 3868 Venetiis
2902 3833 2993 3885 per
3053 3816 3397 3888 Paganimsm
3451 3819 3511 3871 de
3557 3811 3779 3886 paganim't

2250 3905 2569 3959 Brixianum.
2599 3905 2742 3959 Anno
2776 3906 2979 3959 Domini
3003 3922 3021 3958 :
3046 3904 3313 3961 M.CCCC.
3358 3909 3566 3963 (xxxvii.
3596 3906 3668 3958 die
3689 3899 3778 3956 uti

2246 3994 2402 4049 ﬂaii.

2320 4084 2522 4142 Praeter
2548 4100 2823 4141 sermones
2846 4085 2981 4150 LIX,
3013 4086 3309 4141 accedunt:
3354 4089 3412 4142 1⁸
3430 4088 3491 4141 de
3516 4092 3675 4139 sancta
3692 4076 3776 4131 llo—

2251 4176 2367 4228 nica
2417 4192 2580 4229 sermo
2624 4174 2753 4240 LX;
2788 4176 2844 4227 2⁸
2876 4174 3057 4229 Calisti
3112 4176 3350 4230 narratio
3401 4179 3462 4231 de
3507 4169 3775 4229 conversio”

2254 4264 2313 4319 S.
2334 4266 2635 4335 Augustini;
2656 4265 2714 4317 3°
2745 4264 3020 4335 Sigiberthi
3058 4265 3120 4318 de
3143 4265 3321 4318 eodem
3370 4265 3590 4320 narratio
3614 4276 3668 4313 ex
3692 4255 3774 4323 rpi-

2252 4353 2386 4405 stola
2406 4354 2475 4405 ad
2494 4352 2544 4405 Μ
2550 4353 2849 4407 acedonium
2865 4370 2883 4417 ;
2900 4352 2956 4405 4°
2975 4352 3231 4423 Excerpta
3245 4356 3484 4424 quaedam
3496 4370 3555 4407 ea:
3571 4344 3773 4405 Chronico

577 4464 671 4519 pro
693 4448 969 4516 auferendo
988 4450 1053 4502 de
1078 4447 1310 4503 Ecclesia
1333 4430 1503 4503 errore
1526 4452 1848 4506 scribentium
1873 4468 1891 4506 :
1912 4454 2143 4523 Augusti-

2255 4440 2441 4509 Bedaz;
2465 4441 2522 4496 5°
2534 4442 2824 4496 Relationes
2840 4442 2957 4495 alite
2970 4443 3275 4496 incertorum
3296 4453 3591 4501 auctorum;
3615 4437 3662 4492 ϐ’
3676 4434 3771 4523 οἶσε

577 4555 696 4592 num
743 4538 993 4593 Ecclesia:
1048 4539 1305 4592 doctorem
1348 4541 1508 4610 fuisse
1564 4542 1857 4597 heremitam
1900 4546 2149 4599 volumen

577 4628 878 4682 exorditur.
906 4627 1107 4681 Praeter
1127 4628 1303 4682 dictos
1323 4636 1433 4684 tres
1462 4644 1762 4694 sermones,
1795 4646 2020 4699 quorum
2045 4633 2155 4699 pri-

580 4733 699 4772 mus
720 4720 925 4789 incipit,
952 4719 1204 4774 Charitati
1224 4729 1416 4785 uestrae,
1452 4730 1582 4786 clc.;
1613 4721 1902 4786 secundus,
1936 4720 2154 4788 Pmpter

579 4810 716 4870 quod
736 4811 873 4863 uolui
898 4820 947 4863 et
964 4812 1158 4879 rogaui,
1183 4820 1313 4873 etc.;
1347 4812 1559 4877 tertius,
1593 4811 1721 4863 Ante
1746 4812 1921 4863 omnia
1946 4812 2150 4881 fratres,

580 4906 711 4959 etc.;
742 4897 881 4952 inest
911 4902 1071 4954 etiam
1092 4900 1215 4953 Vita
1235 4901 1505 4971 Augustini
1532 4917 1560 4955 a
1581 4900 1825 4954 Possideo
1858 4902 1998 4971 (sic)
2019 4916 2153 4955 con-

581 4985 778 5052 scripta
811 4996 888 5049 ct,
932 4988 1033 5041 nisi
1064 4991 1298 5045 mendax
1330 4991 1524 5054 fuerit,
1557 5001 1931 5047 contentorum
1975 4992 2153 5046 tabula

582 5083 704 5136 post
738 5074 1017 5139 epistolam
1048 5076 1432 5136 dedicatoriam
1460 5084 1644 5139 statim
1675 5084 1915 5149 subjecta
1938 5126 1952 5149 ,
1992 5083 2151 5138 etiam

583 5161 822 5233 Epistola
835 5162 1125 5233 Augustini,
1156 5168 1199 5218 si
1223 5167 1373 5222 liceat
1398 5174 1593 5227 clericis
1618 5175 1863 5243 populum
1892 5184 1938 5227 et
1953 5191 2154 5243 gregem

584 5255 679 5308 sibi
713 5253 1117 5307 commendatum
1166 5262 1533 5326 persecutionis
1578 5272 1801 5333 tempore
1845 5266 2153 5333 relinquere.

585 5347 714 5401 Eam
746 5358 876 5399 vero
924 5344 975 5397 in
1023 5346 1343 5415 exemplari,
1372 5349 1515 5418 quod
1548 5352 1796 5406 manibus
1840 5363 2016 5416 teneo,
2046 5370 2149 5408 non

586 5436 839 5501 invenio,
879 5447 980 5488 nec
1023 5449 1267 5490 mancum
1298 5436 1425 5489 illud
1456 5438 1698 5505 videtur,
1735 5443 1829 5495 sed
1859 5443 2001 5497 illius
2032 5444 2155 5497 loco

587 5533 763 5575 exstat
782 5522 1004 5577 editoi'is
1026 5523 1090 5577 ad
1117 5526 1320 5579 Sixtum
1352 5526 1489 5580 lVet
1519 5528 1583 5584 ad
1619 5530 1970 5595 patriarcham
1991 5532 2155 5601 Aqui-

592 5611 880 5678 !eteusem,
910 5613 1239 5667 cardinalcm
1273 5624 1324 5670 et
1353 5618 1526 5672 sancti
1560 5618 1721 5670 Marci
1769 5627 2151 5684 protectorem,

2257 4535 2328 4586 tio
2375 4535 2440 4586 de
2495 4532 2746 4586 Passione
2788 4532 3025 4597 Domini,
3072 4551 3104 4585 a
3144 4535 3409 4587 nonnullis
3456 4533 3513 4586 S.
3539 4522 3772 4596 Augustino

2257 4624 2499 4691 ascripta,
2520 4638 2673 4691 quam
2703 4638 2793 4692 per
2817 4623 3156 4692 quadraginta
3177 4624 3449 4677 continuos
3477 4624 3577 4673 dies
3600 4615 3769 4667 recitnn'

2258 4711 2391 4764 tibus
2434 4710 2734 4779 Bonifacius
2781 4711 2919 4765 VIII
2972 4714 3253 4781 plenariam
3279 4713 3521 4766 concessit
3546 4705 3769 4772 indulgen-

2258 4802 2401 4854 tiam.
2423 4801 2651 4857 Textum
2700 4802 2959 4871 prmeedit
2992 4802 3173 4856 tabula
3215 4817 3521 4857 sermonum
3552 4798 3647 4851 duo
3674 4790 3765 4844 folia

2259 4905 2365 4945 non
2389 4892 2593 4962 integra
2621 4894 3005 4963 complectens.
3033 4892 3322 4961 lmpressio
3348 4893 3481 4946 facta
3507 4896 3583 4942 est
3605 4880 3764 4936 duabus

2252 4984 2519 5038 columnis
2544 4986 2852 5038 charactere
2873 4984 3122 5039 Gothico.
3144 4983 3381 5053 lnitiales
3404 4982 3599 5035 litteras
3615 4979 3761 5042 parvas

2212 5093 2227 5101 '
2253 5075 2617 5147 typographus
2642 5075 2907 5130 interdum
2929 5074 3134 5128 addidit
3160 5083 3214 5128 et
3241 5072 3421 5126 omisit
3437 5070 3576 5123 alibi.
3595 5064 3761 5118 Charis

2254 5170 2481 5234 signatae
2519 5174 2644 5218 sunt
2672 5182 2779 5217 a-r.
2809 5164 3104 5229 Custodes,
3134 5163 3364 5223 numeri.
3397 5157 3761 5229 paginarum'i"°

2255 5259 2391 5313 tituli
2414 5258 2624 5310 desunt.
2652 5255 2919 5310 Seemiller
2940 5256 3069 5310 fasc.
3092 5255 3184 5317 lll.
3208 5270 3263 5323 p.
3295 5253 3383 5307 92.

2329 5346 2485 5400 1492.
2534 5345 2950 5414 Venetiis,apud
2994 5320 3230 5399 Vincenti
3261 5343 3323 5395 de
3361 5320 3757 5398 Benaliis;in-S’.

2259 5438 2316 5492 S.
2368 5437 2647 5505 Augustini
2685 5436 2975 5491 Sermones
3013 5436 3076 5489 ad
3112 5424 3415 5490 lieremitas
3451 5441 3504 5485 et
3550 5426 3607 5479 ad
3643 5416 3760 5512 aliis.

2261 5530 2409 5581 Exst.
2451 5542 2570 5581 cum
2604 5527 2663 5580 D.
2694 5527 2947 5581 Bernardi
2989 5526 3053 5579 ad
3090 5527 3345 5580 Sororem
3391 5521 3543 5575 modo
3570 5518 3685 5569 bene
3706 5521 3761 5551 νι·

2262 5620 2438 5671 vendi.
2476 5616 2661 5670 Venet.
2689 5617 2845 5671 1495.
2872 5615 2958 5670 Sic
2985 5614 3210 5682 Audi/fr.
3241 5618 3291 5669 in
3315 5613 3432 5667 Cat.
3462 5608 3587 5662 Bibl.
3615 5600 3713 5654 Cas.
