3908 6320
287 235 387 294 {Si

1204 247 1477 303 NOTITIA
1517 248 1937 303 LITTEllARlA
1978 249 2046 304 IN
2084 252 2141 306 S.
2182 251 2645 307 AUGUSTINUM.

3358 294 3369 304 .
3453 257 3558 310 1δὶ

376 355 540 412 1193.
565 354 815 421 Basilece,
849 361 1040 426 [actore
1065 358 1290 412 Nicolao
1322 359 1527 413 Kessler
1552 358 1739 430 (pridie
1766 358 1879 412 Cal.
1909 361 1956 418 A
2055 362 2119 413 Υ.
2164 360 2304 415 Ibid.
2334 403 2348 426 ,
2379 380 2467 432 per
2495 365 2758 427 eumdem;
2789 366 2960 432 in-fot.
3003 368 3146 433 Opus
3176 369 3553 438 quinquaginta

313 448 611 519 Octobris);
655 449 847 517 in-fol.
880 451 939 502 Β.
985 451 1258 519 Augustini
1304 451 1591 505 Sermones
1629 453 1797 516 varii;
1830 452 1880 504 in

316 541 637 594 llomeliario
682 537 987 603 Doctorum,
1020 540 1106 605 qui
1136 538 1229 590 hoc
1259 553 1308 589 a.
1354 548 1402 590 et
1445 540 1481 592 ι.
1511 553 1638 593 cura
1666 539 1884 594 Joannis

306 632 485 686 UIrici
534 629 764 700 Surgant
811 625 920 681 AA.
966 641 1012 682 et
1052 629 1384 685 Decretorum
1435 633 1528 696 0.,
1576 643 1704 695 etc.,
1758 647 1882 700 pro-

294 720 436 786 diit,
506 730 564 773 ut
613 719 897 788 prmmissa
945 719 1168 787 epistola
1223 721 1340 789 ejus
1399 721 1464 775 ad
1504 719 1623 775 Nic.
1669 720 1884 775 Kessler

293 817 438 861 testa
450 817 563 860 tur.

366 897 539 952 1494.
575 897 614 950 Ι.
636 896 856 951 Basileaz
882 914 970 967 per
990 896 1076 951 Jo.
1111 898 1173 951 de
1199 899 1498 954 Amerbach.
1528 899 1704 967 in-fol.
1734 899 1882 954 «Ser-

289 1004 494 1044 mones
513 989 618 1042 divi
641 989 840 1043 Aurelii
857 991 1134 1058 Augustini
1159 991 1223 1044 ad
1250 993 1440 1046 fratres
1453 1006 1577 1047 suos
1595 991 1646 1046 in
1663 990 1881 1045 heremo

287 1089 728 1145 etlnimorantes,
755 1089 810 1134 et
829 1082 1085 1149 quosdam
1114 1081 1271 1136 alios.
1306 1102 1325 1134 ι
1356 1082 1684 1150 Quamquam
1711 1097 1880 1150 neque

289 1171 476 1234 locus,
505 1186 682 1238 neque.
703 1186 892 1234 annus,
910 1186 1080 1238 neque
1102 1171 1462 1240 typographus
1483 1172 1694 1226 disertis
1708 1172 1881 1226 verbis

287 1261 343 1312 in
370 1261 476 1313 hoc
494 1260 763 1313 volumine
775 1260 844 1312 sit
867 1260 1072 1314 editus:
1098 1276 1428 1328 nequaquam
1447 1269 1623 1316 tamen
1641 1261 1878 1315 dubitan-

289 1364 377 1404 ter
413 1352 539 1405 illos
568 1350 949 1416 indicavimus,
977 1365 1095 1403 cum
1126 1351 1227 1404 alia
1255 1351 1534 1420 Augustini
1566 1352 1761 1419 scripta
1781 1392 1794 1415 ,
1823 1351 1875 1403 in

287 1455 467 1491 unum
503 1439 752 1491 volumen
784 1453 901 1491 cum
932 1440 1183 1505 praesenti
1221 1455 1386 1507 opere
1417 1451 1722 1506 compacta,
1755 1455 1872 1508 quae

288 1529 399 1582 ista
431 1529 614 1580 Omnia
645 1528 805 1581 veluti
831 1543 861 1580 a
895 1528 1048 1581 nobis
1072 1529 1243 1596 posita
1274 1531 1565 1598 prmierunt
1586 1571 1600 1594 ,
1625 1529 1881 1583 similitu-

288 1620 426 1671 dine
458 1618 814 1684 cliaracteris,
847 1618 1223 1687 descriptionis
1255 1629 1306 1674 et
1332 1620 1723 1687 dispositionis,
1746 1620 1880 1688 judi-

1987 451 2334 506 homeliarum
2398 453 2509 506 divi
2584 457 2712 507 Aur.
2765 454 2898 524 Aug.
2971 457 3026 510 lu
3087 459 3190 512 line
3243 478 3254 512 :
3313 459 3550 515 Basilete.

1984 541 2262 596 M.CCCC.
2284 541 2534 596 XCII".

2053 634 2210 688 1495.
2233 634 2355 687 Bas.
2383 652 2468 706 ap.
2492 636 2580 688 Jo.
2606 637 2667 690 de
2691 637 3030 705 Amerbach.;
3060 639 3236 709 in-{oL
3268 639 3556 695 Sermones

1983 724 2150 776 sancti
2180 723 2462 791 Augustini
2492 726 2558 781 de
2580 734 2821 795 tempore
2840 725 3115 799 (CCLVI);
3146 730 3556 798 subscriptionis

1982 811 2210 866 formula
2250 813 2437 867 eadem
2469 825 2627 882 atque
2654 817 2706 870 in
2739 820 3077 873 sermonibus
3117 819 3182 874 de
3220 820 3401 874 verbis
3449 822 3553 873 Do-

1983 900 2113 953 mini
2144 901 2266 954 anni
2299 905 2670 970 praecedentis.
2712 906 3029 962 Sermonum
3067 916 3441 962 contentorum
3473 919 3556 963 ta-

1982 991 2102 1045 bula
2126 992 2534 1061 diligentissime
2557 1001 2639 1049 est
2661 997 2977 1064 composita.
3001 997 3106 1052 Sed
3128 998 3284 1053 index
3309 999 3555 1053 materia-

1983 1098 2097 1135 rum
2143 1092 2198 1138 et
2241 1085 2625 1139 sententiarum
2675 1089 2851 1142 minus
2888 1089 3138 1157 copiosus
3202 1089 3408 1143 videtur
3461 1104 3556 1157 pro

1983 1171 2138 1240 hujus
2168 1175 2451 1227 voluminis
2479 1176 2620 1229 mole
2644 1217 2659 1242 ,
2692 1178 2738 1230 si
2766 1191 2884 1230 cum
2929 1177 3192 1232 indicibus
3221 1179 3555 1248 superiorum

1980 1261 2355 1316 collectionum
2383 1266 2801 1331 comparaveris.
2848 1263 3112 1320 Caeterum
3159 1266 3380 1320 interior
3420 1265 3556 1319 tituli

1983 1349 2171 1418 pagina
2220 1350 2450 1419 efﬁgiem
2496 1353 2920 1426 emblematicam
2963 1355 3107 1422 ligno
3149 1355 3465 1422 impressam
3504 1368 3556 1408 et

1980 1439 2205 1493 disticha
2239 1440 2402 1495 latina
2436 1441 2488 1494 in
2519 1443 2656 1497 hanc
2697 1444 2988 1498 editionem
3027 1453 3208 1513 parata
3240 1443 3415 1497 offert.

2053 1530 2178 1584 Sine
2206 1547 2359 1596 anno,
2392 1547 2482 1601 per
2506 1525 2806 1586 'Conradum
2835 1533 2899 1586 de
2931 1533 3252 1598 Homborch;
3283 1533 3458 1602 in-fol.
3479 1534 3552 1602 Β.

1982 1621 2260 1690 Augustini
2323 1622 2610 1678 Sermones
2654 1625 2785 1678 varii
2837 1626 2892 1679 in
2940 1625 3054 1680 dies
3104 1626 3452 1681 dominicales
3505 1640 3558 1680 et

289 1709 444 1760 cium
481 1719 727 1760 nostrum
761 1715 1029 1761 tueantur.
1063 1707 1278 1762 Litterae
1319 1710 1570 1764 videlicet
1612 1720 1736 1763 sunt
1765 1712 1872 1765 Go—
1906 1707 1951 1764 B
1981 1709 2177 1776 festos;
2227 1712 2279 1765 in
2306 1712 2585 1766 Omeliario
2612 1712 2786 1768 Caroli
2818 1715 2894 1767 Μ.
2927 1717 3082 1784 hujus
3113 1715 3199 1771 ed.

290 1797 706 1865 thicar,paginte
730 1798 997 1852 columnis
1025 1798 1164 1852 binis
1196 1800 1490 1866 impressae.
1512 1799 1593 1853 Ab
1620 1800 1770 1853 initio
1804 1798 1880 1869 (α)

293 1902 526 1940 carmen
543 1888 834 1956 elegiacum
851 1887 1140 1942 Sebastiani
1153 1888 1314 1943 Brant
1341 1891 1407 1941 ad
1425 1891 1881 1944 DivumAurc/ium

293 1977 678 2045 Augustinum,
738 1977 982 2047 Romano
1012 1978 1327 2033 charactere
1356 1980 1678 2046 exscriptum
1700 2021 1713 2044 ,
1747 1996 1883 2048 prae-

291 2068 535 2121 mittitur
564 2067 694 2121 satis
723 2068 988 2136 prolixum
1019 2085 1031 2120 :
1060 2070 1142 2124 cui
1175 2069 1389 2123 brevior
1410 2070 1472 2123 de
1493 2079 1626 2135 ortu,
1655 2071 1878 2140 ingenio,

294 2158 626 2223 eruditione,
677 2175 876 2223 errore,
922 2161 1244 2213 conversione
1291 2177 1349 2213 ac
1389 2177 1536 2214 sacra
1586 2163 1883 2231 baptismali

294 2250 686 2318 regeneratione
730 2253 840 2320 ejus
888 2252 1121 2304 narratio
1166 2252 1466 2319 subjicitur.
1515 2252 1642 2305 Haec
1687 2253 1882 2320 excipit

301 2337 549 2406 Hymnus
597 2339 999 2406 Ambrosianus,
1048 2356 1210 2393 sermo
1257 2341 1484 2411 ejusdem
1524 2340 1587 2394 B.
1631 2342 1880 2394 Ambrosii

302 2444 460 2496 super
487 2430 809 2482 conversione
834 2431 1136 2500 Augustini,
1177 2431 1303 2484 item
1346 2439 1444 2483 tres
1481 2433 1636 2502 hujus
1690 2431 1880 2500 regulae

304 2518 627 2573 monac/tales
639 2529 686 2573 et
697 2521 884 2588 forma,
907 2523 1183 2574 secundum
1195 2539 1346 2590 quam
1360 2540 1672 2576 communem
1689 2525 1878 2577 sobrie-

302 2616 457 2661 tatem
477 2610 550 2661 eis
571 2610 790 2673 dederit,
818 2612 904 2678 qui
928 2627 1020 2664 suo
1043 2612 1361 2681 fratrumque
1377 2629 1587 2665 suorum
1613 2613 1879 2666 consortiis

307 2703 553 2771 conjungi
603 2702 864 2771 aptabant.
892 2704 1128 2759 Tandem
1171 2707 1362 2772 pr:evia
1401 2715 1773 2761 contentorum
1803 2717 1880 2761 ta-

303 2792 457 2856 bula,
506 2794 605 2862 ipsi
633 2811 887 2850 sermones
917 2795 1066 2849 LXX
1081 2795 1174 2857 VI,
1205 2812 1325 2851 cum
1369 2798 1668 2866 appendice
1702 2799 1877 2852 varia-

303 2898 420 2936 rum
449 2884 518 2937 de
543 2887 840 2953 Augustino
863 2888 1249 2952 narrationum,
1282 2904 1349 2943 ex
1392 2889 1618 2943 diversis
1648 2892 1879 2944 auctori-

307 2973 425 3036 bus,
458 2989 682 3042 quorum
731 2979 942 3031 nomina
974 2993 1044 3032 ex
1093 2990 1243 3048 parte
1287 2982 1446 3034 etiam
1479 2981 1688 3049 prodita
1718 2990 1874 3047 sunt,

309 3065 471 3118 veluti
513 3064 730 3132 Calixti,
779 3068 1066 3137 Sigebcrti,
1110 3069 1394 3134 Antonini,
1444 3071 1784 3126 exhibentur.
1816 3072 1872 3126 in

308 3154 409 3208 line
439 3174 450 3207 :
482 3154 783 3225 Expliciunt
805 3160 1011 3212 collecta
1037 3162 1268 3228 quadam
1289 3178 1351 3215 ex
1372 3161 1584 3216 diversis
1610 3172 1656 3216 et
1678 3165 1746 3216 ad
1773 3165 1875 3233 glo-

307 3245 434 3325 riam
495 3246 553 3300 b.'
580 3246 712 3318 Aug.
765 3249 1080 3303 sermonibus
1124 3252 1194 3303 ad
1243 3255 1309 3319 fr.
1359 3253 1412 3305 in
1446 3252 1502 3304 lt.
1544 3253 1818 3325 subjuncta
1856 3271 1875 3308 :

307 3315 541 3400 feliciter.
558 3337 838 3393 Postremo
859 3341 1018 3394 index
1039 3344 1385 3396 materiarum
1411 3353 1461 3398 et
1489 3347 1873 3400 sententiarum

306 3428 666 3494 amplissimus
685 3445 715 3482 x
745 3431 892 3484 loliis
912 3432 1162 3485 volumen
1195 3434 1420 3488 claudit.

370 3515 435 3568 ll.
466 3515 626 3582 Ibid.,
668 3536 756 3585 per
783 3522 1045 3585 eumdem;
1084 3523 1260 3589 in-fol.
1292 3523 1457 3578 Divus
1489 3527 1733 3580 Aurelius
1766 3532 1871 3580 Au-

306 3606 542 3674 guStinus
565 3607 632 3661 de
653 3610 825 3663 verbis
853 3610 1064 3665 Domini
1092 3612 1389 3681 (Sermones
1413 3599 1616 3678 LKlV).
1642 3618 1696 3670 lu
1728 3618 1830 3672 fine
1859 3637 1870 3672 :

307 3691 598 3763 Explicitus
637 3707 708 3750 est
743 3699 870 3750 liber
891 3715 1248 3755 sermonum...
1281 3700 1402 3754 Bas.
1447 3722 1533 3769 per
1577 3709 1874 3776 magistrum

306 3784 388 3836 Jo.
430 3786 494 3836 de
527 3785 828 3838 Amerbach.
887 3790 1032 3840 Anno
1077 3790 1332 3859 salutiferi
1379 3795 1559 3857 pimus
1611 3795 1875 3862 virginalis

308 3876 629 3942 nonagesimo
690 3886 870 3943 quarto
939 3895 1097 3946 supra
1150 3882 1473 3935 millesimum
1523 3887 1870 3939 centesimum.

309 3960 610 4017 Consonant
654 3967 828 4018 omnia
879 3981 998 4020 cum
1050 3967 1394 4036 pracedentis
1425 3974 1605 4040 operis
1641 3975 1870 4030 adorna-

311 4053 446 4106 tione
479 4056 641 4108 etiam
669 4057 839 4124 quoad
871 4058 1212 4113 materiarum
1244 4067 1297 4114 et
1320 4062 1701 4117 sententiarum
1725 4066 1875 4120 tabu-

307 4143 407 4198 lam
429 4156 480 4197 et
511 4159 816 4200 sermonum
851 4147 1103 4203 indicem.

370 4232 457 4285 Ill.
483 4231 650 4299 lbid.,
681 4251 772 4302 per
796 4199 1252 4306 eumdemrin-{ob
1285 4199 1402 4294 Divi
1429 4242 1557 4295 Aur.
1589 4244 1724 4313 Aug.
1751 4247 1875 4300 Scr-

301 4340 492 4379 mones
520 4326 588 4380 de
618 4327 793 4381 verbis
820 4328 1061 4397 Apostoli
1098 4329 1364 4400 (XXXV).
1414 4333 1470 4388 in
1510 4335 1612 4390 ﬁne
1645 4355 1658 4388 :
1687 4337 1871 4408 Expli-

2056 1801 2180 1854 Sine
2205 1818 2338 1854 anno
2370 1811 2413 1854 et
2440 1803 2550 1855 loco
2572 1844 2584 1867 ,
2616 1805 2782 1858 iit-4°.
2831 1804 3120 1858 Sermones
3158 1805 3331 1880 sancti
3378 1807 3554 1874 Augu-

1983 1892 2108 1943 stini
2155 1895 2221 1944 ad
2265 1892 2582 1946 lieremitas.
2625 1894 2749 1948 Haec
2776 1895 2828 1947 in
2867 1895 3023 1948 titulo
3049 1895 3239 1948 litteris
3267 1894 3555 1962 grandibu:

1983 1995 2256 2049 expressa.
2303 1982 2591 2038 Sermones
2633 1995 2756 2052 sunt
2792 1985 2977 2051 CLIX,
3019 2001 3138 2041 cum
3180 1985 3555 2040 additamentis

1981 2070 2328 2137 quibusdam,
2358 2071 2668 2127 charactere
2697 2073 2957 2135 Gothico.
2990 2075 3130 2128 binis
3168 2077 3433 2130 columnis
3459 2077 3554 2128 im-

1983 2163 2174 2229 pressi,
2201 2164 2316 2218 sine
2342 2165 2450 2218 ullo
2477 2166 2577 2219 loci
2610 2176 2661 2220 et
2683 2169 2805 2220 anni
2837 2167 3049 2221 indicio.
3096 2170 3436 2238 Quapropter
3467 2185 3556 2223 ne-

1981 2250 2124 2315 scio,
2157 2253 2351 2320 quibus
2379 2255 2704 2323 argumentis
2736 2258 2984 2312 inductus
3026 2259 3180 2313 fuerit
3202 2300 3218 2324 ,
3247 2261 3335 2328 qui
3372 2269 3555 2314 nostro

1984 2342 2276 2409 exemplari
2307 2345 2549 2411 appinxit
2572 2387 2586 2411 ,
2622 2347 2760 2400 circa
2801 2362 2851 2400 a.
2887 2348 3023 2409 1490
3055 2351 3224 2403 lucem
3259 2351 3552 2417 aspexisse.

1982 2429 2037 2481 In
2083 2429 2399 2484 Bibliotheca
2446 2432 2807 2488 Ratisbonensi
2858 2443 2991 2490 teste
3031 2435 3299 2490 Gemeiner
3339 2438 3375 2490 l.
3419 2439 3456 2491 l.
3501 2454 3551 2506 p.

1979 2521 2084 2575 276
2109 2563 2123 2586 ,
2165 2532 2341 2577 exstat
2381 2524 2572 2579 horum
2604 2541 2908 2581 sermonum
2951 2529 3116 2583 editio
3145 2529 3345 2598 absque
3372 2529 3470 2583 loci
3504 2539 3554 2585 ct

1980 2611 2104 2664 anni
2133 2612 2328 2666 indicio
2353 2616 2626 2682 quaternis
2656 2616 2916 2684 impressa
2940 2658 2952 2678 ,
2986 2632 3102 2685 qua:
3129 2617 3270 2671 foliis
3299 2618 3399 2673 108
3427 2633 3553 2672 con-

1980 2708 2126 2751 stans
2171 2716 2448 2755 sermones
2493 2704 2713 2758 exhibet
2759 2705 2892 2758 ΗΧ.
2941 2706 3199 2758 Editionis
3237 2705 3455 2759 Veneta:
3500 2721 3552 2758 a.

1985 2789 2121 2842 1490
2149 2789 2323 2842 obiter
2353 2791 2678 2845 mentionem
2722 2792 2848 2869 facit
2883 2791 3148 2845 Gemeiner
3178 2794 3217 2846 l.
3252 2794 3287 2846 Ι.
3331 2808 3383 2861 p.
3417 2795 3552 2857 277;

1981 2880 2117 2934 adde
2145 2879 2429 2933 Braunium
2459 2882 2512 2936 in
2544 2881 2672 2937 Not.
2699 2882 2769 2935 H.
2798 2882 2900 2935 Lit.
2928 2883 2989 2936 T.
3021 2882 3081 2948 ll,
3114 2897 3165 2951 p.
3199 2882 3295 2942 55.

2052 2970 2180 3024 Sine
2207 2986 2344 3023 anno
2373 2981 2422 3024 et
2452 2972 2594 3037 loco;
2640 2973 2806 3026 ἰη-ιίο.
2854 2972 3124 3027 Sermones
3153 2973 3258 3025 duo
3303 2970 3440 3042 (haec
3467 2972 3552 3027 Iit-

1899 3050 1942 3111 C
1977 3060 2104 3112 teris
2153 3059 2396 3115 Gothicis
2442 3061 2865 3131 grandiusculis,
2916 3064 3190 3132 sequentia
3244 3065 3553 3118 charactere

1979 3149 2220 3204 Romano
2269 3153 2460 3220 majori
2503 3155 2774 3220 exscripta
2821 3154 2987 3224 sunt)
3036 3156 3234 3208 Aurelii
3283 3156 3552 3224 Augustini

1977 3243 2202 3311 episcopi
2230 3244 2291 3296 de
2331 3243 2454 3297 Vita
2507 3253 2553 3297 et
2608 3244 2838 3298 Moribus
2876 3247 3196 3300 clericorum.
3259 3244 3393 3300 Sunt
3447 3247 3553 3299 dtto

1979 3335 2184 3408 priores
2213 3351 2281 3389 ex
2309 3337 2479 3390 tribus
2502 3377 2516 3401 ,
2544 3337 2635 3405 qui
2667 3337 2720 3389 in
2748 3335 2982 3391 editione
3027 3339 3273 3392 Paduana
3318 3354 3369 3392 a.
3416 3335 3551 3390 “Sb

1977 3427 2225 3480 eduntur.
2256 3426 2487 3480 Additur
2507 3442 2637 3481 vero
2667 3442 2733 3481 ex
2774 3427 3232 3481 Retractationum
3265 3427 3401 3480 libro
3431 3427 3548 3478 ani-

1979 3519 2278 3571 madversio
2303 3517 2418 3584 ejus
2445 3518 2497 3569 in
2526 3518 2721 3571 librum
2745 3517 2811 3570 de
2835 3532 2963 3570 vera
2990 3517 3288 3583 Religione.
3317 3517 3549 3583 Impres-

1977 3621 2092 3660 sum
2120 3613 2202 3659 est
2223 3604 2530 3658 charactere
2559 3604 2788 3659 Gothico
2815 3604 3009 3657 minori
3038 3603 3326 3656 admodum
3358 3603 3548 3663 nitido,

1977 3697 2180 3751 duabus
2231 3696 2516 3750 columnis.
2582 3695 2882 3750 Voluminis
2937 3701 3307 3762 argumentum
3357 3693 3550 3752 litteris

1976 3788 2236 3842 Romanis
2260 3787 2515 3855 scriptum
2549 3802 2640 3854 per
2661 3787 2987 3854 singularum
3013 3784 3324 3853 paginarum
3354 3785 3549 3850 margi-

1976 3895 2073 3936 nes
2104 3893 2388 3948 supremos
2415 3878 2671 3932 decurrit.

2047 3972 2189 4027 Sazc.
2229 3970 2364 4024 XVI.
2394 3969 2644 4023 -151’5.
2697 3966 2934 4021 Parisiis.
2970 4006 2981 4019 .
3011 4006 3023 4019 .
3060 3964 3357 4019 Editionem
3411 3964 3548 4030 hanc

1977 4066 2286 4120 Sermonum
2308 4062 2375 4114 ad
2395 4061 2648 4114 Eremitas
2672 4060 2860 4128 fratres
2882 4060 3057 4113 obiter
3077 4055 3548 4132 laudal‘Gemeiner

1977 4155 2014 4208 l.
2042 4155 2078 4208 l.
2112 4152 2306 4222 p.277.
2343 4152 2363 4222 (
2393 4149 2675 4204 Clementio
2701 4160 2751 4202 et
2787 4147 3060 4217 Ussingero
3094 4145 3458 4213 Sponsoribus,
3491 4153 3548 4196 nt

1973 4245 2082 4312 jam
2114 4244 2341 4312 conjiclo
2373 4239 2412 4309 ).

2049 4334 2205 4387 1516.
2240 4332 2504 4400 Lugduni,
2541 4347 2628 4398 per
2673 4328 2924 4383 Joannem
2981 4327 3142 4381 Clem.
3203 4325 3544 4376 Alemannum

299 4416 436 4468 ritus
482 4424 555 4468 est
598 4417 724 4469 liber
755 4398 1125 4471 Sermonum...
1160 4419 1228 4471 D.
1277 4398 1341 4473 Α.
1385 4415 1518 4491 Aug.
1567 4398 1778 4480 Basilaz:
1807 4431 1868 4482 Α.
1903 4398 1950 4455 D
1979 4425 1995 4494 (
2031 4425 2090 4477 D.
2122 4398 2346 4491 septimo
2371 4421 2488 4475 idus
2512 4419 2787 4489 Augusti.)
2811 4419 2986 4489 in-fol.
3018 4418 3078 4469 Β.
3112 4413 3389 4482 Augustini
3414 4411 3544 4464 Ser-

298 4504 369 4558 D.
402 4503 879 4560 M.CCCC.XCIV.
902 4507 1044 4560 Nihil
1070 4523 1099 4561 a
1128 4511 1495 4577 superioribus
1515 4512 1799 4584 discrepat.

368 4595 455 4647 ιν.
488 4595 649 4661 lbid.,
683 4612 774 4665 per
803 4599 1071 4663 eumdem;
1099 4599 1275 4669 in-fot.
1307 4602 1574 4672 Expositio
1600 4605 1705 4659 divi
1739 4610 1865 4661 Aur.

296 4685 441 4753 Aug.
473 4686 524 4739 in
554 4686 846 4755 Epistolam
878 4687 1017 4742 beati
1044 4687 1287 4744 Joannis.

374 4846 553 4914 (a)lta
599 4845 911 4914 plerumque
960 4846 1309 4914 conspicitur.
1342 4846 1653 4902 Tenendum
1706 4864 1867 4914 vero,

291 4913 684 4977 integrioribus
734 4913 1133 4980 exemplaribus
1169 4914 1443 4983 pratlixum
1490 4932 1610 4970 esse
1659 4913 1869 4972 titulum

295 4994 620 5051 sequentem
645 4985 841 5038 litteris
865 4984 1104 5038 Gothicis
1132 4993 1409 5038 exaratum
1446 5003 1458 5036 :
1486 4983 1652 5038 Plura
1688 5004 1748 5038 ac
1792 4989 1874 5038 di-

292 5069 446 5107 versa
475 5053 572 5104 divi
594 5054 789 5107 Aurelii
802 5053 1070 5121 Augustini
1092 5054 1398 5108 Sermonum
1419 5053 1589 5116 Opera
1619 5056 1878 5109 videlicet:

293 5126 437 5187 (huc
469 5137 633 5188 usque
673 5124 1013 5178 characteres
1041 5123 1390 5192 grandiores;
1420 5125 1620 5192 reliqua
1652 5126 1874 5179 minori-

291 5195 407 5247 bus
436 5191 782 5262 absolvuntur
805 5193 852 5262 .)

379 5261 460 5313 Ad
498 5261 699 5382 fratres
748 5261 1066 5314 in'heremo
1120 5273 1480 5316 commorantes
1531 5279 1548 5315 :

453 5328 495 5379 L
552 5328 712 5382 XVI.

377 5399 458 5452 De
488 5399 645 5452 verbis
673 5400 869 5453 domini
903 5417 915 5452 :
949 5400 1220 5454 Sermones
1247 5399 1449 5453 LXIV.
1520 5419 1528 5428 ·

381 5469 458 5521 De
487 5469 644 5521 verbis
675 5469 904 5538 Apostoli
925 5484 944 5522 :
970 5470 1238 5523 Sermones
1263 5468 1495 5523 XXXV.

379 5536 1124 5611 ln‘epistola‘nLCanonicam
1179 5538 1308 5594 beati
1356 5538 1572 5595 Joannis
1621 5543 1872 5611 primam;

456 5606 725 5661 Sermones
750 5606 822 5661 Χ.

1605 5263 1873 5318 Sermones

1981 4529 2166 4570 mones
2192 4514 2320 4566 varii
2350 4530 2364 4577 ;
2407 4514 2458 4565 in
2491 4512 2803 4565 Homiliario
2845 4512 3106 4563 doctorum
3134 4507 3299 4566 edito,
3328 4504 3370 4555 si
3402 4511 3547 4554 recte

1980 4620 2044 4657 ex
2084 4602 2297 4672 praefixa
2338 4602 2566 4671 epismla
2616 4600 3010 4659 concludimus,
3071 4603 3294 4647 curante
3341 4588 3545 4642 Joanne

1983 4696 2166 4763 Thiery
2194 4693 2513 4762 LingOnensi
2552 4691 2608 4744 V.
2637 4690 2674 4743 Ι.
2701 4690 3025 4760 professore.

2051 4848 2284 4900 llomelie
2306 4862 2322 4898 :
2347 4847 2398 4897 id
2419 4855 2489 4896 est
2524 4843 2799 4897 Sermones
2825 4834 3092 4904 populares
3122 4830 3184 4884 L.

2048 4917 2126 4968 De
2155 4926 2377 4980 tempore
2401 4930 2418 4965 :
2442 4903 2967 4980 Sermones_C_CLVl.

2047 4985 2124 5036 De
2147 4974 2336 5037 sanctis
2360 4998 2377 5034 :
2401 4982 2672 5033 Sermones
2702 4974 2801 5026 LI.

1981 5055 2130 5108 Unde
2161 5053 2316 5104 simul
2349 5046 2796 5117 proditur._plura
2839 5041 2976 5117 hanc
3021 5054 3330 5096 sermonum
3371 5042 3536 5093 colle-

1979 5123 2210 5176 clionem
2260 5111 2526 5189 ab'initio
2572 5111 2744 5189 luisse
2786 5111 3144 5179 complexam.
3194 5125 3349 5178 quam
3400 5125 3542 5189 nunc

1979 5189 2303 5258 exemplaria
2351 5187 2601 5255 pleraque
2646 5183 3009 5244 retinuerunt,
3044 5198 3142 5258 nec
3179 5194 3434 5258 veropro
3461 5183 3541 5258 in-

1977 5249 2152 5330 tegris
2178 5249 2422 5330 habenda
2453 5249 2594 5318 esse,
2619 5265 2836 5330 qua-,ut
2869 5253 3147 5330 nostra,_ip
3179 5249 3418 5330 llomiliis
3449 5249 3540 5330 (ir:

1977 5320 2460 5384 iic‘iunt.Ca3terum
2482 5320 2664 5380 aversa
2692 5323 2802 5377 folii
2835 5321 3018 5395 pagina
3051 5320 3534 5395 elﬁgiemepiscopi

1977 5415 2074 5468 pro
2100 5395 2633 5468 concionedicentis;
2659 5395 2803 5468 ligno
2835 5384 3165 5468 impressam
3204 5384 3364 5468 sistit.
3396 5384 3536 5468 sub-

1975 5455 2187 5536 scriptis
2216 5467 2509 5536 versiculis
2540 5483 2551 5516 :
2596 5455 2748 5519 Salt7e
2796 5455 2989 5530 gemma
3014 5458 3355 5524 confcssorum
3387 5467 3402 5503 :
3436 5455 3539 5509 Au.

1978 5535 2178 5608 gustine
2206 5535 2294 5590 lux
2316 5537 2596 5589 doctorum.
