3908 6308
549 258 651 314 185

1415 243 1964 305 SUPPLEMENTUM
2003 248 2092 302 AD
2131 247 2357 302 OPERA
2399 251 2454 304 S.
2499 249 2893 308 AUGUSTINI.
3656 253 3740 314 181

613 390 684 404 --
711 360 952 424 Parisiis,
980 375 1070 430 per
1094 357 1365 412 Bertltold.
1402 356 1638 410 Rembolt
1657 373 1676 408 :
1730 358 1910 425 ίη-[οι.
1963 372 2104 409 max.
2135 359 2187 417 Α
2286 357 2442 412 1617;
2471 358 2671 426 Roma,
2700 363 2840 430 apud
2867 360 3112 416 Ludovic.
3147 362 3464 433 Grignanum
3481 379 3499 426 ;
3527 363 3668 419 in-i‘.
3691 372 3740 425 $.-

548 471 567 504 ι
606 450 1024 506 Prmclarissima
1039 460 1092 503 et
1120 447 1509 502 inaestimabilis
1533 446 1796 500 doctrina:
1822 457 1982 516 atque
2005 447 2107 501 uti-

543 545 706 598 litatis
733 543 842 596 divi
873 545 1001 596 Aur.
1034 540 1313 610 Augustini
1347 539 1674 594 Sermonum
1694 553 1888 604 opera:
1939 553 2110 606 nuper

545 649 753 689 summa
784 649 912 690 cura
959 642 1013 688 et
1038 633 1312 701 diligentia
1344 629 1586 699 magistri
1639 629 1912 683 Bertholdi
1943 630 2106 683 Rem-

541 725 655 780 bolt
695 726 979 794 impressa.
1012 723 1168 792 Apud
1206 723 1585 790 impressorem
1634 720 1806 788 ipsum
1853 720 1955 774 sub
1981 719 2109 774 Sole

539 819 720 870 Aureo
743 817 794 869 in
823 816 905 868 via
932 815 1178 868 Jacobma
1205 814 1394 866 Parisii
1424 829 1438 865 :
1468 823 1522 866 et
1549 812 1601 865 in
1633 810 1859 865 ofﬁcinis
1881 811 2107 866 Joannis

537 905 810 974 Coberger
863 921 924 959 ac
952 905 1141 960 Jodoci
1183 905 1332 958 Badii
1375 903 1582 958 venalia
1639 901 1941 970 comperies
1988 916 2107 970 qua:

540 996 640 1048 hoc
671 995 862 1048 ordine
891 996 941 1048 in
971 996 1072 1048 huc
1098 996 1445 1048 continentur
1474 991 1763 1046 volumine.
1790 991 2060 1048 Videlicet
2091 1009 2104 1044 :

611 1084 688 1135 Ad
758 1083 956 1138 fratres
1001 1086 1052 1138 in
1103 1086 1303 1138 Eremo
1351 1090 1770 1138 commorantes.
1832 1081 2106 1136 Sermones

537 1172 797 1229 LXXVI.

607 1264 686 1317 De
707 1265 890 1318 verbis
914 1264 1146 1326 Domini,
1174 1263 1448 1318 Sermones
1476 1260 1688 1314 LXIV.

605 1351 681 1404 De
713 1353 891 1404 verbis
933 1353 1173 1420 Apostoli
1203 1393 1218 1414 ,
1252 1353 1419 1406 Serm.
1451 1349 1683 1404 XXXV.

610 1441 666 1493 In
701 1442 996 1509 Epistolam
1024 1444 1353 1498 Canonicam
1406 1443 1548 1500 beati
1575 1441 1804 1497 Joannis
1852 1442 2104 1512 primam,

537 1528 578 1582 1'
585 1539 808 1584 ructatus
835 1531 908 1585 Χ.

607 1620 892 1688 Ιιοῐηειίςε,
925 1622 976 1675 id
1010 1631 1093 1676 est
1122 1623 1396 1678 Sermones
1422 1621 1694 1691 pOpulares
1723 1622 1787 1675 L.

604 1709 662 1762 lu
713 1712 1058 1781 Evangelium
1124 1715 1422 1768 secundum
1475 1712 1774 1777 Joannem,
1835 1697 2180 1765 TractatusB

538 1799 792 1855 CXXIV.
1595 1851 1602 1854 ..

608 1889 684 1944 De
713 1889 1001 1960 Tempore,
1037 1891 1308 1946 Sermones
1335 1891 1510 1946 σαι
1525 1891 1621 1944 VI.

606 1979 684 2033 De
721 1980 957 2046 Sanctis,
994 1981 1266 2035 Sermones
1288 1980 1387 2034 LI.

539 2067 675 2122 Cum
707 2071 901 2124 tabulis
949 2080 1003 2125 et
1037 2073 1351 2140 repertoriis
1381 2070 1753 2140 amplissimis.
1794 2087 1812 2120 ι
1848 2067 1904 2122 In
1959 2069 2103 2121 ﬁne:

539 2157 764 2228 Explicit
799 2158 1016 2214 Parisiis
1042 2161 1096 2214 in
1134 2159 1335 2214 Edibus
1367 2159 1607 2229 Magistri
1655 2157 1922 2212 Bertholdi
1951 2157 2106 2210 Rem-

539 2249 660 2301 ουκ.
697 2253 846 2304 Anno
877 2251 1103 2305 Domini.
1123 2293 1135 2305 .
1155 2294 1168 2306 .
1194 2292 1206 2304 .
1233 2291 1247 2303 .
1274 2251 1370 2304 Die
1399 2268 1514 2304 vero
1541 2249 1677 2303 XIX
1704 2250 2012 2302 Decembris.

610 2339 830 2393 Litterae
867 2349 994 2393 sunt
1041 2342 1323 2406 Gothicae,
1382 2341 1588 2409 pagina:
1626 2340 1892 2396 columnis
1944 2339 2107 2393 sectis

539 2437 665 2480 sunt
686 2428 984 2496 impressas,
1012 2445 1112 2484 nec
1136 2431 1274 2484 alius
1297 2439 1519 2484 ornatus
1547 2429 1721 2483 deest.

614 2517 769 2571 1521.
804 2519 1093 2591 Ilagenow,
1137 2538 1227 2588 per
1273 2521 1437 2575 Henr.
1471 2520 1656 2583 Grau;
1693 2520 1867 2588 in-fol.
1894 2520 1956 2572 Β.
1993 2519 2106 2572 Au-

541 2612 739 2681 gustini
780 2613 1188 2679 prazclarissima
1217 2627 1525 2668 sermonum
1553 2627 1747 2680 opera:
1782 2625 1987 2664 summa
2012 2625 2109 2663 nu-

541 2716 636 2769 per
657 2702 934 2769 diligentia
963 2702 1135 2756 revisa
1167 2713 1328 2770 atque
1358 2702 1654 2770 recognita,
1681 2710 1790 2753 tum
1837 2701 2110 2769 plerisque

539 2792 672 2843 locis
707 2791 1008 2844 emendata.
1053 2791 1108 2844 In
1155 2791 1300 2846 ﬁne:
1350 2789 1662 2860 Impressum
1701 2797 1774 2844 est
1801 2805 2109 2856 praetorum

542 2884 639 2934 hoc
657 2898 781 2950 opus
801 2883 856 2935 in
881 2884 1096 2950 officina
1119 2883 1357 2936 industrii
1388 2881 1606 2935 Henrici
1634 2880 1777 2934 Grau
1796 2896 1813 2931 :
1843 2882 1967 2932 civis
2010 2881 2108 2931 im-

543 2973 757 3038 perialis
795 2971 972 3040 oppidi
1001 2969 1267 3040 Hageuow
1285 2987 1302 3022 :
1328 2969 1616 3036 sumptibus
1645 2976 1692 3019 et
1708 2968 1938 3035 expensis
1964 2965 2107 3034 probi

2211 448 2342 502 Aur.
2375 448 2656 516 Augustini
2683 453 2872 506 Sermo
2899 453 2950 506 in
2980 452 3147 506 natali
3174 452 3234 507 S.
3261 453 3482 508 Joannis
3500 452 3740 522 Baptistae,

2209 552 2356 592 nunc
2387 539 2618 608 primum
2649 541 2706 594 in
2731 543 2906 597 lucem
2947 543 3149 608 editus,
3176 557 3298 598 cum
3351 544 3742 602 observationib.

2208 625 2422 682 Joannis
2449 628 2696 698 Baptista
2721 629 2879 685 Mari.
2910 632 3026 687 Cat.
3054 631 3194 688 Bibl.
3227 634 3354 702 Reg.

2281 717 2438 772 1648.
2467 718 2692 784 Matriti,
2749 724 2891 792 typis
2933 723 3107 796 Regiis
3133 725 3360 810 ain-fol.
3406 728 3463 782 S.
3499 727 3746 796 Augustini

2210 807 2501 862 Sermones
2524 811 2718 878 aliquot
2748 811 2815 864 de
2851 813 2910 864 B.
2945 807 3186 883 Virgine.
3208 814 3362 868 Exst.
3387 817 3438 868 in
3463 814 3746 868 Bibliotheca

2214 894 2479 965 Virginals'
2513 898 2575 953 P.
2605 900 2667 952 de
2692 898 2844 964 Alvu,
2877 901 2940 954 Τ.
2975 901 3062 968 ΙΙΙ,
3096 917 3125 955 a
3159 917 3288 973 pag.
3329 902 3452 958 448.
3493 903 3746 969 Αυάἱπτεάὶ

2209 987 2260 1042 in
2284 989 2398 1042 Cat.
2433 989 2570 1044 Bibl.
2603 990 2847 1046 Casanat.

2280 1083 2440 1136 1685.
2475 1081 2715 1150 Parisiis,
2746 1083 2877 1139 chez
2900 1082 2966 1138 P.
2995 1085 3058 1140 de
3108 1085 3356 1148 Laulne;
3388 1087 3518 1141 iri-8.
3557 1086 3608 1142 S.
3651 1086 3745 1140 Au-

2208 1170 2406 1238 gustini
2430 1171 2756 1226 Sermonum
2793 1175 2859 1226 ad
2893 1174 3158 1229 Eremitas
3187 1175 3483 1244 fragmenta
3513 1175 3746 1243 tria,qui-

2211 1263 2308 1314 bus
2334 1262 2680 1328 prtemittitur
2709 1263 2964 1334 Syllabas
2985 1265 3311 1320 Sermonum
3341 1266 3407 1320 ad
3441 1265 3540 1319 FF.
3565 1266 3611 1318 in
3637 1265 3748 1318 Ere-

2211 1365 2322 1413 mn,
2350 1350 2679 1406 Sermonum
2709 1353 2774 1406 ad
2805 1355 3159 1425 presbyteros
3182 1355 3554 1424 ilipponenses
3584 1364 3631 1405 ct
3654 1353 3749 1407 Scr-

2211 1454 2427 1492 monum
2476 1441 2545 1494 ad
2598 1443 2853 1510 populum
2906 1459 2974 1498 ex
3026 1445 3370 1513 autographa
3412 1443 3650 1498 Jordanis
3693 1445 3750 1496 de

2210 1530 2462 1585 Sasonia.
2492 1531 2644 1587 Exst.
2691 1533 2749 1587 in
2780 1533 3045 1604 Supplem.
3104 1535 3225 1589 PP.
3273 1534 3395 1590 Jac.
3429 1535 3686 1603 Hommey,
3720 1548 3747 1586 ι

2209 1634 2330 1688 pag.
2373 1619 2496 1675 6H.

2852 1713 3146 1769 Versiones.

2283 1799 2439 1856 M95.
2473 1799 2726 1867 Firense,
2777 1819 2868 1873 per
2924 1802 3152 1857 Maestro
3194 1803 3424 1857 Antonio
3470 1801 3751 1865 Hiscomini,

2210 1889 2294 1958 (Α
2322 1891 2376 1943 di
2399 1889 2502 1945 XX
2520 1891 2660 1945 VIII
2689 1893 2744 1946 di
2771 1891 2975 1963 Giugno
2996 1894 3019 1962 )
3072 1893 3217 1947 ενι-4⁸
3238 1936 3253 1956 ,
3288 1895 3416 1947 min.
3480 1909 3500 1943 ι
3534 1889 3751 1945 Sermoni

2211 1976 2418 2048 Volgari
2462 1981 2547 2036 del
2594 1980 2915 2036 Venerando
2947 1984 3162 2038 dottore
3205 1981 3376 2038 Sauto
3415 1979 3628 2034 Aurelio
3661 1981 3752 2032 Au-

2206 2069 2633 2139 gustino,Padre
2654 2073 2794 2127 della
2817 2073 2998 2144 regula
3029 2074 3345 2135 eremitana,
3379 2070 3548 2125 molto
3575 2069 3754 2132 devoti,

2208 2173 2239 2214 e
2268 2159 2530 2228 spirituali
2553 2163 2620 2216 ad
2650 2163 2957 2231 acquistare
2984 2164 3031 2217 la
3055 2163 3222 2233 gloria
3253 2161 3538 2230 Spirituale
3565 2159 3645 2212 del
3668 2157 3755 2211 Pa-

2208 2251 2410 2306 radiso.
2445 2271 2465 2305 ι
2497 2254 2611 2307 Cat.
2637 2252 2914 2309 Crevennce
2942 2257 3125 2308 noviss.
3162 2254 3222 2307 Τ.
3253 2255 3293 2316 Ι,
3323 2268 3376 2320 p.
3412 2252 3534 2306 107.

2280 2339 2437 2395 1546.
2474 2341 2715 2407 Venezia,
2769 2359 2862 2412 per
2892 2343 3098 2396 Gabriel
3137 2342 3334 2396 Giolito
3387 2341 3467 2393 de‘
3523 2337 3755 2397 Ferrari;

2205 2430 2365 2485 ἕποι’.
2397 2448 2415 2482 s
2451 2430 2574 2499 Varj
2597 2433 2839 2486 sermoni
2865 2432 2916 2485 di
2941 2432 3000 2486 S.
3033 2432 3315 2502 Agostino,
3349 2445 3379 2482 e
3413 2428 3590 2482 d’altri
3614 2434 3757 2482 catta-

2207 2517 2294 2573 lici
2316 2517 2380 2573 ed
2403 2519 2605 2574 anticbi
2635 2519 2791 2574 Padri
2819 2520 2933 2575 utili
2958 2521 3060 2574 alla
3090 2521 3264 2573 salute
3291 2518 3422 2572 dell'
3444 2517 3624 2569 anime
3649 2529 3755 2567 mes-

2206 2613 2250 2664 si
2275 2611 2503 2666 insieme
2527 2625 2558 2666 e
2586 2610 2704 2664 fatti
2735 2613 2942 2681 volgari
2969 2613 3037 2666 da
3067 2613 3332 2678 Monsign.
3369 2609 3640 2663 Galeazzo
3663 2618 3754 2658 ves-

2209 2717 2345 2757 covo
2373 2701 2428 2757 di
2449 2701 2635 2766 Sessa,
2660 2716 2759 2755 con
2789 2702 2892 2755 due
2923 2702 3118 2767 tavole,
3143 2702 3189 2753 la
3217 2701 3390 2769 prima
3421 2697 3505 2750 de’
3529 2693 3749 2749 Sermoni

2208 2793 2273 2846 ed
2301 2792 2496 2847 0milie
2528 2809 2541 2856 ;
2577 2807 2608 2847 θ
2653 2792 2702 2845 la
2733 2790 2966 2846 seconda
3013 2789 3153 2845 delle
3186 2804 3315 2843 cose
3339 2787 3432 2856 pii:
3465 2783 3693 2838 notabili.
3726 2799 3740 2832 I

2207 2879 2343 2932 Bibl.
2365 2882 2503 2948 dein
2527 2882 2646 2932 Aut.
2666 2881 2804 2948 volg.
2830 2879 2881 2932 in
2935 2878 3186 2932 Raccolta
3207 2873 3513 2947 d‘Opuscul.
3537 2873 3699 2925 scient.
3732 2885 3751 2921 e

2209 2967 2341 3035 μοι.
2385 2967 2447 3019 Τ.
2478 2966 2693 3028 xxxu.
2720 2980 2774 3033 p.
2796 2965 2922 3020 διδ.

540 3061 636 3111 viri
660 3059 878 3112 Joannis
905 3061 1138 3129 Rynmau
1155 3062 1217 3112 de
1247 3058 1486 3126 Oriugaw
1507 3055 1946 3122 archibibliopole,
1972 3070 2108 3106 men-
2135 3040 2181 3102 C
2295 3057 2455 3112 1555.
2481 3055 2538 3110 In
2581 3056 2812 3124 Vinegia,
2853 3070 3044 3124 presso
3099 3057 3163 3110 G.
3216 3056 3409 3111 Giolito
3453 3055 3529 3107 de’
3567 3049 3748 3103 Farran'

539 3167 593 3202 se
621 3148 828 3203 Octobri
852 3167 988 3204 anno
1011 3169 1043 3203 a
1062 3162 1182 3204 nato
1210 3151 1415 3205 Christo
1460 3149 1612 3204 1521.

614 3238 770 3294 1525.
804 3240 1068 3308 Lugduni,
1092 3255 1189 3307 per
1213 3239 1469 3292 Joannem
1499 3239 1708 3305 Crespin
1755 3237 1774 3307 (
1803 3237 1888 3288 die
1927 3235 1979 3288 X
2013 3234 2109 3287 Ia-

540 3329 712 3381 nuarii
734 3328 779 3397 ),'
809 3330 985 3397 iri-fol.
1021 3329 1080 3382 Β.
1114 3329 1398 3397 Augustini
1431 3329 1727 3384 Sermones
1752 3327 1885 3380 varii
1909 3326 1961 3380 in
1984 3325 2108 3380 Dies

541 3418 893 3473 dominicales
921 3428 974 3472 et
996 3419 1192 3483 festos;
1237 3419 1380 3473 inter
1432 3418 1698 3471 Homelias
1741 3416 2109 3487 prwclarorum

542 3511 803 3561 doctorum
832 3511 886 3562 in
919 3510 1200 3580 Evangelia
1246 3510 1595 3572 dominicalia,
1627 3525 1759 3578 quas
1801 3511 1959 3576 jttSsu
2003 3504 2108 3560 Ca-

544 3598 644 3651 roli
678 3599 747 3651 M.
781 3601 1061 3670 collegisse
1095 3600 1271 3655 fertur
1301 3601 1582 3667 Alcuiuus,
1623 3601 1798 3654 editas
1822 3597 1876 3651 b.
1911 3598 1943 3651 Ι.
1982 3606 2107 3652 eta.

541 3706 663 3744 cum
690 3691 1007 3759 praefatione
1034 3691 1126 3744 Fr.
1157 3692 1416 3744 Lamberti
1458 3691 1787 3759 Campestris,
1824 3688 1992 3744 theol.
2043 3687 2111 3741 ad

547 3780 982 3847 Simphorianum
1005 3780 1346 3845 Camperium
1363 3780 1641 3832 Patritium
1673 3777 2108 3847 Lugdunensem.

615 3869 772 3922 1561.
791 3870 1025 3931 Lovanii,
1041 3871 1180 3935 apud
1200 3869 1413 3920 Hieron.
1436 3868 1882 3932 Wellwum;in-4.
1899 3869 1962 3923 D.
1979 3872 2110 3924 Aur:

545 3956 829 4026 Augustini
857 3971 1160 4018 sermones,
1185 3966 1239 4009 et
1265 3956 1519 4024 Possidii,
1551 3957 1884 4011 Calamensis
1905 3962 2114 4028 episco-

539 4049 615 4118 pi,
641 4046 910 4099 indiculus
947 4060 1169 4114 operum
1206 4048 1266 4100 D.
1300 4047 1586 4114 Augustini
1624 4065 1636 4098 :
1684 4063 1752 4100 ex
1793 4049 2031 4104 editione
2061 4061 2116 4104 et

540 4152 662 4192 cum
689 4136 912 4190 scholiis
943 4137 1327 4205 marginalibus
1379 4135 1598 4190 Ioannis
1665 4136 1968 4189 Vlimmerii.
2001 4138 2113 4189 Cat.

541 4226 676 4280 Bibl.
706 4226 827 4295 Reg.
854 4224 1076 4290 Confer,
1121 4242 1239 4295 quae
1265 4241 1424 4294 supra
1457 4228 1521 4279 ad
1567 4227 1860 4281 editionem
1891 4240 2114 4294 operum

540 4317 901 4375 Basileensem
931 4331 980 4368 a.
1015 4317 1151 4370 1569
1178 4317 1372 4370 tradita
1403 4325 1549 4368 sunt.

2210 3147 2448 3202 Fratelli.
2477 3188 2489 3200 .
2517 3188 2530 3201 .
2557 3189 2570 3201 .
2610 3165 2629 3198 ι
2659 3147 2852 3201 Aleuni
2881 3149 3125 3203 Sermoni
3159 3147 3212 3202 di
3242 3148 3302 3203 S.
3348 3144 3602 3215 Agostino
3632 3137 3748 3192 delle

2212 3239 2399 3294 Parole
2413 3237 2641 3306 Signore
2658 3252 2687 3292 c
2704 3237 2830 3291 dell‘
2843 3238 3126 3304 Apostolo,
3148 3238 3267 3291 iatti
3285 3235 3487 3305 volgari
3500 3232 3563 3286 da
3583 3230 3748 3283 Monsr.

2209 3327 2458 3381 Galeam
2489 3327 2813 3380 Florimonte
2856 3326 3103 3382 Vescovo
3156 3329 3448 3396 d‘Aqnino.
3484 3343 3504 3376 ›
3548 3322 3682 3375 Exst.
3709 3316 3748 3365 in

2218 3417 2346 3489 Varj
2373 3418 2616 3472 Sermoni
2657 3417 2711 3469 di
2743 3417 2803 3472 S.
2837 3417 3080 3486 Agostino
3125 3419 3188 3471 ed
3222 3419 3350 3472 altri
3388 3413 3574 3467 dottori
3601 3407 3748 3470 volga~

2211 3507 2400 3560 rizzati
2431 3507 2517 3560 dal
2546 3507 2861 3560 medesimo.
2887 3504 2969 3559 Cl.
3000 3505 3114 3560 Cat.
3156 3506 3296 3561 Bibl.
3327 3505 3564 3560 Casanat.
3587 3497 3636 3551 In
3654 3493 3745 3546 Cat.

2212 3597 2344 3650 Bibl.
2381 3597 2570 3652 Smith.
2604 3611 2655 3649 a.
2679 3607 2762 3652 est
2794 3597 2954 3661 1588,
2986 3597 3150 3650 in-4".

2280 3687 2438 3741 1567.
2479 3687 2727 3754 Venezia,
2773 3703 2861 3754 per
2888 3688 2925 3740 il
2962 3686 3184 3752 Giolito;
3220 3687 3412 3741 iri-4°.
3465 3701 3480 3732 ι
3503 3678 3616 3745 Varj
3645 3674 3746 3727 δυτ-

2215 3779 2384 3841 muni,
2422 3788 2526 3829 etc.
2564 3770 2608 3826 ἶ

2287 3869 2446 3922 1568.
2505 3867 2754 3930 Venezia,
2810 3884 2897 3934 per
2935 3867 2976 3918 il
3019 3866 3346 3930 Sansovino;
3381 3860 3564 3916 ἰη-ιο.
3610 3846 3743 3913 «Vari

2214 3960 2470 4016 Sermoni
2499 3957 2555 4012 di
2584 3956 2640 4012 S.
2679 3957 2941 4026 Agostino
2967 3974 2996 4011 e
3028 3958 3204 4011 d'altri
3235 3956 3473 4012 catlolici
3498 3952 3558 4005 ed
3578 3939 3742 3999 anlit‘ill

2213 4050 2415 4104 dottori
2441 4091 2456 4115 ,
2500 4063 2567 4104 ne
2596 4049 2737 4117 quali
2766 4049 3082 4100 trattandosi
3115 4049 3340 4103 diverse
3369 4043 3578 4099 materie
3613 4043 3738 4096 SOIIra

2213 4143 2413 4196 diversi
2438 4141 2615 4210 luoghi
2641 4140 2782 4193 della
2803 4140 2962 4193 Sacra
2985 4139 3251 4194 Scrittura
3282 4141 3372 4195 del
3392 4131 3604 4191 vecchio
3623 4141 3646 4176 c
3666 4119 3735 4174 del

2217 4248 2398 4285 nuovo
2425 4232 2777 4286 Testamento
2807 4233 2853 4286 si
2883 4233 3130 4286 contiene
3157 4232 3433 4286 Cristiano
3458 4217 3734 4279 desiderasti

2216 4323 2268 4376 di
2309 4324 2491 4377 vivere
2531 4333 2852 4391 puramente
2895 4323 2976 4376 ira
3016 4323 3065 4378 le
3090 4338 3350 4392 persone,
3383 4336 3412 4374 e
3436 4315 3570 4371 della
3598 4304 3740 4392 salute

615 4408 772 4463 1576.
805 4407 1035 4459 Colonia
1065 4407 1284 4477 Agripp.
1317 4406 1498 4473 iit-fol.
1525 4406 1582 4461 S.
1610 4405 1888 4474 Augustini
1930 4405 2112 4459 Homi-
2135 4387 2188 4446 D
2213 4413 2341 4468 dell’
2385 4387 2558 4466 animi.
2591 4428 2685 4467 sua
2713 4455 2728 4477 ,
2770 4414 2934 4468 messi
2975 4387 3202 4468 insiéme
3240 4430 3272 4468 θ
3316 4410 3433 4468 [aui
3473 4395 3654 4468 volgari
3684 4390 3735 4441 d3

539 4502 624 4556 lia:
652 4500 840 4554 varis.
872 4498 1025 4552 Exst.
1052 4499 1104 4550 in
1137 4496 1455 4550 Collectione
1483 4496 1574 4549 Fr.
1605 4497 1830 4549 Alcuini.

611 4592 772 4646 1588.
816 4589 1081 4658 Lugduni,
1101 4588 1276 4655 in—fol.
1307 4587 1364 4640 S.
1392 4587 1675 4656 Augustini
1699 4586 1942 4641 llomilia:
1962 4602 2110 4655 qua:-

539 4681 662 4736 dam
695 4682 745 4735 in
770 4679 1089 4733 Bibliotheca
1126 4676 1324 4731 Homil.
1358 4677 1580 4730 Cumdii.

610 4773 752 4827 Sac.
789 4773 949 4827 XVII.
982 4771 1231 4825 -1651.
1263 4769 1510 4832 Parisiis,
1562 4768 1701 4838 apud
1747 4767 1946 4822 Sebast.
1983 4768 2110 4822 Cra-

541 4863 734 4929 moisy;
761 4863 926 4915 ξιτ-8ο.
960 4862 1016 4918 S.
1047 4862 1180 4916 Aur.
1213 4860 1497 4928 Augustini
1533 4859 1824 4912 Sermones
1856 4859 1975 4909 novi
1997 4857 2108 4922 XL,

542 4965 664 5004 cum
693 4948 926 5017 quinque
949 4953 1068 5005 aliis
1095 4968 1160 5007 ex
1191 4952 1427 5023 antiquis
1453 4949 1850 5018 exemplaribus
1872 4948 2108 5010 collcCti,

541 5055 664 5091 cum
707 5039 868 5100 nctis,
897 5041 1080 5093 studio
1109 5053 1165 5096 et
1215 5059 1378 5113 opera
1427 5042 1606 5095 Jacobi
1653 5041 1938 5096 Sirmondi.
1995 5041 2105 5092 Cat.

546 5128 678 5180 Bibl.
731 5127 857 5196 Reg.
889 5137 934 5180 et
980 5125 1225 5182 Casanat:

614 5215 772 5272 1644.
803 5215 1005 5281 Romw,
1033 5233 1121 5284 per
1149 5215 1337 5270 Franc.
1369 5219 1665 5286 Monetam;
1696 5220 1856 5274 iii-4°.
1893 5221 2110 5274 Sermo-

542 5326 638 5366 nes
660 5310 864 5378 aliquot
890 5307 942 5362 S.
977 5307 1107 5361 Aur.
1155 5309 1458 5376 Augustino
1497 5312 1778 5378 adscripti,
1811 5328 1875 5366 ex
1917 5313 2110 5367 biblio-

543 5405 713 5459 thecis
745 5404 998 5456 Vaticana
1029 5411 1081 5456 et
1096 5401 1390 5455 Barberina
1422 5403 1682 5470 excerpti,
1714 5420 1852 5457 nunc
1878 5407 2105 5473 primum

559 5511 592 5547 ιι
620 5495 790 5548 lucem
812 5495 1006 5550 editiet
1034 5493 1352 5562 quibusdam
1384 5495 1533 5546 uatis
1562 5495 1814 5548 illustrati
1844 5498 2024 5552 studio
2054 5508 2108 5552 et

549 5597 708 5652 opera
736 5584 950 5639 Joannis
990 5585 1235 5654 Baptista;
1259 5583 1412 5638 Mart:
1443 5583 1531 5635 Cat
1562 5583 1694 5636 Bibl.
1731 5584 1856 5641 Rea.

2219 4507 2537 4573 monsiguor
2560 4505 2846 4567 Galeazzo,
2876 4518 3111 4558 vescovo
3136 4505 3188 4557 di
3219 4505 3403 4567 Sessa,
3435 4511 3533 4551 con
3563 4490 3738 4576 ἀνεῖχεν

2216 4597 2355 4656 volo,
2381 4595 2522 4646 l‘una
2545 4594 2629 4646 de'
2646 4593 2917 4657 Sermoni,
2935 4612 2964 4645 c
2987 4593 3159 4646 l’altra
3181 4594 3325 4648 delle
3347 4602 3473 4644 cose
3495 4571 3734 4636 πωπω.»

2287 4685 2444 4738 1572.
2479 4681 2732 4735 Fiorenza
2757 4723 2771 4746 ,
2815 4699 2902 4752 per
2931 4685 2946 4735 i
2973 4681 3188 4747 Giunli;
3231 4683 3421 4736 iri-4°.
3470 4693 3486 4725 t
3516 4667 3732 4756 Librum

2214 4775 2296 4828 de'
2321 4776 2432 4840 var]
2463 4773 2713 4827 Sermoni
2747 4775 2798 4825 di
2830 4774 2890 4828 S.
2921 4774 3185 4841 Agostino
3211 4813 3223 4824 .
3257 4814 3270 4825 ,
3303 4815 3315 4826 ,
3343 4811 3357 4824 ,
3385 4812 3400 4826 ,
3435 4752 3637 4819 raccolti
3671 4752 3730 4795 iu-

2215 4865 2386 4918 sieme
2419 4879 2446 4916 e
2479 4863 2589 4916 iatti
2621 4863 2825 4931 volgari
2855 4863 2920 4916 da
2957 4863 3209 4929 Ila/faello
3231 4855 3520 4917 ςαειηιεσῑο
3549 4845 3735 4931 mon-aco

2214 4956 2356 5008 della
2384 4953 2539 5008 badia
2571 4953 2624 5005 di
2655 4925 2882 5006 Fiienze
2912 4969 2940 5005 a
2969 4925 3277 5007 imitatione
3302 4952 3354 5007 di
3377 4940 3628 5004 monsign.
3649 4925 3733 4976 ci-

2215 5046 2421 5107 leazzo,
2450 5059 2688 5098 vescovo
2717 5044 2769 5095 di
2797 5043 2981 5096 Sessa.
3007 5062 3023 5092 ι
3057 5042 3442 5098 Prodiitetiam
3465 5032 3589 5086 liber
3607 5026 3733 5107 qttar‘

2215 5146 2323 5200 tus,
2355 5106 2448 5189 sed
2481 5136 2533 5187 in
2565 5150 2671 5200 quo
2701 5133 2832 5185 nihil
2865 5135 3151 5202 Augustini
3182 5139 3490 5189 contentum
3521 5106 3730 5204 fuit.-

2211 5227 2440 5280 cundam
2488 5238 2618 5278 vero
2661 5231 2866 5290 partem
2916 5224 3235 5293 impressam
3279 5219 3493 5279 ίιηεηίο
3533 5223 3572 5254 αι.
3622 5187 3730 5250 μω*

2214 5317 2269 5370 lt.
2303 5317 2382 5369 lit.
2415 5333 2425 5364 :

2286 5405 2441 5459 1654.
2479 5399 2715 5467 Venczia,
2750 5422 2837 5472 per
2864 5406 3127 5460 Girolamo
3158 5409 3368 5466 Scotto,‘
3399 5390 3569 5452 ἕηοᾶθ·

2213 5495 2384 5550 conda
2412 5504 2564 5561 parte
2587 5493 2670 5547 de'
2693 5465 2938 5550 Sermoni
2964 5497 3016 5550 di
3043 5496 3100 5549 S.
3125 5494 3383 5565 Agostino
3402 5527 3415 5540 .
3437 5524 3451 5537 .
3471 5522 3482 5534 .
3502 5520 3514 5531 .
3541 5465 3725 5565 tradidi:

2413 5545 2427 5561 .
2595 5545 2648 5547 κ-
2970 5545 3016 5550 __
3044 5545 3098 5549 τ.
3125 5545 3342 5565 "om",
3716 5545 3721 5550 '

2235 5601 2266 5634 υ
2300 5584 2514 5652 γοιειπε
2539 5583 2604 5636 da
2637 5584 2807 5653 Msgn.
2842 5584 3102 5640 Galeazzo
3132 5577 3504 5639 Florimonzio,
3532 5566 3660 5616 sesc:
3685 5545 3728 5595 ἀι
