3908 6324
207 299 311 355 185

1100 296 1368 368 ΝΟᾘΤΙΑ
1410 299 1824 359 ιιττεῐιιυιιλ
1863 305 1928 360 IN
1969 308 2026 362 S.
2068 306 2536 366 AUGUSTINUM.

3358 323 3455 378 136

207 418 377 472 Sessa
401 455 416 479 ,
469 427 574 468 con
626 411 820 503 alcuni
853 413 1046 503 Omilie
1090 413 1174 468 del
1224 415 1544 470 medesimo.
1578 436 1596 468 ι
1659 417 1784 473 llaec
1809 423 1856 482 Α
1885 421 2127 484 excudit,
2153 421 2318 477 fuisse
2339 423 2681 492 impressum.
2708 426 2782 481 lbi
2808 436 2987 484 tamen
3011 431 3232 503 ins’gnia
3250 436 3456 495 Schmi-

209 508 399 562 omnia
423 503 578 558 nobis
617 502 984 570 suppeditavit
1012 502 1146 557 Bibl.
1177 506 1311 572 dein
1339 507 1456 558 Aut.
1490 509 1625 576 volg.
1659 509 1695 560 l.
1728 511 1780 562 1.

290 596 429 650 1691
458 605 511 648 et
539 593 699 648 1700.
726 592 880 646 Paris
901 638 914 660 ,
958 593 1078 646 cites
1110 609 1261 648 ueuve
1296 594 1630 668 Jean-Bapt.
1669 597 1786 651 Coi-

206 686 382 758 gnard
403 703 423 749 ;
452 685 626 750 iit-8°,
655 682 684 736 1
703 683 740 736 ν
767 685 887 736 volt.
923 702 941 735 ι
968 684 1072 739 Les
1110 701 1356 741 sermons
1393 688 1462 742 de
1488 689 1546 742 S.
1579 693 1787 759 Augus—
1855 720 1860 722 -

209 782 287 830 tin
331 791 428 829 sur
471 775 523 830 le
551 774 803 829 Nouveau
835 774 1171 836 Testament.
1201 777 1426 832 traduits
1455 794 1523 832 en
1553 779 1786 845 l'raneois

206 881 304 919 sur
333 865 581 918 l’édition
607 863 770 917 latine
798 862 893 917 des
919 862 1022 916 PP.
1041 861 1398 931 Bénédietins,
1421 881 1516 933 par
1545 866 1787 936 Philippe

207 955 452 1009 Coibaud
484 955 557 1007 du
581 952 726 1006 Bois.
758 971 778 1005 ι

286 1047 445 1100 1751.
493 1045 550 1098 In
579 1041 801 1098 Firenze
839 1056 1033 1112 presso
1061 1042 1215 1097 Dom.
1239 1043 1316 1096 Η.
1343 1043 1567 1111 Manni;
1596 1046 1782 1101 εη-ιο.

213 1156 234 1189 e
255 1136 762 1205 Volgarizzamento
785 1132 871 1190 de'
892 1133 985 1188 XL
1008 1133 1256 1188 Sermoni
1287 1134 1609 1190 lalsamente
1632 1135 1787 1189 attri-

206 1229 346 1284 buiti
369 1245 402 1282 a
428 1228 488 1284 S.
519 1227 802 1297 Agostino,
855 1226 990 1281 fatto
1016 1225 1084 1281 da
1117 1242 1189 1280 un
1219 1227 1498 1296 Religioso
1537 1228 1658 1283 dell‘
1683 1230 1785 1284 0r-

205 1320 333 1372 dine
359 1319 513 1372 detto
528 1316 582 1372 di
607 1317 663 1372 S.
690 1317 972 1386 Agostino,
998 1317 1122 1370 nell‘
1146 1333 1284 1371 anno
1309 1319 1468 1383 1500,
1492 1335 1542 1382 e,
1566 1335 1718 1375 come
1738 1323 1784 1374 si

205 1409 403 1469 crede,
431 1407 500 1461 da
532 1407 622 1462 Fr.
654 1408 912 1476 Agostino
936 1407 1002 1462 da
1025 1408 1328 1477 Searperia.
1360 1428 1380 1462 ι
1413 1411 1524 1464 Cat.
1559 1410 1692 1465 Bibl.
1719 1412 1781 1468 S.

203 1499 342 1568 Aug.
378 1498 450 1550 ad
487 1497 678 1551 Nidum
708 1497 950 1565 Neapoli,
981 1498 1271 1565 Audiﬂ'redi
1297 1500 1353 1554 in
1375 1499 1488 1556 Cal.
1518 1500 1655 1554 Bibl.
1687 1501 1786 1554 Ca-

203 1597 404 1651 sanat.,
432 1590 497 1641 it.
529 1588 640 1642 Cal.
673 1588 807 1642 Bibl.
841 1587 1034 1644 Smith.

404 1678 456 1733 Χ
463 1678 536 1732 ιι
552 1678 613 1733 V.
635 1709 707 1719 —
732 1679 880 1750 (119)
911 1680 990 1734 De
1017 1682 1189 1734 decem
1212 1683 1418 1735 chordis
1447 1683 1591 1738 liber.

1887 509 1982 564 feri
2012 528 2139 578 non,
2172 522 2227 565 ut
2251 513 2302 566 in
2337 515 2436 567 hoc
2467 515 2762 582 volumine,
2795 518 3014 591 desunt.

2311 602 2412 659 VI.
2432 634 2501 644 —
2521 605 2636 676 (56)
2671 607 2745 660 De
2770 610 3029 666 Amicitia.

1960 689 2116 744 1510.
2150 690 2368 760 Lipsiw.
2400 693 2589 749 iri-4°.
2638 714 2656 746 t
2687 697 2748 749 D.
2783 699 2912 752 Aur.
2947 701 3260 770 Augustini,
3292 703 3449 773 Hipp.

1887 778 2057 844 episc.
2087 778 2156 832 de
2185 781 2420 834 amicitia
2449 783 2601 849 liber,
2639 786 2688 837 in
2718 802 2822 856 quo
2854 789 3128 843 Ciceronis
3158 801 3334 846 errata
3364 810 3456 848 ea-

1885 868 2171 935 stigantur,
2203 873 2428 934 cunctis,
2457 875 2547 942 qui
2579 891 2779 941 pacem,
2818 881 3164 935 concordiam
3190 894 3242 936 et
3267 900 3452 938 veram

1887 965 2046 1025 atque
2076 958 2367 1025 perfectam
2397 961 2624 1031 diligunt
2647 967 2962 1034 amicitiam,
2991 971 3135 1024 utilis
3165 980 3220 1024 et
3244 987 3456 1027 summe

1887 1049 2246 1104 necessarius.
2273 1068 2295 1101 ι
2339 1049 2713 1120 Subjieiuntur
2742 1055 2869 1110 huic
2903 1058 3057 1113 titulo
3086 1062 3267 1115 statim
3296 1059 3454 1116 disti-

1884 1134 1984 1189 cha
2012 1136 2288 1205 sequentia
2320 1153 2335 1191 :

1977 1257 2274 1330 Augustinus
2298 1261 2346 1306 in
2371 1261 2464 1330 hoc
2488 1263 2719 1321 apltorum
2744 1264 2858 1330 (sic)
2885 1267 3035 1325 gloria
3055 1271 3222 1330 gentis

2084 1332 2157 1368 uae
2175 1321 2238 1366 sit
2258 1332 2371 1367 vera
2392 1321 2517 1370 libro
2539 1331 2697 1372 narrat
2718 1321 2924 1375 amicitia

1976 1377 2178 1448 magnus
2195 1379 2485 1448 Aristoteles
2508 1381 2690 1448 callens
2717 1398 2886 1448 arcana
2905 1391 3068 1448 capaci

2036 1439 2229 1504 Naturae
2248 1441 2448 1504 ingenio
2482 1446 2719 1504 :_neseins
2744 1446 2886 1504 hujus
2910 1439 3014 1495 erat

1973 1497 2180 1566 Nescius
2205 1497 2324 1548 eras
2336 1499 2479 1566 hujus
2499 1501 2638 1558 Plato
2662 1510 2710 1552 tu
2733 1497 2896 1554 div-ine
2919 1518 3153 1566 magister

2036 1559 2171 1607 Hanc
2191 1559 2412 1608 veterum
2439 1562 2667 1622 ignorans
2697 1567 2894 1614 etltntea
2921 1559 3061 1616 turba
3087 1573 3262 1619 virum.

1884 1682 1939 1736 In
1963 1682 2066 1735 line
2084 1699 2096 1736 :
2117 1681 2431 1753 Impressum
2457 1683 2650 1754 Lyptzk
2665 1705 2716 1756 p.
2743 1686 3143 1745 Baccalaureum
3161 1693 3448 1764 Wet/Tyan-

277 1767 453 1834 Hujus
481 1767 759 1822 versionem
791 1767 1124 1836 Hispanicam
1147 1809 1162 1834 ,
1201 1778 1432 1826 auctore
1463 1771 1781 1826 Gundisalvo
1806 1775 1853 1834 Β
1881 1785 2001 1837 gum
2035 1770 2310 1824 .llonaceu.
2341 1770 2490 1823 Anno
2520 1771 2678 1826 1510.
2711 1802 2782 1813 --
2807 1775 3096 1830 Character
3142 1787 3226 1832 est
3265 1780 3447 1833 Gothi<

201 1858 401 1912 Genio
427 1860 490 1913 de
517 1859 710 1914 Sancta
738 1858 940 1922 Maria,
968 1859 1471 1931 Caesaraugustam,
1500 1864 1696 1918 editam
1725 1878 1776 1917 a.

197 1949 346 2003 1494
376 1990 391 2011 ,
420 1950 604 2004 its-8°.
643 1949 745 2003 Las
769 1949 1024 2004 Tratados
1053 1950 1118 2006 de
1149 1951 1225 2006 las
1255 1954 1370 2006 dies
1396 1955 1612 2009 cuerdas
1640 1956 1703 2007 de
1726 1954 1780 2009 la

190 2040 430 2092 eanidad
473 2040 555 2093 del
599 2042 792 2094 mundo
837 2051 1266 2097 commemorant
1305 2059 1372 2098 ex
1414 2043 1536 2099 Nic.
1585 2045 1800 2099 Anton.-

191 2129 346 2184 Bibl.
374 2131 530 2201 Hisp.
563 2148 613 2201 p.
641 2131 747 2186 4125
767 2130 1142 2188 Colonienses.

464 2281 762 2324 ARTICULI
806 2281 1074 2324 SECUNDI
1119 2283 1493 2334 SEQUENTIA.

296 2383 510 2435 Annales
530 2387 797 2436 editionum
819 2386 1115 2446 singulorum
1139 2387 1396 2448 Augustini
1430 2390 1677 2440 librorum.

583 2488 611 2558 §
635 2488 697 2541 I1.
729 2487 1032 2558 Spuriorum
1059 2490 1390 2556 scriptorum.

544 2596 593 2650 1.
618 2625 688 2638 --
717 2595 796 2668 (6)
826 2596 900 2650 De
931 2598 1133 2650 Musica
1161 2598 1278 2650 libri
1306 2614 1413 2652 sex.

267 2687 466 2742 Nescio
495 2688 742 2756 equidem
762 2727 777 2750 ,
814 2701 879 2741 an
908 2688 1012 2741 huc
1042 2694 1282 2755 spectat,
1312 2689 1400 2755 qui
1435 2689 1485 2740 in
1512 2688 1769 2760 Catalogo

187 2779 344 2833 Bibl.
377 2778 676 2832 Bodleiante
714 2788 1042 2832 memoratur
1071 2778 1130 2832 S.
1160 2778 1430 2848 Augustini
1471 2779 1671 2834 libellus
1709 2782 1773 2834 de

188 2868 425 2924 llusica.
461 2867 880 2936 Basilete,1521,
914 2870 1099 2922 ἱη-ιο.

481 2957 566 3012 ΙΙ.
590 2988 660 2999 -
681 2958 796 3028 (18)
828 2958 905 3013 De
934 2958 1287 3012 Gramntatica
1314 2959 1462 3014 liber.

276 3050 435 3105 1605.
470 3050 781 3113 Hannoviw,
810 3050 992 3102 iit-4°.
1040 3050 1368 3118 Augustinus
1399 3050 1466 3104 de
1491 3050 1770 3105 Gramma-

1881 1872 1997 1911 cus.
2027 1859 2290 1913 Prmfatus
2320 1870 2403 1914 est
2433 1860 2502 1912 ad
2526 1861 2787 1916 studiosos
2822 1875 2871 1918 et
2898 1866 3123 1919 eruditos
3151 1870 3329 1921 bonor.
3359 1887 3447 1921 ar-

1878 1943 2013 1996 tium
2037 1945 2090 1995 in
2120 1945 2272 1997 acad.
2305 1944 2541 2006 Liptsen.
2570 1947 2838 2000 Amatores
2867 1948 3088 2019 Magnus
3116 1949 3293 2002 Hundt
3323 1970 3446 2022 par-

1879 2034 2325 2104 thenopolitanus,
2353 2037 2708 2106 theologorum
2733 2080 2747 2103 ,
2781 2048 2837 2093 ut
2863 2041 3077 2109 quidem
3105 2058 3166 2097 se
3189 2046 3446 2113 appellat,

1876 2127 2106 2195 infimus,
2135 2143 2223 2195 ep.
2253 2129 2374 2183 data
2404 2131 2458 2182 in
2483 2131 2698 2196 collegio
2726 2133 2975 2202 principis
3003 2135 3086 2188 die
3108 2132 3322 2207 Calixti.

2322 2240 2451 2294 VII.
2472 2269 2544 2284 -ο
2568 2242 2682 2313 (59)
2708 2244 3022 2313 Soliloquia.

1948 2329 2101 2385 1473.
2137 2331 2196 2384 S.
2217 2333 2253 2383 l.
2279 2334 2366 2385 in-
2377 2333 2472 2402 fol.
2505 2335 2786 2403 Augustini
2818 2336 3153 2404 soliloquium
3186 2337 3253 2390 de
3275 2338 3443 2392 Arrlta

1873 2419 2082 2474 anima).
2102 2422 2180 2473 Ab
2199 2422 2376 2477 initio:
2392 2422 2578 2491 Incipit
2595 2425 2920 2493 soliloquium
2937 2426 3205 2480 beatissimi
3218 2428 3443 2496 Αιιρυεης

1874 2510 1926 2561 ni
1942 2512 2162 2579 episcopi
2175 2515 2421 2580 yponensi
2434 2513 2452 2581 (
2457 2514 2554 2583 sic)
2570 2514 2632 2566 de
2643 2516 2775 2566 Arra
2791 2517 2993 2570 animas.
3009 2515 3190 2584 lnline
3211 2533 3224 2570 :
3248 2517 3442 2584 Raptus

1872 2609 1943 2651 est
1970 2601 2088 2666 ﬁnis
2115 2600 2268 2671 hujus
2299 2611 2542 2656 tractatus
2567 2606 2842 2672 Augustini
2872 2607 2933 2657 de
2960 2583 3088 2658 αντᾶ
3118 2609 3287 2660 anime
3312 2583 3441 2677 feria

1873 2690 2021 2741 tertia
2045 2699 2157 2758 post
2178 2692 2364 2757 festum
2393 2693 2557 2744 sancti
2575 2691 2808 2761 Dyonisy
2829 2696 2974 2746 Anno
2995 2697 3084 2747 dni
3105 2696 3329 2748 [XXIII
3350 2697 3442 2750 XC

1875 2778 2016 2848 (sic).
2039 2778 2289 2847 Ejusdem
2313 2790 2402 2834 est
2427 2781 2677 2834 editionis
2698 2797 2760 2835 ac
2782 2782 3070 2852 Soliloquia
3090 2786 3316 2852 genuina
3337 2801 3382 2838 s.
3406 2789 3444 2840 Ι.

1873 2880 1925 2922 et
1952 2885 2001 2922 a.
2033 2881 2084 2923 et
2114 2870 2527 2940 llieronymiana
2554 2871 2616 2922 de
2637 2872 2857 2926 essentia
2887 2874 3012 2936 diu,
3041 2883 3143 2926 etc.
3173 2873 3332 2926 Conl‘.
3363 2875 3443 2928 di-

1870 2969 1954 3013 cta
1977 2960 2043 3012 ad
2075 2960 2270 3014 librum
2303 2961 2585 3030 Augustini
2612 2963 2673 3014 de
2693 2962 2989 3027 Quantitate
3009 2964 3209 3016 animae.
3246 2964 3440 3018 Extre~

1873 3066 1974 3104 mae
2001 3052 2237 3106 raritatis
2265 3067 2385 3107 esse
2411 3054 2603 3108 exinde
2633 3054 2828 3116 discas,
2853 3055 2999 3122 quod
3032 3056 3227 3108 nemini
3260 3056 3441 3110 hacte-

193 3141 330 3192 tica.
356 3140 506 3194 Exst.
537 3141 680 3194 inter
707 3141 890 3194 Auctt.
918 3140 1136 3208 Antiqq.
1169 3140 1237 3194 de
1267 3138 1626 3195 Grammatica
1650 3142 1765 3196 Lat.
1796 3125 1843 3188 (ἶ
1875 3157 1975 3196 nus
2005 3143 2495 3212 bibliographorum
2526 3145 2773 3212 cognitus
2804 3143 2989 3199 luerit.
3014 3145 3289 3199 Summum
3314 3161 3438 3199 vero

188 3231 411 3285 collect.
439 3233 504 3284 ab
537 3231 689 3284 Helia
720 3231 989 3294 Putschio,
1024 3245 1051 3282 a
1083 3245 1202 3298 pag.
1237 3229 1395 3284 1975.

185 3319 426 3393 III.-—-(
437 3321 519 3389 19)
537 3320 800 3390 Principia
821 3319 1123 3373 Dialectices
1139 3328 1185 3372 et
1199 3320 1492 3374 Rhetoriccs
1509 3320 1628 3373 libri
1643 3321 1764 3375 duo.

267 3415 428 3468 1479.
457 3412 752 3476 Florentia,
778 3414 914 3482 apud
939 3412 999 3467 S.
1019 3412 1269 3465 Iacobum
1291 3412 1352 3464 de
1369 3410 1577 3482 Ripoli;
1599 3413 1764 3465 ἱη-Ᾱο.

181 3506 478 3572 Augustini
508 3505 722 3572 Logica.
746 3503 858 3556 Cat.
887 3502 1024 3556 Bibl.
1059 3503 1302 3557 Casanat.

269 3597 428 3650 1599.
461 3595 696 3659 Parisiis,
727 3596 908 3648 ἱη-Δο.
946 3595 1230 3660 Augustini
1274 3593 1534 3660 principia
1570 3593 1767 3647 Rheto—

181 3686 354 3739 rices.
385 3685 538 3738 Exst.
571 3685 712 3738 inter
740 3685 990 3750 Antiquos
1017 3681 1263 3736 Bhetores
1292 3699 1320 3734 a
1352 3697 1470 3751 pag.
1496 3683 1620 3737 €290.

267 3775 427 3828 1613.
459 3772 526 3826 In
557 3761 792 3839 Venezia,
820 3775 954 3826 nella
981 3773 1244 3837 Salicata;
1268 3774 1318 3825 in
1337 3775 1458 3829 ~40.
1496 3791 1513 3823 ι
1543 3773 1602 3828 S.
1629 3775 1765 3842 Ago-

178 3867 340 3918 stino
373 3865 508 3919 delia
539 3866 810 3918 Retorica.
842 3884 859 3916 ›
912 3865 1061 3918 Exst.
1098 3864 1281 3917 Autori
1322 3865 1407 3917 del
1435 3864 1526 3916 ben
1559 3867 1764 3932 parlare

177 3956 364 4010 Tanto
389 3955 560 4020 XXX,
593 3969 710 4022 pag.
737 3955 823 4007 21.

261 4043 290 4095 1
311 4042 370 4096 V.
395 4044 597 4112 -(5ι1)
625 4043 777 4095 Liber
805 4043 866 4094 de
885 4041 1017 4095 Fide
1045 4042 1111 4094 ad
1138 4041 1354 4094 Petrum
1383 4040 1687 4094 Dial-onum.

258 4134 468 4187 Prodiit
491 4135 712 4188 seorsim
743 4135 852 4186 sine
876 4133 987 4185 loco
1013 4142 1056 4185 et
1087 4148 1242 4195 anno,
1273 4132 1454 4200 ἔπι-[οι.
1497 4131 1604 4186 Sed
1634 4132 1756 4188 vide

173 4223 531 4294 Fulgentium
572 4232 715 4277 tomo
743 4223 829 4276 lll.
858 4222 939 4276 Cl.
984 4238 1143 4291 supra
1184 4223 1235 4275 in
1276 4222 1560 4290 Opusculis
1599 4223 1664 4276 ad
1702 4237 1754 4276 a.

174 4317 354 4381 1475,
385 4332 439 4368 n.
476 4315 526 4367 1.

527 4404 588 4458 V.
613 4434 681 4445 -—
704 4403 821 4473 (35)
854 4404 928 4456 De
959 4404 1158 4473 Spiritu
1187 4412 1236 4455 et
1266 4403 1468 4454 Anima.

260 4497 418 4551 H72.
443 4497 503 4553 S.
529 4496 566 4548 ι.
589 4505 637 4548 et
658 4504 900 4564 typogr.;
931 4493 1115 4546 in—AO.
1140 4493 1196 4545 S.
1217 4491 1500 4560 Augustini
1529 4492 1660 4544 liber
1687 4491 1753 4545 de
1780 4480 1833 4540 D

169 4589 370 4641 anima
395 4595 452 4641 et
477 4587 690 4654 Spiritu,
721 4585 787 4638 de
817 4584 1098 4644 ebrietate,
1126 4583 1191 4636 ad
1223 4581 1456 4650 virgines
1492 4581 1558 4634 de
1595 4583 1755 4634 casti-

174 4688 301 4733 tate
339 4686 394 4731 et
427 4677 718 4730 sobrietate
739 4714 753 4737 ,
787 4674 854 4728 de
885 4682 1114 4742 quatuor
1145 4673 1432 4726 virtutibus
1459 4671 1754 4736 cbaritatis,

169 4770 256 4822 de
282 4766 608 4821 contritione
637 4765 831 4820 cordis.
860 4766 917 4818 In
949 4765 1056 4818 ﬁne
1088 4779 1102 4817 :
1134 4761 1342 4817 Finitus
1370 4773 1442 4817 est
1471 4764 1597 4816 liber
1624 4763 1759 4816 beati

167 4859 486 4927 Augustini,
513 4875 594 4926 ep.
624 4857 906 4928 Yponensis
938 4872 1053 4909 cum
1084 4857 1260 4909 ceteris
1294 4855 1581 4907 tractatulis
1612 4856 1754 4923 ejus-

169 4961 324 5000 dem.
359 4951 504 5001 Anno
544 4949 814 5000 millesimo
853 4946 1354 5016 quadringentesimo
1386 4946 1751 5013 septuagesimo

164 5040 411 5092 secundo
435 5041 612 5107 quinto
642 5038 772 5091 ldus
804 5037 940 5090 Nov.
983 5038 1170 5091 Exstat
1198 5035 1249 5088 in
1284 5033 1419 5087 Bibl.
1451 5033 1750 5088 Lubecensi

163 5127 422 5181 Gessner.
446 5129 483 5181 l.
511 5127 559 5195 1,
587 5143 638 5196 p.
661 5127 816 5182 26.15
845 5142 975 5181 vero
997 5143 1060 5182 ex
1085 5127 1384 5180 litterarum
1404 5124 1752 5178 similitudine

158 5228 234 5274 et
277 5217 541 5274 chartarii
585 5220 743 5290 signo
786 5220 986 5288 (capite
1026 5215 1258 5285 taurino)
1295 5217 1415 5285 jure
1444 5216 1626 5284 aliquo
1655 5230 1752 5268 suo

159 5308 504 5364 concludere
549 5311 653 5364 sibi
707 5311 956 5372 videtur,
1014 5307 1298 5378 Moguntiis
1349 5308 1490 5377 apud
1536 5305 1752 5359 Petrum

159 5398 542 5467 Schtz/ferum,
573 5400 664 5469 qui
688 5401 874 5454 eadem
905 5401 1077 5453 l'orma
1099 5399 1296 5467 absque
1323 5399 1426 5452 loci
1451 5408 1502 5451 et
1524 5398 1648 5450 anni
1672 5397 1750 5450 in-

156 5490 320 5544 dicio
343 5491 508 5546 libros
533 5493 599 5545 de
624 5492 730 5544 vita
755 5491 1050 5545 Christiana
1078 5500 1132 5546 et
1161 5505 1290 5544 uerte
1320 5491 1435 5544 vitae
1461 5489 1750 5559 cognitione

1870 3233 1927 3285 in
1969 3247 2034 3285 eo
2073 3233 2136 3286 ad
2176 3243 2387 3286 tctatem
2422 3234 2634 3287 illorum
2671 3236 3054 3300 opusculorum
3081 3235 3436 3287 deliniendam

1868 3323 2031 3376 situm
2060 3337 2182 3377 esse
2199 3333 2532 3377 momentum
2565 3339 2723 3378 nemo
2747 3324 2903 3378 facile
2927 3325 3159 3393 negabit,
3181 3326 3224 3378 si
3250 3341 3316 3378 ne
3339 3329 3437 3378 mi-

1868 3414 2072 3467 nimmn
2098 3415 2312 3480 quidem
2344 3416 2410 3468 ab
2431 3415 2536 3468 illis
2564 3415 2778 3468 dill‘erre
2801 3415 3012 3469 dixero.
3033 3415 3184 3480 Quod
3208 3417 3248 3468 si
3272 3417 3436 3482 igitur

1867 3520 1994 3558 vere
2024 3519 2085 3557 ea
2117 3505 2375 3558 Guntlieri
2404 3505 2619 3557 Zaineri
2650 3519 2680 3556 a
2709 3505 3026 3570 quibusdam
3056 3514 3177 3556 sunt
3207 3506 3429 3569 credita,

1866 3604 1926 3648 ut
1947 3594 2194 3662 equidem
2222 3593 2398 3646 nullus
2420 3593 2629 3657 dubito,
2653 3594 2918 3660 sequitur,
2946 3593 3291 3660 Hambergeri
3312 3610 3434 3648 sen-

1866 3685 2108 3748 tentiam,
2142 3684 2427 3737 Zainerum
2457 3693 2576 3751 post
2605 3697 2803 3735 annum
2838 3682 2970 3734 1422
2999 3681 3308 3734 charactere
3333 3698 3429 3750 go-

1863 3775 2009 3830 tltico
2029 3775 2106 3828 uti
2124 3775 2372 3837 desiisse,
2391 3783 2667 3842 postquam
2693 3774 2920 3840 primum
2945 3785 3128 3824 mense
3143 3770 3432 3827 Novembri

1865 3867 1983 3933 ejus
2010 3865 2132 3917 anni
2159 3863 2429 3918 Romanos
2463 3875 2617 3933 typos
2649 3862 2852 3916 Isidoro
2891 3861 3248 3928 imprimendo
3273 3862 3431 3916 adbi-

1862 3959 2064 4012 buisset
2093 3955 2190 4026 (a),
2223 3956 2394 4022 ipsum
2421 3955 2693 4019 fefellisse,
2721 3953 2861 4022 quod
2890 3953 3158 4021 plerisque
3185 3953 3430 4008 accidere

1864 4050 2026 4112 solet,
2054 4048 2144 4116 qui
2170 4046 2328 4100 nimis
2355 4048 2563 4100 exactis
2593 4046 2834 4099 formulis
2866 4045 3065 4099 limites
3101 4061 3164 4098 ac
3193 4055 3429 4114 tempora

1864 4147 2147 4192 eventuum
2185 4144 2275 4190 aut
2306 4137 2667 4189 inStitutorum
2699 4135 3049 4200 quorumdam
3089 4135 3426 4189 circumscri-

1865 4228 1991 4282 bere
2032 4237 2231 4280 amant.
2275 4228 2353 4279 Ac
2377 4241 2624 4293 quamam
2656 4240 2816 4278 causa
2850 4234 2956 4277 tam
2989 4226 3251 4291 repentini
3286 4227 3432 4278 lasti-

1861 4318 1932 4370 dii
1959 4315 2534 4380 Gotlticicharacteris
2571 4317 2621 4369 in
2665 4330 2728 4369 eo
2771 4314 2885 4368 viro
2925 4330 3046 4368 cum
3073 4315 3433 4369 verisimilitua

1861 4407 1986 4460 dine
2019 4407 2142 4474 lingi
2176 4407 2382 4473 possit?

2515 4497 2796 4548 Versiones.

1941 4590 2093 4644 1489.
2137 4590 2263 4646 Sine
2289 4589 2399 4642 loco
2423 4599 2468 4641 et
2501 4599 2697 4659 typogr.
2731 4589 2776 4641 Α
2801 4577 2860 4640 άῖ
2874 4586 2976 4641 XX
3010 4589 3064 4638 di
3090 4588 3276 4655 giogno
3303 4586 3436 4653 (sic).

1855 4685 1909 4734 in
1937 4716 1942 4720 -
1970 4686 2030 4734 4ο
2056 4682 2179 4733 min.
2220 4699 2237 4731 ι
2269 4679 2328 4732 Li
2353 4678 2618 4748 Soliloquj
2645 4679 2731 4733 del
2763 4680 2893 4731 divo
2919 4676 3088 4728 Padre
3109 4682 3262 4726 santo
3283 4675 3428 4743 Ago-

1856 4773 2016 4826 stiuo.
2039 4790 2056 4821 ι
2092 4771 2385 4826 Character
2415 4771 2674 4824 rotundus
2703 4779 2803 4822 est.
2853 4765 3186 4818 Florentiam
3218 4768 3424 4817 natales

1858 4863 1970 4930 ejus
1994 4878 2111 4917 esse
2131 4864 2433 4932 suspicatur
2463 4862 2638 4914 editor
2659 4858 2766 4913 Cat.
2792 4856 3060 4908 Crevennte
3081 4856 3269 4908 noviss.
3295 4855 3354 4907 T.
3385 4856 3433 4920 l,_

1875 4971 1911 5003 ).
1943 4952 2062 5003 111.

1875 4971 1911 5003 ).
1979 4954 2062 5002 11.

1860 4970 1878 5020 ι
1933 4954 2083 5092 11191.
2114 5038 2349 5091 Firense.
2382 5037 2495 5088 Adi
2525 5036 2573 5088 X
2602 5037 2654 5087 d‘t
2685 5035 3003 5100 Novetnbre;
3034 5038 3198 5090 ἱη-ιίο.
3237 5056 3256 5088 t
3283 5037 3430 5092 Soli-

1833 5109 1998 5198 lloquj
2022 5129 2075 5180 di
2097 5138 2251 5181 santo
2286 5126 2584 5194 AuguStino
2607 5127 2825 5193 volgari.
2856 5144 2874 5176 ι
2904 5127 3017 5181 Cat.
3045 5126 3180 5182 Bibl.
3207 5127 3430 5180 Crenen—

1858 5238 1938 5275 nte
1967 5223 2152 5275 noviss.
2185 5221 2218 5271 Ι.
2255 5220 2290 5273 l.

1930 5311 2087 5365 1192.
2122 5308 2409 5363 Mediolani
2435 5348 2449 5361 .
2476 5349 2491 5362 .
2517 5349 2532 5362 .
2559 5348 2572 5364 .
2595 5347 2610 5363 .
2642 5309 2833 5364 iit-8°.
2857 5309 3028 5376 Hujus
3053 5308 3198 5370 anni,
3231 5306 3331 5358 loci
3359 5319 3432 5357 ae.

1859 5401 2044 5453 forma:
2075 5400 2375 5454 versionem
2407 5399 2643 5454 Italicam
2672 5398 2864 5452 horum
2898 5400 3156 5452 librorum
3184 5408 3423 5448 comme—

1855 5500 2026 5542 morat
2059 5487 2294 5542 Denisius
2322 5486 2517 5542 Garell.
2545 5487 2680 5540 Bibl.
2710 5503 2766 5555 p.
2795 5487 2919 5540 9.55.

239 5670 320 5732 la)
348 5668 642 5725 laver/das.
669 5667 894 5726 Nachrr.
921 5668 984 5724 T.
1007 5667 1093 5733 IV,
1119 5683 1169 5738 p.
1202 5666 1327 5734 806,
1354 5665 1440 5720 ubi
1470 5663 1533 5717 de
1557 5663 1874 5719 Zaineriana
1902 5660 1988 5718 ed.
2012 5662 2234 5718 Thema:
2264 5660 2521 5730 Kcmpisii
2554 5656 2814 5729 precipit.
