3908 6308
525 294 624 353 Νι

1406 295 1961 353 SUPPLEMENTUM
2000 296 2090 350 AD
2128 295 2355 351 OPERA
2397 297 2454 352 S.
2496 300 2882 356 AUGUSTINI.
3625 314 3706 366 193

524 412 748 460 tractatu
773 405 840 460 de
869 404 1201 459 Antichristo
1228 404 1338 474 (qui
1387 406 1527 460 inter
1570 406 1776 460 Alcuini
1804 415 1858 460 et
1889 406 2088 460 Raliani
2117 409 2169 466 Α
2195 407 2484 463 Christiana
2514 413 2750 480 feliciter.
2779 411 3042 466 Caeterum
3065 415 3266 469 nescire
3292 431 3374 470 me
3412 418 3594 484 fateor,
3621 439 3706 489 quo

519 511 679 564 opera
712 495 1012 562 reperitur).
1057 494 1243 547 Exstat
1267 495 1318 548 in
1372 494 1600 548 Μὶν-αόὶιί
1646 496 1774 548 libro
1797 535 1810 559 ,
1841 497 1927 562 qui
1956 495 2091 548 Pro-

519 585 739 649 phetias,
772 593 900 650 etc.,
930 584 1281 638 demonstrat.
1305 583 1589 648 Audi/freti.
1623 586 1675 638 in
1699 585 1812 638 Cat.
1842 583 2084 638 Casanat.

517 671 654 725 Bibl.
1427 695 1450 704 -·

759 760 810 814 Χ
825 760 886 814 γ.
914 789 985 801 —-
1013 762 1130 832 (75)
1161 762 1238 815 De
1263 765 1482 816 essentia
1522 761 1838 816 Divinitatis.

586 849 744 904 1510.
775 849 967 918 Lipsiae
1005 868 1096 922 per
1129 851 1512 922 Wolffgangum
1556 851 1883 912 Monacens.;
1915 851 2081 904 ἰη-ιο.

522 958 541 991 ι
581 939 644 993 ι).
684 940 815 994 Aur.
853 941 991 1009 Aug.
1020 941 1176 1010 Hipp.
1204 943 1366 1010 epise.
1401 942 1536 996 liber
1581 941 1651 996 de
1677 942 1906 995 essentia
1952 941 2085 994 divi-

515 1028 721 1095 nitatis,
765 1044 872 1099 quo
909 1030 1576 1102 Anthropomorphitarum
1622 1040 1676 1085 et
1718 1029 2079 1084 Vadianorum

515 1132 726 1173 errores
745 1133 811 1173 ex
839 1120 989 1174 falsis
1015 1123 1368 1189 quorumdam
1399 1121 1841 1189 philosOphorum
1872 1120 2080 1187 opinio-

515 1208 677 1263 nibus
715 1221 932 1265 exortos
965 1212 1231 1279 praecipue
1277 1210 1569 1278 reprobat:
1610 1211 1730 1264 luce
1755 1211 1954 1265 clarius
1983 1226 2078 1264 ex-

515 1298 724 1366 plicans
745 1301 1040 1368 corporalia
1072 1310 1125 1355 et
1149 1300 1380 1354 humana
1415 1300 1671 1355 membra.
1705 1315 1811 1354 non
1851 1303 2079 1355 carnali-

516 1395 599 1439 ter
625 1386 718 1439 sed
741 1388 1089 1454 spiritualiter
1116 1390 1166 1442 in
1198 1390 1366 1444 sacris
1396 1389 1610 1444 litteris.
1643 1388 1905 1444 divinitati
1928 1392 2080 1444 attri-

513 1476 624 1530 bui.
673 1480 908 1533 Annexis
933 1481 1252 1549 quibusdam
1283 1481 1746 1552 annotationibus.
1791 1497 1820 1535 a
1859 1483 2078 1539 doctore

512 1566 705 1637 Magno
752 1568 936 1624 Hundt
963 1571 1388 1640 Parthenopolit.
1432 1575 1484 1626 in
1511 1573 1800 1631 Academia
1826 1575 2073 1646 Liptzen.

512 1673 578 1713 ex
611 1670 852 1729 tempore
881 1662 1153 1720 collectis:
1205 1665 1474 1720 Studiosis
1521 1674 1577 1720 et
1623 1667 1975 1736 philosophis:
2022 1679 2075 1723 et

2192 496 2419 564 primum
2451 508 2736 553 tractatum
2783 502 3034 567 referam,
3082 504 3317 570 suspicor
3363 514 3557 568 tamen,
3584 525 3704 561 cum-

2189 585 2308 638 dcm
2325 600 2445 640 esse
2470 603 2587 641 cum
2611 604 2878 654 sermone,
2904 593 2991 659 qui
3021 593 3178 661 vulgo
3199 594 3260 646 de
3297 593 3525 649 Vanitatc
3553 603 3704 653 S'Bt'ltli

2177 672 2515 740 inscribitur,
2540 676 2682 730 inter
2710 679 2864 731 dubia
2895 680 3096 734 relatus
3125 696 3268 734 num.
3299 682 3351 736 9.

2186 759 2305 814 III.
2345 793 2415 803 —
2453 763 2726 833 Expositio
2764 769 3000 837 Symboli
3042 782 3088 822 et
3133 770 3389 826 Orationis
3434 773 3703 831 Dominita.

2257 854 2382 908 Sine
2404 873 2560 922 anno,
2587 861 2696 912 loco
2725 871 2772 912 et
2795 862 3138 931 typographo,
3169 864 3351 933 in-fol.
3375 864 3430 919 S.
3459 866 3704 936 Augustini

2185 943 2245 996 1ο
2279 945 2552 1013 Expositio
2582 950 2842 1018 Symboli.
2867 951 2930 1003 2°
2963 951 3219 1020 Ejusdem
3250 942 3505 1024 expositio
3529 958 3707 1013 Oratio-

2184 1034 2267 1087 nis
2301 1034 2611 1091 Dominicaz.

2251 1124 2646 1181 Commemorat
2671 1129 2777 1184 duo
2796 1129 2912 1185 haec
2924 1133 3204 1200 opuscula,
3225 1149 3346 1189 cum
3368 1135 3560 1204 aliquot
3583 1138 3707 1192 Tho-

2181 1227 2284 1266 mre
2309 1213 2595 1282 Aquinatis
2622 1227 2674 1272 et
2703 1219 2918 1274 Henrici
2964 1222 3032 1276 de
3073 1221 3290 1290 Hassia,
3324 1223 3459 1279 idem
3491 1239 3610 1292 pene
3634 1242 3707 1280 ar-

2178 1311 2490 1369 gumentum
2513 1309 2965 1363 concernentibus
2989 1317 3043 1363 et
3069 1310 3264 1365 iisdem
3291 1313 3427 1380 typis
3455 1316 3708 1381 expressis,

2176 1401 2475 1458 compacta,
2505 1394 2575 1447 cl.
2609 1394 2876 1450 Seemiller
2909 1397 3034 1453 fasc.
3062 1399 3104 1460 Ι,
3221 1399 3322 1454 152
3356 1415 3436 1470 sq.
3484 1403 3710 1470 impressa

2178 1489 2300 1532 sunt
2320 1481 2633 1539 charactere
2662 1485 2888 1540 Gothico
2918 1488 3159 1541 nonnihil
3191 1491 3380 1558 majori
3403 1502 3456 1545 et
3481 1491 3703 1560 oblongo.

2177 1568 2663 1637 lnterpunctionum
2691 1576 2837 1644 signa
2866 1587 2992 1630 sunt
3031 1586 3305 1643 punctum,
3343 1595 3545 1634 comma
3568 1595 3705 1648 supra

2178 1667 2233 1712 et
2261 1659 2393 1714 intra
2418 1661 2614 1717 lineam
2639 1665 2971 1733 prominens,
3005 1667 3089 1721 cui
3122 1668 3389 1722 interdum
3417 1679 3648 1735 punctum
3668 1669 3710 1722 in

513 1763 786 1805 sacrarum
843 1752 1144 1807 litterarum
1197 1755 1527 1810 amatoribus
1565 1757 1852 1812 admodum
1913 1758 2076 1826 proli-
2106 1747 2154 1806 B
2182 1747 2404 1805 formam
2433 1753 2568 1821 signi
2615 1756 2960 1810 exclamandi
3005 1758 3200 1826 subjici
3231 1760 3313 1812 vir
3340 1759 3578 1812 laudatus
3613 1760 3713 1812 ani-

513 1841 649 1895 cuis.
698 1860 718 1893 s
759 1869 831 1881 -
866 1841 1154 1900 Praemissa
1191 1852 1278 1900 est
1313 1844 1538 1900 editoris
1603 1862 1689 1915 ep.
1729 1847 1796 1900 ad
1856 1847 2074 1900 Paulum

511 1931 854 2002 Schillerum,
882 1933 1078 2002 philos.
1106 1945 1160 1990 et
1180 1935 1278 1991 SS.
1310 1937 1412 1990 litt.
1433 1936 1660 2005 profess.
1686 1937 1830 1994 data.
1862 1939 1915 1993 in
1946 1937 2074 1992 Col-

512 2021 616 2091 leg.
646 2021 878 2092 Princip.
932 2023 1071 2078 1508
1095 2025 1301 2079 decima
1330 2029 1555 2094 septima
1597 2028 1868 2083 Octobris.
1902 2027 2074 2082 Verba

512 2112 792 2181 Augustini
831 2123 886 2168 et
913 2115 1306 2171 Annotationes
1334 2117 1556 2172 alternis
1585 2132 1643 2171 se
1675 2117 1902 2171 invicem
1932 2119 2076 2171 exci-

512 2202 680 2272 piunt.
716 2204 772 2256 In
799 2203 936 2258 Bibl.
968 2204 1159 2260 Colon.
1194 2207 1440 2261 laudatur
1467 2207 1630 2262 editio
1661 2208 1855 2263 ﬂundii
1886 2209 2077 2277 Lipsius

511 2291 670 2358 1509,
694 2307 758 2347 ex
791 2294 1078 2349 Bccmanni
1103 2295 1220 2350 Cat.
1248 2296 1385 2351 Bibl.
1413 2296 1659 2350 Francof.
1686 2311 1741 2364 p.
1775 2297 1862 2352 55.

769 2446 1060 2489 Αιιτιςυιι
1107 2448 1375 2490 εερυτωι
1419 2448 1793 2500 SEQUENTIA.

571 2545 784 2597 Annales
805 2547 1075 2598 editionum
1094 2551 1393 2613 singulorum
1413 2552 1467 2602 S.
1483 2554 1746 2614 Augustini
1764 2555 1995 2604 librorum

741 2651 768 2721 §
808 2652 894 2706 Ill.
936 2652 1264 2722 Scriptorum
1303 2673 1512 2724 prorsus
1550 2658 1844 2712 dubiorum.

893 2741 945 2798 Ι.
971 2772 1041 2783 —
1063 2743 1131 2798 In
1161 2744 1465 2801 Matt/tamin
1493 2746 1689 2803 Comm.

581 2832 704 2886 Sine
749 2850 884 2886 anno
926 2844 972 2886 et
1023 2836 1157 2889 loco.
1189 2834 1246 2890 S.
1281 2839 1564 2905 Augustini
1602 2841 1976 2894 commentarii
2025 2843 2076 2894 in

512 2918 835 2974 Ilattltznnm.
871 2923 972 2974 Per
999 2922 1177 2975 omnia
1203 2922 1424 2976 editioni
1458 2925 1713 2977 librorum
1742 2929 1807 2979 de
1836 2929 2076 2980 doctrina

512 3009 810 3063 Christiana
836 3007 1034 3076 absque
1070 3009 1171 3063 loci
1203 3017 1256 3062 et
1280 3012 1403 3063 anni
1441 3011 1644 3066 indicio
1685 3027 1960 3079 expressa:
2006 3015 2078 3069 si-

2178 1841 2482 1896 madvertit.
2507 1843 2689 1898 Linea:
2718 1847 2934 1916 triginta
2964 1862 3060 1918 per
3083 1849 3327 1918 paginam
3361 1850 3609 1918 integram
3636 1865 3714 1902 nu-

2177 1941 2481 1986 merantur:
2530 1937 2772 2004 numeri,
2808 1938 3132 2006 signaturaa,
3173 1938 3455 2002 custodes,
3499 1953 3594 1992 nec
3629 1954 3715 1991 non

2177 2019 2410 2076 iuitiales
2441 2023 2634 2078 littera:
2663 2025 2875 2080 desunt.

2248 2109 2375 2164 Sine
2393 2128 2549 2177 anno,
2581 2113 2752 2169 locoet
2781 2127 3016 2186 typogr.;
3045 2116 3186 2168 in-4°
3219 2117 3344 2168 min.
3377 2116 3434 2171 S.
3472 2114 3723 2183 Augustini

2177 2201 2237 2253 1ο
2266 2216 2446 2255 sermo
2497 2217 2658 2270 super
2701 2205 2945 2259 oratione
2995 2206 3298 2268 Dominica,
3357 2205 3420 2257 2°
3474 2205 3725 2273 Expositio

2177 2290 2440 2357 Symboli.
2473 2293 2529 2346 5°
2559 2293 2748 2346 Sermo
2779 2295 2846 2346 de
2874 2295 3132 2347 ebrietate
3161 2294 3427 2346 cavenda.

2249 2380 2371 2433 Tria
2399 2380 2511 2434 haec
2540 2382 2825 2450 opuscula,
2844 2397 3072 2448 quorum
3103 2395 3274 2448 penes
3302 2381 3549 2436 eumdem
3577 2382 3724 2433 virum

2177 2470 2394 2524 doctum
2424 2470 2558 2526 fasc.
2591 2470 2647 2535 l,
2681 2486 2733 2539 p.
2767 2471 2888 2537 165,
2915 2470 3171 2524 memoria
3215 2480 3304 2524 est
3353 2471 3564 2538 prodita
3586 2514 3598 2535 ,
3641 2483 3726 2524 uno

2177 2561 2444 2615 volumine
2472 2576 2565 2616 vut
2597 2561 2840 2615 foliorum
2863 2601 2876 2622 ,
2921 2562 2990 2614 ita
3011 2602 3024 2621 .
3073 2572 3131 2614 ut
3160 2560 3401 2627 separari
3450 2569 3722 2626 nequeant,

2178 2650 2723 2720 comprehenduntur.
2751 2651 3102 2703 Characteres
3129 2690 3142 2714 ,
3177 2650 3368 2701 eodem
3404 2657 3569 2707 teste.
3618 2656 3721 2700 sunt

2178 2742 2411 2807 Gothici,
2440 2743 2654 2807 minuti,
2686 2741 2781 2795 sed
2807 2739 3091 2793 admodum
3123 2739 3367 2806 pingues,
3396 2753 3501 2790 non
3531 2738 3718 2791 absimi-

2180 2831 2258 2884 les
2288 2831 2353 2884 iis
2383 2845 2517 2898 quos
2544 2830 2811 2898 imprimis
2837 2828 3116 2883 Udalricus
3137 2826 3227 2879 Zel
3252 2829 3558 2895 frequenter
3587 2827 3718 2880 adbi-

2184 2919 2326 2984 buit,
2353 2921 2588 2972 minores
2638 2928 2837 2973 tamen.
2891 2919 3256 2971 Distinctionis
3283 2917 3490 2985 signum
3521 2918 3717 2984 laqueus

2183 3007 2283 3060 hac
2309 3006 2477 3060 forma
2513 3009 2593 3074 ιφ
2615 3004 2652 3069 l.
2690 3007 2968 3070 Numeris,
3004 3007 3328 3076 signaturis,
3353 3007 3650 3061 custodibus
3675 3017 3715 3057 et

511 3100 665 3151 miles
704 3112 823 3151 esse
853 3099 1013 3149 tradit
1046 3097 1138 3150 Ge.
1187 3096 1332 3163 Pray
1363 3099 1414 3152 in
1444 3098 1559 3153 Cat.
1585 3099 1723 3154 Bibl.
1754 3078 1892 3154 Bud.
1924 3104 1986 3155 Τ.
2021 3103 2076 3167 l,
2105 3078 2148 3138 (ἶ
2184 3097 2379 3150 litteris
2408 3097 2704 3150 initialibus
2731 3105 2897 3152 caret.
2923 3097 3121 3166 Pagina
3144 3098 3296 3166 juxta
3320 3099 3488 3152 lineas
3514 3097 3576 3150 ‘27
3601 3111 3716 3149 com-

512 3201 562 3253 p.
597 3185 682 3239 89.
711 3184 940 3251 Uterque
968 3185 1101 3238 liber
1131 3185 1292 3239 etiam
1333 3203 1440 3242 uno
1462 3190 1740 3245 volumine
1769 3193 1820 3244 in
1854 3193 1956 3244 ista
1996 3193 2080 3245 Bi-

511 3276 774 3329 bliotheca
799 3276 1356 3344 comprehendebatur
1398 3288 1453 3334 et
1495 3280 1682 3334 Prains
1712 3282 2080 3351 descripturus

513 3373 631 3420 erat
659 3366 981 3436 accuratius,
1017 3368 1071 3422 ni
1095 3369 1338 3424 mutilum
1357 3372 1515 3441 hujus
1537 3375 1842 3441 exemplum
1872 3375 2078 3428 fuisset.

513 3458 702 3513 Nescio
729 3474 794 3511 an
823 3457 892 3513 sit
919 3461 1176 3528 particula
1206 3462 1557 3527 Quaestionum
1603 3463 2036 3537 Evangelicarum
2064 3507 2078 3530 ,

511 3564 626 3617 qua:
651 3548 796 3604 inter
818 3551 1046 3618 genuina
1077 3568 1129 3604 n.
1162 3551 1224 3604 41
1255 3565 1623 3608 recensentur.

852 3641 939 3696 ΙΙ.
978 3673 1049 3684 ·-
1085 3643 1164 3697 De
1202 3644 1523 3699 Vanitatibus
1550 3649 1747 3702 swculi.

584 3734 706 3788 Sine
748 3752 906 3800 anno,
946 3738 1056 3788 loco
1097 3745 1142 3787 et
1185 3743 1425 3806 typogr.;
1473 3737 1639 3789 in-40.
1673 3739 1733 3792 S.
1769 3740 2076 3808 Augustini,

513 3825 741 3891 episcopi
768 3824 1151 3890 Hipponensis,
1173 3823 1230 3875 1ο
1257 3825 1323 3878 de
1345 3825 1683 3878 Vanitatibus
1700 3829 1902 3894 saeculi,
1926 3830 1989 3880 20
2013 3831 2080 3884 de

516 3911 631 3962 \‘ita
662 3909 984 3963 Christiana.

583 4000 748 4068 l‘lujus
772 4000 1021 4052 editionis
1044 4001 1378 4067 memoriam,
1397 4011 1456 4056 ut
1483 4012 1557 4056 tot
1581 4004 1826 4068 aliarum,
1850 4021 1968 4074 qua:
1995 4025 2082 4061 ra-

515 4091 725 4145 rissime
755 4090 882 4143 alias
928 4091 1233 4161 obtingunt,
1267 4094 1497 4148 servavit
1523 4096 1590 4149 cl.
1625 4096 1912 4150 Seemiller
1948 4101 2076 4150 fasc.

515 4181 578 4244 ll,
610 4193 661 4247 p.
695 4179 817 4233 150.
852 4179 1100 4247 Separari
1127 4181 1233 4234 duo
1261 4183 1374 4237 hazc
1404 4184 1662 4253 opuscula
1695 4200 1798 4239 non
1832 4196 2075 4254 possunt,

516 4280 672 4341 atque
702 4286 805 4325 una
837 4281 1084 4326 constant
1116 4273 1257 4330 foliis
1306 4291 1458 4342 XXIII,
1493 4276 1649 4331 lineis
1697 4278 1770 4334 25
1799 4294 1891 4346 per
1935 4279 2079 4347 pagi-

515 4374 658 4427 nam,
705 4360 1017 4415 charactere
1065 4361 1292 4417 Gothico
1332 4366 1488 4431 paulo
1519 4366 1730 4434 majori,
1760 4368 1992 4435 ohlongo
2023 4375 2076 4422 et

516 4453 788 4507 luculento
807 4494 821 4515 ,
864 4452 1076 4516 eodem,
1101 4470 1205 4524 quo
1231 4455 1508 4510 Conradus
1533 4457 1697 4512 Finer
1720 4459 2077 4529 Esslingensis

515 4559 642 4598 usus
668 4553 751 4597 est
781 4542 881 4612 (a),
912 4543 1208 4614 impressis.
1238 4547 1444 4601 Absunt
1472 4552 1743 4615 custodes,
1774 4551 2080 4621 signaturm,

514 4633 723 4688 numeri
753 4643 806 4688 et
854 4635 1232 4704 inscriptiones
1285 4639 1614 4707 paginarum.
1664 4644 1909 4693 Attamen
1964 4641 2083 4694 dua:

514 4725 746 4779 initiates
796 4726 990 4781 litterte
1033 4727 1221 4780 borum
1255 4729 1633 4797 opusculorum
1683 4728 1872 4781 formis
1899 4729 2085 4796 ligneis

516 4812 788 4880 impressa:
842 4830 984 4872 sunt.
1034 4819 1275 4872 Initium:
1312 4817 1499 4886 Incipit
1551 4821 1675 4872 liber
1705 4819 1977 4888 Augustini
2023 4821 2085 4872 de

522 4901 848 4956 Vauitatibus
901 4911 1080 4961 seculi.
1137 4910 1248 4964 Sub
1295 4908 1454 4963 finem
1517 4909 1622 4963 folii
1669 4910 1836 4978 quinti
1890 4911 2079 4978 pagina

517 5005 707 5045 aversa
749 4994 952 5050 duabus
982 4999 1139 5052 lineis
1165 5016 1179 5052 :
1218 5001 1440 5068 Explicit
1469 5002 1595 5053 liber
1626 5002 1789 5053 sancti
1818 5000 2090 5072 Augustini

517 5080 582 5132 tle
611 5079 936 5134 Vanitatibus
984 5089 1137 5139 seculi
1185 5091 1417 5156 feliciter.
1463 5092 1596 5145 Tum
1645 5091 1697 5145 in
1745 5091 1922 5146 fronte
1970 5091 2085 5146 folii

516 5171 653 5224 sexti
681 5186 695 5223 :
726 5168 982 5242 Prologus
1011 5174 1124 5226 libri
1165 5176 1296 5232 beati
1323 5178 1599 5247 Augustini
1623 5181 1687 5234 de
1730 5181 1848 5234 Vita
1879 5180 2087 5250 Xpiaua

515 5260 698 5329 incipit
718 5259 937 5330 feliciter
959 5280 979 5328 ;
1005 5270 1162 5331 atque
1190 5266 1241 5317 in
1264 5275 1504 5321 extrema
1532 5270 1742 5323 tandem
1773 5272 1960 5340 pagina
1993 5272 2087 5324 tri-

515 5349 614 5405 bis
663 5351 856 5407 lineis:
907 5350 1136 5420 Explicit
1183 5355 1309 5408 liber
1337 5357 1503 5410 sancti
1553 5345 1828 5427 Augustini
1855 5361 1918 5414 de
1971 5360 2086 5414 Vita

588 5549 662 5614 (ιι)
704 5549 866 5617 Cujus
891 5550 1061 5616 gratia
1094 5549 1320 5602 lectores
1359 5547 1570 5614 ablegat
1593 5549 1655 5602 ad
1688 5516 1914 5602 Gerltolti
1938 5549 2076 5604 Stei-

517 5616 786 5684 qenberger
817 5618 1244 5673 literarisclt-ltrit.
1277 5619 1407 5672 Abh.
1446 5622 1527 5671 tib.
1558 5621 1640 5674 die
1667 5635 1770 5671 :u'o
1795 5619 2082 5674 allcracltc-

2183 3186 2455 3255 plectitur.

2489 3274 2592 3328 IV.
2631 3304 2702 3315 —
2742 3274 2816 3327 De
2865 3275 3048 3329 virtute
3084 3275 3435 3330 Psalmorum.

2252 3365 2377 3420 Sine
2405 3381 2563 3428 anno,
2592 3367 2703 3418 loco
2732 3375 2777 3418 et
2801 3377 3033 3436 typogr.;
3056 3368 3211 3420 ενι-4ο.
3242 3369 3302 3420 ιιι
3325 3369 3522 3422 fronte:
3551 3365 3717 3432 Incipit

2183 3457 2497 3525 Augustinus
2530 3456 2605 3510 De
2633 3458 2814 3508 virtute
2864 3457 3195 3526 psalmorum.
3251 3457 3307 3510 lu
3355 3458 3490 3511 line:
3526 3454 3716 3525 Explica

2182 3550 2496 3616 Augustinus
2516 3548 2578 3602 de
2617 3550 2800 3600 uirtute
2850 3550 3185 3617 psalmorum.
3215 3548 3299 3602 Cl.
3331 3548 3582 3603 Seemiller
3608 3545 3715 3597 fasc.

2181 3639 2247 3703 ll,
2282 3655 2332 3706 p.
2367 3638 2486 3691 165.
2518 3638 2840 3706 [inpressum
2873 3639 3222 3692 estvtilumen
3244 3683 3258 3704 ,
3299 3639 3398 3692 hoc
3449 3647 3602 3698 te~te,
3627 3634 3717 3687 Go-

2183 3730 2326 3782 thico
2351 3729 2666 3782 charactere
2691 3729 2983 3796 singularis
3012 3729 3195 3781 formae
3219 3741 3273 3780 ct
3304 3731 3462 3796 justa:
3491 3725 3717 3794 magnitu-

2181 3817 2324 3872 dinis
2354 3800 2405 3870 in
2439 3817 2622 3870 charta
2665 3819 2781 3872 alba
2815 3833 2877 3870 ac
2919 3819 3082 3870 nitida
3106 3860 3120 3882 ,
3149 3820 3356 3886 alisque
3401 3816 3712 3872 custodibus.

2182 3909 2454 3975 numeris,
2488 3917 2591 3963 etc.
2645 3910 2743 3963 nisi
2772 3910 2909 3978 quod
2941 3909 3121 3978 priora
3153 3910 3394 3981 quinque
3443 3909 3563 3963 folia
3593 3918 3716 3976 typo-

2181 4000 2416 4069 graphus
2445 4001 2695 4069 signavit.

2252 4090 2378 4145 Sine
2405 4106 2559 4143 anno.
2596 4089 2833 4150 Par.'siis,
2866 4106 2956 4159 per
2987 4088 3200 4157 Dionys.
3232 4089 3408 4152 Roce;
3455 4085 3600 4140 in-8°.
3629 4083 3716 4134 Au-

2182 4184 2426 4251 gustinus
2447 4182 2515 4234 de
2541 4181 2743 4233 Virtute
2764 4180 3117 4232 Psalmorum.
3163 4177 3547 4247 Typograplms
3574 4189 3629 4225 ex
3655 4169 3713 4222 si-

2179 4284 2284 4339 gno
2307 4271 2460 4322 titulo
2490 4271 2755 4337 impresso
2786 4268 3043 4322 noscitur.
3073 4267 3192 4320 Vid.
3227 4284 3299 4321 ex
3327 4268 3509 4322 eadem
3532 4262 3713 4318 ofﬁcina

2183 4363 2372 4416 librum
2407 4360 2468 4415 de
2505 4361 2618 4414 Vita
2645 4361 2954 4414 Christiana.
2989 4359 3044 4413 In
3078 4360 3189 4412 Cat.
3222 4358 3362 4412 Bibl.
3388 4358 3538 4412 Bodl.
3587 4351 3715 4418 hujus

2184 4453 2305 4506 libri
2333 4453 2498 4507 editio
2521 4453 2794 4521 quaternis
2818 4455 2925 4504 sine
2949 4451 2987 4502 ι.
3017 4460 3065 4504 et
3089 4468 3142 4504 a.
3173 4452 3364 4504 indicio
3390 4451 3515 4503 facta
3547 4457 3714 4498 incum-

2187 4556 2354 4598 ratur.

2785 4631 3010 4687 CAPUT
3049 4632 3136 4686 IV.

2258 4726 2597 4793 Deﬂoratores
2628 4735 2672 4778 et
2703 4723 3133 4778 Commentatores
3174 4723 3420 4793 praecipui
3461 4719 3660 4784 Operam

2777 4794 2837 4849 S.
2870 4794 3161 4865 Augustini.

2257 4907 2535 4962 Casimirus
2563 4906 2800 4959 Oudinus
2819 4906 2871 4958 in
2894 4903 3292 4957 Commentario
3317 4905 3378 4955 de
3406 4890 3711 4984 Scriptoribt-s

2189 4996 2562 5050 Ecclesiasticis
2590 4997 2758 5050 Tomo
2783 4994 2824 5059 l,
2851 5008 2968 5061 pag.
3003 4992 3126 5056 990,
3152 4992 3393 5045 absoluta
3419 4988 3524 5056 jam
3552 4979 3711 5035 notitia

2187 5092 2254 5144 de
2284 5090 2414 5152 vita,
2438 5089 2655 5155 scriptis
2680 5095 2735 5139 et
2759 5083 3085 5139 editionibus
3112 5083 3170 5138 S.
3205 5078 3512 5149 Augustini,
3559 5074 3710 5134 sinﬁu'

2186 5181 2300 5234 lare
2351 5186 2511 5247 caput
2551 5154 2625 5228 ide
2681 5173 3084 5244 Deﬂoratoribus
3132 5173 3209 5226 uel
3260 5154 3709 5250 Commentatoribﬂf

2187 5271 2257 5324 D.
2291 5270 2583 5338 Augustini,
2608 5278 2711 5321 tam
2741 5266 2980 5335 antiquis,
3004 5280 3159 5334 quam
3179 5259 3459 5315 recentibus
3477 5249 3708 5350 pracipull

2188 5359 2500 5432 perscripsit
2528 5367 2582 5411 et
2604 5357 2825 5425 reliquis
2859 5365 3127 5424 tamquam
3141 5355 3410 5421 septimum
3438 5357 3482 5400 et
3506 5341 3707 5397 ultimum

2187 5558 2261 5599 ste
2289 5548 2431 5612 gcdr.
2461 5546 2698 5600 deutsche
2726 5545 2936 5610 Bibeln,
2976 5553 3107 5607 etc.,
3138 5543 3224 5610 qtti
3253 5543 3385 5596 Tab.
3415 5538 3509 5600 Ill,
3544 5551 3589 5586 η.
3620 5530 3647 5583 5
3668 5530 3705 5578 el

2188 5619 2240 5684 4,
2269 5617 2513 5671 etttttdem
2552 5631 2656 5670 acre
2689 5615 3027 5669 incidendum
3064 5615 3288 5667 curavit.
