3908 6316
131 330 232 382 193

1048 322 1325 378 NOTITIA
1363 322 1783 378 LITTERARIA
1823 322 1887 377 IN
1927 322 1986 378 S.
2031 321 2504 381 AUGUSTINUM.

3301 334 3324 388 1
3336 333 3405 390 91

123 447 350 516 adjecit.
386 445 552 509 Quem
579 442 757 496 secuti
798 442 1042 493 Auctores
1075 439 1149 492 Μ.
1178 439 1509 493 Bibliotheca
1536 439 1716 492 Ecclc-
1745 445 1797 501 Λ
1825 440 2122 510 Apostolum
2148 456 2211 492 ea:
2240 439 2493 509 Operibus
2536 441 2813 512 Augustini
2854 444 3165 515 decerptum,
3209 451 3401 518 grandi

122 540 353 592 siasticte
380 533 739 600 Coloniensis,
773 540 944 585 totum
972 546 1106 598 pene
1136 540 1346 583 servata
1387 530 1546 583 etiam
1597 530 1714 597 epi-

123 628 332 697 graphe
364 625 416 678 in
440 621 865 677 commentarios
886 635 1032 685 suos,
1053 635 1186 672 voce
1208 619 1545 675 Aucusrmus
1569 635 1714 672 num.

125 718 213 783 Vl,
249 730 371 785 pag.
406 713 532 777 767,
560 711 891 776 retulerunt,
926 710 998 762 ita
1031 718 1240 775 tamen,
1274 718 1333 762 ut
1357 710 1581 764 resectis
1612 709 1674 762 iis
1697 751 1710 775 ,

126 809 190 861 de
219 806 413 874 quibus
442 804 550 856 alio
571 803 688 854 loco
705 799 1045 854 commodius
1070 799 1234 853 verba
1258 799 1529 864 fecissent,
1553 814 1716 852 auxe-

126 903 233 952 rint
279 896 444 949 etiam
492 908 600 946 non
654 890 983 960 pteuitendis
1012 889 1402 944 additionibus.
1440 889 1712 959 Optimum

125 989 428 1044 institutum
450 1001 480 1038 a
515 984 672 1037 nobis
702 998 809 1037 non
829 983 948 1036 sine
975 982 1242 1035 lectorum
1271 981 1598 1036 detrimento
1623 981 1716 1034 de-

123 1079 228 1134 seri
257 1092 417 1144 posse
448 1076 758 1128 videbatur.
806 1073 914 1128 Sed
963 1072 1330 1126 intelleximus
1370 1072 1562 1135 etiam,
1596 1088 1714 1140 qua:

125 1177 191 1223 ab
224 1169 333 1222 illis
363 1168 660 1220 novissime
685 1174 940 1234 congesta
988 1174 1143 1218 erant
1167 1205 1182 1228 ,
1215 1164 1401 1230 paucis
1430 1172 1636 1216 tantum
1662 1164 1712 1217 in

129 1261 258 1312 locis
279 1257 718 1311 emendationem
746 1255 982 1324 aliquam
1023 1253 1339 1308 desiderare
1373 1263 1427 1308 et
1465 1255 1713 1322 pauciora

131 1355 332 1412 inesse,
359 1365 481 1418 qua:
513 1359 712 1401 nostrae
744 1346 1054 1400 tractationi
1083 1354 1205 1413 apta
1233 1359 1339 1398 non
1373 1353 1579 1400 essent.
1605 1345 1713 1399 Nec

136 1441 454 1512 sperandum
483 1439 608 1504 fuit,
641 1451 696 1492 ut
721 1439 820 1506 ipsi
848 1438 1108 1504 ampliora
1133 1437 1533 1505 quodammodo
1559 1438 1712 1489 dare-

136 1548 266 1595 mus,
295 1532 613 1599 quinimmo,
649 1543 772 1597 qua:
814 1529 865 1582 in
892 1530 1139 1596 proprias
1161 1528 1446 1581 schedulas
1475 1528 1713 1596 digesse-

139 1641 316 1680 ramus
341 1625 408 1677 ad
448 1625 617 1676 hocce
648 1631 1023 1690 argumentum
1076 1620 1396 1687 spectantia,
1437 1620 1504 1673 ad
1546 1636 1709 1675 unum

140 1716 308 1768 omnia
334 1714 400 1766 ab
421 1713 526 1766 illis
547 1721 807 1779 occupata
833 1725 952 1763 esse
976 1711 1345 1778 cognovimus.
1370 1710 1709 1779 Quapropter

1819 532 1954 585 satis
1972 532 2239 585 volumine
2269 530 2508 585 nondum
2537 531 2884 602 impressum,
2906 550 3072 605 penes
3102 551 3162 591 se
3185 538 3404 594 habuis-

1816 638 1879 677 se
1919 631 2144 676 testatur
2191 622 2397 691 Lupus,
2431 622 2796 680 Ferrariensis
2849 627 3036 690 abbas,
3068 627 3294 697 epistola
3325 631 3394 685 76

1819 714 1886 768 ad
1930 715 2301 782 llincmarum,
2348 732 2399 784 p.
2439 718 2564 774 118.
2605 719 2795 774 Exstat
2851 720 3032 778 autem
3080 722 3133 775 in
3181 721 3398 777 duobus

1821 819 1953 858 mss.
1999 807 2402 873 exemplaribus
2447 809 2586 876 apud
2619 809 2883 865 Joannem
2914 811 3304 880 Mabillonium,
3335 829 3400 868 ex

1819 895 2148 950 bibliotheca
2182 896 2236 951 8.
2272 897 2528 952 Germani
2560 900 2854 965 Pratensis,
2888 911 2944 955 ut
2969 903 3107 956 idem
3140 911 3397 959 testatur.

1821 986 1953 1041 Vide
1979 1003 2097 1056 quze
2133 987 2294 1040 habet
2319 987 2628 1059 Stephanus
2657 990 2905 1046 Daluzius
2941 993 2991 1046 in
3022 991 3176 1047 Notis
3205 991 3270 1046 ad
3293 993 3400 1047 Lu-

1817 1095 1944 1148 pum
1978 1078 2382 1133 Ferrariensem
2415 1098 2468 1149 p.
2500 1080 2624 1136 405.
2665 1081 2802 1136 Oud.

1888 1169 2140 1240 Magister
2169 1169 2384 1235 Florus,
2418 1172 2795 1242 Lugdunensis
2829 1175 3081 1230 Ecclesiae.
3103 1177 3393 1244 diaconus,

1821 1264 1971 1317 circa
1994 1279 2046 1316 a.
2081 1263 2187 1318 850
2227 1263 2477 1334 inclytus,
2510 1265 2726 1333 scripsit
2748 1266 3181 1321 Commentarium
3208 1270 3259 1322 in
3290 1286 3400 1322 om-

1817 1368 1905 1406 nes
1934 1352 1995 1407 S.
2028 1351 2190 1405 Pauli
2216 1351 2481 1419 Epistolas
2511 1371 2573 1407 ea:
2595 1354 2654 1409 S.
2689 1357 2968 1427 Augustini
3011 1358 3233 1426 Scriptis
3271 1375 3396 1410 con-

1815 1452 2031 1509 textum,
2057 1444 2146 1513 qui
2176 1443 2404 1498 habetur
2438 1457 2582 1499 tumo
2611 1445 2675 1499 Vl
2705 1447 2939 1512 Operum
2970 1448 3154 1512 Bedm,
3181 1450 3230 1503 ei
3266 1450 3398 1503 falso

1814 1538 2102 1606 ascriptus.
2132 1537 2266 1591 Nam
2299 1537 2451 1590 Flori
2483 1539 2640 1592 istius
2677 1555 2799 1594 esse
2847 1556 2911 1596 ex
2966 1542 3216 1610 pluribus
3263 1556 3390 1595 mss.

1812 1630 2092 1684 codicibus
2118 1630 2303 1684 docuit
2323 1631 2561 1685 Joannes
2582 1631 2857 1699 Mabillon,
2884 1633 3271 1700 Disquisitione
3299 1632 3398 1687 hac

1813 1723 1879 1776 de
1909 1739 1969 1777 re
1997 1725 2298 1792 composita
2346 1723 2714 1776 Analectorum
2744 1725 2807 1778 T.
2852 1725 2896 1789 Ι,
2925 1740 2978 1793 p.
3004 1724 3073 1778 12
3116 1741 3260 1794 sqq.,
3292 1740 3397 1794 qua

143 1809 436 1861 nullatenus
467 1805 853 1867 duhitutitnus,
876 1801 1132 1870 quidquid
1164 1802 1216 1852 in
1251 1809 1357 1853 tcta
1391 1802 1487 1855 hac
1517 1801 1708 1855 Oudini
1741 1804 1788 1862 B
1817 1813 1977 1867 etiam
2025 1814 2287 1877 ostendit,
2322 1815 2612 1882 genuinum
2648 1815 2804 1868 Beda:
2835 1814 3293 1868 commentarium
3327 1815 3394 1866 εει)

139 1897 594 1951 etColoniensiuui
624 1893 1009 1947 dissertatione
1033 1891 1186 1944 nobis
1212 1891 1551 1959 probaretur,
1579 1892 1710 1961 ipsis

139 2004 315 2040 eorum
348 1986 528 2040 verbis
576 1985 683 2038 huc
707 1982 1032 2048 transferre,
1060 1982 1354 2035 dummodo
1395 1998 1500 2036 non
1533 1983 1710 2038 alieno

141 2081 320 2131 merito
349 2076 640 2145 quidquam
667 2072 1002 2127 subtraxisse
1035 2072 1370 2125 videremur.

202 2170 405 2223 Primus
430 2167 533 2220 fuit
557 2165 617 2220 S.
637 2165 866 2235 Prosper
892 2165 1201 2234 Aquitanus,
1223 2165 1312 2233 qui
1337 2163 1479 2217 circa
1507 2180 1706 2218 annum

141 2257 239 2312 150
265 2257 456 2310 librum
477 2255 869 2310 Sententiarum
891 2270 956 2306 ea:
973 2254 1036 2307 S.
1052 2253 1341 2324 Augustino
1360 2254 1708 2308 delibutarum

137 2348 379 2414 coniecit,
425 2347 611 2401 studio
663 2345 753 2398 Jo.
804 2362 838 2397 a
887 2344 1092 2398 Fuclite
1139 2344 1429 2412 aliquoties
1476 2348 1704 2399 seorsim

140 2440 358 2503 editum,
383 2438 445 2492 de
473 2454 581 2506 quo
612 2452 712 2491 nos
739 2453 836 2490 suo
863 2438 1002 2490 loco.
1034 2435 1412 2503 Colonienses,
1452 2438 1608 2490 titulo
1639 2438 1704 2490 Ii-

139 2531 213 2582 bri
245 2544 349 2583 non
392 2529 525 2582 satis
555 2528 773 2596 integro
816 2526 1042 2594 inducti,
1075 2529 1392 2582 memoriam
1424 2529 1542 2597 ejus
1573 2538 1706 2581 tutn-

134 2637 282 2688 quam
314 2619 478 2688 ipsius
509 2618 740 2672 edizoris
770 2618 962 2687 opella)
991 2625 1114 2685 post
1143 2617 1351 2671 Lumnii
1378 2618 1706 2672 Tliesuurum

133 2712 481 2766 inseruerunt.
510 2710 794 2762 Proximus
815 2717 975 2762 aetate
999 2708 1118 2772 luit,
1150 2711 1234 2762 cui
1266 2710 1500 2776 primum
1527 2710 1704 2761 locum

132 2802 181 2854 iu
209 2804 306 2856 hac
333 2803 476 2856 serie
509 2799 735 2855 dederat
764 2799 1029 2853 Oudinus.

196 2891 495 2962 Eugyppius
534 2891 701 2946 abbas
727 2899 784 2945 et
820 2890 1111 2960 presbyter
1137 2889 1435 2944 Africanus
1465 2905 1592 2944 scrc.
1629 2906 1702 2958 vt,

133 2984 218 3051 qui
244 2983 538 3046 sententias,
567 2983 897 3050 quastiones,
929 2990 1060 3046 etc.,
1086 2995 1150 3034 ex
1184 2979 1246 3033 S.
1273 2979 1554 3049 Augustini
1571 2980 1707 3033 scri-

134 3075 234 3142 ptis
261 3072 541 3129 delloravit
567 3080 623 3127 et
652 3074 705 3126 in
732 3087 899 3126 unum
937 3085 1158 3140 corpus,
1191 3071 1276 3124 cui
1307 3069 1555 3124 Thesauri
1601 3085 1700 3124 no-

1813 1905 2061 1972 evulgato
2104 1919 2224 1958 esse
2272 1919 2408 1973 Opus
2452 1906 2751 1968 diversum,
2786 1905 2949 1972 idque
2984 1904 3220 1956 nondum
3256 1906 3396 1974 typis

1811 1995 2016 2050 editum
2048 2010 2215 2064 penes
2247 2011 2306 2048 se
2333 1995 2555 2062 habere,
2588 1995 2879 2064 aliquando
2920 1995 2972 2048 in
3006 1994 3184 2049 lucem
3215 1995 3397 2062 profe~

1811 2087 2061 2140 rendum.
2110 2085 2254 2141 Alibi
2283 2093 2461 2140 tamen
2503 2086 2761 2142 observat
2804 2088 2856 2139 in
2894 2089 2927 2140 5
2961 2100 3093 2140 mss.
3124 2086 3396 2140 codicibus

1811 2177 2039 2230 abbatiua
2068 2176 2125 2231 S.
2167 2176 2305 2231 Galli
2335 2178 2388 2231 in
2437 2177 2703 2242 Helvetia,
2735 2177 2826 2245 qui
2881 2191 3145 2231 annorum
3192 2176 3296 2230 800
3330 2186 3386 2230 et

1810 2267 1913 2320 700
1936 2275 2086 2333 sunt,
2121 2268 2257 2321 hanc
2286 2268 2457 2336 ipsam
2482 2268 2641 2322 Beda:
2666 2269 3061 2336 exp0sitionem
3095 2267 3194 2321 sub
3224 2266 3393 2320 uomi-

1809 2374 1877 2414 nc
1900 2359 2051 2413 Flori
2080 2362 2361 2429 presbyteri
2390 2362 2678 2429 contineri,
2713 2363 2778 2416 de
2808 2378 2908 2431 qua
2938 2360 3065 2416 vide
3088 2376 3206 2430 qua:
3235 2375 3393 2413 anno.

1810 2452 1945 2506 tavit
1968 2453 2180 2506 erudite
2209 2453 2272 2506 Τ.
2302 2452 2367 2506 ιν
2403 2455 2770 2507 Analectorum
2794 2469 2846 2522 p.
2880 2452 3002 2508 650.
3042 2451 3392 2506 Abbreviavit

1805 2544 2080 2614 prolixum
2107 2542 2260 2597 Flori
2282 2543 2722 2598 Commentarium
2742 2547 2797 2598 in
2818 2544 3078 2612 Epistolas
3107 2543 3392 2597 Paulicir-

1806 2649 1868 2687 ca
1915 2649 1967 2686 a.
2027 2634 2164 2688 1180
2210 2632 2462 2688 Robertus
2511 2637 2574 2688 de
2618 2634 2917 2697 Torinneio,
2952 2634 3002 2686 in
3035 2633 3390 2697 Normannia,

1806 2724 1977 2777 abbas
2009 2724 2065 2778 S.
2097 2722 2370 2778 Michaelis
2397 2726 2465 2779 de
2491 2725 2694 2790 Monte,
2725 2725 2980 2778 dioecesis
3007 2723 3389 2787 Abrincensis,

1807 2830 1966 2884 quem
1990 2813 2285 2869 arbitratus
2323 2823 2407 2869 est
2443 2824 2718 2883 speetasse
2749 2815 2818 2869 ad
2848 2814 3067 2868 Petrum
3100 2813 3391 2881 Tripolita-

1807 2920 1956 2972 num,
1985 2920 2256 2975 quamque
2297 2906 2622 2960 sententiam
2676 2906 2743 2960 ad
2790 2920 2989 2960 annum
3041 2903 3244 2958 Christi
3285 2903 3390 2958 562

1807 2999 2068 3053 Baronius
2091 2997 2380 3067 amplexus
2404 3007 2509 3064 est,
2537 2998 2694 3068 cujus
2722 2997 3045 3051 Abbreviatio
3075 3011 3178 3050 ms.
3211 3003 3390 3050 exstat

1805 3091 1944 3144 inter
1964 3103 2094 3145 mss.
2119 3089 2334 3145 codices
2352 3090 2697 3146 bibliotheca:
2719 3089 2777 3145 S.
2800 3088 3080 3144 Michaelis
3102 3087 3170 3142 de
3183 3087 3385 3142 Monte.

136 3181 249 3219 men
276 3167 417 3232 fecit,
451 3165 698 3234 collegit.
725 3163 823 3218 Hic
859 3179 981 3217 cum
1004 3163 1068 3216 ad
1094 3173 1342 3216 nostrum
1385 3163 1547 3216 etiam
1571 3178 1699 3218 cen-

1811 3179 1998 3235 Exstat
2025 3187 2202 3235 autem
2232 3179 2471 3251 Epistola
2513 3189 2559 3234 et
2600 3180 2857 3251 Prologus
2886 3180 2941 3233 in
2972 3179 3388 3234 Abbreviationes

138 3271 246 3311 sum
277 3259 569 3327 pertineat,
600 3256 758 3325 plura
794 3256 863 3311 de
894 3270 961 3310 eo
1007 3255 1061 3309 in
1109 3255 1355 3324 sequenti
1388 3265 1532 3310 tomo
1557 3256 1702 3312 dicta

141 3348 386 3402 invenies.

199 3440 334 3494 Inter
357 3455 484 3495 mss.
521 3440 742 3495 codices
767 3439 898 3494 bibl.
933 3440 1153 3494 Venetae
1183 3439 1477 3494 cardinalis
1510 3439 1704 3493 Bessa-

137 3532 306 3594 rioois,
329 3540 502 3586 exstat
531 3532 674 3586 Petri
704 3532 914 3585 abbatis
936 3531 1260 3600 Tripolitani
1284 3532 1501 3585 nomine
1525 3530 1704 3599 Expo-

137 3622 242 3673 sitio
276 3625 327 3676 in
372 3623 640 3691 Epistolas
666 3623 734 3677 ι).
762 3623 920 3676 Pauli
952 3640 1014 3677 ea:
1047 3623 1155 3676 divi
1180 3623 1459 3694 Augustini
1491 3623 1705 3678 Sermo-

139 3711 301 3776 nibus,
326 3716 374 3767 in
425 3716 763 3778 membrana,
797 3715 865 3769 de
913 3729 1016 3784 qua
1058 3715 1300 3784 loquitur
1332 3715 1594 3771 Baronius
1633 3717 1702 3772 ad

142 3820 322 3858 annum
353 3806 480 3868 5'62,
499 3815 619 3874 post
648 3806 1036 3861 Cassiodorum
1065 3805 1377 3861 Divinarum
1405 3805 1704 3862 Institutio-

139 3913 246 3948 num
267 3912 383 3966 cap.
405 3900 456 3952 8.
489 3899 595 3953 Sed
625 3914 694 3952 an
727 3898 1024 3967 legitimum
1051 3913 1185 3968 opus
1211 3900 1352 3954 Petri
1377 3899 1703 3968 Tripolitani

136 3985 326 4041 abbatis
354 3990 444 4054 sit,
473 3999 632 4043 caute
661 3988 1065 4043 discutiendum
1095 4000 1178 4044 est
1214 4008 1227 4042 :
1260 3989 1386 4044 licet
1415 3989 1519 4044 hoc
1559 3991 1701 4044 scri-

139 4074 216 4129 bat
253 4077 481 4133 lacubus
522 4078 800 4148 Philippus
831 4078 1202 4134 Thomasinus
1232 4079 1283 4133 in
1323 4079 1585 4148 Catalogo
1617 4080 1702 4134 bi-

140 4166 508 4224 bliothecarum
533 4169 865 4225 Venetarum
898 4169 1238 4240 publicarum
1263 4178 1318 4226 et
1346 4171 1700 4238 privatarum,

140 4271 277 4323 quem
315 4273 460 4313 anno
507 4259 669 4324 1650,
699 4259 866 4326 Utini,
893 4260 1042 4315 in-s0
1075 4260 1494 4330 imprimendum
1541 4277 1702 4317 cura-

139 4347 217 4400 vit.
251 4348 387 4401 Oud.

199 4444 528 4502 Venerabilis
569 4441 734 4508 Beda,
779 4445 999 4498 natione
1063 4441 1303 4511 Anglus,
1358 4441 1696 4511 professione

139 4539 407 4592 monachus
437 4545 493 4591 et
520 4535 825 4604 presbyter,
850 4536 940 4605 qui
968 4544 1111 4588 anno
1137 4530 1241 4587 710
1270 4540 1327 4588 et
1347 4534 1697 4602 sequentibus

140 4626 314 4685 ﬂoruit.
349 4630 582 4684 Exstant
612 4631 752 4684 inter
780 4628 955 4697 Opera
990 4625 1128 4680 Ven.
1163 4623 1320 4679 Beda:
1365 4623 1695 4678 Commenta-

140 4719 205 4770 ria
229 4721 275 4771 in
303 4737 474 4774 omnes
509 4721 770 4788 Epistolas
817 4717 880 4772 S.
909 4716 1086 4782 Pauli,
1110 4732 1174 4769 ea:
1218 4715 1501 4785 Augustini
1526 4717 1697 4784 operi-

143 4810 218 4863 bus
243 4821 293 4863 ut
319 4812 599 4881 plurimum
629 4819 893 4880 excerpta,
917 4808 984 4862 de
1006 4823 1113 4878 quo
1139 4822 1305 4876 opere
1336 4807 1605 4861 Baronius
1637 4809 1692 4861 in

143 4902 411 4956 Antialibus
441 4902 507 4957 ad
535 4917 588 4956 a.
632 4901 739 4956 562
780 4901 931 4955 litem
983 4900 1143 4953 Beda:
1189 4892 1392 4965 movet,
1424 4913 1488 4952 ac
1525 4897 1693 4952 Petro

142 4989 296 5045 abbati
338 4993 692 5061 Tripolitano,
718 4992 786 5046 de
829 5005 938 5059 quo
980 4989 1340 5046 Cassiodorus
1387 4989 1693 5042 Divinarum

143 5077 504 5137 institutionum
542 5099 663 5154 cap.
699 5083 754 5147 8,
808 5081 1187 5137 ascribendum
1234 5089 1440 5135 censet.
1498 5078 1692 5134 Verum

144 5168 354 5227 Joannes
385 5174 726 5227 Mabillonius
759 5173 908 5227 litem
953 5173 1272 5226 intentatam
1326 5169 1584 5239 prmclare
1611 5170 1694 5225 di-

144 5258 242 5324 luit,
269 5264 357 5332 qui
386 5263 448 5316 Τ.
486 5263 507 5318 ι
548 5263 941 5326 Analectorum,
984 5263 1379 5317 Dissertatioue
1428 5262 1692 5331 singulari

144 5367 179 5417 ρ.
208 5352 287 5420 12,
332 5369 431 5408 nec
461 5354 642 5418 Redin,
685 5369 784 5410 nec
833 5354 1013 5417 Petro,
1053 5352 1148 5406 sed
1205 5351 1367 5405 Floro
1409 5353 1690 5422 magistro,

144 5440 482 5514 Lugdunensis
525 5446 781 5499 Ecclesiae
823 5444 1073 5509 diacono,
1113 5442 1305 5497 deberi
1335 5443 1690 5502 demonstrat.

146 5533 306 5590 Verum
333 5536 557 5590 interim
611 5537 1046 5591 Commentarium
1075 5535 1234 5594 Bedte
1258 5537 1406 5603 (nam
1451 5535 1508 5590 8.
1542 5537 1693 5591 Pauli

141 5623 378 5693 Epistolas
428 5627 500 5680 ab
551 5642 619 5682 eo
673 5628 953 5696 explicitas
996 5640 1142 5691 esse,
1185 5625 1299 5694 ipse
1345 5625 1400 5679 in
1451 5624 1692 5680 Indicqu

138 5718 337 5780 Operam
363 5731 587 5771 suorum
617 5716 778 5773 ﬁdem
800 5715 946 5783 facit)
971 5715 1195 5782 ejusque
1220 5712 1606 5771 Collectaneum
1636 5715 1691 5770 in

1802 3269 2156 3342 Epistolarum
2180 3272 2417 3342 Apostoli
2446 3273 2732 3326 secundum
2770 3270 3154 3341 Augustinum,
3187 3269 3242 3324 in
3274 3267 3386 3336 Ap-

1803 3364 2029 3433 pendice
2077 3363 2145 3418 ad
2177 3362 2423 3419 Guiberti
2466 3364 2638 3433 Opera
2680 3378 2710 3417 a
2751 3362 2895 3417 Luca
2929 3361 3196 3418 Dacherio
3243 3361 3384 3415 edita

1803 3455 2025 3508 Parisiis
2064 3452 2244 3506 in-tol.
2296 3454 2454 3518 1651,
2488 3469 2542 3520 p.
2572 3455 2699 3518 715,
2747 3467 2907 3520 quam
2939 3467 3007 3506 ex
3051 3467 3154 3505 ms.
3196 3450 3388 3506 codice

1804 3542 2086 3613 produxit.
2119 3541 2245 3595 Haec
2271 3542 2530 3605 Oudinus,
2560 3541 2839 3608 copiosius
2865 3540 2992 3592 alibi
3022 3539 3090 3592 de
3117 3539 3305 3593 iisdem
3333 3540 3384 3591 in

1803 3647 2034 3689 recensu
2071 3646 2295 3698 operum
2339 3628 2492 3683 Beda:
2518 3636 2575 3684 et
2607 3626 2756 3683 Flori
2786 3626 3161 3697 Lugdunensis
3206 3625 3381 3680 disse-

1804 3739 1947 3780 rens.
1979 3722 2089 3778 Nos
2122 3735 2282 3791 supra
2319 3720 2650 3788 singularem
2691 3730 2922 3787 eamque
2963 3714 3383 3770 vetustissimam

1805 3813 1999 3870 borum
2032 3813 2528 3867 Commentariorum
2555 3809 2847 3864 editionem
2878 3806 3253 3879 produximus.

1875 3903 2097 3966 Boniso,
2137 3902 2307 3957 Sutrii
2355 3917 2419 3956 ac
2462 3901 2756 3956 Placentia:
2801 3900 3114 3970 episcopus,
3143 3899 3288 3953 circa
3329 3913 3380 3952 a.

1808 3995 1947 4050 1075
1976 3994 2281 4063 composuit
2319 3993 2758 4064 Augustinianam
2799 3989 3076 4063 Epitomen
3119 4004 3216 4046 seu
3271 3989 3383 4043 Eat-

1804 4096 2034 4155 cerptum
2089 4085 2480 4142 Sententiarum
2523 4083 2741 4153 Miriﬁci
2768 4083 2993 4136 doctoris
3025 4083 3300 4153 Augustini
3326 4083 3386 4137 li.

1804 4176 1920 4232 bris
1951 4192 2040 4231 vni
2062 4174 2401 4241 distinctum,
2431 4173 2577 4244 quod
2603 4174 2662 4230 8.
2694 4173 2890 4229 Joanni
2927 4172 3246 4238 Gualberto,
3267 4174 3386 4227 lon-

1805 4266 1982 4322 datori
2009 4274 2065 4322 et
2105 4267 2282 4336 primo
2321 4265 2506 4320 abbati
2553 4264 3044 4320 VallisUmbrosze
3090 4263 3384 4331 dedicavit,

1807 4363 2092 4424 exstatque
2113 4369 2215 4409 ms.
2243 4354 2298 4408 in
2320 4354 2650 4410 bibliotheca
2679 4355 2930 4409 Caesarea
2956 4352 3383 4418 Vindobonensi,

1805 4447 1950 4500 inter
1976 4459 2106 4500 mss.
2139 4446 2358 4501 codices
2385 4461 2447 4501 ex
2475 4461 2601 4502 arce
2622 4446 2983 4503 Ambrosiana
3014 4447 3144 4501 illuc
3163 4445 3383 4509 allatus,

1803 4535 1996 4592 codice
2034 4536 2127 4601 85,
2161 4543 2220 4590 ut
2252 4545 2479 4591 testatur
2519 4536 2715 4593 Petrus
2759 4535 3084 4594 Lambecius
3121 4534 3269 4590 illius
3299 4533 3383 4586 in-

1803 4636 2022 4698 spector
2046 4636 2101 4684 et
2125 4634 2309 4684 custos
2333 4628 2399 4683 T.
2419 4628 2465 4683 ιι
2485 4626 2981 4684 Commentariorum
3000 4626 3160 4696 hujus
3187 4623 3384 4679 biblio-

1802 4719 1976 4776 thecae
2000 4735 2120 4790 cap.
2154 4721 2283 4790 8,p.
2318 4720 2422 4776 790
2449 4735 2566 4791 sqq.
2603 4719 2744 4774 Oud.

1873 4811 2184 4866 Guillelmus
2213 4812 2382 4868 abbas
2413 4811 2470 4867 S.
2503 4809 2827 4865 Theoderici
2860 4821 3029 4877 prope
3071 4807 3294 4873 Remos,
3327 4807 3381 4862 in

1802 4901 2002 4966 Gallia,
2036 4902 2249 4956 ordinis
2279 4901 2336 4957 S.
2373 4901 2675 4965 Benedicti,
2714 4907 2826 4952 tum
2865 4911 2933 4953 ex
2976 4897 3170 4954 abbate
3206 4898 3381 4954 lactus

1799 4989 2097 5046 tnonarbus
2131 4990 2337 5044 ordinis
2375 4988 2758 5043 Cisterciensis
2797 4988 2940 5058 apud
2979 4989 3287 5059 Signiacum
3322 4988 3378 5044 in

1797 5079 1983 5135 eadem
2014 5079 2258 5140 dioecesi,
2293 5078 2492 5132 steculo
2528 5091 2623 5140 xu,
2647 5078 2800 5146 cujus
2845 5080 2988 5134 inter
3035 5080 3379 5135 Collectanca

1799 5172 2024 5228 habetur
2054 5169 2373 5240 opusculum
2404 5169 2793 5225 Sententiarum
2832 5171 2897 5226 de
2924 5169 3060 5226 Fide
3091 5188 3153 5225 ea:
3178 5171 3241 5226 S.
3269 5171 3381 5224 Au-

1795 5263 1986 5333 gustini
2009 5260 2273 5330 Operihus
2298 5261 2607 5329 collectum,
2634 5261 2776 5331 quod
2805 5278 2835 5316 a
2869 5277 2926 5318 se
2951 5278 3014 5317 ex
3042 5261 3380 5330 autographa

1797 5368 1900 5407 ms.
1935 5353 2072 5407 Bibl.
2115 5352 2485 5420 Signiacensis
2528 5353 2648 5407 ord.
2699 5352 3083 5408 Cisterciensis
3120 5350 3378 5403 transcri-

1797 5456 1946 5512 ptum
1973 5453 2196 5499 testatur
2221 5442 2467 5498 Oudinus
2491 5444 2854 5515 traditumque
2878 5439 3377 5509 Thonanlampino

1797 5534 2002 5589 Bened.
2034 5533 2299 5604 Congreg.
2332 5535 2392 5590 S.
2437 5535 2628 5598 Mauri,
2661 5534 2751 5602 qui
2796 5533 2935 5585 hanc
2982 5529 3376 5586 Collectionem

1798 5626 1901 5680 sub
1926 5625 2178 5680 Auctoris
2210 5625 2414 5694 proprii
2446 5624 2668 5678 nomine
2698 5622 2755 5675 in
2786 5619 3036 5689 Append.
3068 5619 3242 5675 ultimi
3277 5635 3378 5673 vo-

1797 5713 2017 5771 luminis
2047 5712 2283 5781 Operum
2313 5712 2374 5766 S.
2410 5711 2684 5779 Augustini
2714 5709 2981 5766 edendam
3025 5708 3370 5781 promiserat.
