3908 6334
181 325 266 382 19⁸1

873 316 1223 374 VAll-lORUM
1265 311 1855 368 EXERCITATIONES
1894 311 1958 367 lN
1998 312 2055 367 S.
2097 308 2463 367 AUGUSTINI
2503 308 2748 365 OPERA.

3312 309 3411 362 198

243 435 421 489 David.
449 431 670 500 Leufaut
714 429 1029 483 Parisiensis
1057 428 1176 481 0rd.
1213 427 1384 481 I’rmd.
1414 424 1740 480 Concordan-
1765 428 1815 484 Α
1844 424 1937 476 sim
1960 423 2282 489 reperiuntur
2308 422 2358 472 in
2384 419 2614 470 omnibus
2639 418 2698 471 S.
2733 417 2999 485 Augustini
3028 419 3294 485 Operibm,
3324 434 3412 470 ον-

182 529 255 581 tire
278 521 676 593 Augustinianaz,
710 521 813 572 sive
834 519 1060 571 collectio
1089 517 1312 569 omnium
1349 516 1732 577 sententiarum,

183 632 278 684 quae
298 613 512 681 sparsim
535 610 865 675 reperiuntur
894 608 946 658 in
971 606 1201 659 omnibus
1227 605 1287 659 S.
1306 604 1575 673 Augustini
1603 603 1734 671 Ope-

184 711 298 761 ribus
338 707 404 755 ad
452 704 616 754 instar
677 698 1165 751 Concordantiarum
1217 695 1394 749 Sacra:
1455 694 1736 762 Scriptura?

186 797 314 851 Tom.
337 796 376 857 I,
401 794 576 853 Paris,
611 790 770 850 1656,
800 787 1012 849 in-lol.;
1049 785 1110 854 II,
1142 785 1301 840 1665.

241 882 484 950 Ejusdem
512 879 684 932 Biblia
725 877 1122 946 Angustiniana,
1154 877 1266 928 sive
1303 873 1530 926 collectio
1573 882 1620 924 et
1652 887 1741 924 ex-

187 973 370 1043 plicatio
401 969 630 1023 omnium
660 967 888 1018 locorum
920 964 1097 1018 Sacra:
1121 963 1422 1032 Scriptum,
1457 977 1568 1028 qua:
1589 977 1740 1028 spar-

199 1142 382 1164 μ

386 1128 800 1135 ______,__,

1842 514 1960 565 dine
1985 512 2202 565 Biblico.
2236 511 2404 574 Paris,
2440 510 2601 572 1661,
2637 509 2794 571 1670,
2829 510 2985 561 tomis
3013 509 3075 561 ll.

1905 603 2171 667 .Albertus,
2207 602 2320 653 Dux
2365 600 2646 654 Luinens’s
2685 600 2770 668 (de
2812 599 3020 666 Luines)
3067 599 3282 653 Parisiis
3321 601 3414 653 de-

1843 693 2159 746 mortuusd.
2193 694 2279 746 10.
2306 692 2423 745 Oct.
2457 707 2508 743 a.
2546 693 2701 745 1690.
2740 704 2829 745 tet.
2869 694 2957 753 69,
2995 692 3163 746 edidit
3200 692 3415 747 Senten-

1847 785 1946 836 tias
1971 793 2024 837 et
2049 783 2412 836 Instructiones
2442 799 2501 835 ea:
2530 783 2590 836 S.
2633 784 2912 851 Augustino
2950 793 3226 853 excerptas.
3271 784 3414 836 Pari-

1846 873 1937 928 siis
1969 873 2124 927 1677.
2160 873 2284 926 llmc
2307 873 2630 924 Colonienses
2661 886 2714 937 p.
2738 871 2861 923 2M.

1923 960 2190 1014 Hactenus
2217 962 2436 1013 omnino
2462 961 2528 1014 de
2558 960 2851 1028 Augustino
2880 961 3080 1014 dictum
3109 970 3245 1015 esto.

3180 1130 3405 1149 τ*

935 1229 1530 1380 VARIflRUM
1603 1231 1640 1268 ⁸
1691 1228 2647 1379 EXERGI‘TATIONES

285 1639 466 1794 S.
606 1491 2179 1788 AUGUSTENI
2325 1635 3324 1800 OPERA.

1236 2019 1344 2088 IN
1416 2020 1648 2089 TOM
1664 2021 1818 2089 UM
1889 2024 2325 2096 PRIMUM
2343 2073 2366 2093 .

478 2317 814 2373 DESIDERII
853 2315 1102 2370 EllASill
1143 2313 1461 2369 CENSURA
1509 2364 1511 2366 .

295 2430 344 2466 IN
379 2427 554 2466 LIL‘ROS
595 2422 1072 2463 RE'I‘BACTATIONUM
1115 2422 1179 2459 ET
1218 2419 1628 2459 CONF‘ESSIONUM.

271 2505 374 2556 Erit
410 2501 635 2554 fortasse
662 2500 750 2566 qui
780 2498 1002 2550 miretur
1030 2511 1126 2550 cur
1158 2495 1238 2547 his
1262 2495 1474 2548 duobus
1504 2495 1752 2563 operibus

202 2596 412 2660 primum
444 2591 748 2645 dederimus
777 2588 976 2642 locum.
1003 2585 1049 2638 Is
1078 2586 1336 2639 rationem
1359 2585 1609 2652 accipiat:
1629 2584 1752 2636 Duae

201 2667 294 2737 res.
307 2694 424 2736 sunt
447 2697 566 2750 qua:
589 2681 929 2732 vehementer
953 2687 1005 2731 et
1027 2676 1325 2731 accendunt
1355 2676 1419 2727 ad
1446 2676 1752 2738 lectionem,

199 2788 249 2828 et
277 2776 573 2828 conducunt
601 2772 667 2826 ad
698 2771 1021 2823 intellectum
1051 2766 1355 2828 voluminis,
1390 2767 1492 2816 vita
1523 2764 1755 2817 auctoris

200 2869 397 2936 cognita
440 2877 493 2919 et
534 2863 712 2930 operis
741 2877 844 2915 non
872 2861 1109 2928 ignotum
1139 2863 1531 2925 argumentum.
1583 2854 1756 2907 Pluri-

201 2971 338 3008 mum
367 2954 504 3009 enim
536 2951 720 3015 refert,
755 2964 909 3018 quam
940 2947 1412 3011 existimationem,
1442 2960 1598 3012 quem
1637 2943 1754 2996 ani-

201 3059 340 3096 mum
367 3043 552 3096 afferas
582 3040 648 3092 ad
681 3038 962 3107 legendum
986 3053 1000 3088 ε
1039 3049 1134 3089 nec
1155 3034 1305 3089 facile
1330 3035 1472 3086 dictu
1501 3035 1570 3086 sit
1591 3048 1761 3101 quan-

202 3143 309 3185 tum
339 3134 386 3185 in
411 3131 698 3200 iudicando
721 3127 974 3180 momenti
1005 3125 1193 3180 habeat
1221 3134 1538 3191 praesumpta
1571 3123 1636 3176 de
1666 3125 1759 3175 ho-

201 3224 336 3275 mine
375 3222 574 3290 opinio.
610 3218 937 3286 Frequenter
968 3216 1341 3270 exosculamur
1367 3217 1566 3268 dictum
1599 3215 1666 3266 ab
1696 3229 1762 3267 eo

203 3313 485 3379 profectum
510 3325 667 3378 quem
689 3323 948 3372 amamus,
970 3307 1036 3361 de
1052 3322 1157 3375 quo
1185 3307 1462 3375 magniﬁce
1482 3305 1759 3368 sentimus,

199 3401 496 3469 consputuri
523 3400 567 3451 si
586 3399 652 3450 ab
674 3399 779 3450 alio
802 3411 958 3464 quem
978 3397 1187 3449 odimus
1209 3397 1418 3449 venisse
1432 3397 1759 3449 crederetur.

202 3489 483 3556 Utramque
513 3485 946 3541 commoditatem
975 3488 1056 3537 vir
1103 3497 1320 3536 sanctus
1349 3484 1502 3550 juxta
1546 3497 1608 3535 ac
1641 3497 1763 3550 pru-

201 3579 326 3630 dens
353 3577 678 3646 Augustinus
726 3575 808 3628 his
852 3575 1058 3628 duabus
1107 3572 1562 3626 lucubrationibus
1611 3572 1764 3624 nobis

1783 2320 1832 2377 B
1861 2320 2052 2370 errore
2078 2317 2374 2385 set-iptoris,
2423 2319 2537 2373 sive
2581 2320 2740 2373 etiam
2789 2322 2962 2388 inOpia
3008 2322 3126 2375 fidei
3167 2339 3228 2379 ac
3260 2326 3422 2382 luttdit

1855 2422 2058 2470 amore,
2107 2408 2291 2460 maluit
2322 2410 2433 2475 ipse
2461 2410 2541 2461 sui
2589 2410 3046 2478 historiographus
3077 2429 3195 2468 esse
3232 2432 3243 2464 :
3272 2418 3424 2466 nimi-

1854 2512 1995 2562 rum,
2016 2497 2118 2549 sibi
2136 2515 2148 2546 ‹
2166 2499 2378 2550 onscius
2400 2515 2554 2566 quam
2576 2515 2677 2552 non
2697 2510 3057 2555 assentaretur
3081 2505 3209 2569 sibi,
3236 2506 3425 2560 deinde.|

1856 2587 2020 2652 probe
2047 2588 2312 2653 cognitum
2347 2587 2548 2641 habens
2572 2603 2630 2641 se
2658 2589 2787 2640 nulli
2826 2593 3125 2645 mortalium
3168 2596 3425 2646 notiorem

1857 2689 1976 2728 esse
2007 2691 2165 2741 posse
2191 2691 2348 2742 quam
2379 2686 2519 2729 esset
2549 2678 2668 2728 sibi.
2701 2678 2855 2742 Nam,
2883 2687 2940 2731 ut
2965 2682 3201 2732 omittam
3224 2685 3426 2734 animo-

1863 2781 1977 2817 rum
2010 2766 2283 2824 abstrusos
2315 2766 2480 2826 sinus,
2527 2781 2663 2834 quos
2697 2770 2918 2836 quisque
2957 2783 3081 2821 suos
3120 2772 3283 2832 novit,
3334 2788 3428 2825 nec

1859 2854 2083 2922 quilibet
2106 2863 2282 2918 tamen,
2313 2858 2574 2924 pernovit,
2613 2873 2826 2925 quo:am
2858 2868 2978 2912 Ma:
3011 2861 3308 2927 portionem
3342 2879 3428 2915 no-

1860 2956 2052 2998 verunt
2081 2946 2169 3014 qui
2194 2948 2348 3000 nobis
2374 2949 2670 3001 arctissima
2696 2953 3051 3004 familiaritate
3073 2955 3241 3020 jttttCii
3274 2957 3427 3010 sonti

1861 3035 2026 3088 Porro
2057 3036 2209 3090 famae
2235 3049 2431 3102 quanta
2462 3038 2669 3102 levitas,
2713 3052 2907 3109 quanta
2937 3045 3175 3099 vanitas?
3219 3048 3298 3102 Ad
3332 3049 3429 3102 hoc

1861 3135 2116 3192 quantum
2148 3128 2393 3180 humana:
2441 3130 2710 3182 memoria:
2749 3133 3101 3198 perfluvium?
3148 3137 3279 3191 Cum
3327 3145 3430 3192 duo

1862 3230 1974 3267 rem
2002 3223 2092 3267 aut
2115 3217 2410 3270 orationem
2442 3219 2704 3283 eamdem,
2730 3222 2809 3273 cui
2838 3226 3034 3289 pariter
3061 3227 3429 3292 interfuerunt,

1864 3306 2120 3369 referunt,
2173 3319 2368 3375 quanta
2421 3312 2738 3363 narrationis
2783 3313 3098 3369 diversitas?
3143 3318 3256 3370 .lam
3307 3321 3432 3386 quid

1864 3397 1995 3448 istos
2019 3412 2311 3449 memorem
2347 3401 2434 3465 qui
2467 3400 2656 3452 fabulis
2684 3400 3018 3465 impudenter
3047 3409 3194 3457 vanis
3224 3423 3270 3458 et
3298 3418 3430 3459 csu-

1869 3487 2001 3536 lictis
2030 3486 2301 3538 miraculis
2334 3488 2643 3539 memoriam
2674 3503 2857 3540 eorum
2889 3491 3079 3555 quibus
3103 3493 3298 3556 favent,
3321 3505 3434 3546 stu-

1867 3577 1994 3626 dent
2019 3577 2173 3641 vulgo
2203 3574 2598 3637 commendare,
2645 3590 3023 3644 nonnunquam
3063 3594 3126 3632 ea
3164 3582 3437 3637 laudamus

201 3669 518 3732 procuravit.
574 3668 747 3720 Libris
776 3667 1230 3719 ltetractationum
1261 3666 1495 3717 omnium
1543 3679 1761 3731 operum
1791 3665 1836 3728 C
1871 3680 1988 3734 qua“:
2038 3665 2282 3717 laudatus
2320 3677 2417 3717 nec
2460 3663 2604 3728 fecit,
2649 3678 2745 3718 nec
2795 3665 3065 3733 probavit?
3112 3666 3177 3720 Et
3213 3671 3436 3724 arbitror

199 3770 410 3810 suorum
436 3764 747 3823 argumenta
767 3753 1063 3816 contexuit,
1095 3762 1148 3804 et
1177 3751 1580 3804 Confessionum
1615 3753 1764 3806 libris

201 3847 356 3896 vitam
383 3858 598 3897 omnem
629 3857 779 3896 suam
807 3841 1068 3910 depinxit,
1093 3856 1318 3908 quorum
1348 3851 1631 3906 utrumque
1657 3851 1760 3892 tam

201 3935 473 4004 diligenter
501 3935 569 3988 ab
601 3934 694 3987 illo
722 3933 917 3985 factum
944 3939 1048 3998 est,
1107 3943 1163 3983 ut
1205 3931 1434 3996 iniquior
1459 3933 1645 3999 aliquis
1675 3947 1764 3984 su-

199 4029 384 4094 spicari
431 4027 604 4095 possit
629 4042 734 4080 non
767 4039 984 4094 prorsus
1029 4022 1269 4077 abfuisse
1307 4023 1594 4077 humanum
1637 4024 1764 4076 alle-

202 4128 338 4172 ctum
369 4118 627 4192 κενοδοξίᾳ
652 4131 744 4171 seu
772 4117 1008 4189 φιλαυτίᾳ
1037 4114 1262 4182 cuipiam
1294 4114 1532 4168 affinem.
1568 4115 1762 4168 Verum

203 4224 284 4264 res
315 4210 466 4279 longe
494 4224 650 4264 secus
679 4209 855 4272 habet,
911 4209 958 4261 si
1002 4207 1090 4274 qui
1129 4207 1317 4276 Optimi
1361 4208 1459 4261 viri
1486 4209 1762 4261 consilum

201 4302 482 4368 expendat.
531 4299 670 4352 Olim
715 4300 953 4351 solemne
990 4306 1104 4350 erat
1133 4297 1498 4364 praestantium
1529 4299 1763 4350 virorum

201 4402 346 4458 gesta
373 4393 524 4446 libris
548 4401 600 4445 et
627 4389 957 4444 orationibus
984 4388 1281 4442 celebrare.
1331 4389 1442 4441 l-loc
1466 4390 1764 4455 exetnplum

201 4495 230 4532 a
259 4483 438 4535 militia
463 4481 534 4533 ad
562 4480 760 4544 studia,
785 4495 815 4532 a
838 4478 1038 4532 Graecis
1067 4477 1134 4530 ad
1166 4477 1382 4530 Latinos
1413 4487 1463 4529 et
1492 4477 1764 4542 barbaros,

207 4586 234 4623 a
260 4572 480 4626 ducibus
526 4583 589 4624 ac
635 4568 964 4639 philosophis
1005 4567 1070 4620 ad
1112 4567 1396 4635 episcopos
1441 4566 1764 4620 demanavit.

209 4660 538 4729 Perspiciens
569 4662 746 4727 itaque
775 4659 1081 4726 frequenter
1111 4659 1163 4711 in
1204 4657 1440 4712 historiis
1469 4657 1768 4725 hujusmodi

211 4753 424 4804 multum
453 4738 701 4804 falsitatis
730 4748 978 4815 inveniri,
997 4748 1108 4802 sive
1128 4747 1411 4801 immodico
1438 4747 1634 4814 stud.o,
1661 4745 1771 4799 sive

1870 3756 2032 3810 fuisse
2063 3759 2148 3824 qui
2183 3759 2325 3823 pium
2357 3756 2709 3810 existimarint
2738 3757 3036 3825 hujusmodi
3071 3759 3200 3813 fucis
3231 3766 3436 3815 animos

1868 3848 1933 3900 ad
1968 3847 2240 3914 religionis
2265 3845 2497 3899 studium
2537 3846 2851 3900 accendere.
2907 3849 3016 3918 Ego
3056 3849 3310 3917 pestilens
3339 3851 3438 3904 hoc

1868 3937 2169 3990 rabularum
2191 3951 2356 4005 genus
2387 3937 2524 3989 inter
2549 3936 2878 3990 Christianos
2907 3952 3118 4005 semper
3145 3954 3259 3991 sum
3292 3955 3439 3993 exse-

1867 4037 2078 4089 cratus,
2121 4029 2208 4092 qui
2249 4040 2422 4092 neque
2457 4024 2632 4077 sciunt
2674 4041 2856 4079 veram
2901 4027 3112 4094 pielazis
3156 4029 3438 4096 imaginem

1870 4120 2211 4183 adumbrare,
2243 4117 2386 4185 quod
2409 4131 2566 4170 nemo
2600 4118 2747 4170 novit
2775 4117 2874 4171 nisi
2904 4133 3030 4173 Vere
3077 4120 3212 4186 pius,
3257 4123 3441 4188 quales

1873 4211 1916 4260 si
1953 4219 2132 4263 essent
2167 4209 2278 4275 illi,
2322 4222 2586 4275 nunquam
2632 4208 2826 4261 talibus
2869 4210 3158 4263 mendaciis
3197 4210 3441 4264 fallerent

1873 4299 2159 4365 discipulos
2198 4297 2338 4350 illius
2361 4299 2449 4365 qui
2477 4297 2672 4350 veritas
2699 4307 2798 4361 est,
2831 4309 2883 4352 et
2910 4298 3210 4367 hujusmodi
3237 4299 3441 4353 teclmis

1877 4387 1982 4439 hoc
2013 4385 2248 4439 efficiunt
2280 4396 2337 4438 ut
2365 4401 2460 4439 nec
2486 4401 2610 4440 vera
2644 4388 2979 4442 narrantibus
3011 4388 3266 4441 habeatur
3289 4387 3439 4439 ﬁdes.

1875 4477 2074 4531 llorum
2107 4491 2172 4530 ne
2199 4476 2325 4543 quid
2355 4476 2599 4531 accidere
2628 4487 2826 4545 posset,
2861 4479 3180 4546 Augustinus
3221 4491 3317 4528 suo
3348 4490 3444 4542 pe-

1874 4565 2054 4619 nicillo
2083 4565 2314 4632 seipsum
2349 4566 2501 4618 nobis
2529 4566 2787 4634 depinxit,
2821 4569 2978 4636 idque
3012 4578 3067 4618 ut
3096 4566 3292 4634 majore
3324 4579 3443 4617 cum

1878 4656 1981 4710 fide
2011 4656 2232 4723 faceret,
2280 4670 2376 4708 nec
2409 4657 2545 4708 mala
2587 4672 2680 4710 sua
2727 4657 2958 4716 reticuit,
3006 4671 3102 4707 nec
3146 4653 3444 4705 hominibus

1880 4747 1978 4800 ista
1997 4746 2249 4815 loquitur,
2275 4747 2366 4800 sed
2392 4747 2499 4800 Deo
2525 4748 2824 4808 confitetur,
2851 4748 2932 4799 cui
2959 4754 3096 4796 ment
3125 4744 3166 4796 ri
3185 4759 3280 4797 nec
3304 4746 3368 4813 υἱ,
3394 4761 3446 4798 m

280 4949 294 4965 '
325 4944 394 4996 De
421 4946 502 4997 his
549 4945 854 4998 auctoribus
901 4943 1154 4995 lectorem
1200 4941 1458 4992 monitum
1509 4941 1770 5001 volumus,
1805 4947 1854 5007 D
1950 4943 2209 4996 therum
2241 4946 2358 5009 quis
2386 4943 2585 4996 nesciat
2617 4943 2855 5008 qumdam
2885 4942 3352 4998 lncresiarcharum
3397 4960 3447 5000 et

217 5024 314 5084 [ton
346 5029 550 5084 euntes
631 5017 740 5080 pari
800 5012 1133 5084 orthodoxi-.13
1185 5011 1340 5063 laude
1366 5011 1768 5084 ‘commendari.

215 5077 412 5134 Nmnini
431 5084 575 5136 enim
601 5077 706 5135 non
734 5091 914 5136 notum
938 5091 1038 5145 est,
1059 5082 1333 5133 Erasumm
1366 5079 1774 5131 lloterodamum

216 5163 411 5202 nemon
437 5162 488 5203 et
531 5148 1559 5220 Pltereponum,_seupotiusJoannem
1607 5148 1775 5220 Cleri-

213 5232 325 5268 cum
355 5221 426 5284 (Ie
455 5221 629 5287 Clerc)
662 5218 761 5272 sub
798 5221 898 5271 hoc
929 5218 1114 5270 fictitio
1145 5219 1356 5271 nomine
1406 5218 1777 5287 latentemtiu

213 5290 387 5341 multis
414 5285 776 5342 heterodoxia:
803 5303 925 5340 reos
948 5304 976 5339 a
1007 5288 1136 5339 viris
1157 5288 1428 5340 catholicis
1453 5285 1654 5338 haberi.
1684 5285 1782 5337 Ve-

215 5367 528 5420 rumtamen,
563 5373 682 5410 cum
713 5359 844 5412 satis
877 5357 1056 5408 multa:
1085 5357 1292 5409 illorum
1341 5373 1389 5408 in
1437 5357 1493 5408 S.
1526 5357 1777 5421 Augusti-

213 5439 330 5478 num
359 5427 731 5480 annouationes
772 5441 874 5479 non
907 5425 1188 5477 mediocris
1218 5427 1323 5478 sint
1375 5435 1647 5485 mmnentt,
1683 5425 1774 5475 has

211 5496 432 5571 reticere
461 5497 748 5561 noluimus,
785 5505 1001 5574 propter
1027 5494 1170 5546 locos
1201 5495 1400 5574 aliquot
1437 5510 1539 5546 non
1569 5497 1780 5574 penitus

208 5564 617 5631 irreprehensos
636 5575 728 5616 aut
754 5568 913 5616 etiam
939 5578 1210 5626 erroneos,
1245 5577 1272 5613 a
1294 5567 1481 5630 quibus
1511 5564 1780 5615 studiosus

205 5634 430 5701 quisque
462 5636 617 5686 facile
649 5647 949 5700 praecavere
980 5637 1191 5699 poterit.

1884 5027 2204 5078 paganorum
2263 5027 2422 5077 opera
2481 5011 2716 5062 studiose
2760 5013 2951 5078 Stcpius
2993 5014 3154 5067 luisc
3202 5017 3444 5077 Collecta,

1883 5091 1990 5132 tum
2041 5094 2107 5132 ne
2137 5082 2178 5132 si
2209 5083 2329 5144 quid
2365 5080 2820 5151 intermiscerctur
2852 5083 2992 5142 boni,
3035 5085 3439 5151 deperderetur,

1884 5161 1990 5202 tmn
2013 5151 2169 5201 etiam
2204 5161 2256 5198 ut
2287 5150 2423 5214 quod
2455 5163 2691 5201 errorem
2718 5153 2901 5217 sapieb
2921 5163 2955 5203 vt
2988 5150 3178 5207 novum
3209 5155 3444 5206 historia:

1889 5217 2260 5272 ecclesiastica:
2306 5219 2665 5282 suppeditaret
2712 5235 3133 5276 IItOIItttm'lllum.
3183 5223 3343 5288 Hujus
3375 5225 3446 5270 rvi

1890 5297 2050 5340 testes
2077 5296 2198 5339 sunt
2222 5288 2542 5348 scholiastze,
2564 5299 3010 5344 commentatores
3032 5294 3448 5352 collectoresque

1889 5357 2111 5410 duorum
2143 5371 2259 5422 qua:
2292 5371 2611 5423 prmccswre
2639 5360 2974 5417 smculorum.
3006 5372 3162 5426 atque
3184 5361 3234 5409 in
3265 5360 3448 5422 pl'ltttlS

1894 5426 2238 5488 Benedictini,
2271 5429 2478 5492 quibus,
2513 5427 2958 5481 heterodoxorum
2999 5430 3171 5479 omnis
3212 5426 3447 5491 generis,

1889 5510 1940 5545 v.
1965 5511 2040 5560 g.,
2065 5494 2223 5555 Celsi,
2253 5496 2548 5565 Porphyrii,
2574 5496 2787 5553 Juliani,
2823 5497 3012 5560 Pelagii
3044 5508 3088 5546 et
3115 5495 3334 5545 aliorum
3365 5512 3447 5544 er-

1890 5575 2124 5615 ramcnta
2160 5565 2265 5617 suit
2300 5566 2618 5617 t'dllltmlblls
2649 5566 2794 5626 quasi
2826 5573 3129 5626 suscntasse,
3162 5578 3189 5615 a
3236 5567 3449 5618 nemine

1893 5648 2117 5699 unquam
2151 5634 2277 5687 vitio
2300 5649 2506 5686 versum
2539 5644 2636 5686 est.
2675 5633 2819 5683 Eutr.
