1954 3154
254 153 304 182 19)

693 147 972 178 δυνηιειιεκτωί
991 146 1037 176 ΔΙ)
1056 144 1170 177 ορεηΑ
1186 145 1217 174 8.
1237 144 1432 175 AUGUSTINI.

1813 151 1857 181 ιω

255 215 308 242 cst,
327 216 377 237 nec
397 213 495 236 tutum.
520 206 578 234 Jam
597 207 624 234 in
646 206 825 235 voluminibus
849 211 947 242 quanta
968 206 1047 234 fuerit
1059 205 1085 235 Δ
1097 205 1216 239 genium.
1231 204 1307 232 Alios
1319 204 1472 232 blandiores
1486 212 1527 232 ve.
1541 204 1641 233 adulari
1659 206 1700 234 vel
1715 207 1796 236 ridere
1808 216 1857 238 cre-

255 255 460 289 inscriptionum
474 253 515 279 vel
528 253 673 286 itnpostura
688 253 731 279 vel
751 252 893 280 infelicius
904 256 1042 286 reputans.

256 299 317 325 dum
332 298 373 324 vel
395 298 496 324 incuria
511 297 601 324 multa
624 297 771 324 celebrium
795 297 956 331 scriptorum
971 297 1044 324 lucu<

257 342 392 369 brationes
407 341 580 374 intercidunt,
601 342 643 369 vel
659 342 763 368 inscitia
779 342 902 369 studiove
918 342 1046 369 fraudatis

257 388 410 415 auctoribus
425 389 450 415 in
466 388 582 414 alienum
608 395 704 414 nomen
728 387 817 422 plagio
838 387 1045 418 transferuntur.

259 434 300 461 Vel
312 434 362 460 sub
377 434 496 467 gratioso
510 433 613 467 piorum
636 432 773 459 hominum
795 433 870 459 titulo
885 432 1047 466 supposititii

261 486 407 513 nugonum,
429 487 462 505 ne
477 478 563 505 dicam
582 478 766 505 htereticorum
786 477 868 504 libelli
889 481 1049 511 sparguntur

261 525 287 550 in
309 524 413 557 vulgus,
436 523 509 550 libris
531 523 758 549 Rctractationum
780 522 820 548 his
838 522 915 548 malis
932 522 1049 549 occurrit

262 575 335 596 tanta
348 577 425 601 cura,
438 573 465 595 ttt
478 569 640 603 singulorum
658 575 767 602 operum
789 572 816 594 et
837 567 929 594 titulos
941 571 969 594 et
984 573 1050 594 tem-

264 621 327 648 pora
348 618 377 641 et
393 618 547 648 argumenta
569 617 597 639 et
616 612 772 640 occasiones
794 616 822 639 et
843 611 916 638 initia
942 612 1049 643 notarit,

264 660 332 686 adeo
353 660 416 685 nihil
436 658 660 692 praetermittens,
683 662 712 683 ut
732 664 781 684 nec
799 664 829 684 ea
848 664 907 690 qua:
934 656 1051 689 praelusit

264 704 483 736 catechumenos,
498 710 556 736 qua:
568 703 609 728 vix
622 709 700 729 orsus
715 701 811 734 fuerat,
827 708 887 735 qua‘.
900 708 952 728 non
968 708 1051 735 agno-

265 749 365 780 scebat,
381 747 497 781 denique
510 755 558 774 nec
573 747 704 780 psalmum
727 745 828 780 vulgari
844 745 971 780 rhythmo
987 745 1052 772 scri-

269 798 344 827 ptum
360 792 386 818 in
400 792 494 819 Donati
510 791 650 818 factionem
668 791 930 825 praeterieritJ’atiar
945 795 974 817 ut
984 790 1053 817 hanc

268 838 432 872 diligentiam
457 837 649 871 reprehendas,
672 837 695 864 si
710 838 781 871 prius
803 836 954 871 supputaris
968 843 1052 870 quan-

1100 251 1165 282 das;
1180 257 1272 278 rursus
1286 251 1353 278 alios
1367 252 1470 278 occulta
1486 256 1586 279 natura:
1604 252 1629 279 vi
1641 253 1770 287 proclives
1784 256 1811 282 ad
1822 256 1857 290 jo-

1097 297 1223 330 candum,
1240 304 1332 331 parum
1348 305 1441 332 graves
1460 298 1599 330 arbitrere,
1622 299 1648 324 ni
1667 299 1771 333 propius
1783 308 1810 327 ac
1822 302 1859 328 do-

1098 343 1210 370 mestice
1224 350 1328 370 nosses.
1349 343 1403 370 Nec
1415 343 1509 370 dubito
1523 343 1587 377 quin
1601 343 1651 370 hoc
1666 344 1751 371 multis
1770 352 1814 372 usu
1825 354 1860 374 ve-

1099 386 1157 414 niat
1169 394 1261 413 eorum
1278 388 1321 422 qui
1342 395 1437 415 recens
1454 388 1486 415 ad
1499 388 1745 423 Augustinianontm
1764 391 1860 418 volumi-

1100 440 1162 458 num
1181 433 1321 460 lectionem
1344 433 1416 460 velut
1438 434 1463 460 in
1491 434 1653 469 colloquium
1671 435 1739 462 ilius
1756 437 1858 464 veniunt.

1100 476 1217 504 Oll'endit
1237 478 1341 511 species
1359 479 1480 512 quadam
1500 479 1677 513 loquacitatis,
1698 480 1823 508 oﬂendunt
1841 482 1862 510 iu

1102 522 1209 556 longum
1229 522 1367 557 productas
1386 524 1499 558 periodi,
1520 525 1640 552 ostendit
1657 525 1740 553 oratio
1761 534 1863 554 nonnun-

1101 574 1181 600 quam
1199 567 1232 593 ad
1252 568 1407 601 popularem
1423 576 1575 596 sermonem
1588 570 1760 604 degenerans,
1773 571 1863 598 oﬂ‘endit

1103 611 1256 639 earumdem
1270 619 1358 639 rerum
1372 613 1467 640 crebra
1479 614 1617 647 repetitio;
1629 614 1700 641 dicas
1710 615 1796 642 alicubi
1803 616 1865 650 quid-

1103 657 1164 684 dam
1184 664 1244 684 esse
1267 658 1407 690 subinane,
1433 662 1461 686 et
1477 659 1602 686 affectum
1621 659 1734 686 hominis
1750 660 1797 686 sibi
1818 661 1865 694 plus

1105 708 1182 735 :cqno
1194 702 1333 736 placentis.
1348 703 1479 729 Czeterum
1494 703 1540 730 ubi
1555 703 1658 730 diutina
1678 704 1786 730 lectione
1798 704 1866 731 factus

1105 746 1143 772 sis
1159 746 1333 778 familiarior,
1356 748 1488 774 sermonis
1505 748 1609 782 copiam
1625 751 1653 774 et
1671 748 1760 775 eadem
1774 749 1866 776 subinde

1106 791 1199 818 iterata
1213 791 1290 818 facile
1300 797 1408 818 excusat
1417 791 1528 819 docendi
1540 792 1667 822 studium,
1677 796 1705 819 et
1717 793 1783 827 quod
1794 793 1867 820 docuit

1106 836 1212 869 penitus
1228 835 1325 863 animis
1343 836 1479 863 hominum
1499 836 1625 871 infigendi
1641 845 1648 863 :
1665 837 1785 864 circuitus
1804 837 1868 871 proli-

269 889 322 909 tum
336 884 501 917 egregiorum
518 883 683 909 voluminum
702 883 779 909 nobis
789 882 900 909 aliorum
915 882 1056 915 indiligen-
1071 879 1095 908 B
1109 881 1197 908 xiores
1208 881 1305 915 quibus
1325 888 1416 908 comes
1435 888 1496 909 esse
1512 882 1581 908 solet
1596 882 1755 913 obscuritas,
1776 887 1868 916 arguunt

269 929 304 954 t'a
320 928 437 961 perierit,
458 932 586 962 quantum
609 929 754 954 naeniarum
776 927 946 954 mendacibus
971 926 1055 953 titulis

271 972 410 998 obtrusum
424 972 460 998 sit
472 971 530 998 Orbi
544 970 705 998 Christiano.
715 971 800 1005 Atque
815 971 915 997 utinam
927 969 982 1004 pari
996 969 1055 996 dili-

269 1017 357 1051 gentia
379 1017 449 1050 quod
470 1021 588 1050 coeperat
606 1017 780 1043 absolvisset!
801 1015 964 1050 Rccognovit
986 1015 1056 1041 enim

270 1061 395 1095 quidquid
410 1062 498 1095 aliquo
514 1066 591 1095 pacto
603 1061 663 1088 libri
681 1069 777 1087 nomen
793 1066 919 1087 meretur.
942 1060 1058 1094 Supere-

272 1110 332 1132 rant
343 1106 462 1137 epistola:
477 1110 504 1132 et
517 1110 655 1137 tractatus,
673 1112 738 1138 quas
757 1105 813 1139 ipsc
828 1109 940 1132 testatur
952 1104 986 1131 ab
999 1104 1057 1132 aliis

273 1150 395 1176 homilias
412 1150 512 1181 vocari,
529 1150 578 1176 h.)§
591 1149 685 1176 dividit
698 1149 832 1181 bifariam,
850 1149 876 1175 in
891 1149 1015 1181 dictatas,
1030 1155 1059 1177 et

273 1195 359 1222 dictos
372 1196 404 1221 ad
421 1196 557 1228 populum.
570 1194 697 1227 Quaedam
712 1194 783 1220 cnim
798 1195 836 1221 sic
850 1193 1014 1228 dicebantur,
1030 1199 1059 1222 ut

273 1249 305 1268 ea
320 1248 452 1268 consensu
466 1241 579 1268 dicentis
592 1241 625 1268 ad
646 1248 737 1275 preces
756 1241 902 1267 amicorum
917 1248 932 1267 a
947 1241 1059 1271 notariis

274 1287 462 1320 exciperentur
489 1295 549 1322 qua:
576 1287 744 1316 dicebantur.
771 1286 843 1314 Idem
870 1294 1058 1322 nonnunquam

277 1333 355 1360 ﬁebat
377 1338 403 1360 et
425 1333 493 1367 apud
516 1334 655 1367 populum,
672 1333 743 1360 velut
757 1333 783 1360 in
797 1333 863 1360 actis
885 1333 1058 1361 solemnibus.

273 1379 427 1414 Quanquam
444 1379 468 1406 id
482 1379 608 1412 temporis
621 1380 676 1406 fere
696 1379 860 1406 netariorum
876 1380 1001 1407 celeritas
1012 1386 1059 1406 ex-

274 1423 387 1457 cipiebat
411 1423 537 1458 quidquid
559 1424 702 1458 publicitus
720 1424 789 1457 apud
810 1424 1005 1451 multitudinem
1020 1423 1060 1450 di-

274 1468 394 1495 cebatur.
416 1468 491 1500 Quod
514 1468 621 1501 quidem
644 1472 674 1494 ut
695 1468 793 1500 ubique
811 1467 899 1494 facere
918 1467 1059 1494 molestum

273 1512 319 1544 sit,
342 1513 376 1538 ita
393 1512 419 1538 in
433 1511 511 1538 seriis
526 1510 751 1545 disputationibus
769 1515 814 1537 aut
831 1510 1004 1538 concionibus
1019 1510 1058 1536 fa-

1107 924 1290 951 admirandam
1307 925 1446 952 memoria:
1468 925 1619 952 felicitatem
1640 933 1663 952 et
1684 930 1713 952 ut
1731 925 1828 959 ingenio
1842 926 1869 953 fe-

1107 969 1271 996 cundissima
1291 970 1405 1004 plurima
1426 978 1487 997 sese
1501 971 1641 999 confertim
1656 971 1779 1004 olTerunt,
1804 972 1869 997 multa

1109 1015 1200 1048 paucis
1214 1015 1408 1049 complectendi
1422 1016 1538 1043 studium
1560 1025 1566 1043 τ
1578 1017 1701 1044 dictionis
1716 1017 1871 1044 humilitatem

1109 1063 1220 1087 excusat
1246 1060 1358 1092 caritas,
1385 1062 1438 1096 οὐχ
1456 1061 1676 1098 ὑψηλοφρσνοῦσα,
1699 1063 1759 1090 ἀλλὰ
1777 1067 1823 1092 τοῖς
1838 1073 1872 1089 τι·

1110 1108 1210 1135 πεινοῖς
1224 1107 1426 1141 συναπαγομίνη.
1446 1106 1565 1133 Paulinis
1586 1107 1657 1133 enim
1675 1107 1761 1135 verbis
1782 1108 1873 1135 libenter

1110 1150 1219 1176 utimur.
1242 1149 1469 1183 Quemadmodum
1489 1156 1576 1178 autem
1600 1156 1657 1178 erat
1676 1153 1819 1179 alienarum
1834 1153 1873 1178 vir-

1110 1200 1195 1223 tutum
1208 1195 1413 1222 candidissimus
1427 1195 1584 1230 astimator,
1599 1196 1636 1223 ita
1651 1197 1718 1225 mire
1732 1198 1873 1235 φιλόστοργος

1110 1240 1194 1267 fuisse
1207 1239 1311 1266 videtur
1324 1246 1386 1274 erga
1398 1244 1526 1274 cognatos
1540 1245 1567 1267 et
1581 1241 1693 1275 amicos,
1713 1243 1783 1276 quod
1806 1243 1872 1277 ipsum

1111 1284 1216 1312 esimim
1224 1284 1363 1318 cujusdam
1375 1283 1546 1312 humanitatis
1556 1285 1681 1313 indicium
1693 1291 1743 1313 est.
1752 1287 1817 1314 Suas
1827 1295 1872 1314 vero

1110 1330 1188 1358 dotes
1203 1338 1252 1357 nec
1267 1330 1399 1364 ignoravit
1412 1330 1446 1357 ob
1460 1330 1610 1363 stultitiam,
1623 1339 1672 1358 nec
1684 1331 1740 1359 odit
1753 1333 1786 1359 ob
1796 1333 1872 1367 putidi-

1112 1380 1203 1403 tatem.
1220 1375 1317 1403 Verum
1339 1374 1477 1406 hactenus,
1499 1379 1528 1401 ut
1548 1382 1579 1402 ea
1593 1382 1636 1402 res
1652 1375 1717 1402 nihil
1732 1376 1826 1404 officiat
1839 1377 1872 1402 llo-

1112 1420 1191 1446 minis
1206 1419 1302 1453 insigni
1317 1419 1464 1446 modestiar.
1480 1418 1538 1445 Non
1556 1418 1635 1446 aliter
1647 1424 1727 1452 amat,
1746 1428 1795 1448 non
1811 1420 1871 1448 aliter

1114 1463 1243 1496 praedicat
1258 1463 1284 1489 in
1297 1470 1327 1489 se
1340 1462 1409 1489 dona
1421 1462 1478 1494 Dei,
1492 1469 1572 1496 quam
1586 1468 1687 1490 amaret
1697 1471 1727 1491 ac
1738 1465 1875 1499 praedicaret

1112 1509 1138 1535 in
1149 1508 1221 1535 aliis:
1230 1516 1238 1533 ι
1251 1507 1374 1541 lgnorare
1385 1511 1427 1533 tua
1439 1506 1685 1542 bona,stupiditatis
1695 1514 1748 1542 est;
1762 1517 1810 1536 non
1819 1517 1871 1544 pre-

273 1562 335 1584 cere
357 1555 530 1582 vehementer
552 1554 719 1582 conducibile
744 1554 832 1582 fuerit.
856 1555 932 1582 Nune
951 1554 1058 1589 quidem
1073 1548 1096 1580 C
1113 1552 1203 1580 dicare
1218 1551 1323 1579 Domini
1335 1551 1533 1585 benignitatem,
1549 1552 1742 1587 ingratitudinis
1762 1559 1811 1587 est;
1830 1561 1871 1581 nos

272 1599 342 1633 apud
371 1598 568 1625 multitudinem
596 1598 743 1632 quamlibet
772 1599 936 1633 frequentem
967 1598 1058 1626 dicunt

273 1642 401 1677 quidquid
422 1642 511 1669 animo
529 1642 685 1669 collubitum
708 1644 786 1670 fuerit
808 1651 816 1670 :
837 1651 897 1671 cum
921 1648 1057 1677 urgentur,

273 1686 394 1721 dejerant
408 1695 438 1714 se
459 1687 525 1714 nihil
539 1687 671 1722 ejusmodi
684 1688 785 1715 dixisse
802 1697 808 1714 :
821 1695 854 1715 ex
867 1688 981 1714 adverso
993 1694 1059 1714 non-

276 1733 356 1760 nullis
369 1732 510 1760 exhibetur
524 1732 670 1767 negotium,
693 1733 768 1768 quasi
781 1733 897 1760 dixerint
916 1732 985 1767 quod
1006 1739 1059 1759 non

273 1778 408 1805 dixerunt.
432 1777 480 1804 llic
500 1778 522 1804 si
542 1779 602 1812 quis
617 1777 681 1805 citet
696 1782 790 1805 testem
811 1778 950 1813 populum,
972 1777 1060 1804 bellua

274 1824 420 1851 multorum
434 1827 476 1850 est
488 1824 617 1857 capitum,
632 1827 660 1849 ut
670 1822 708 1849 ait
723 1823 787 1850 ille:
801 1823 934 1856 scriptura
950 1829 1061 1849 manens

274 1871 372 1895 t‘crtitts
391 1870 462 1894 litem
478 1868 588 1894 dirimit.
615 1866 760 1901 Recognita
775 1871 879 1894 certum
900 1867 999 1895 habent
1011 1875 1060 1902 pa-

275 1920 387 1941 renletn.
411 1914 448 1939 De
468 1914 587 1946 epistolis
608 1917 634 1939 et
653 1911 810 1939 tractatibus
825 1912 932 1939 aliunde
952 1919 1061 1940 sumen-

275 1959 336 1985 dum
351 1958 535 1991 cstjudicium.
548 1958 637 1990 Neque
651 1961 740 1984 tamen
754 1957 874 1991 protinus
884 1957 1060 1986 adulterinum

276 2004 368 2030 haberi
385 2003 463 2029 debet
483 2002 610 2036 quidquid
631 2002 656 2028 in
675 2001 796 2036 catalogo
819 2009 872 2029 non
893 2007 1059 2036 recensetur,

276 2056 336 2074 cum
351 2054 400 2074 nec
416 2046 530 2080 epistola
549 2047 584 2073 sit
608 2054 657 2074 nec
676 2045 797 2073 homilia.
818 2046 974 2081 Quanquam
988 2048 1060 2074 enim

275 2099 356 2120 senex
373 2092 423 2118 hoc
440 2099 507 2125 opus
527 2091 677 2124 accuravit,
703 2095 791 2119 tamen
810 2096 911 2118 certum
926 2096 968 2118 est
985 2091 1061 2118 illum

276 2143 366 2174 postea
376 2136 497 2172 quadam
513 2136 619 2164 dedisse
630 2137 657 2164 in
671 2136 743 2164 hunc
753 2136 874 2164 ordinem
888 2135 1060 2171 accersenda,

276 2183 355 2210 veluti
373 2182 469 2209 librum
482 2181 517 2208 de
531 2181 684 2208 Hcresibus
696 2180 730 2207 ad
745 2180 970 2214 Quodvultdeum.
994 2181 1061 2207 Aliis

1109 1596 1261 1631 expendere
1272 1597 1297 1623 in
1311 1596 1453 1623 utilitatem
1467 1596 1582 1630 proximi
1596 1598 1668 1632 quod
1685 1600 1821 1634 acceperis,
1833 1598 1872 1625 im-

1114 1641 1201 1676 pietas
1210 1645 1266 1673 est;
1282 1648 1335 1668 non
1348 1640 1464 1674 gaudere
1475 1640 1510 1668 de
1524 1640 1611 1669 fructu
1623 1642 1738 1670 fraterno
1752 1651 1822 1678 quem
1832 1643 1873 1669 Do-

1114 1686 1202 1713 minus
1216 1692 1263 1719 per
1277 1689 1304 1713 te
1316 1685 1439 1718 contulit,
1464 1684 1536 1720 impii
1560 1686 1645 1713 simul
1659 1691 1685 1714 et
1698 1687 1788 1722 ingrati
1800 1687 1874 1714 livoris

1110 1736 1162 1759 est.
1178 1732 1319 1764 Quomodo
1333 1730 1475 1765 depromes
1490 1731 1618 1758 talentum
1645 1732 1671 1759 in
1686 1739 1787 1760 usuram
1801 1732 1820 1759 si
1833 1739 1873 1758 non

1110 1783 1240 1811 agnoscas
1252 1775 1323 1810 quod
1336 1774 1383 1802 tibi
1393 1775 1517 1802 traditum
1526 1775 1577 1802 sit?
1587 1776 1729 1809 Quomodo
1738 1777 1817 1812 possis
1826 1776 1874 1803 inde

1111 1821 1207 1848 tollere
1223 1820 1327 1852 cristas,
1350 1820 1420 1852 quod
1442 1820 1573 1855 intelligas
1594 1825 1686 1849 totum
1705 1828 1763 1849 esse
1774 1820 1874 1856 gratuita

1110 1866 1159 1893 Dei
1178 1865 1367 1900 benignitatis?
1389 1865 1500 1899 Quoties
1522 1870 1610 1893 autem
1636 1866 1724 1894 divina
1748 1865 1840 1893 bonitas
1854 1869 1873 1891 te

1110 1911 1185 1938 velut
1204 1917 1304 1945 organo
1318 1909 1443 1945 dignatur
1457 1911 1513 1943 uti,
1534 1910 1568 1938 ad
1588 1910 1722 1945 iuvandos
1744 1911 1813 1942 alios,
1832 1916 1872 1936 non

1112 1955 1196 1983 habes
1210 1955 1280 1990 quod
1293 1955 1448 1987 insolescas.
1463 1955 1510 1982 sed
1525 1955 1607 1983 habes
1619 1956 1695 1984 unde
1703 1955 1825 1991 gratulare
1833 1953 1872 1981 fra-

1111 2001 1208 2033 tribus,
1222 2000 1293 2028 unde
1305 2000 1405 2035 gratias
1415 2006 1480 2034 agas
1496 2001 1561 2035 Deo,
1577 2005 1623 2028 tuo
1641 2002 1740 2036 pariter
1752 2005 1777 2029 et
1788 2001 1871 2028 illotus!

1112 2048 1231 2075 nomine.
1244 2055 1254 2073 ι
1270 2046 1315 2074 sic
1328 2046 1439 2079 amavit,
1454 2046 1493 2073 sic
1510 2046 1666 2081 pradicavit
1687 2054 1747 2075 suas
1760 2046 1828 2074 dotes
1841 2044 1871 2070 vir

1111 2092 1307 2120 saactisdmus.
1319 2092 1473 2126 Quanquam
1485 2092 1512 2118 in
1525 2091 1558 2119 iis
1572 2091 1651 2120 libris
1662 2099 1727 2128 quos
1737 2090 1830 2126 scripsit
1838 2095 1871 2116 ta-

1112 2136 1300 2168 techumenus,
1314 2135 1502 2170 deprehendas
1519 2136 1643 2164 nonnihil
1659 2137 1776 2165 humanas
1787 2134 1869 2170 gloria,

1112 2188 1191 2216 quem
1202 2180 1328 2209 ail‘ectum
1340 2180 1448 2208 minime
1459 2182 1555 2208 malum
1567 2182 1775 2216 generosissimis
1783 2179 1870 2215 quibat-

276 2229 356 2263 igitur
370 2227 534 2263 argumentis
549 2226 697 2254 docendum
718 2231 760 2254 est
782 2226 904 2261 qumdam
925 2233 985 2254 esse
1006 2233 1062 2253 am-
1075 2221 1101 2251 D
1114 2234 1165 2261 que
1180 2226 1292 2261 ingeniis
1307 2226 1474 2260 potissimum
1491 2225 1614 2254 videmus
1628 2228 1733 2255 insitum
1745 2232 1807 2253 esse.
1821 2221 1870 2259 lion

276 2273 348 2308 bigui
362 2278 463 2307 partus,
484 2272 604 2306 quaedam
623 2275 698 2298 certo
713 2271 805 2298 notha.
819 2270 904 2299 Porro
918 2271 976 2298 libri
991 2270 1062 2298 Con-

277 2319 421 2346 fessionum
437 2325 488 2344 non
504 2316 590 2342 solum
607 2317 658 2343 huc
678 2316 846 2348 conducunt,
864 2320 893 2342 ut
906 2314 1010 2343 avidius
1024 2315 1063 2342 le-

277 2371 369 2397 gamus
388 2363 460 2389 illius
484 2363 599 2395 scripta,
623 2361 701 2396 cujus
721 2365 748 2388 et
767 2360 974 2388 sincerissimam
998 2368 1062 2395 erga

277 2408 360 2434 Deum
378 2408 503 2441 pietatem
523 2412 548 2435 et
572 2406 804 2441 flagrantissimam
827 2414 888 2441 erga
913 2407 1061 2440 proximum

278 2451 413 2477 caritatem
425 2452 614 2486 cognovimus;
627 2459 718 2479 verum
736 2451 835 2478 habent
850 2456 877 2478 et
895 2451 974 2478 aliam
988 2451 1059 2478 utili-

278 2500 370 2528 tatctu,
392 2504 505 2530 eamque
528 2498 673 2532 geminam.
694 2497 785 2524 Altera
796 2501 847 2529 est,
867 2503 918 2531 qua
940 2496 1002 2523 hinc
1015 2504 1060 2523 co-

279 2542 359 2576 gnitis
372 2543 493 2575 personis
509 2543 606 2570 tectius
624 2543 794 2578 intelligimus
813 2542 933 2578 dialogos
948 2543 1019 2570 illius
1034 2548 1061 2570 et

279 2587 422 2623 epistolas;
442 2587 538 2621 altera,
553 2594 604 2622 qua
618 2587 664 2621 qui
688 2588 852 2616 familiariter
869 2593 999 2616 noverant
1020 2589 1061 2615 in-

280 2634 397 2669 genium,
411 2640 519 2660 sensum
533 2640 564 2660 ac
583 2632 727 2660 dictionem
743 2633 870 2667 hominis,
895 2634 986 2661 multis
1008 2642 1061 2661 non

280 2679 451 2707 offenduntur
465 2678 560 2712 quibus
574 2678 690 2712 graviter
702 2684 778 2705 crant
791 2678 950 2711 offendendi,
965 2679 988 2705 si
1004 2679 1062 2706 h:ec

281 2725 433 2758 ignorarent
449 2733 455 2749 :
475 2723 501 2750 id
520 2729 580 2750 esse
599 2722 766 2750 verissimum
788 2723 893 2750 abunde
911 2723 988 2750 docet
1000 2724 1061 2751 vita:

282 2769 428 2795 communis
451 2767 626 2803 experientia.
652 2766 784 2800 Quosdam
803 2772 896 2794 natura
920 2766 1060 2799 tristiores.

283 2821 373 2848 parum
386 2814 486 2841 amicos
505 2814 639 2845 crederes,
656 2813 682 2839 ni
704 2817 871 2846 perspectum
889 2813 1002 2840 haberes
1017 2813 1058 2839 itt-

1113 2272 1185 2300 enitn
1199 2278 1328 2299 excusare
1341 2271 1459 2298 conabor
1477 2270 1548 2306 quod
1569 2271 1625 2306 ipse
1645 2272 1743 2307 putavit
1761 2274 1869 2297 aecum-

1113 2317 1188 2351 dum,
1205 2316 1297 2344 dicens
1309 2322 1357 2344 eos
1371 2316 1453 2343 libros
1465 2322 1533 2350 quos
1546 2316 1654 2351 scripsit
1668 2316 1739 2345 rudis
1755 2315 1831 2343 adhuc
1845 2317 1869 2337 ae

1112 2363 1186 2391 velut
1200 2362 1289 2391 infans
1307 2362 1334 2390 in
1355 2361 1522 2397 philosophia
1536 2362 1699 2396 Christiana,
1724 2363 1757 2389 ita
1776 2358 1869 2387 servisse

1113 2408 1229 2441 Christo,
1243 2413 1272 2435 ut
1285 2407 1372 2435 adhuc
1386 2408 1534 2442 resiperent
1549 2407 1669 2435 scholam
1684 2405 1815 2441 superbia.
1826 2408 1868 2429 ωι-

1113 2454 1205 2488 gisque
1217 2453 1349 2488 spirarent
1363 2452 1482 2480 Platonis
1494 2451 1629 2486 dogmata,
1651 2459 1727 2486 quam
1740 2449 1866 2477 divinarum

1112 2499 1309 2533 Seripturarum
1324 2497 1461 2533 mysteria.
1475 2496 1562 2524 Habet
1572 2496 1661 2523 Africa
1674 2502 1746 2523 suum
1758 2490 1866 2528 quoddnll

1114 2532 1259 2578 ingenium,
1285 2547 1312 2570 et
1327 2541 1441 2568 habebat
1453 2540 1563 2568 omnino
1580 2540 1704 2575 quiddam
1728 2545 1780 2566 sua!
1800 2532 1867 2569 κευιίε

1115 2589 1290 2623 Augustinus,
1303 2587 1352 2613 nisi
1366 2587 1488 2614 Christus
1498 2586 1572 2613 illum
1585 2587 1611 2614 in
1622 2587 1700 2613 alium
1712 2586 1789 2611 virutn
1799 2584 1867 2608 trait?

1118 2632 1269 2659 forntassct.
1285 2631 1367 2657 Porro
1377 2630 1578 2658 Confessionttm
1600 2631 1657 2657 libri
1673 2635 1737 2664 quos
1746 2631 1773 2654 et
1785 2626 1867 2651 otios!!!

1116 2683 1144 2705 et
1157 2675 1250 2703 otiosis
1269 2675 1408 2710 scripsisse
1422 2675 1534 2707 videtur,
1559 2675 1655 2702 habent
1678 2671 1793 2707 quiddam
1805 2672 1866 2701 pecu-

1114 2722 1188 2749 liaris
1200 2722 1338 2749 molestiae.
1357 2722 1474 2749 Primum
1489 2720 1515 2748 in
1530 2721 1580 2748 hoc
1592 2720 1661 2755 quod
1671 2719 1750 2746 multa
1757 2716 1788 2743 de
1796 2712 1866 2746 scil"0

1113 2767 1313 2798 commemorat,
1333 2766 1427 2799 partim
1448 2764 1600 2797 n-inutiora,
1625 2770 1701 2798 quam
1718 2766 1745 2788 ut
1757 2767 1785 2786 ea
1803 2760 1865 2783 δανε-

1113 2812 1185 2839 riore
1196 2810 1324 2845 prmditus
1338 2810 1443 2845 ingenio
1457 2809 1686 2837 commemoranda
1697 2808 1802 2842 putaret.
1816 2805 1866 2836 νπ-
