3908 6320
126 312 214 369 θοι

773 304 1123 363 VARIORUM
1164 299 1765 359 EXERCITATlONES
1804 300 1867 355 IN
1907 301 1965 356 δ.
2012 300 2376 358 AUGUS'IINI
2414 300 2663 357 OPERA.

3250 306 3357 361 202

109 440 194 491 um
224 433 288 488 ad
321 425 501 500 gloria:
521 421 759 493 speciem
785 420 1116 475 accedentia.
1149 418 1286 484 Quid
1312 426 1487 470 autem
1514 416 1673 468 fasti-
1702 420 1752 477 Α
1847 415 2009 479 lbid.,
2037 414 2135 485 §3.
2165 415 2403 467 Amorem
2422 414 2868 485 pulchritudinis.]
2888 417 3139 473 edomita
3162 418 3267 474 duo
3288 421 3361 477 si-

106 528 300 581 diosius
344 535 496 591 quam
550 514 771 572 humani
823 515 961 567 livor
1007 510 1237 580 ingenii,
1292 508 1336 561 si
1381 508 1502 575 quis
1548 506 1677 575 quid

110 616 386 691 quamlibet
416 609 659 666 modeste
685 607 749 661 de
777 605 954 674 seipse
975 601 1260 671 praedicet?
1287 600 1527 691 Adgbme,
1550 600 1677 691 dum

110 688 170 765 de
191 708 346 763 rebus
376 698 773 758 humilioribus,
807 711 872 749 ne
902 694 1074 747 dicam
1097 689 1511 756 sordidioribus,
1533 688 1680 742 velut

112 803 174 855 de
200 795 433 857 infantia,
467 792 538 845 do
564 787 815 858 ephebis,
865 784 933 839 de
962 783 1153 838 affectu
1202 780 1456 845 libidinis,
1507 779 1681 847 deque

112 863 360 944 similibus
390 881 555 937 verba
588 878 809 938 iaciens,
837 873 1017 929 studet
1043 873 1107 926 iis
1134 886 1253 939 quae
1280 870 1531 925 dicuntur
1554 882 1681 923 ora-

112 978 263 1033 tionis
293 975 552 1028 honorem
578 967 798 1031 addere,
824 964 986 1018 veluti
1013 961 1269 1031 pudorem
1294 960 1681 1015 sententiarum

113 1072 206 1124 hoc
228 1066 348 1123 velo
376 1054 587 1133 tegens,
634 1059 690 1113 lit
715 1057 815 1110 hac
853 1053 1139 1110 occasione
1166 1065 1548 1120 nonnunquam
1590 1049 1685 1104 ob-

114 1159 323 1216 scurior.
373 1156 573 1211 Verum
615 1152 730 1205 hmo
772 1147 982 1203 L'ediola
1034 1145 1083 1200 si
1124 1143 1430 1206 devoraris,
1479 1143 1685 1212 reliqua

116 1268 225 1303 cum
246 1248 453 1315 majore
476 1255 589 1298 tum
616 1240 817 1302 fructu,
852 1249 961 1291 tum
993 1236 1266 1303 voluptate
1298 1233 1559 1302 perleges.

547 1367 1196 1445 ANIMADVERSIONES
1224 1367 1256 1403 "
1286 1378 1289 1381 '

406 1489 467 1528 IN
511 1483 746 1525 LIBROS
784 1478 1398 1521 RETRACTATIONUI.

187 1588 321 1641 Ptol.
361 1585 388 1655 §
436 1586 487 1638 Ι.
539 1576 899 1649 Tractatibus.]
940 1577 1053 1631 Hoc
1102 1585 1184 1630 est
1225 1574 1545 1629 sermonibus
1593 1586 1690 1627 seu

129 1677 471 1738 concinnibus,
504 1672 696 1742 quibus
726 1669 924 1738 populo
950 1666 1279 1733 Scriptorum
1310 1664 1691 1731 interpretatus

1779 505 2021 573 gnitieat,
2049 503 2331 572 elegantias
2355 504 2572 573 quidem
2602 513 2761 572 atque
2799 504 3176 559 munditiarum
3206 523 3359 564 amo-

1781 612 1914 657 rem,
1950 597 2000 648 in
2025 598 2185 650 rebus
2212 597 2521 663 corporeis;
2554 597 2786 651 studium
2820 609 2948 651 vero
2974 611 3150 653 rerum
3188 600 3357 652 hone-

1782 701 2001 751 starum,
2036 689 2123 743 ubi
2155 703 2334 742 sermo
2357 689 2425 742 de
2446 689 2617 743 .rebus
2662 690 2727 740 ad
2766 689 3004 742 animum
3045 690 3363 757 pertinenti-

1781 777 1900 831 bus.
1950 778 2222 830 DOt'eittlltl
2274 777 2390 831 inec
2420 778 2624 845 quaevis
2670 778 2859 831 lexiea.
2903 777 3132 844 ideoque
3182 778 3360 831 minus

1782 868 2064 921 commode
2084 875 2263 921 vertas
2283 884 2507 921 amorem
2528 868 2946 937 pidchritudinis,
2972 871 3162 935 quibus
3184 871 3365 925 verbis

1785 957 2115 1026 signiﬁcatur
2145 966 2348 1010 tantum
2376 973 2530 1012 amor
2553 957 2910 1013 formosorum
2939 974 3248 1027 puerorum,
3272 969 3365 1015 aut

1788 1048 2141 1102 formosarum
2173 1049 2475 1103 mulierum.
2512 1050 2705 1104 Fateor
2730 1052 2864 1123 φίλον
2895 1065 3014 1105 esse
3056 1053 3275 1105 amicum
3314 1063 3369 1107 et

1789 1141 1930 1195 καλὸν
1962 1140 2255 1207 pulchrum,
2279 1154 2428 1206 atque
2455 1154 2517 1193 ac
2541 1142 2818 1211 elegantem
2839 1150 2931 1195 aut
2950 1142 3234 1195 honestum.
3262 1143 3367 1198 Sed

1790 1245 1856 1284 es
1890 1243 2008 1294 usu,
2058 1245 2161 1281 non
2209 1245 2274 1284 ex
2318 1231 2640 1299 etymologia
2670 1244 2795 1285 sunt
2837 1233 3150 1299 explicanda
3183 1235 3366 1289 verba.

1791 1322 1999 1375 interea
2022 1320 2210 1375 merito
2236 1321 2454 1375 damnat
2484 1337 2633 1376 suam
2665 1322 2997 1390 pltilocaliam
3019 1328 3365 1395 Augustinus,

1793 1412 1927 1476 quia-
1959 1413 2187 1466 sumitur
2240 1413 2347 1465 illic
2392 1427 2490 1482 pro
2548 1428 2732 1468 amore
2786 1415 3189 1470 munditiarum.
3239 1417 3371 1471 Vide

1795 1503 1887 1557 lib.
1918 1519 1957 1558 ιι
1986 1513 2173 1557 contra
2218 1504 2603 1570 Academicos,
2657 1520 2775 1574 cap.
2822 1505 2880 1559 Ξ.
2921 1505 2978 1559 Si
3023 1521 3153 1561 vero
3204 1506 3372 1575 philo-

1793 1594 1984 1648 ealiam
2028 1603 2271 1648 vocasset
2314 1608 2553 1648 amorem
2610 1609 2787 1649 rerum
2839 1596 3217 1664 honestarum,
3267 1612 3373 1651 non

1796 1693 1943 1739 esset
1969 1699 2064 1739 cur
2090 1699 2287 1739 nomen
2321 1684 2426 1739 hoc
2465 1685 2768 1749 damnaret,
2800 1685 2952 1751 quasi
2984 1685 3123 1739 idem
3173 1685 3374 1755 signiti-

128 1784 236 1825 est:
265 1784 381 1822 nam
417 1774 657 1825 tractare,
693 1776 759 1816 eo
790 1774 928 1825 :evo,
973 1768 1088 1811 erat
1127 1755 1541 1844 roncionaripet
1577 1764 1687 1806 tra-
1720 1767 1767 1826 Β
1796 1785 1943 1829 caret
1970 1788 2033 1828 ac
2062 1773 2433 1844 phnosophia;
2466 1789 2587 1828 nam
2616 1774 2817 1842 qumvis
2846 1773 3126 1842 mmmam
3151 1790 3257 1827 non
3290 1785 3374 1829 est

130 1872 327 1915 statores
364 1856 680 1911 dicebantur
727 1849 1015 1917 Scriptura:
1058 1847 1398 1914 interpretes.
1450 1842 1689 1910 Quarum

136 1964 307 2003 vocum
336 1961 437 2000 non
471 1958 590 1997 rara
621 1950 746 1995 sunt
772 1937 911 2007 apud
936 1935 1251 2006 Cyprianum
1280 1934 1542 2004 exempla.

196 2036 317 2090 Ibid.
369 2029 679 2102 Denotem.]
728 2029 783 2083 ld
841 2038 920 2082 est
969 2026 1118 2096 gravi
1168 2024 1522 2092 improbantis
1572 2032 1694 2075 nota

137 2127 348 2192 inuram,
372 2135 429 2177 ut
456 2121 695 2176 censoris
717 2127 834 2174 erat
862 2131 1039 2171 mores
1066 2116 1326 2168 malorum
1348 2122 1541 2166 notare.
1568 2112 1697 2167 Fre-

137 2227 340 2287 quenter
364 2231 423 2271 ea
457 2214 677 2268 notione
730 2210 870 2280 apud
913 2208 1305 2263 Tertulliannm
1344 2206 1565 2259 verbum
1595 2204 1697 2259 hoc

138 2308 367 2371 occurrit,
399 2314 455 2359 ut
484 2304 638 2359 initio
678 2303 770 2357 lib.
814 2300 881 2355 de
927 2298 1126 2362 Pallio,
1176 2296 1378 2349 habittts
1427 2294 1693 2349 denotare.

140 2400 261 2454 Vide
286 2398 507 2453 indicem
536 2394 844 2450 Glossarum
870 2389 1209 2446 Tertulliani.

200 2489 301 2559 εἳ.
334 2490 465 2542 Absit
497 2495 550 2540 ut
573 2483 952 2555 multiloquium
981 2482 1235 2551 deputem,
1259 2475 1392 2547 etc.]
1424 2476 1699 2543 Expressit

141 2580 441 2648 Augustinus
471 2577 584 2631 haec
614 2572 942 2631 Philemonis
971 2569 1158 2626 comici
1184 2611 1198 2636 ,
1233 2583 1350 2639 quae
1382 2576 1434 2623 et
1463 2567 1551 2621 alii
1582 2566 1702 2620 inii-

140 2675 226 2727 tati
249 2681 384 2727 sunt.

266 2792 357 2844 Τόν
381 2796 449 2858 μὴ
476 2789 687 2858 λέγοντα
708 2784 1043 2858 «ossuum
1069 2780 1195 2858 μηᾷὲ

268 2851 457 2929 λιεςκρρν
475 2851 671 2929 χόξιιζε,
695 2851 782 2927 κᾷν
809 2854 885 2909 δύ’
914 2853 1041 2929 ς’ἷπῃΔ
1059 2851 1334 2929 epilogum

214 2922 223 2927 ’
269 2918 506 3001 ΤὸίόἈεῦ
532 2918 760 2997 λέγονταί,
786 2930 856 2995 μή
883 2918 1042 2992 νόμιζ’
1072 2918 1197 2975 εἶναι
1226 2919 1450 3001 μᾳκρόνπ

274 2998 387 3055 μηδ’
419 2993 478 3051 ἂν
508 2992 681 3071 σφᾷδβ
709 2992 824 3071 εἶ’ξῄ
854 2995 1027 3071 ποξλὰ,
1062 2996 1142 3045 καὶ
1167 2992 1546 3071 ῖτφέὺνχειόνον.

275 3060 560 3141 Τεκμήριφν’
573 3060 808 3141 δέ’-τοῦδέ
828 3066 911 3141 rint
928 3062 1151 3141 Ὀμηρον
1170 3060 1288 3141 λάβε
1305 3075 1320 3088 ⁸

271 3133 553 3211 nemo
574 3140 688 3211 iui”
717 3133 969 3211 μυριάδες
996 3133 1130 3187 έπῶν
1152 3133 1349 3211 Wire“

272 3209 387 3260 Ἀλλ’
414 3201 532 3262 οὗδέ
553 3201 621 3268 sic
646 3201 870 3278 Ὀρηρον
894 3202 1056 3277 εἴρηκε
1088 3201 1294 3276 pax-pou.

211 3316 429 3385 Longum
446 3323 648 3369 censete
665 3313 910 3367 dicentem
926 3309 1056 3364 nihil
1072 3326 1245 3362 eorum
1262 3324 1373 3375 qtae
1389 3307 1489 3359 dici
1506 3303 1709 3369 debent,

147 3410 213 3458 rel
232 3407 273 3460 si
301 3407 425 3461 duas
451 3407 636 3459 dixerit
660 3404 904 3475 syllabas.
937 3401 1070 3456 Bene
1095 3417 1209 3455 vero
1237 3400 1486 3454 dicentem
1515 3415 1575 3452 ne
1602 3399 1712 3451 exi-

148 3497 332 3551 stimato
355 3498 562 3570 longum
584 3512 708 3562 esse,
728 3512 791 3549 ste
814 3494 860 3548 si
891 3494 1051 3547 multa
1073 3494 1275 3563 quidem
1302 3492 1484 3545 dixerit
1502 3500 1547 3544 et
1574 3490 1709 3544 mul-

148 3598 191 3640 to
214 3598 446 3655 tempore.
477 3588 844 3661 Argumentum
879 3594 1072 3640 eertum
1100 3585 1254 3652 hujus
1283 3585 1355 3637 rei
1387 3600 1449 3637 ea:
1490 3583 1712 3637 llomero

148 3680 324 3742 accipe.
345 3678 388 3730 Il
398 3682 439 3730 Ic
459 3678 594 3733 enim
615 3678 761 3730 nobis
785 3678 968 3729 multas
994 3676 1249 3745 myriadas
1267 3692 1494 3728 versuum
1510 3675 1710 3738 scribit;

148 3775 195 3817 at
218 3783 352 3821 nemo
383 3767 664 3821 Homerum
704 3768 833 3819 dixit
872 3766 1100 3834 longum.
1133 3766 1317 3818 Exstat
1346 3768 1494 3818 loeas
1528 3766 1605 3817 tit.
1642 3764 1711 3818 36

150 3854 401 3928 Florilegii
448 3856 605 3912 Joan.
659 3856 875 3912 διοικεῖ.
932 3855 1066 3911 Vide
1112 3862 1167 3909 et
1223 3855 1382 3924 epist.
1433 3854 1504 3908 20
1549 3854 1641 3908 lib.
1694 3868 1709 3906 ι

150 3943 313 3999 Plinii.

211 4037 363 4089 Lisso
385 4052 419 4091 ι.
459 4039 593 4106 Cap.
614 4037 663 4100 l,
684 4036 780 4105 §'2.
802 4026 958 4104 ϐυ]ιὼ
979 4034 1112 4087 ratio
1131 4043 1180 4087 et
1199 4050 1357 4087 causa
1380 4043 1571 4086 secreta
1588 4032 1710 4103 est.]

152 4124 198 4177 Si
226 4125 333 4181 haec
360 4138 566 4181 tantum
609 4127 746 4180 casui
791 4126 1149 4180 tribuerentur
1188 4134 1243 4178 et
1266 4124 1574 4178 dicerentur
1600 4123 1711 4191 {or-

152 4218 285 4281 tuita,
325 4229 509 4273 essent
551 4219 663 4271 ltzec
703 4216 961 4270 duntaxat
1000 4216 1211 4270 nomina
1243 4215 1436 4285 quibus
1466 4214 1712 4285 ignoran-

153 4306 261 4361 tiam
307 4319 546 4364 nostram
579 4311 899 4363 velaremus.
947 4308 1049 4362 Sed
1095 4308 1313 4376 fortuita
1363 4308 1524 4361 etiam
1566 4315 1713 4360 recte

154 4397 395 4464 dicantur,
425 4414 548 4467 qua:
582 4398 901 4454 scholastice
943 4412 1190 4451 sermone
1229 4407 1485 4451 vocantur
1510 4397 1711 4450 contin-

1796 1864 2155 1934 pbilosophia,
2193 1866 2239 1919 si
2269 1864 2373 1919 hoc
2403 1863 2717 1917 Vocabulum
2749 1879 2811 1916 ex
2847 1879 2943 1916 usu
2972 1872 3186 1928 recepto
3208 1864 3375 1918 inter-

1796 1965 2090 2025 pretemur.
2137 1955 2295 2010 Certe
2342 1954 2569 2009 Basilius
2610 1954 2957 2007 Caesariensis
2997 1963 3050 2007 et
3089 1951 3375 2020 Gregorius

1798 2047 2166 2102 Nazianzenus
2211 2062 2316 2101 non
2354 2054 2634 2100 vocassent
2679 2044 3101 2114 philosophiam,
3132 2045 3239 2099 nisi
3269 2045 3375 2099 im-

1798 2143 2033 2211 proprie,
2063 2152 2311 2211 excerpta
2342 2156 2407 2196 ex
2436 2141 2667 2211 Origene
2709 2140 2900 2209 quibus
2930 2138 3229 2209 philocalia:
3253 2139 3378 2193 titu-

1796 2234 1908 2288 lum
1936 2234 2198 2290 fecerunt.

1874 2324 2034 2386 lbid.,
2063 2324 2089 2395 §
2115 2323 2167 2377 4.
2192 2323 2331 2377 Laus
2352 2340 2552 2393 quoque
2572 2312 2706 2393 ipsa,
2728 2321 3234 2392 etc.]lletractasset
3252 2334 3379 2389 ergo

1801 2415 1941 2484 quod
1969 2414 2036 2468 de
2068 2414 2403 2469 Academicis
2435 2412 2569 2467 dixit
2595 2411 2747 2466 initio
2783 2412 2943 2480 epist.
2976 2410 3027 2475 l,
3060 2409 3104 2463 si
3127 2410 3379 2479 epistolas

1801 2520 1926 2560 suas
1964 2504 2344 2559 recensuisset.
2374 2503 2481 2558 Sed
2522 2513 2576 2558 et
2617 2503 2719 2558 hoc
2756 2501 2929 2557 obiter
2962 2498 3126 2570 tangit
3153 2498 3381 2554 Confes-

1802 2597 2013 2650 sionum
2044 2594 2141 2649 lib.
2164 2610 2239 2660 ix,
2270 2609 2389 2661 cap.
2420 2595 2472 2661 4,
2503 2608 2652 2647 num.
2684 2594 2739 2647 7.

1875 2684 2007 2755 Cap.
2038 2685 2091 2739 3.
2124 2684 2261 2737 Bene
2301 2686 2520 2737 viventes
2562 2683 2807 2752 facillime
2846 2680 3123 2752 exhadietj
3156 2681 3210 2735 Si
3236 2682 3380 2735 voci-

1810 2780 1913 2830 bus
1968 2775 2091 2829 bene
2136 2774 2354 2827 viventes
2404 2772 2756 2827 intellexisset
2803 2770 3130 2841 Augustinus
3184 2770 3382 2839 peccati

1804 2865 1985 2920 omnis
2010 2865 2303 2927 immunes.
2337 2878 2542 2933 eosque
2564 2863 2711 2919 solos
2738 2878 2768 2917 a
2804 2862 2913 2918 Deo
2939 2862 3175 2917 exaudiri
3212 2864 3383 2918 dixis-

1808 2965 1912 3017 set,
1960 2970 2079 3011 stne
2105 2954 2270 3010 dubio
2296 2954 2531 3024 graviter
2562 2961 2823 3018 errasset;
2852 2951 2945 3007 sed
2985 2952 3035 3007 si
3062 2952 3384 3007 intellexerit

1811 3062 1906 3100 cos
1932 3047 2020 3117 qui
2046 3046 2252 3115 optimis
2276 3045 2501 3098 moribus
2520 3060 2730 3115 operam
2751 3048 2896 3110 dant,
2928 3044 3030 3099 hoc
3058 3055 3141 3099 est
3168 3047 3256 3113 qui
3295 3044 3387 3100 Dei

1730 3122 1780 3185 (ἶ
1813 3138 2063 3191 timentes
2106 3146 2254 3199 sunt,
2301 3146 2356 3191 et
2395 3144 2658 3190 conantur
2706 3135 2759 3189 in
2799 3134 2915 3189 dies
2953 3134 3205 3189 meliores
3247 3135 3383 3202 lieri,

1812 3242 2114 3297 quanquam
2145 3227 2373 3282 subinde
2396 3235 2637 3296 peccant,
2667 3226 2974 3280 inﬁrmitate
2997 3240 3099 3280 non
3130 3226 3386 3293 nequitia,

1813 3318 1995 3371 nescio
2019 3332 2182 3386 quare
2222 3319 2596 3373 retractaverit
2630 3317 2769 3371 hunc
2793 3318 2992 3371 locum.
3023 3317 3152 3371 Nam
3183 3328 3385 3374 certum

1812 3417 1896 3461 est
1937 3408 2153 3476 impios,
2201 3410 2253 3461 in
2294 3425 2386 3461 sua
2440 3409 2712 3474 impietate
2754 3419 3049 3473 manentes,
3085 3424 3113 3461 a
3147 3410 3254 3463 Deo
3293 3412 3388 3463 mi.

1815 3498 1961 3551 nime
1992 3497 2252 3552 exaudiri.
2291 3499 2422 3551 Vide
2460 3499 2781 3566 interpretes
2817 3500 2882 3551 ad
2916 3498 3068 3552 Joan.
3105 3516 3180 3566 ix,
3219 3501 3307 3567 5|,
3338 3510 3389 3554 et

1811 3587 1922 3642 Jac.
1951 3604 2023 3652 tv,
2053 3586 2107 3639 '5.

1882 3680 2010 3747 Cap.
2036 3680 2088 3742 7,
2124 3677 2151 3749 ᾗ
2186 3678 2238 3732 6.
2287 3677 2452 3731 Nemo
2493 3679 2597 3745 fere
2619 3678 2683 3731 de
2706 3678 2975 3731 scarabceis
3003 3678 3225 3745 dubitat,
3262 3681 3389 3753 etc.)

1815 3769 1978 3823 llecte
2009 3772 2108 3822 hac
2133 3767 2201 3822 de
2224 3783 2286 3822 re
2310 3768 2459 3822 multi
2485 3767 2815 3835 dubitabant,
2847 3783 3004 3836 quam
3033 3784 3172 3823 nunc
3202 3786 3390 3838 perne-

1812 3869 1937 3927 gant
1977 3858 2370 3913 accuratissimi
2413 3857 2642 3927 physici.
2677 3857 2815 3925 Vide
2844 3857 2883 3910 F
2890 3872 3035 3911 rane.
3082 3858 3284 3913 Redum
3325 3860 3391 3914 de

1815 3950 2059 4003 lnseetis.
2090 3949 2199 4004 Nec
2228 3948 2451 4003 minoris
2486 3950 2739 4018 potentias
2767 3964 2831 4004 ac
2858 3948 3137 4018 sapientiae
3168 3959 3252 4004 est
3281 3952 3394 4004 elli-

1812 4056 1936 4094 cere
1965 4040 2187 4095 culicem
2215 4054 2372 4109 quam
2399 4040 2681 4094 camelum.

1884 4132 2013 4198 Cap.
2038 4131 2122 4196 10,
2144 4130 2244 4201 §2.
2269 4130 2419 4196 Quod
2440 4146 2612 4183 omnes
2626 4130 2855 4185 homines
2876 4139 3109 4201 possunt,
3132 4134 3175 4186 si
3196 4131 3394 4205 velint.]

1814 4218 2044 4277 Necesse
2096 4232 2210 4276 erat
2272 4222 2409 4275 hanc
2444 4222 2767 4277 locutionem
2812 4224 3069 4291 explicari
3117 4226 3184 4277 ab
3215 4230 3396 4295 Augu-

1814 4312 1988 4375 stino;
2019 4311 2137 4377 quia
2171 4313 2310 4368 solet
2354 4317 2422 4365 ita
2465 4312 2625 4382 vulgo
2657 4313 2903 4384 intelligi,
2940 4322 2996 4367 ut
3024 4324 3325 4367 statuantur
3360 4314 3395 4367 ii

1817 4402 1885 4456 de
1934 4402 2127 4471 quibus
2174 4403 2244 4456 ita
2290 4403 2558 4472 loquimur
2602 4420 2749 4471 posse
2787 4404 2934 4459 velle.
2962 4403 3091 4470 Quis
3118 4405 3257 4457 enim
3290 4418 3396 4457 non

155 4488 327 4555 gentia,
376 4489 479 4543 hoc
524 4498 605 4542 est
651 4503 769 4557 qua:
823 4504 928 4540 non
972 4487 1188 4541 evenire
1227 4497 1278 4540 et
1315 4486 1534 4541 evenire
1564 4500 1715 4556 teque
1741 4470 1794 4532 Ῑ)
1820 4470 2082 4555 horreret,
2128 4492 2174 4546 si
2218 4470 2374 4562 quem
2418 4470 2628 4548 audiret
2669 4493 2956 4551 dicentem.
2987 4492 3218 4546 Christus
3250 4491 3397 4544 homo

159 4590 393 4643 possunt:
428 4580 607 4650 qualia
650 4588 771 4632 sunt
795 4594 915 4649 qua:
952 4579 1182 4647 pendent
1211 4595 1240 4633 a
1277 4579 1525 4634 libertate
1556 4589 1709 4632 natu-

160 4681 321 4723 rarum
350 4670 779 4741 intelligentium,
810 4686 929 4738 qua:
962 4669 1226 4723 interdum
1265 4679 1323 4723 ttt
1354 4671 1517 4724 velint
1546 4669 1710 4735 nulla,

163 4771 257 4811 non
298 4760 453 4815 modo
502 4766 835 4824 necessitate,
882 4760 976 4814 sed
1024 4777 1091 4814 ne
1134 4761 1339 4814 ratione
1373 4761 1585 4829 quidem
1624 4771 1716 4814 aut

163 4847 337 4903 allecto
363 4852 494 4916 ullo,
518 4854 597 4905 vel
623 4861 769 4906 certe
798 4851 1125 4905 ineluctabili
1149 4850 1507 4905 adducuntur.
1532 4851 1713 4917 Quan-

164 4952 303 5004 quam
357 4941 471 4995 haec
518 4956 727 5011 quoque
772 4942 1005 5008 pendent
1043 4956 1071 4993 a
1114 4940 1296 4995 divina
1348 4943 1713 5008 providentia,

164 5028 432 5093 qusin~cia
474 5040 564 5084 aut
608 5032 769 5084 invita
817 5032 943 5084 nihil
983 5029 1279 5100 contingit;
1311 5040 1511 5099 etquae
1543 5042 1720 5084 mnta-

164 5118 342 5174 tionem
374 5122 616 5190 quamvis
644 5122 803 5177 rebus
833 5122 1079 5176 omnibus
1111 5130 1287 5188 potest
1314 5121 1527 5176 allerrc.
1556 5124 1719 5192 Igitur

164 5225 268 5263 cum
291 5213 427 5266 nulla
460 5218 530 5267 sit
559 5213 859 5268 necessaria
888 5227 1044 5266 causa
1073 5228 1167 5267 cur
1192 5212 1444 5266 nonnulla
1468 5211 1715 5278 velimus,

166 5298 238 5353 illa
284 5302 403 5357 ideo
449 5306 659 5373 fortuita
704 5306 810 5358 dici
862 5302 1095 5372 possint;
1140 5318 1245 5356 non
1290 5318 1420 5357 vero
1459 5304 1716 5358 duntaxat

166 5394 269 5458 quia
284 5409 466 5449 eorum
496 5411 650 5448 causa
672 5404 718 5449 et
740 5396 871 5447 ratio
897 5404 1084 5446 secreta
1112 5404 1206 5446 est.
1231 5394 1424 5448 Verum
1457 5393 1541 5448 hic
1569 5393 1717 5449 locus

168 5496 254 5538 non
278 5495 357 5539 est
384 5486 483 5539 hac
512 5486 581 5539 de
609 5502 669 5539 re
694 5486 906 5555 agendi.

1823 4591 2011 4648 potest,
2044 4582 2086 4634 si
2106 4581 2245 4645 velit,
2276 4597 2307 4633 a
2338 4579 2492 4634 Patre
2520 4598 2616 4636 suo
2644 4582 3195 4650 deﬁcere?Nintirum,
3228 4594 3290 4634 ea
3323 4581 3398 4634 lo-

1820 4674 2032 4726 cutiOne
2073 4671 2233 4727 statui
2277 4672 2431 4741 solet,
2477 4685 2633 4741 posse
2673 4674 2786 4726 ﬂeri
2836 4685 2892 4726 ut
2934 4670 3061 4724 vel.t
3099 4669 3146 4723 is
3183 4668 3251 4723 de
3290 4683 3398 4739 quo

1821 4778 1999 4818 sermo
2028 4776 2129 4820 εει.

1895 4854 2025 4924 Cap.
2062 4854 2142 4919 l5,
2168 4854 2193 4923 ᾗ
2216 4855 2267 4907 '5.
2308 4853 2403 4906 lies
2437 4856 2545 4925 ipsa
2577 4870 2691 4922 qua:
2737 4866 2870 4903 nunc
2896 4850 3077 4902 dicitur
3105 4849 3400 4907 Christiana

1823 4945 2005 5015 religio
2033 4952 2141 4995 erat
2169 4942 2308 5010 apud
2334 4939 2617 5009 autiquos.]
2650 4939 2774 4992 llaec
2801 4938 3144 5010 intelligenda
3182 4951 3307 4997 sunt
3334 4958 3400 4997 ex

1823 5038 1888 5089 iis
1917 5051 2034 5103 qua:
2082 5033 2330 5087 dicuntur
2372 5026 2491 5097 cap.
2534 5030 2626 5097 21,
2679 5046 2827 5085 num.
2875 5030 2930 5086 2.
2959 5031 3172 5103 Alioqui
3222 5034 3398 5090 minus

1824 5141 1949 5180 vera
1982 5133 2161 5177 0850M
2182 5135 2339 5188 quam
2371 5135 2490 5189 qua:
2521 5129 2895 5176 retractantur.

1896 5213 2051 5279 lbid.,
2087 5212 2113 5282 §
2145 5210 2200 5265 6.
2246 5208 2524 5264 Vendetttes
2561 5221 2607 5265 et
2648 5222 2863 5265 ementes
2904 5212 3218 5281 ﬂagellando
3256 5213 3400 5279 ejeeit

1826 5305 1888 5356 de
1932 5299 2162 5371 templo.]
2201 5298 2315 5354 Non
2360 5300 2568 5354 videtur
2591 5310 2765 5356 tamen
2810 5304 3025 5370 preprie
3057 5303 3171 5355 hate
3209 5300 3278 5350 vis
3309 5313 3401 5365 po-

1821 5395 1984 5447 tuisse
2008 5393 2132 5454 dici,
2165 5406 2265 5461 qua
2296 5393 2435 5446 vires
2458 5402 2809 5445 mercatorum
2840 5395 2989 5445 victe
3012 5393 3150 5447 eiut.
3188 5390 3393 5441 Ancto-
3438 5450 3439 5453 η

1822 5484 1967 5539 ritati
2028 5482 2205 5552 potius
2259 5482 2584 5552 ptopbeticze
2625 5487 2931 5544 cesserunt,
2978 5493 3136 5546 quam
3186 5478 3236 5530 vi
3296 5493 3399 5547 qua

220 5618 249 5650 "
278 5617 351 5694 In“
363 5619 461 5670 hac
491 5616 1021 5670 Animadversionum
1052 5614 1383 5678 collectione,
1414 5612 1731 5683 Pberepono
1762 5612 2135 5668 ascribendum
2180 5620 2263 5668 est
2289 5612 2547 5694 quidquid
2590 5625 2697 5667 non
2725 5618 2808 5666 est
2834 5609 2938 5664 alio
2968 5610 3183 5665 nomine
3221 5609 3374 5679 signa

165 5695 279 5741 tum.
315 5688 468 5741 EDIT.

432 5778 704 5837 Panos”
754 5774 1005 5835 XLVII.

2871 5761 2909 5818 7
