3908 6304
527 321 629 376 παῦ

530 430 740 502 expulsi
764 425 979 482 iuerint.
1015 421 1186 476 Nimis
1227 430 1448 475 severus
1476 429 1667 471 censor
1700 413 1795 466 luit
1825 411 1877 465 in
1908 425 1968 464 se
1999 410 2102 462 Au-

529 496 791 594 gustinus,
817 516 905 585 qui
932 511 1158 568 credidit
1175 516 1391 579 propter
1412 507 1514 560 hoc
1533 503 1730 557 Christi
1760 501 1978 561 factum,
2006 496 2103 550 mi.

530 587 631 667 nus
662 624 785 664 vere
820 622 848 660 a
887 620 946 659 se
971 604 1169 658 dictum
1201 600 1364 654 fuisse
1389 596 1657 650 Christum
1685 590 1812 644 nihil
1841 590 1997 659 egisse
2028 587 2101 647 vi,
2126 612 2127 615 η

527 704 615 757 sed
642 700 813 755 omnia
840 694 1103 751 suadendo
1133 701 1178 745 et
1204 686 1475 742 monendo.
1513 684 1707 737 Verum
1752 681 1868 734 haec
1894 693 1959 731 eo
1984 690 2099 744 spe-

530 793 769 855 ctabant,
810 800 868 842 ut
910 784 1149 855 opinioni
1182 795 1340 851 quam
1373 786 1555 848 postea
1590 774 1865 842 amplexus
1893 778 1997 834 est,
2024 767 2103 820 ide

529 880 901 952 persecutione
926 876 1091 939 licita,
1124 870 1581 942 patrocinaretur;
1616 871 1673 918 ut
1704 865 1864 931 liquet
1889 875 1954 914 ex
1990 858 2101 926 epi-

530 950 681 1026 stolis
745 968 811 1021 ad
868 965 1195 1020 Bonifacium
1244 968 1299 1015 et
1348 955 1709 1011 Vincentium.
1767 951 1881 1015 Qua
1934 950 1989 1001 in
2045 960 2105 1000 re

529 1065 765 1137 δεύτεραι
794 1056 1046 1133 φροντίδες
1080 1070 1185 1108 non
1218 1052 1365 1106 l'uerc
1394 1050 1698 1120 σοφώτεραι.

594 1131 726 1221 Cap.
764 1131 850 1204 17.
896 1138 1358 1214 (ἐοηιρειεηιὶὺιις.]
1398 1138 1507 1193 lloe
1554 1144 1637 1191 est
1684 1131 2102 1193 catechumenis,

530 1243 620 1312 qui
650 1258 752 1296 una
779 1246 949 1309 petunt
978 1234 1318 1303 baptismum,
1349 1242 1505 1297 quam
1535 1225 1604 1279 ob
1632 1240 1743 1278 rem
1770 1229 2104 1291 competentes

532 1310 798 1385 dicuntur.
831 1325 962 1379 Vide
1007 1333 1149 1378 tumo
1182 1320 1249 1375 Vl
1280 1319 1473 1373 librum
1502 1316 1571 1371 de
1599 1314 1728 1369 Fide
1750 1320 1805 1368 et
1828 1310 2100 1381 cperibus,

530 1434 648 1489 cap.
684 1420 748 1483 6;
780 1418 867 1480 11,
899 1415 953 1470 9.

602 1511 736 1579 Cap.
761 1508 852 1575 εξ,
893 1506 918 1576 §
951 1504 1007 1560 4.
1048 1502 1115 1557 In
1160 1508 1407 1571 potestate
1448 1498 1669 1553 hominis
1698 1503 1771 1549 est
1816 1502 2013 1547 mutare
2052 1491 2106 1545 in

532 1604 710 1656 melius
738 1593 1095 1665 voluntatem.]
1118 1592 1347 1660 Clarius,
1396 1605 1465 1643 ex
1508 1586 1764 1642 sententia
1791 1598 1949 1654 quam
1981 1596 2105 1651 pro-

530 1701 729 1764 pugnat
752 1687 1095 1758 Augustinus,
1114 1684 1339 1738 dixisset
1361 1682 1413 1734 in
1436 1686 1681 1749 potestate
1701 1676 1940 1741 Irontinis,
1960 1689 2107 1744 quem

1416 298 1961 364 SUPPLEMENTUM
2002 295 2090 351 AD
2128 290 2355 345 OPERA
2396 289 2450 343 S.
2486 276 2870 344 Αυϐυδτιδει.

2135 410 2177 461 Α
2208 398 2347 469 quod
2368 397 2601 451 sumtum
2620 392 2986 465 quotidianum
3006 400 3215 456 semper
3229 398 3257 439 a
3276 383 3523 455 pontiﬁce
3536 383 3741 439 maxime

3651 272 3740 328 ΞΝ

2210 489 2445 544 oblatum
2468 495 2710 549 censeat,
2740 498 2860 538 eum
2887 495 2918 534 a
2944 480 3132 549 quovis
3172 476 3447 531 sacerdote
3489 482 3656 541 posset
3676 476 3740 527 ot-

2210 579 2357 645 ferri,
2386 586 2443 632 ut
2472 578 2553 631 vel
2586 573 2831 642 exemplo
2869 568 3143 624 Zachariae
3172 566 3333 636 patris
3359 564 3571 619 Joannis
3594 564 3741 629 llapti-

2208 677 2304 721 sta:
2343 675 2569 722 constat.
2621 664 2814 717 Fateor
2861 658 3035 714 Exod.
3083 671 3213 722 xxx,
3253 656 3305 721 7,
3349 666 3537 706 munus
3564 651 3744 705 sultitus

2210 756 2466 812 oll‘ercndi
2498 755 2655 809 tribui
2686 752 2919 814 Aaroni;
2966 762 3149 802 verum
3193 744 3299 798 illic
3331 756 3519 795 nomen
3548 741 3743 793 Aaroxiis

2211 862 2306 917 pro
2356 847 2587 915 cujusvis
2636 840 2933 897 sacerdotis
2984 835 3201 890 nomine
3244 833 3491 885 sumitur.
3539 830 3657 883 Vide
3693 831 3745 881 ad

2208 954 2329 994 eum
2360 938 2535 992 locum
2567 936 2907 1002 interpretes,
2935 938 2990 984 et
3014 928 3080 981 ad
3109 926 3240 979 Lev.
3270 938 3393 992 cap.
3424 936 3530 973 XVI.

2675 1041 3230 1103 ANIHADVERSION
3241 1040 3327 1094 ES

2560 1157 2620 1196 IN
2662 1154 2888 1195 ιιιιιιοδ
2923 1146 3430 1191 CONFESSIONUI.

2283 1242 2450 1296 Ltnno
2478 1256 2513 1295 ι.
2546 1239 2675 1308 Cap.
2725 1239 2776 1292 1.
2808 1236 2871 1290 Et
2901 1231 3158 1302 laudare]
3176 1232 3242 1286 Τὸ
3273 1242 3320 1285 et
3352 1228 3567 1299 perinde
3590 1228 3667 1281 hic
3685 1238 3752 1281 est

2210 1350 2273 1390 ae
2301 1346 2489 1399 tamen,
2522 1341 2580 1388 ut
2603 1344 2833 1403 sequens
2864 1327 3112 1398 repetitio
3139 1325 3298 1395 hujus
3326 1322 3551 1379 membri
3578 1326 3752 1377 oratio-

2212 1427 2294 1482 nis
2323 1426 2578 1495 ostendit.
3380 1424 3381 1427 ‘

2282 1517 2413 1570 lbid.
2448 1516 2525 1569 Ad
2556 1511 2649 1584 te]
2673 1513 2786 1567 Hoc
2811 1521 2894 1567 est
2926 1519 3145 1580 pr0pter
3171 1516 3244 1573 te,
3284 1506 3370 1561 vel
3402 1514 3459 1560 ut
3479 1504 3543 1557 ad
3571 1513 3631 1571 te,
3656 1512 3754 1555 tau-

2212 1623 2368 1674 quam
2400 1606 2464 1660 ad
2496 1621 2718 1660 summa:
2746 1602 3094 1657 beatitudinis
3121 1589 3335 1654 unicam
3367 1607 3525 1666 atque
3552 1596 3755 1648 ultimam

2214 1712 2448 1760 causam,
2474 1695 2940 1751 contend-oremus.

530 1762 671 1837 Deus
696 1782 861 1852 gratia
892 1780 1080 1842 donat,
1117 1786 1223 1831 etc.
1261 1773 1365 1829 Sed
1398 1770 1660 1827 incautius
1693 1769 1903 1821 locutus
1934 1767 2109 1820 fuerat

2286 1789 2414 1858 Cap.
2462 1790 2516 1843 4.
2564 1786 2778 1842 Stabilis
2822 1795 2869 1840 et
2918 1780 3490 1856 incompreltensibilis.]
3533 1780 3656 1835 Sunt
3690 1778 3757 1831 in-

532 1884 717 1930 contra
751 1869 1091 1935 blanicbaeos,
1125 1881 1244 1919 nam
1292 1873 1349 1918 ut
1378 1864 1552 1917 valeat
1590 1856 1948 1921 ratiocinatio,
1993 1856 2112 1924 ejus

535 1967 623 2020 hic
645 1964 802 2018 debet
826 1976 946 2016 esse
968 1972 1155 2014 sensus
1179 1975 1192 2011 :
1225 1954 1346 2009 Nisi
1374 1952 1596 2023 quisque
1619 1949 1925 2003 voluntatem
1947 1956 2114 1998 muta-

535 2056 680 2120 verit,
713 2057 898 2107 bonum
930 2048 1130 2119 operari
1166 2062 1265 2100 non
1304 2052 1486 2113 potest,
1524 2040 1657 2108 quod
1685 2037 1735 2089 in
1759 2046 1933 2089 nostra
1957 2035 2113 2104 (quo-

534 2146 738 2201 rumvis
773 2144 985 2212 nemje)
1019 2147 1263 2210 potestate
1292 2151 1398 2189 esse
1422 2132 1641 2202 positum
1671 2128 1774 2181 alio
1807 2128 1919 2180 loco
1943 2126 2110 2190 docet,

536 2247 641 2293 etc.
698 2236 857 2305 Atqui
909 2248 1015 2288 non
1060 2227 1335 2300 quibusvis
1393 2225 1567 2279 datam
1625 2218 1848 2290 gratiam
1909 2218 2114 2272 censuit

536 2339 743 2399 postea.

611 2420 773 2472 Lmao
817 2431 873 2469 ιι.
916 2413 1049 2481 Cap.
1092 2412 1174 2466 1⁵5.
1222 2408 1299 2463 De
1338 2407 1587 2477 frontibus
1634 2400 1871 2471 codicis.]
1900 2399 2008 2454 lloc
2033 2407 2115 2451 est

539 2528 599 2566 ex
645 2508 968 2577 marginib-is
1015 2503 1133 2556 libri
1177 2501 1332 2567 Jobi,
1379 2496 1569 2566 quibus
1598 2492 1923 2563 Augustinus
1955 2492 2114 2543 hasce

536 2599 929 2657 Adnotationes
954 2595 1224 2649 alleverat.
1550 2634 1553 2635 ν
1726 2632 1727 2635 η
1874 2591 1881 2629 τ

600 2692 735 2760 Cap.
766 2688 856 2745 ΞΟ,
895 2686 1173 2755 Unicuique
1199 2682 1480 2739 secundum
1518 2675 2116 2749 propriamvoluntatem

542 2785 589 2837 in
618 2798 704 2837 ore
730 2777 1004 2852 sapiebat.j
1035 2777 1197 2831 Recte
1222 2775 1435 2845 quidem
1464 2772 1591 2827 fecit
1616 2769 1965 2839 Augustinus,
1992 2780 2115 2821 cum

541 2889 651 2928 rem
686 2869 1098 2925 incertissimam
1145 2864 1483 2931 retractavit;
1516 2861 1609 2916 sed
1651 2868 1827 2911 tamen
1866 2856 1981 2909 haec
2023 2854 2120 2906 fuit

542 2963 849 3018 Judaeorum
896 2955 1129 3024 vulgaris
1170 2955 1373 3021 opinio,
1414 2961 1473 3003 ut
1511 2948 1691 3003 multis
1733 2960 1918 2999 eorum
1962 2942 2116 2997 testi-

543 3054 734 3108 moniis
754 3046 989 3104 ostendit
1012 3046 1166 3100 Joan.
1190 3039 1514 3102 Buxtorlius,
1543 3039 1595 3091 in
1620 3033 2021 3092 Exercitatione
2045 3033 2115 3087 de

544 3146 755 3197 Manna.

615 3229 745 3296 Cap.
785 3225 876 3281 52.
922 3221 1271 3291 Porphyrium
1322 3215 1601 3288 Siculum]
1650 3213 1973 3284 Porphyrius
2021 3211 2122 3266 fuit

545 3321 759 3392 Tyrius,
786 3331 889 3371 non
913 3312 1153 3375 Siculus;
1177 3311 1270 3365 sed
1294 3308 1501 3365 Siculus
1522 3322 1551 3360 a
1575 3304 1843 3360 nonnullis
1862 3301 2117 3368 creditus,

544 3411 689 3482 quod
718 3410 805 3464 diu
834 3407 1027 3461 vixerit
1055 3405 1108 3458 in
1148 3402 1348 3466 Sicilia,
1382 3399 1437 3456 in
1468 3412 1571 3467 qua
1599 3396 1760 3452 etiam
1789 3394 1952 3451 libros
1989 3406 2120 3446 eon-

547 3481 630 3556 tra
653 3499 964 3570 religionem
988 3494 1351 3551 Christianam
1382 3488 1571 3546 edidit.
1606 3486 1737 3540 Vide
1769 3484 1963 3539 Lucam
1996 3481 2122 3535 Hol-

549 3595 779 3650 steniurn
833 3593 884 3646 in
930 3589 1045 3660 ejus
1076 3587 1214 3653 Vita,
1249 3585 1486 3655 subjecta
1511 3579 1659 3651 operi
1694 3577 1762 3633 de
1793 3575 2124 3632 Abstinentia

549 3686 878 3742 animalium.

619 3776 749 3845 Cap.
791 3775 881 3827 37.
920 3773 986 3823 At
1025 3767 1244 3822 carendo
1281 3766 1563 3836 oppilatae
1599 3756 1958 3827 eerimonias.]
1989 3758 2125 3811 Aliae

551 3875 676 3921 sunt
702 3864 869 3917 multo
889 3858 1296 3913 verisimiliores
1319 3855 1620 3917 sententiae,
1645 3852 1713 3905 de
1735 3852 1939 3919 origine
1971 3849 2127 3918 hujus

554 3955 725 4017 vocis,
768 3964 899 4020 quas
939 3948 1120 4016 legere
1159 3956 1240 4000 est
1279 3945 1331 3998 in
1362 3942 1723 4012 Etymologico
1751 3940 1816 3995 ϐ.
1848 3940 1899 3995 .I.
1933 3938 2126 3992 Vossii.

557 4044 661 4099 Sed
692 4053 1019 4109 quaecunque
1057 4036 1126 4090 sit
1163 4034 1280 4104 ejus
1317 4034 1502 4103 origo,
1549 4035 1740 4085 mirum
1769 4040 1852 4085 est
1878 4030 2132 4098 Augusti-

556 4149 683 4190 num
710 4133 776 4187 ab
806 4144 866 4185 ea
894 4129 1217 4183 abstinuisse
1244 4127 1494 4192 voluisse,
1544 4123 1681 4192 quod
1719 4139 1819 4176 non
1846 4123 1911 4174 sit
1945 4122 1998 4173 in
2039 4138 2132 4173 usu

558 4226 868 4281 Litterarum
902 4230 1225 4287 sanctarum,
1282 4218 1383 4273 hoc
1416 4227 1497 4272 est
1538 4205 1990 4285 interpretationis
2025 4213 2130 4267 La-

560 4322 683 4375 tina!
713 4318 1034 4387 Scrip‘urze;
1062 4322 1191 4383 quot
1214 4313 1355 4368 enim
1384 4312 1502 4365 aliae
1534 4325 1690 4365 voces
1723 4310 1776 4363 in
1811 4324 1872 4363 ea
1904 4323 2007 4363 non
2038 4322 2134 4361 ex-

564 4422 740 4475 stant,
799 4407 992 4479 quibus
1042 4416 1219 4460 tamen
1274 4400 1560 4457 Christiani
1602 4400 1889 4469 scriptores
1939 4398 2135 4466 passim

562 4501 825 4559 utuntur?
853 4500 994 4565 Quot
1030 4496 1250 4550 vocibus
1282 4492 1455 4562 ipsum
1499 4492 1768 4546 abstinere
1810 4489 2135 4558 oportuisset
2167 4473 2213 4532 θ

563 4600 617 4653 in
646 4590 1081 4653 contentionibus
1106 4603 1225 4643 cum
1256 4586 1470 4641 Arianis
1501 4595 1553 4638 et
1582 4584 1896 4652 Pelagianis,
1924 4582 1966 4635 si
1997 4581 2136 4635 hanc

563 4702 711 4743 suam
764 4685 938 4754 legem
1000 4678 1374 4735 observasset?
1426 4677 1567 4731 Satis
1624 4675 1723 4728 luit
1768 4688 1855 4728 res
1910 4686 2028 4727 esse
2084 4673 2138 4725 in

567 4778 869 4845 Scriptura,
906 4788 1025 4843 quae
1058 4786 1185 4826 vere
1224 4769 1301 4821 sic
1336 4767 1438 4821 dici
1473 4772 1736 4833 poterant.
1776 4763 1955 4830 Itaque
1983 4762 2138 4815 nimis

568 4880 813 4922 severum
842 4878 1116 4919 censorem
1142 4859 1225 4916 sui
1252 4858 1381 4929 egit.

641 4954 772 5021 Cap.
800 4954 888 5018 55,
913 4953 940 5020 §
963 4954 1017 5004 2.
1042 4952 1167 5005 Cum
1191 4950 1391 5003 haberet
1411 4947 1755 5003 necessitatem
1782 4943 1860 4996 bis
1886 4943 1937 4996 in
1959 4942 2042 4996 die
2067 4942 2145 4994 in-

572 5042 715 5114 gredi
746 5050 922 5095 sancta
951 5036 1287 5108 sanctorum.]
1317 5038 1531 5093 Duabus
1563 5037 1614 5089 in
1646 5034 1802 5088 rebus
1831 5032 1899 5086 ab
1927 5047 2142 5086 accura-

576 5131 794 5187 tissimis
818 5127 979 5183 Musis
1005 5127 1401 5195 interpretibus,
1430 5137 1486 5182 ct
1510 5128 1620 5195 ipsa
1645 5128 1868 5180 veritate
1897 5121 2144 5177 dissentit

573 5225 661 5281 hic
700 5218 1048 5291 Augustinus.
1094 5216 1336 5271 Alterum
1383 5228 1465 5270 est
1509 5218 1652 5286 quod
1696 5216 1866 5271 credt
1911 5214 2142 5269 sufﬁtqu

574 5315 813 5389 quotidie
852 5313 934 5368 bis
980 5310 1215 5365 oblatum
1259 5308 1421 5362 fuisse
1466 5310 1517 5361 in
1563 5310 1904 5364 sanctissimo
1946 5307 2139 5377 adyto,

576 5407 716 5477 quod
759 5406 893 5460 solet
943 5412 1118 5456 sancta
1168 5407 1459 5454 sanctorum
1506 5398 1646 5461 dici;
1696 5414 1815 5451 eum
1865 5399 2013 5451 lierct
2047 5401 2147 5450 hoc

577 5481 832 5550 duntaxat
852 5496 908 5549 in
933 5492 1235 5549 sanctuario
1268 5491 1319 5544 in
1355 5503 1460 5557 quo
1487 5498 1601 5542 erat
1633 5487 1799 5541 altare
1825 5488 2146 5556 thymiama-

580 5589 683 5652 tis.
733 5589 1031 5657 soleretque
1078 5586 1311 5656 pontifex
1361 5584 1624 5638 maximus
1668 5582 1838 5637 semel
1891 5581 2148 5634 duntaxat

582 5678 864 5748 quotannis
915 5688 1082 5732 sancta
1128 5690 1415 5733 sanctorum
1467 5668 1694 5745 ingredi.
1739 5674 1977 5727 Alterum
2024 5688 2148 5726 vero

2144 3113 2193 3174 C

2215 1879 2717 1949 eornprehensibilia
2747 1879 2999 1932 nonnulla
3022 1916 3037 1941 ,
3078 1885 3296 1946 propter
3326 1887 3588 1929 summam
3625 1871 3759 1923 insta-

2217 1973 2501 2036 bilitatem,
2540 1982 2596 2025 ut
2618 1972 2765 2025 venti
2795 1970 3100 2033 variabiles,
3133 1982 3359 2036 quorum
3404 1965 3538 2019 ratio
3566 1963 3674 2016 ideo
3699 1963 3759 2014 in-

2218 2064 2384 2133 telligi
2414 2080 2519 2116 non
2549 2072 2759 2132 potest;
2803 2071 2859 2115 at
2888 2061 3047 2124 Deus,
3081 2073 3380 2128 quanquam
3414 2070 3620 2124 semper
3646 2055 3761 2107 idem

2216 2164 2299 2208 est
2344 2166 2395 2207 et
2437 2154 2639 2231 alisque
2682 2152 2784 2205 ulla
2817 2150 3123 2204 mutationis
3153 2147 3583 2210 obumliratione,
3625 2142 3760 2196 nihilo

2216 2245 2385 2314 magis
2411 2243 2793 2310 comprehendi
2820 2250 3013 2310 potest.
3048 2239 3172 2293 Ideo
3199 2238 3531 2306 Augustinus
3560 2249 3673 2289 cum
3702 2234 3761 2285 in-

2216 2336 2656 2408 compreltenstbiii
2682 2335 2765 2387 hic
2795 2332 3022 2386 stabilem
3048 2331 3343 2398 eonjungit.
3404 2393 3412 2397 _

2239 2483 2243 2490 ,
2287 2428 2419 2496 Cap.
2452 2428 2508 2494 5,
2543 2426 2569 2496 §
2602 2426 2658 2480 5.
2691 2422 2909 2487 Moriar,
2956 2438 3016 2474 ne
3044 2422 3255 2486 moriar,
3300 2428 3353 2471 ut
3396 2430 3509 2470 eam
3552 2409 3759 2482 videam]

2217 2519 2339 2572 Scio
2371 2518 2456 2571 hic
2483 2530 2640 2585 posse
2670 2513 2836 2583 qumri
2870 2514 3147 2585 ὀξύμωρον,
3177 2510 3331 2578 quale
3357 2517 3439 2562 est
3473 2503 3602 2561 illud
3633 2504 3757 2559 animi

2218 2600 2598 2663 beatitudinem
2623 2602 2850 2658 sitientis
2872 2616 2888 2655 :
2912 2600 3124 2663 morior,
3150 2598 3267 2666 quia
3287 2600 3389 2648 non
3412 2597 3637 2659 morior;
3658 2602 3759 2645 atlas

2220 2716 2342 2756 men
2396 2701 2693 2767 suspicarer
2744 2694 2822 2748 sic
2880 2692 3053 2745 locum
3102 2686 3584 2755 interpungendum
3616 2701 3628 2736 :
3659 2682 3760 2736 Noli

2220 2792 2529 2845 abscondere
2559 2805 2590 2841 a
2629 2803 2707 2840 me
2752 2784 2933 2853 [aciem
2979 2791 3139 2835 tuam.
3184 2777 3484 2831 Moriarne?
3523 2775 3697 2828 moriar
3718 2781 3757 2822 ut

2218 2898 2331 2936 eam
2357 2882 2572 2934 videam.
2594 2875 2831 2944 Respicit
2860 2885 3053 2939 nempe
3074 2867 3403 2937 Augustinus
3426 2866 3495 2920 ad
3520 2865 3755 2919 historiam

2219 2984 2339 3040 qua:
2365 2976 2541 3022 exstat
2583 2965 2750 3018 Exod.
2800 2976 2986 3025 χχχιιι,
3021 2960 3085 3012 17
3117 2963 3173 3013 e‘t
3199 2972 3381 3026 seqq.,
3412 2956 3497 3009 ubi
3529 2954 3651 3008 Mosi
3674 2952 3758 3022 glo-

2226 3061 2355 3111 riam
2393 3057 2479 3112 vel
2522 3055 2706 3125 faciem
2748 3052 2843 3106 Dei
2881 3052 3064 3104 videre
3100 3048 3337 3116 cupienti
3385 3045 3486 3101 l'ioc
3512 3046 3673 3100 editur
3696 3056 3759 3096 re-

2224 3163 2477 3217 sponsum
2529 3164 2540 3196 :
2592 3144 2715 3197 Non
2753 3143 2939 3210 poteris
2990 3141 3156 3192 videre
3192 3139 3381 3207 faciem
3436 3150 3632 3198 meam,
3680 3145 3760 3183 non

2224 3240 2353 3293 enim
2380 3236 2565 3291 videbit
2590 3251 2669 3287 me
2698 3234 2847 3286 homo
2880 3241 2929 3285 et
2956 3232 3102 3283 vivet.
3139 3229 3303 3298 Igitur
3338 3235 3603 3296 postquam
3627 3237 3652 3276 a
3676 3221 3763 3273 Deo

2226 3331 2375 3400 petiit
2404 3343 2469 3382 ne
2498 3324 2789 3382 abscondat
2817 3323 2918 3376 sibi
2951 3322 3138 3376 faciem
3168 3334 3347 3384 suam,
3378 3318 3518 3371 illico
3551 3312 3761 3380 subiicit,

2224 3419 2515 3475 moriurue?
2545 3417 2611 3481 si,
2644 3416 2918 3476 nimirum,
2947 3426 3063 3465 eam
3090 3410 3300 3464 videam
3326 3424 3344 3474 ;
3376 3417 3587 3475 remque
3612 3414 3763 3458 secum

2228 3522 2484 3584 rcpnlatts
2506 3551 2521 3574 ,
2553 3508 2791 3575 tantique
2824 3519 2943 3559 esse
2976 3504 3302 3570 intelligens,
3342 3511 3401 3556 ut
3430 3507 3684 3570 propterea
3703 3491 3764 3545 vi-

2229 3616 2333 3659 tam
2366 3604 2656 3667 amitteret,
2707 3596 2921 3664 moriar,
2961 3594 3151 3663 inquit,
3182 3592 3228 3646 si
3261 3592 3337 3647 ita
3372 3591 3465 3646 tibi
3490 3588 3696 3648 videmr,
3722 3590 3764 3633 ut

2229 3713 2339 3752 eam
2378 3696 2423 3748 υἱ
2428 3695 2593 3746 deant.

2301 3788 2431 3852 Cap.
2463 3783 2516 3844 7,
2547 3779 2575 3850 ᾗ
2608 3777 2701 3855 il.
2741 3774 2824 3830 Me
2874 3769 3284 3841 commemorat.]
3320 3772 3432 3825 lloc
3463 3766 3541 3824 est
3583 3762 3692 3819 mihi
3724 3760 3762 3812 in

2235 3877 2545 3930 memoriam
2579 3876 2822 3932 revocat;
2866 3881 2970 3934 quo
3011 3879 3203 3927 sensu,
3247 3863 3391 3929 apud
3436 3858 3763 3928 AuguStinum,

2234 3982 2353 4020 eum
2396 3962 2701 4018 accusativo
2749 3973 2991 4028 personae
3027 3956 3409 4024 conjungitur;
3440 3963 3493 4006 at
3520 3946 3764 4016 :i,nilie»tu

2237 4058 2488 4113 narrandi
2518 4054 2849 4109 construitur
2877 4067 2996 4103 cum
3028 4048 3227 4102 dativo.
3260 4047 3355 4101 Sic
3393 4032 3559 4100 Graeci
3592 4041 3762 4095 dicunt,

2238 4153 2592 4220 ἀναμιμνήσκω
2614 4146 2669 4199 σέ
2694 4164 2849 4206 τινος,
2878 4126 3216 4193 commemoro
3256 4147 3301 4189 te
3334 4138 3571 4205 alicujus,
3598 4133 3684 4183 hoc
3706 4131 3765 4177 est

2239 4243 2352 4308 ejus
2387 4239 2475 4293 tibi
2508 4235 2820 4290 memoriam
2856 4247 3068 4286 revoco.
3104 4230 3262 4299 Igitur
3290 4240 3441 4284 recte
3468 4244 3531 4282 ex
3564 4237 3676 4278 mss.
3704 4214 3766 4269 hic

2240 4330 2587 4384 restituerunt
2615 4324 2973 4378 accusativum
3004 4323 3097 4375 viri
3125 4321 3287 4373 docti.

2312 4420 2441 4484 Cap.
2474 4417 2565 4484 ‘20,
2599 4415 2625 4485 ᾗ
2662 4415 2746 4469 18.
2782 4412 3017 4478 Terram,
3050 4407 3180 4480 etc.)
3212 4409 3424 4462 Terram
3451 4406 3629 4461 vo’eare
3654 4397 3765 4450 vide-

2245 4526 2326 4564 tur
2359 4509 2685 4575 Augustinus
2726 4513 2969 4557 naturam
3016 4505 3303 4556 humanam
3339 4508 3648 4568 corruptam,
3674 4501 3765 4558 quzﬂ

2240 4600 2367 4655 nihil
2414 4598 2513 4651 nisi
2559 4595 2831 4651 terrestria
2864 4594 3069 4661 Spirat;
3109 4594 3329 4661 efﬁgiem
3374 4606 3495 4647 vero
3526 4585 3763 4652 imaginem

2244 4692 2359 4754 Πείυ
2392 4704 2486 4758 per
2519 4686 2843 4754 baptismum
2888 4694 3198 4739 renovatur:
3243 4694 3407 4752 atque
3448 4682 3761 4734 insmuratam.

2248 4780 2379 4835 Vide
2405 4794 2553 4832 num.
2580 4777 2646 4831 21
2680 4777 2779 4830 sub
2808 4777 2987 4829 linem.

2317 4874 2448 4941 Cap.
2476 4871 2560 4926 16.
2589 4868 2828 4932 Flumen.
2861 4866 2989 4937 etc.]
3015 4866 3237 4921 Collatio
3268 4864 3561 4933 depravata!
3583 4862 3764 4911 consue-

2251 4963 2447 5018 tudinis
2472 4977 2591 5017 cum
2622 4960 2840 5013 ﬂumine
2869 4959 3116 5025 frequens
3145 4955 3280 5024 apud
3310 4955 3533 5021 optimos
3567 4950 3763 5016 quosque

2248 5056 2560 5123 scriptores,
2589 5051 2749 5105 etiam
2782 5048 3044 5104 ethnicos.
3086 5048 3219 5100 Hinc
3248 5046 3451 5097 brachia
3490 5047 3652 5093 contra
3685 5039 3762 5082 tor-

2247 5157 2436 5201 reutem
2467 5146 2703 5212 dirigere,
2740 5139 2959 5208 perinde
2998 5146 3080 5192 est
3116 5153 3179 5193 ac
3226 5152 3398 5207 prava:
3443 5116 3761 5187 consuetudini

2248 5234 2540 5291 adversari.
2565 5231 2835 5286 Juvenulis
2861 5237 2963 5283 sat.
2986 5229 3041 5293 4,
3060 5231 3145 5283 89.

2434 5332 2525 5381 Ille
2550 5331 2697 5393 igitur
2719 5341 2963 5389 nunquam
2985 5328 3091 5376 dire
3103 5329 3166 5375 sit
3190 5326 3384 5374 brachia
3404 5327 3560 5373 contra

2431 5393 2739 5442 Torrentem.

2320 5486 2450 5555 Cap.
2488 5484 2572 5549 16,
2609 5482 2750 5552 §26.
2792 5481 2966 5550 Supra
3008 5478 3283 5531 mercedem
3327 5469 3551 5540 σπανίαή
3578 5467 3670 5520 lloc
3702 5462 3761 5555 est

2252 5590 2444 5649 praster
2475 5575 2759 5637 minerval,
2787 5590 2812 5625 a
2842 5574 3064 5639 singulis
3088 5571 3265 5638 pueris
3290 5568 3419 5624 solvi
3450 5565 3659 5618 solitum,
3680 5548 3759 5619 pti-

2256 5680 2376 5724 vato
2392 5684 2515 5733 mre,
2534 5665 2885 5734 grammaticis
2914 5662 3119 5731 publice
3139 5662 3415 5715 constituta
3435 5660 3571 5710 erant
3589 5639 3755 5701 salaria;
