3908 6316
252 298 396 359 205

984 313 1342 371 VARIOHUM
1385 316 1976 377 EXERCITATIUNES
2018 323 2078 378 IN
2120 326 2177 381 S.
2222 328 2592 388 AUGUSTINI
2631 337 2883 394 οιέιιι.

3457 354 3562 410 ἓοϐ

241 427 385 467 seu
409 415 681 484 stipendia
702 433 772 474 ex
801 421 1018 490 publica
1047 428 1272 495 pecunia
1303 432 1578 487 solvenda.
1614 434 1719 486 Aut
1749 435 1881 488 forte
1910 440 1957 497 Α
1988 438 2463 512 Carthaginiensis,
2494 449 2617 506 vide
2643 468 2761 519 qua:
2790 455 2947 510 habet
2978 457 3110 514 iulra
3153 462 3244 518 lib.
3278 482 3326 534 v,
3358 484 3476 541 cap.
3506 474 3564 539 8,

241 517 304 541 ⁵
346 506 613 541 mor-loan
661 512 967 541 ηοηιιηῖΑ-ἶιη
1019 515 1355 541 Αι-.2.......ει--..
1392 522 1629 541 --ιμιιηω
1726 536 1736 541 -
1784 523 1794 541 ι
1826 540 1871 541 γ.
2245 534 2264 541 -

237 517 304 555 a
342 506 615 560 mercede
660 512 970 575 pecuniaria
1017 515 1355 585 distinguitur
1384 522 1657 587 salarium,
1689 536 1740 575 ttl
1784 523 1882 578 hac

232 608 429 650 voce
459 597 833 664 signiﬁcentur
860 602 935 656 sal
967 606 1179 672 publice
1222 609 1518 676 pra-hilum,
1565 626 1775 677 carnes,
1804 614 1880 667 vi-

238 702 443 751 num,
477 689 680 757 oleum,
710 700 816 746 etc.
844 693 934 749 Sic
973 696 1025 749 in
1053 698 1277 767 epistola
1303 701 1569 757 Valeriani
1590 744 1605 769 ,
1639 722 1761 773 qua:
1799 708 1879 762 Ie-

238 778 434 844 gitur
465 780 524 834 in
552 778 670 834 Vita
693 782 876 850 Probi,
904 799 934 838 a
961 785 1147 843 Flavio
1164 789 1392 860 Vopisci)
1418 796 1743 866 conscripta,
1771 815 1884 854 me-

253 869 526 924 moratis
551 873 789 927 vestibus
815 885 870 927 et
900 880 1123 941 pecunia
1152 895 1287 949 quas
1318 885 1596 952 prmlectus
1633 892 1882 955 prmtorio

246 956 589 1022 jubebatur
637 960 767 1016 dare
814 963 990 1021 Probo
1020 983 1032 1020 :
1064 966 1197 1022 Item
1236 974 1287 1024 in
1316 972 1509 1028 salario
1546 978 1752 1042 diurno,
1786 980 1881 1032 bu-

258 1046 425 1101 bula:
456 1050 654 1119 pondo,
680 1054 905 1120 porcina:
922 1058 1094 1125 pondo
1119 1075 1229 1125 sex,
1256 1065 1482 1132 caprina:
1501 1069 1671 1136 pondo
1690 1070 1879 1136 decem,

257 1138 639 1208 gallinaceum
682 1159 774 1211 per
812 1145 1047 1213 biduum,
1082 1151 1183 1204 olei
1219 1169 1308 1220 per
1353 1156 1564 1209 biduum
1602 1162 1880 1214 sextarium

261 1243 477 1297 unum,
510 1232 614 1284 cini
643 1236 820 1287 veteris
836 1236 1054 1292 diurnos
1082 1244 1328 1297 sextarios
1357 1245 1551 1313 decem,
1574 1264 1686 1301 cum
1714 1250 1881 1304 larido

261 1319 571 1384 bubalino;
616 1310 761 1387 satis,
806 1325 1024 1396 olerum,
1064 1330 1322 1400 lignorum
1358 1347 1603 1405 quantum
1628 1342 1753 1393 satis
1782 1351 1875 1394 est.

264 1408 428 1464 Vide
464 1412 535 1464 ad
568 1414 709 1468 hunc
739 1415 914 1471 locum
957 1418 1085 1475 lntt.
1119 1431 1175 1477 et
1211 1424 1278 1479 ad
1307 1426 1477 1482 Vitam
1504 1428 1675 1485 Clodii
1700 1434 1877 1489 Albini

261 1501 382 1555 sub
420 1501 610 1569 finem,
645 1506 730 1559 ubi
770 1509 1081 1576 stipendium
1120 1529 1152 1566 a
1178 1514 1371 1570 salario
1406 1520 1565 1574 etiam
1595 1523 1879 1592 distingui-

263 1598 394 1643 tur.
432 1594 524 1646 Sic
545 1604 597 1647 et
622 1596 672 1649 in
702 1595 837 1650 Cod.
865 1599 957 1653 lib.
990 1616 1043 1665 ι,
1075 1603 1156 1659 tit.
1182 1606 1271 1673 59,
1305 1608 1371 1663 de
1397 1610 1795 1670 Professoribus
1823 1628 1877 1672 ct

262 1678 531 1747 Medicis,
577 1684 960 1745 Constantinus
1001 1692 1155 1761 jubet
1194 1698 1273 1751 eis
1311 1705 1564 1756 mercedes
1593 1714 1640 1759 et
1680 1707 1873 1761 salaria

262 1772 459 1839 reddi,
482 1790 585 1841 quo
613 1777 816 1845 facilius
845 1780 1138 1838 liberalibus
1161 1790 1344 1843 studiis
1372 1794 1556 1848 multos

349 1867 523 1933 lbid.,
549 1869 581 1939 ᾗ
613 1871 706 1925 26.
736 1872 923 1928 Vinum
950 1885 1155 1945 erroris,
1181 1885 1317 1951 quod
1344 1888 1484 1941 nobis
1506 1892 1877 1959 propinabatur

263 1957 340 2008 ab
393 1958 553 2011 ebriis
592 1961 933 2036 doctoribus.]
974 1969 1226 2035 Quamvis
1274 1990 1377 2029 non
1428 1957 1667 2047 ignorent
1706 1984 1875 2036 rinum

266 2047 579 2115 iniquitatis
623 2060 677 2105 et
704 2060 1105 2124 compunctionis
1151 2063 1204 2116 in
1245 2067 1518 2135 Scriptura
1564 2078 1871 2141 memorari,

265 2148 528 2194 attamen
578 2144 897 2200 crediderim
951 2149 1035 2204 hic
1083 2154 1355 2220 respicere.
1408 2162 1760 2229 Augustinum
1804 2168 1871 2220 ad

262 2230 535 2295 Cebetis,
590 2232 850 2291 Platonici
900 2242 1267 2313 celeberrimi,
1318 2250 1607 2315 'laliulam,
1673 2254 1726 2309 in
1767 2272 1869 2326 qua

266 2322 504 2389 ’Am’mo,
534 2340 627 2380 seu
653 2326 949 2396 lmposturu
974 2332 1244 2390 inducitur
1274 2353 1466 2407 pueros
1489 2360 1675 2401 otunes
1704 2348 1755 2401 in
1788 2350 1867 2402 vi-

266 2422 391 2465 tam
420 2417 779 2483 ingredientes
795 2426 1078 2485 ποτίζονσα
1096 2435 1157 2499 τῇ
1182 2428 1365 2490 εαυτῆς
1382 2430 1613 2506 δυνάμει,
1640 2437 1742 2492 hoc
1762 2449 1866 2505 est,

261 2510 511 2581 ποτηρίῳ
535 2509 743 2571 πλάνης.
770 2514 953 2580 poculo
980 2522 1187 2573 erroris.
1224 2520 1355 2576 Vide
1383 2525 1499 2593 ejus
1526 2527 1755 2583 ini.ium.

344 2599 485 2665 Cap.
520 2601 607 2664 l8,
637 2598 667 2670 ξ
699 2600 791 2655 29.
827 2603 1034 2674 Scripta
1073 2610 1431 2684 conscienti.t.]
1472 2615 1714 2685 lleSpicit
1760 2622 1865 2674 Au-

257 2688 528 2754 gustinus
555 2690 622 2743 ad
651 2691 807 2747 Rom.
837 2709 898 2762 lt,
927 2698 1015 2765 15,
1049 2699 1141 2755 ubi
1187 2702 1440 2759 dicuntur
1472 2709 1673 2763 ethnici
1699 2722 1867 2764 osten-

258 2780 400 2833 dere
428 2797 559 2849 apus
587 2783 711 2855 legis
743 2788 991 2857 scriptum
1023 2790 1076 2843 in
1106 2794 1341 2848 cordibus
1367 2798 1490 2863 suis,
1524 2801 1864 2857 testimonium

264 2872 527 2924 reddente
549 2873 651 2926 illis
670 2877 979 2933 conscientia
1007 2881 1254 2949 ipsorum,
1278 2894 1382 2940 etc.

343 2964 488 3031 Cap.
517 2963 606 3032 20,
640 2965 667 3036 ᾗ
703 2968 792 3021 51.
818 2968 1184 3028 Secretissima.’
1208 2978 1442 3044 unitatis,
1473 2980 1601 3052 etc.]
1638 2983 1751 3039 lloc
1777 2997 1860 3040 est

268 3052 398 3119 Dei,
430 3056 583 3124 cujus
617 3061 862 3116 voluntas
905 3074 988 3118 est
1024 3066 1187 3121 veluti
1232 3072 1647 3127 secretissimum
1676 3076 1858 3131 vincu-

257 3143 410 3209 lum,
441 3162 549 3214 quo
573 3149 807 3206 universi
835 3153 1008 3208 unitas
1037 3167 1183 3212 sarta
1212 3173 1275 3213 ac
1307 3170 1443 3215 tecta
1484 3178 1853 3222 conservatur.
1884 3150 1932 3214 (ἶ

261 3233 410 3291 Vide
443 3239 537 3291 lib.
566 3256 619 3293 tv
649 3241 715 3296 de
745 3242 943 3299 Cenes.
973 3246 1039 3300 ad
1069 3247 1323 3315 litterarii,
1354 3266 1472 3321 cap.
1506 3254 1593 3321 12,
1630 3256 1716 3310 ubi
1746 3259 1857 3328 agit

264 3329 336 3381 de
348 3318 777 3388 conservatione
798 3350 980 3390 rerum
1009 3339 1273 3396 omnium.
1302 3342 1563 3400 Cancrum
1597 3346 1852 3404 Platonici

263 3419 423 3476 sese
462 3432 520 3477 et
562 3425 757 3494 μονάδα
803 3430 999 3496 passim
1046 3432 1213 3489 Deum
1252 3436 1508 3491 vocitant.
1540 3438 1639 3495 Adi
1678 3441 1850 3499 Procli

266 3508 622 3581 Theologiam
645 3514 994 3573 Platonicam.

338 3601 511 3656 Lisso
556 3620 614 3658 ιι.
664 3604 795 3674 Cap.
857 3610 913 3663 2.
964 3610 1399 3687 0bsurdueram.]
1438 3618 1536 3683 Qui
1573 3620 1852 3678 ediderant

269 3696 638 3750 obsordueram
678 3701 972 3757 credebant
1006 3720 1035 3758 o
1059 3714 1114 3759 et
1141 3722 1177 3759 ιι
1215 3708 1302 3764 hic
1340 3725 1460 3766 esse
1490 3715 1670 3775 mista,
1714 3717 1849 3772 utin

266 3798 400 3840 voce
419 3789 687 3858 jocundus
715 3806 809 3859 pro
840 3795 1085 3859 iucundo.
1121 3797 1412 3868 Respicere
1438 3817 1613 3858 autem
1641 3806 1851 3861 videtur

267 3878 601 3946 Augustinus
628 3881 694 3935 ad
732 3883 783 3936 id
807 3887 948 3954 quod
977 3887 1145 3943 fertur
1166 3891 1235 3945 de
1258 3898 1570 3949 catarractis
1602 3896 1726 3959 Nili,
1754 3900 1843 3953 ubi

270 3964 429 4021 Nilus
474 3972 801 4039 praccipilans
844 3993 897 4030 se
934 3981 1139 4050 fragore
1177 3983 1405 4038 auditum
1436 3990 1623 4041 accolis
1658 3991 1847 4058 aufert,

268 4066 321 4107 ut
354 4056 589 4127 loquitur
617 4059 819 4118 Plinius
847 4065 982 4119 llist.
1021 4078 1132 4123 nat.
1167 4071 1261 4124 lib.
1293 4089 1365 4135 vr,
1395 4090 1512 4143 cap.
1544 4078 1631 4132 ιθ.

336 4149 466 4218 Cap.
498 4150 553 4216 ϐ,
587 4152 615 4223 §
649 4155 735 4209 14.
762 4155 1004 4213 Potuitne
1026 4162 1180 4216 libere
1200 4169 1336 4233 quod
1357 4184 1457 4220 non
1486 4169 1684 4235 licebat,
1714 4174 1844 4245 etc.]

266 4241 485 4297 Ovidius
513 4247 761 4313 nequitia:
793 4253 1047 4319 magister
1070 4254 1322 4323 allirtuat,
1351 4274 1449 4314 nec
1473 4259 1626 4331 Ωιι-υ,
1658 4241 1841 4321 Amor;

268 4332 361 4387 lib.
389 4349 443 4397 ll,
467 4334 539 4389 el.
576 4338 674 4392 l9:

549 4446 942 4515 licetingratnm
969 4463 1063 4515 est,
1102 4456 1228 4515 quod
1253 4470 1351 4505 non
1391 4460 1506 4508 licet
1529 4464 1690 4511 acrius
1716 4468 1839 4515 urit:

389 4507 525 4564 Quod
548 4507 772 4571 sequitur
790 4512 940 4574 fugio,
962 4507 1091 4575 quod
1114 4507 1238 4580 l‘ugit
1262 4532 1418 4581 usque
1440 4507 1640 4583 sequor.

268 4610 333 4663 Et
361 4608 452 4663 lib.
482 4626 562 4679 nt,
597 4612 665 4667 el.
700 4614 732 4668 3
765 4633 778 4666 ε

388 4720 594 4801 Nitimur
617 4726 665 4771 in
684 4725 888 4801 petitum
910 4740 1127 4801 semper,
1153 4733 1370 4801 cupimus
1389 4748 1467 4796 ,ue
1491 4747 1683 4801 negata,

445 4782 526 4831 Sic
545 4786 813 4835 interdictis
836 4782 1052 4838 imminet
1075 4782 1385 4856 aeger'aquis.

336 4934 570 5005 Nempe,
616 4938 814 4993 nullam
847 4941 1110 4998 rationem
1149 4944 1325 5013 legum
1369 4946 1603 5012 habere,
1641 4952 1731 5006 sed
1768 4954 1835 5006 ita

267 5039 365 5077 nos
393 5039 604 5092 gerere,
628 5030 776 5096 quasi
798 5029 861 5083 iis
891 5033 1046 5086 soluti
1074 5048 1337 5101 essemus,
1373 5038 1552 5091 nescio
1573 5041 1698 5107 quid
1726 5060 1836 5096 aui-

268 5117 411 5183 plum
438 5131 498 5169 ac
528 5118 862 5185 magniﬁcum
893 5122 1102 5175 videtur
1132 5124 1378 5180 humana:
1406 5130 1692 5196 superbim.

334 5206 451 5260 Lib.
478 5222 555 5260 ιιι.
581 5206 712 5278 Cap.
736 5210 789 5275 5,
827 5210 854 5282 §
886 5213 939 5265 6.
970 5212 1288 5287 Eoersores.]
1320 5218 1575 5273 Videntur
1602 5222 1669 5274 ita
1708 5223 1832 5277 dicti

267 5298 641 5367 petulantiores
675 5300 921 5368 juvenes,
958 5304 1050 5372 qui
1091 5308 1301 5362 scholas
1331 5311 1625 5374 rhetorum,
1658 5329 1685 5364 a
1718 5318 1836 5383 ψη·-

267 5393 361 5447 bns
396 5408 499 5447 non
531 5394 878 5463 docebantur,
936 5400 1293 5466 irrumpentes
1331 5406 1506 5457 uinnia
1549 5408 1651 5459 illic
1681 5425 1831 5462 ever-

268 5488 460 5551 tebant,
514 5486 850 5557 ludibrioque
908 5490 1175 5544 habebant
1222 5496 1523 5562 magistros.
1570 5498 1697 5565 Ejus
1741 5518 1834 5557 ue-

262 5574 435 5643 quitie
462 5576 707 5630 meminit
736 5576 926 5632 iterum
956 5579 1282 5647 Augustinus
1312 5583 1402 5635 lib.
1435 5585 1499 5637 de
1529 5585 1660 5638 \‘cra
1689 5589 1829 5651 licl.,

258 5665 364 5732 Cap
426 5666 516 5730 b0,
572 5680 718 5719 num.
769 5667 854 5720 7-5.
906 5668 978 5722 Dc
1027 5671 1313 5737 petulantia
1362 5688 1490 5727 vero
1538 5674 1831 5741 iuventutis

1988 544 2107 596 quae
2132 534 2319 588 confer
2346 551 2465 590 cum
2497 554 2616 609 cap.
2652 543 2737 596 12.

2057 620 2185 689 Cap.
2222 624 2274 685 6,
2310 624 2337 694 ᾗ
2375 625 2467 693 21,
2505 630 2741 700 Quinque
2782 644 2935 689 antra
2995 642 3320 697 tenebrarum
3346 687 3361 710 ,
3410 658 3514 704 etc.
3546 654 3566 725 ]

2002 710 2363 770 Deliramenta
2396 719 2512 774 haec
2540 722 2953 781 Manichasorum
2982 731 3253 800 copiosius
3274 710 3568 806 exponitci

1987 803 2226 857 conlutat
2255 808 2581 876 Augustinus
2613 813 2667 867 in
2694 815 2793 869 lib.
2826 828 3016 874 contra
3054 822 3227 893 Epist.
3263 803 3563 898 litanichwi,

1986 906 2102 961 cap.
2141 895 2228 949 l5.
2259 898 2348 964 qni
2380 899 2515 953 liber
2534 910 2616 955 est
2637 912 2766 961 tom.
2799 905 2937 965 Vlll.

2055 984 2181 1054 Cap.
2216 989 2268 1053 7,
2305 989 2332 1059 ᾗ
2363 990 2446 1046 13.
2491 992 2739 1060 Nunquid
2766 1001 2972 1071 justitia
2996 1006 3234 1061 varia'est
3263 1021 3311 1064 et
3348 1017 3565 1069 mutabi-

1986 1077 2071 1141 lis,
2128 1078 2282 1150 etc.]
2337 1081 2459 1138 llaac
2502 1089 2803 1145 accuratius
2847 1097 3083 1152 excussit
3127 1100 3470 1173 Augustinus,
3511 1108 3562 1164 in

1987 1167 2137 1223 libris
2165 1182 2354 1227 contra
2387 1173 2730 1243 Manichaaos,
2758 1186 2845 1249 qui
2868 1186 3098 1243 adeundi
3137 1192 3205 1245 ab
3228 1167 3299 1248 iis
3345 1200 3433 1265 qui
3458 1167 3561 1253 Ire-

1983 1271 2237 1325 sponsum
2270 1263 2370 1317 hoc
2400 1266 2564 1333 probe
2587 1269 2883 1341 intelligere
2903 1278 3147 1347 cupiunt.
3176 1263 3405 1342 Collecti
3433 1304 3561 1346 sunt.

1982 1348 2016 1401 ii
2043 1349 2163 1404 libri
2188 1352 2239 1405 in
2266 1369 2429 1409 unum
2459 1373 2671 1429 corpus,
2707 1366 2981 1421 tom.Vlll.

2050 1440 2213 1497 Ltuno
2241 1460 2310 1497 tv.
2342 1446 2471 1515 Cap.
2505 1452 2559 1515 3,
2594 1451 2620 1521 §
2648 1454 2700 1508 δ.
2736 1454 2810 1508 De
2842 1459 3042 1527 paginis
3074 1474 3235 1528 poeta:
3264 1471 3557 1539 cujuspitmt

1979 1540 2083 1586 etc.
2112 1532 2131 1604 ]
2161 1535 2464 1594 Consulturi
2502 1542 2634 1597 deos
2662 1544 2728 1600 de
2769 1560 2963 1604 eventu
3007 1556 3216 1611 consilii
3238 1532 3558 1631 cuiuspiam,

1978 1623 2244 1680 interdum
2318 1630 2369 1683 in
2409 1645 2594 1687 eorum
2658 1639 2887 1705 templis,
2934 1654 3025 1695 aut
3060 1645 3302 1711 privatim
3347 1655 3556 1720 aperie-

1978 1713 2108 1767 bant
2135 1718 2381 1773 volumen
2410 1723 2720 1779 celebrioris
2751 1740 2942 1796 poclm,
2971 1741 3029 1785 ut
3052 1734 3290 1804 llomeri,
3324 1744 3403 1796 vtl
3442 1744 3557 1798 Vir.

1586 1796 1871 1852 instituant.
1906 1788 1950 1848 Β
1978 1806 2117 1872 gilii;
2146 1821 2199 1862 et
2221 1810 2447 1876 primum
2476 1830 2711 1881 versum,
2740 1820 2828 1887 qui
2860 1824 3196 1889 occurrebat,
3234 1845 3550 1895 responsum

1977 1898 2200 1953 deorum
2246 1908 2521 1970 putabant.
2578 1910 2709 1963 Vide
2752 1911 2874 1967 lntt.
2931 1916 2999 1968 ad
3048 1917 3219 1972 Vitam
3268 1924 3486 1978 Adriani
3523 1943 3551 1977 a

1977 1988 2261 2058 Spartiano
2287 1996 2669 2065 conscriptam,
2714 2017 2819 2056 non
2857 2008 3150 2071 proculab
3196 2012 3367 2070 initio.
3400 2016 3555 2071 Chrin

1976 2081 2133 2134 stiani
2164 2085 2345 2150 etiam,
2388 2086 2547 2142 simili
2601 2091 2828 2158 ratione,
2872 2094 3146 2163 Scriptura
3180 2116 3329 2157 sacra
3362 2103 3553 2163 abute-

1974 2171 2189 2238 bantur,
2211 2188 2267 2228 ut
2292 2177 2588 2233 videbimus
2614 2182 2709 2235 lib.
2736 2199 2845 2247 Vlll,
2867 2199 2985 2255 cap.
3006 2187 3074 2240 12
3096 2189 3317 2259 hujusce
3339 2196 3549 2263 Operis.

2042 2264 2176 2332 Cap.
2206 2267 2259 2320 5.
2290 2268 2369 2321 Ανι
2392 2271 2543 2335 ﬂetus
2571 2288 2648 2325 res
2677 2289 2857 2327 amara
2887 2286 2981 2342 est,
3010 2288 3113 2334 ctc.
3148 2280 3166 2352 ]
3214 2284 3551 2345 Delectamur

1974 2354 2183 2409 tristitia
2212 2366 2266 2410 et
2292 2357 2458 2423 luctu,
2489 2370 2551 2414 ut
2576 2365 2785 2417 caeteris
2812 2368 3061 2422 omnibus
3098 2372 3395 2439 all'ectibus,
3429 2383 3549 2447 qui-

1970 2443 2068 2499 bus
2092 2445 2317 2502 libenter
2340 2448 2697 2519 indulgemus,
2720 2468 2862 2524 tegre
2879 2458 3210 2529 obsiStimus;
3235 2469 3354 2534 quia
3376 2480 3433 2524 ut
3454 2486 3547 2528 eos

1970 2536 2265 2600 vincamus,
2310 2540 2388 2595 vis
2428 2542 2701 2598 inferenda
2734 2556 2816 2601 est
2855 2553 3241 2615 perturbationi
3284 2562 3450 2616 animi
3494 2576 3546 2618 et

1968 2629 2227 2695 corporis.
2262 2630 2513 2686 Minuitur
2558 2636 2722 2689 etiam
2749 2645 2948 2694 sensim
3003 2646 3239 2711 tristitia,
3269 2654 3393 2707 dum
3421 2672 3541 2712 eam

1967 2715 2138 2771 libere
2180 2718 2232 2771 in
2279 2720 2506 2775 lamenta
2562 2736 2616 2777 et
2664 2727 2930 2798 lacrymas
2975 2735 3322 2794 effundimus.
3370 2746 3544 2801 Verba

1965 2816 2090 2861 sunt
2112 2807 2384 2865 Eurioidis
2406 2812 2459 2866 in
2481 2811 2781 2883 (Euotnao,
2813 2821 2952 2888 apud
2985 2822 3257 2884 Stobmom
3292 2832 3536 2907 Florilcg.

1965 2897 2047 2953 tit.
2080 2900 2203 2956 19.3.

2102 3000 2219 3053 Ἀλλ’
2249 3000 2492 3079 ἔστιγὰρ
2518 3005 2581 3065 δὴ
2608 3014 2691 3079 καὶ
2719 3010 2767 3064 ἐν
2798 3023 3019 3070 κακοῖσιν
3048 3018 3196 3079 ἡδονή

2101 3078 2315 3164 Θξητοθῖς
2344 3075 2577 3164 (zeugma,
2612 3078 2842 3156 δακρύων
2872 3086 2916 3139 τ’
2939 3088 3184 3164 ἐπιρροαι.

2104 3141 2390 3239 ’Λλγηδόνξις
2416 3141 2662 3239 δέᾳναῦτα
2694 3141 2912 3239 novitiis:
2931 3141 3116 3228 φρεζρίῖιν
3133 3201 3145 3222 ,

2104 3217 2198 3239 II--.‘
2222 3234 2313 3239 μ-.-
2355 3216 2427 3239 34A
2458 3236 2471 3239 Α
2598 3238 2605 3239 ,
2706 3224 2715 3239 ι
2982 3229 2990 3239 ι

2104 3217 2200 3265 Καὶ
2222 3212 2429 3288 καρδίας
2452 3214 2608 3273 ἔλυσε
2634 3224 2754 3281 τοὺς
2782 3212 2908 3293 ἄγαν
2930 3212 3129 3289 ἱέὸνους.

2038 3309 2220 3364 Verum
2250 3314 2303 3365 in
2339 3316 2488 3369 malis
2511 3320 2758 3389 voluptati
2801 3333 2916 3376 sunt
2954 3326 3242 3385 horninibus
3264 3379 3278 3399 ,
3313 3336 3537 3395 lanienta

1953 3408 1999 3453 et
2022 3400 2257 3468 deﬂuus
2309 3404 2673 3472 lacrumarum.
2709 3410 2835 3465 Htec
2874 3413 3038 3468 leuant
3069 3422 3327 3476 tristitiam
3351 3431 3534 3496 animi,

1951 3498 1999 3542 et
2028 3491 2198 3543 nimiis
2227 3492 2490 3547 doloribus
2527 3512 2614 3549 cor
2642 3499 2880 3553 liberant.
2912 3503 3027 3557 Alia
3071 3519 3195 3563 sunt
3231 3513 3431 3569 ibidem
3479 3491 3536 3573 et

1952 3582 2075 3636 alibi
2101 3582 2152 3636 in
2180 3582 2424 3638 eamdem
2457 3588 2803 3644 sententiam.

2021 3672 2151 3742 Cap.
2183 3673 2236 3726 7.
2275 3672 2497 3745 Diligere
2524 3677 2751 3735 homines
2781 3683 3091 3741 humaniter.
3121 3686 3141 3760 ]
3191 3692 3303 3749 Hoc
3333 3707 3436 3766 est,
3468 3716 3535 3757 eo

1950 3762 2147 3817 amoris
2173 3764 2355 3834 modo,
2387 3766 2477 3835 qui
2513 3770 2672 3824 rebus
2715 3773 2967 3839 perituris
3001 3779 3163 3835 tribui
3204 3794 3397 3852 potest.
3422 3762 3534 3847 'Sic

1950 3864 2005 3908 et
2035 3855 2203 3910 Crazci
2234 3860 2313 3911 usi
2368 3870 2494 3915 sunt
2516 3876 2645 3917 voce
2683 3866 3028 3938 ἀνθρωπίνως.
3055 3881 3110 3927 et
3137 3878 3351 3945 quidem
3382 3882 3434 3939 in
3472 3900 3532 3941 re

1948 3945 2107 4000 simili
2144 3950 2438 4006 Menander
2459 3955 2599 4022 apud
2627 3956 2899 4014 Stoba-um
2926 3962 3110 4020 Floril.
3146 3969 3228 4022 tit.
3260 3972 3383 4028 125.

2088 4053 2428 4139 ‘Aiiﬂpwrivmc
2452 4062 2561 4139 ξ(ρῄ
2586 4061 2878 4139 ῖάςιτύχας
2900 4066 3081 4139 φέρειν,
3110 4070 3211 4132 ξένε
3234 4086 3249 4101 °

2089 4123 2161 4173 Τὰ
2186 4123 2320 4176 κοινά
2340 4123 2509 4186 κοινῶξ
2530 4125 2611 4180 δ.ῐ
2637 4123 2811 4205 φέριιῖ
2824 4123 3200 4206 conﬁrmant-rat.

2020 4231 2257 4287 "unione
2274 4246 2467 4304 oportet
2489 4238 2801 4295 calamitates
2831 4243 2985 4311 ferre,
3009 4264 3039 4300 ο
3060 4250 3264 4320 hospes,
3302 4272 3529 4313 comma-

1947 4322 2033 4373 nia
2064 4340 2158 4390 par
2183 4336 2256 4378 est
2288 4329 2510 4381 tolerare
2536 4335 2893 4389 communiter.

2018 4417 2146 4484 Cap.
2184 4418 2269 4483 12,
2304 4417 2331 4487 §
2366 4420 2454 4473 18.
2485 4419 2621 4476 Ecce
2651 4427 2734 4478 ubi
2770 4438 2865 4494 est,
2896 4431 2981 4483 ubi
3022 4435 3157 4500 sapit
3188 4438 3389 4491 reritas.
3423 4438 3442 4510 ]
3471 4442 3529 4497 Si

1826 4504 1838 4526 ’
1867 4504 1919 4561 D
1946 4509 2015 4561 ita
2048 4507 2212 4577 legas,
2248 4511 2324 4564 sic
2351 4513 2563 4567 videtur
2593 4515 3096 4590 interpungendum,
3134 4524 3263 4579 Ecce
3292 4529 3377 4580 ubi
3414 4504 3487 4585 est
3510 4536 3532 4566 '

1950 4599 2036 4651 ubi
2057 4601 2187 4669 sapit
2215 4602 2417 4657 veritas.
2462 4605 2530 4658 At
2560 4605 2698 4662 forte
2746 4612 2934 4666 melius
2976 4614 3236 4683 legamus,
3273 4616 3406 4673 Ecce
3444 4625 3529 4675 ubi

1948 4700 2038 4753 est,
2069 4690 2136 4743 ibi
2163 4693 2294 4758 sapit
2314 4695 2532 4761 veritas;
2560 4698 2659 4752 hoc
2689 4710 2771 4753 est
2799 4702 2914 4769 ejus
2944 4704 3105 4756 animi
3137 4706 3332 4773 palato,
3366 4719 3423 4765 ut
3458 4714 3525 4765 ita

1946 4779 2139 4849 dicam,
2161 4783 2341 4851 sapida
2369 4796 2450 4839 cst
2476 4788 2688 4853 veritas,
2720 4791 2805 4843 cui
2836 4792 2971 4843 Deus
2995 4793 3166 4848 adest.

2017 4870 2149 4940 Cap.
2186 4874 2274 4936 14,
2310 4873 2335 4943 §
2372 4876 2460 4934 ‘21.
2499 4875 2756 4931 Ilierium.
2787 4877 2805 4947 ]
2850 4880 3015 4933 Estne
3044 4880 3124 4936 ΡΙ.
3165 4883 3398 4955 llieritts,
3435 4894 3521 4957 qui

1944 4974 2087 5013 anno
2125 4962 2320 5015 Christi
2363 4965 2467 5017 427
2510 4983 2631 5019 cum
2689 4967 2769 5021 Fl.
2817 4968 3117 5027 Ardaburio
3161 4980 3346 5032 consul
3382 4980 3525 5034 fuit?

1943 5050 2103 5103 Certe
2148 5050 2412 5105 interdum
2457 5054 2586 5107 viris
2633 5058 2857 5115 eruditis
2903 5063 3095 5119 collata
3136 5082 3197 5121 ea
3256 5071 3517 5141 dignitas,

1942 5144 2163 5207 prapter
2193 5141 2361 5195 solam
2390 5144 2770 5214 eruditionem,
2807 5161 2863 5205 ut
2892 5153 3130 5210 Ausonio
3161 5170 3352 5227 poetae,
3379 5164 3524 5217 aliis-

1938 5246 2061 5297 que.
2099 5231 2209 5284 Non
2252 5242 2380 5301 puto
2413 5243 2625 5303 tamen,
2672 5254 2891 5312 propter
2930 5247 3062 5300 alias
3094 5247 3192 5301 viri
3230 5251 3514 5316 dignitates

1938 5337 2068 5388 quas
2100 5322 2220 5375 vide
2246 5326 2383 5391 apud
2414 5325 2668 5385 Jacobum
2724 5333 3111 5393 Cothol’redum
3152 5340 3202 5392 in
3260 5357 3513 5409 prosopo-

1937 5414 2156 5479 graphia
2183 5417 2383 5471 codicis
2412 5419 2793 5478 Theodosiani.
3510 5504 3513 5505 ν

2011 5500 2139 5555 ιιηιι.
2168 5504 2194 5573 §
2222 5506 2312 5562 ιδ.
2343 5508 2418 5560 Ub
2438 5526 2494 5562 os
2524 5516 2991 5583 contemplationis.
3018 5517 3037 5587 ]
3066 5517 3118 5570 Si
3152 5518 3265 5575 haec
3290 5536 3411 5576 vera
3436 5504 3517 5580 est

1939 5594 2114 5663 lectio,
2145 5600 2365 5664 perinde
2390 5612 2469 5657 est
2500 5618 2560 5657 ac
2590 5607 2651 5658 ob
2683 5609 2855 5659 oculos
2882 5611 3083 5663 mentis.

2007 5689 2168 5743 Ltsuo
2196 5707 2247 5744 ν.
2302 5692 2432 5762 Cap.
2464 5695 2517 5760 9,
2554 5695 2580 5765 §
2629 5696 2715 5768 l6,
2751 5697 2815 5751 In
2863 5715 3011 5754 cruce
3064 5703 3455 5773 phantasmatis.
3490 5708 3507 5777 ]
