3908 6302
528 341 637 394 907
1404 335 1963 395 δυρινιεωεκτυκ
1994 339 2071 394 ΑΙ]

2212 341 2345 396 EBA
2390 340 2445 397 S.
2490 341 2879 399 AUGUSTINI.
3668 345 3755 399 ῑοκ

538 456 649 507 lloc
678 464 759 509 est
790 454 840 507 in
886 466 1043 507 cruce
1070 466 1100 506 e
1135 465 1235 521 qua
1267 451 1581 520 tependisse
1626 451 1961 519 phantasma,
2001 468 2103 507 non
2136 462 2183 521 Λ
2212 454 2314 516 cie,
2342 452 2392 506 in
2418 453 2613 507 talibus
2634 452 2905 506 aberrare!
2930 450 3009 507 Ad
3032 461 3275 505 eventum
3299 452 3616 507 somniorum
3636 458 3757 524 quod

533 545 800 599 Christum
830 545 1021 613 ipsum,
1043 542 1332 597 credebant
1356 541 1654 595 Maniclia'i.
1678 534 1741 595 Vi
1781 559 1812 595 e
1834 558 1951 611 qua:
1973 558 2105 597 con-
2211 544 2429 607 attinet,
2460 542 2601 596 idem
2633 542 2837 596 dixeris
2874 541 3015 611 quod
3049 541 3118 595 de
3153 539 3609 596 Cenethiiacorum
3639 558 3754 613 prc-

534 643 616 687 tra
648 633 749 688 hoc
774 632 964 701 dogma
1014 637 1173 687 habet
1215 632 1542 701 Augustinus
1572 640 1703 685 tom.
1738 632 1870 698 \‘lll,
1904 641 2015 697 aut,
2061 634 2104 685 si
2209 633 2556 697 dic:ionibus,
2603 633 2865 686 interdum
2919 646 3024 686 non
3071 633 3241 696 vanis,
3286 632 3417 685 dixit
3457 630 3757 700 Augustinus

533 726 869 793 paucioribus
897 739 1007 779 rem
1040 724 1365 792 descriptam
1396 723 1603 791 cupias,
1635 722 1871 778 libellum
1900 722 2015 790 ejus
2038 722 2104 775 de
2208 722 2299 775 lib.
2332 738 2436 785 vu,
2477 721 2503 791 §
2543 721 2597 775 8.
2633 721 2737 777 Sed
2778 722 3129 776 honorificum
3172 731 3289 774 erat
3336 721 3584 775 Monnicae
3624 722 3753 792 ﬁlio,

526 816 851 879 Haeresibus,
884 815 947 869 ad
978 815 1205 870 haeresin
1232 813 1667 867 Manichmorum.
2208 814 2373 880 ipsius
2400 812 2803 866 conversionem
2835 813 2998 867 fuisse
3026 812 3252 866 somniis
3279 814 3603 882 θεαπέμπτοις
3632 828 3755 881 prc-

598 906 727 974 Cap.
764 907 847 970 10,
884 904 910 975 §
945 905 1031 959 18.
1075 904 1213 969 Quos
1240 904 1425 958 electos
1453 910 1651 955 eccam.
1682 898 1701 970 ]
1744 900 1805 954 Hi
1837 898 1974 967 apud
2006 912 2101 953 eos
2205 904 2584 972 significatam;
2615 906 2757 974 quod
2797 915 2975 961 tamen
3002 906 3091 960 alii
3128 906 3416 975 pudentius
3461 919 3753 962 commemo-

525 995 687 1049 veluti
722 994 985 1063 primarize
1007 994 1239 1059 virtutis,
1281 1001 1373 1046 aut
1409 989 1730 1045 commentis
1777 988 1894 1057 ejus
1939 997 2102 1042 sectte
2206 1005 2436 1049 rasscnt.

525 1084 873 1139 addictissimi
900 1092 1089 1149 erant;
1116 1084 1291 1138 minus
1334 1081 1558 1151 perfecti
1592 1080 1913 1134 dicebantur
1938 1079 2096 1131 audi-
2274 1084 2404 1154 cap.
2438 1086 2524 1140 16.
2562 1085 2718 1140 versa
2745 1097 2793 1141 ει
2814 1101 3016 1142 reuma
3040 1087 3093 1141 ξπ
3120 1097 3348 1157 tergum,
3372 1095 3417 1140 σι
3447 1087 3500 1139 in
3525 1088 3690 1154 ιαισα,
3715 1098 3757 1143 ει

522 1186 676 1230 tores.
713 1175 873 1240 Nam,
910 1184 967 1230 ut
1006 1174 1183 1228 verbis
1214 1181 1332 1227 utar
1376 1170 1657 1239 Augustini
1683 1184 1751 1224 ex
1794 1178 2099 1223 memorato
2204 1175 2257 1228 in
2282 1187 2500 1231 ventrem
2527 1188 2574 1231 et
2603 1179 2734 1231 dura
2760 1188 2876 1232 sunt
2907 1177 3126 1248 omnim]
3166 1178 3473 1247 Metaphora
3503 1178 3755 1243 desumpta

524 1267 727 1331 libello,
760 1268 839 1319 his
882 1265 1079 1318 duabus
1108 1262 1522 1333 profectionibus,
1573 1261 1667 1314 hoc
1693 1270 1785 1326 est,
1826 1260 2100 1313 electorum
2204 1282 2269 1322 ex
2297 1277 2470 1337 ’πει-ο,
2507 1270 2589 1323 νει
2622 1270 2885 1323 ίηευιηηῖει
2927 1270 3218 1331 laboranti,
3250 1269 3341 1338 qui
3373 1271 3424 1322 in
3454 1268 3586 1322 ιρειο
3612 1282 3666 1324 se
3688 1270 3755 1335 ia-

523 1365 569 1407 et
595 1358 910 1419 auditorum,
948 1354 1231 1406 Ecclesium
1256 1368 1399 1405 suam
1430 1362 1665 1406 constare
1691 1351 1982 1404 voluerunt.
2203 1368 2341 1428 crat,
2368 1371 2421 1414 et
2450 1376 2819 1430 quamcunque
2850 1362 2901 1415 in
2931 1376 3133 1427 partem
3168 1376 3228 1415 se
3259 1370 3432 1415 vertat
3459 1359 3637 1414 duram
3661 1361 3755 1413 cm.

586 1445 722 1500 lbid.
762 1446 789 1515 ᾗ
814 1445 906 1499 20.
940 1444 1064 1498 Nisi
1092 1444 1235 1497 carni
1263 1441 1673 1513 conceruentur.]
1702 1441 1803 1508 Qui
1832 1454 1965 1495 voce
1979 1456 2100 1493 con-

2208 1450 2358 1502 citam
2386 1456 2681 1519 experitur.
2709 1452 2799 1506 Sic
2824 1454 3033 1505 animus
3069 1454 3280 1515 anxius,
3314 1452 3441 1504 dum
3473 1452 3650 1519 quzerit
3676 1466 3751 1503 ve-

513 1538 655 1590 terni
688 1551 783 1604 pro
809 1535 1021 1589 misceri
1070 1534 1223 1602 trimi
1267 1534 1348 1587 usi
1391 1539 1534 1597 sunt.
1582 1532 1836 1587 videntur
1863 1531 2101 1587 voluisse
2202 1539 2410 1593 ritatem
2446 1541 2627 1610 inqua
2659 1542 3034 1609 conquiescat,
3069 1557 3166 1596 nec
3195 1556 3314 1595 eam
3347 1528 3573 1605 invenit,
3602 1540 3753 1593 omnia

508 1628 819 1695 exprimere
871 1638 1055 1680 vocem
1086 1624 1326 1678 Graecam
1380 1624 1773 1698 συγκιρνᾶσθαι,
1813 1638 1931 1691 quae
1956 1624 2051 1677 idet

1232 1638 1326 1678 tam
1380 1624 1773 1698 συγκιρνᾶσθαι,
1813 1638 1931 1691 qua:
1956 1624 2096 1677 idem
2200 1627 2401 1682 fastidit
2420 1630 2572 1699 quasi
2598 1631 2775 1685 noxia.

519 1717 802 1784 significat,
834 1729 932 1768 nec
957 1728 1094 1768 sono
1128 1729 1156 1766 τι
1182 1712 1369 1766 Latina
1398 1713 1621 1766 abludit.
2272 1718 2433 1773 Ltano
2462 1735 2552 1773 vn.
2581 1721 2711 1789 Cap.
2735 1720 2789 1786 6,
2821 1720 2849 1791 ᾗ
2878 1721 2932 1775 9.
2966 1720 3316 1775 Deatbatiorcs
3344 1717 3495 1789 eius]
3526 1716 3633 1771 Vite
3658 1732 3753 1770 mu«

586 1808 717 1877 Cap.
752 1808 837 1861 15.
892 1806 1101 1859 Ditexit.
1133 1804 1153 1875 ]
1196 1804 1530 1859 Crediderim
1570 1802 1851 1873 legendum
1885 1804 2093 1871 direait,
2128 1820 2176 1881 Β
2203 1823 2234 1860 n
2259 1818 2324 1863 ta:
2358 1824 2525 1877 Opere
2554 1812 2799 1880 publico,
2829 1812 3091 1881 quadrato
3122 1812 3320 1880 lapide,
3350 1812 3496 1865 calce
3525 1807 3752 1872 interlito,

517 1899 619 1953 hoc
642 1906 724 1953 est
753 1897 1090 1967 peregrinum
1112 1894 1505 1965 episcopalibus
1533 1894 1773 1948 consiliis
1797 1894 2024 1963 adjuvit.
2203 1909 2383 1951 strata:
2423 1910 2614 1965 erant,
2659 1916 2779 1971 qua:
2825 1918 2946 1957 cum
2997 1903 3393 1967 reficiebantur,
3446 1914 3574 1954 nova
3628 1897 3754 1951 calce

586 1989 718 2058 Cap.
749 1988 838 2054 14,
874 1987 901 2058 §
931 1986 1021 2042 9.4.
1058 1984 1187 2041 Cum
1213 1985 1282 2038 ad
1318 1983 1540 2038 litteram
1564 1983 1865 2053 acciperem,
1896 1984 2094 2037 occide-
2202 1988 2472 2045 hiantibus
2503 1991 2736 2059 lapidum
2767 1994 2917 2048 rimis
2948 1994 3207 2058 immissa,
3239 1992 3500 2048 dealbata:
3526 1990 3753 2045 videban-

506 2081 627 2148 -bar,
659 2078 812 2149 etc.]
869 2079 1196 2149 Augustinus
1222 2077 1273 2131 in
1317 2074 1671 2131 declamando
1694 2075 1987 2144 probabilia
2016 2089 2099 2130 se-
2202 2090 2319 2145 tur;
2361 2082 2706 2149 quamobrem
2753 2083 3089 2137 dealbatiores
3135 2099 3229 2137 me
3273 2082 3380 2137 dici
3428 2081 3583 2149 vulgo
3626 2089 3753 2147 pote-

514 2173 627 2241 qui,
664 2188 767 2225 non
798 2172 1071 2239 explorata
1095 2169 1303 2235 solitus,
1322 2167 1585 2222 similibus
1606 2166 2098 2221 ratiocinationibus
2200 2183 2352 2233 rant,
2388 2189 2509 2242 quas
2544 2174 2853 2243 diligentius
2887 2177 3229 2240 curabuntur,
3272 2192 3335 2231 ac
3367 2174 3585 2243 proinde
3622 2187 3751 2226 com-

521 2258 1035 2327 ininterpretatione
1064 2258 1359 2325 Scriptura:
1394 2256 1642 2310 satisfieri
1658 2256 1761 2311 sibi
1791 2268 2093 2325 passusest.
2199 2263 2469 2317 iitudiores
2511 2274 2684 2318 erant.
2729 2266 2862 2320 Ilinc
2909 2267 3161 2321 translata
3204 2267 3416 2320 videtur
3457 2266 3570 2319 lucc
3612 2273 3752 2316 meta-

517 2350 650 2403 Nam
678 2350 873 2417 alioqui
901 2346 1477 2402 constatAmbrosium
1506 2347 1623 2414 plus
1651 2360 1803 2415 aequo
1826 2346 2097 2414 allegoriis
2202 2356 2391 2420 phura.
2439 2354 2599 2421 Vide,
2649 2356 2693 2409 si
2741 2364 2928 2423 vacat,
2977 2357 3253 2411 Nicolaum
3314 2357 3666 2426 Bergierium,
3700 2352 3751 2407 de

504 2440 749 2494 deditum
775 2439 958 2493 fuisse.
2201 2445 2425 2512 publicis
2463 2455 2517 2500 et
2552 2449 2871 2502 militaribus
2918 2448 3123 2517 imperii
3157 2448 3380 2502 Romani
3422 2447 3555 2512 Viis,
3582 2445 3671 2502 ιιι).
3695 2460 3750 2506 n,

584 2529 742 2594 lbid.,
771 2528 797 2599 §
824 2528 915 2582 25.
948 2528 1095 2582 Sicut
1128 2526 1527 2599 existimantur.]
1565 2526 1695 2583 Vide
1722 2542 1841 2598 qua:
1869 2527 1935 2583 de
1973 2542 2094 2582 vera
2200 2551 2318 2604 cap.
2351 2535 2438 2591 is.

513 2626 954 2679 Academicorum
977 2623 1242 2676 sententia
1269 2608 1637 2692 suspicabatur
1660 2622 1985 2692 Augustinus
2000 2622 2093 2677 lib.
2268 2626 2397 2695 Cap.
2429 2628 2492 2691 9,
2521 2627 2548 2698 ᾗ
2580 2630 2664 2682 15.
2698 2626 2778 2682 Ibi
2806 2630 2904 2699 tegi
2944 2630 3082 2698 quod
3118 2630 3172 2682 in
3214 2629 3465 2699 principio
3500 2637 3609 2682 erat
3653 2625 3744 2681 Ver-

522 2732 582 2770 Ill
606 2716 674 2770 de
696 2713 1049 2778 Academicis,
1072 2727 1188 2781 cap.
1218 2713 1308 2767 17.
2198 2719 2351 2785 bum,
2378 2718 2506 2788 elc.]
2536 2717 2890 2773 Similitudine
2921 2718 3205 2774 verborum
3240 2718 3441 2786 aliquot
3477 2727 3531 2772 et
3564 2726 3743 2771 senten-

582 2807 742 2860 Ltuno
769 2822 839 2858 vr.
868 2802 999 2872 Cap.
1041 2806 1096 2857 2.
1132 2802 1247 2867 Quo
1268 2806 1382 2874 jam
1411 2820 1513 2856 non
1554 2804 1721 2858 solum
1757 2804 2093 2873 aquatissimo
2200 2810 2391 2864 tiarum
2422 2809 2679 2878 deceptus
2710 2808 3060 2879 Augustinus,
3097 2817 3232 2863 utet
3265 2807 3417 2862 multi
3446 2805 3610 2861 (ἔτπεὶ
3636 2806 3743 2859 scri-

510 2897 597 2949 sed
626 2897 775 2948 etiam
806 2894 1137 2965 tepidissimo,
1175 2908 1291 2945 cum
1322 2895 1427 2946 suis
1464 2895 1793 2963 praesentibus
1818 2910 1907 2963 per
1931 2894 2096 2949 sorbi—
2199 2907 2398 2967 ptores,
2432 2913 2553 2953 cum
2601 2899 2846 2953 doctrina
2891 2898 3194 2953 Christiana
3242 2899 3452 2953 miscuit
3506 2895 3741 2950 Platonis-

502 2991 677 3042 tiones
701 2988 911 3058 exiguas
940 2983 1264 3056 partiretur.]
1291 2982 1596 3052 Conjiciunt
1624 2984 1679 3038 in
1720 2985 1961 3052 margine
1992 2984 2091 3038 viri
2198 3001 2375 3052 mum,
2406 2987 2498 3057 qui
2532 3003 2711 3043 merus
2754 2997 2903 3054 erat,
2956 2990 3055 3041 hac
3098 2989 3150 3042 in
3201 2996 3373 3057 parte.
3413 2986 3739 3045 Arianismns;

511 3081 675 3145 docti,
699 3083 832 3149 quod
859 3095 958 3134 non
980 3078 1144 3131 solum
1164 3076 1567 3144 aquatissimum,
1592 3077 1682 3130 sed
1710 3076 1861 3129 etiam
1886 3078 2096 3145 tepidis-
2198 3088 2257 3133 ut
2285 3078 2519 3133 ostendit
2554 3078 2710 3132 Joan.
2743 3077 2981 3133 Clericus
3019 3079 3176 3147 epist.
3210 3078 3385 3133 critic.
3415 3078 3444 3130 7
3479 3084 3533 3129 et
3563 3075 3614 3128 8.
3643 3072 3738 3129 For-

512 3174 718 3226 simum.
741 3172 843 3225 Sed
878 3172 1086 3224 minore
1122 3169 1412 3222 mutatione
1442 3167 1719 3221 sanabitur
1740 3166 1826 3220 hic
1864 3170 2013 3221 locus
2047 3168 2090 3221 si
2121 3182 2167 3244 ο
2201 3180 2341 3225 tasse
2380 3170 2628 3240 intelligit
2666 3171 2751 3224 hic
2796 3172 3123 3239 Augustinus
3154 3171 3349 3226 Plotini
3396 3166 3574 3239 Opera,
3608 3178 3738 3234 quem

500 3264 743 3332 iegamus
770 3270 1063 3328 pararetur;
1093 3270 1149 3313 ut
1185 3258 1411 3313 suadent
1434 3258 1595 3312 etiam
1623 3260 1899 3328 sequentia
1926 3276 1939 3312 :
1965 3260 2087 3328 quia
2190 3259 2538 3315 vehementer
2565 3259 2741 3313 laudat
2769 3260 2861 3313 lib.
2896 3276 2950 3313 III
2981 3270 3166 3313 contra
3199 3261 3580 3325 Academicos,
3607 3268 3730 3309 num.

508 3358 743 3423 pietatem
764 3354 835 3406 ibi
860 3352 1143 3423 qu.rrebat,
1172 3368 1269 3405 non
1298 3351 1628 3422 voluptatem.
2189 3352 2251 3406 41
2274 3392 2289 3416 ,
2316 3361 2370 3406 et
2390 3352 2455 3406 de
2487 3352 2713 3406 Civitate
2745 3352 2834 3405 Dei
2868 3351 2959 3405 lib.
2987 3366 3037 3404 ix
3055 3391 3071 3418 ,
3099 3366 3220 3420 cap.
3248 3355 3337 3406 10.

575 3445 706 3516 Cap.
730 3445 786 3510 5,
816 3443 920 3515 §5.
956 3443 1189 3510 Quolibet
1229 3452 1397 3496 tamen
1443 3442 1641 3509 animo,
1680 3439 1813 3512 elc.]
1851 3439 1909 3496 Si
1950 3440 2081 3496 allo-
2202 3478 2211 3484 ο
2262 3442 2419 3509 lbid.,
2446 3442 2477 3511 §
2508 3440 2595 3495 15.
2629 3439 2880 3512 Legebum
2906 3440 2974 3494 ibi
3003 3442 3159 3494 etiam
3192 3443 3512 3497 immutatam
3530 3437 3735 3511 gloriati.

502 3546 757 3608 queretur
796 3536 1071 3604 homines,
1103 3535 1194 3605 qui
1242 3542 1500 3604 cuperent
1540 3536 1679 3589 scire
1721 3548 1823 3604 qua
1878 3532 2088 3589 ratione
2188 3530 2317 3601 elc.]
2348 3530 2602 3598 Quamvis
2626 3531 2695 3585 de
2720 3530 2912 3584 summi
2939 3529 3183 3584 Numinis
3209 3544 3403 3587 natura
3432 3531 3614 3585 rectius
3634 3538 3735 3579 sen-

504 3628 669 3683 vitam
692 3627 1014 3683 instituisset
1037 3626 1374 3692 Ambrosius,
1407 3625 1654 3694 superior
1686 3625 2084 3680 narratiuncula
2187 3624 2351 3676 tirent
2379 3620 2670 3685 Platonici,
2695 3634 2858 3689 quam
2887 3620 2981 3673 alii
3012 3620 3354 3690 philosophi,
3389 3618 3662 3675 miscebant
3680 3622 3734 3665 ta-

502 3722 641 3776 forte
686 3734 790 3774 non
822 3717 1213 3786 displicuisset;
1258 3716 1351 3769 sed
1386 3715 1493 3767 Deo
1525 3714 1725 3767 minuta
1770 3708 1875 3778 illa,
1906 3714 2082 3784 qualia
2187 3727 2309 3766 men
2342 3712 2699 3766 idololatriam
2721 3708 3082 3778 turpissimam
3108 3709 3178 3764 iis
3197 3710 3554 3782 dogmatibus,
3580 3709 3729 3760 erant-

502 3814 696 3879 passim
725 3814 1031 3871 occurrunt,
1055 3820 1296 3870 narrare,
1325 3803 1506 3857 nescio
1534 3804 1801 3873 quomodo
1826 3804 2077 3861 decorum
2192 3816 2295 3871 que
2323 3800 2669 3856 infensissimi
2707 3800 2887 3854 hostes
2913 3800 3344 3858 Christianorum
3362 3841 3376 3865 ,
3406 3810 3460 3855 ut
3486 3800 3636 3865 liquet
3659 3790 3726 3845 vel

503 3899 771 3967 putaverit
798 3895 1144 3965 Augustinus.
1169 3895 1273 3951 Sed
1296 3894 1466 3961 magis
1488 3894 1760 3949 hominum
1783 3911 1941 3951 causa
1966 3897 2079 3952 ιι.υο
2182 3908 2246 3948 ex
2280 3891 2595 3961 Porphyrio,
2629 3889 2931 3944 Jamblicho
2960 3898 3013 3945 et
3051 3890 3191 3956 aliis,
3220 3892 3315 3960 qui
3347 3890 3443 3945 sub
3474 3887 3726 3954 imperato-

501 3989 966 4059 narraba'.,_quam
1001 3986 1125 4052 Dei;
1154 3997 1206 4040 at
1240 3986 1576 4055 praestitisset
1603 3988 1829 4041 amicum
1853 3989 2072 4058 alloqui,
2182 3983 2332 4040 ribus
2355 3982 2682 4039 Christianis
2709 3982 3026 4036 ﬂoruerunt.

500 4096 657 4149 quam
692 4079 879 4134 Deum.
2249 4074 2412 4128 Ltano
2440 4088 2552 4128 vui.
2581 4072 2712 4141 Cap.
2735 4072 2800 4138 2,
2835 4070 2862 4142 §
2890 4074 2939 4127 5.
2988 4072 3279 4127 Victorinus
3303 4068 3555 4143 quominus
3574 4060 3720 4149 rhetor

563 4170 692 4238 Cap.
721 4170 774 4223 8.
806 4165 1114 4222 Cladiatorii
1158 4166 1482 4239 spectaculi.]
1521 4168 1745 4223 Nefandi
1777 4168 1830 4222 hi
1874 4167 2012 4234 ludi,
2044 4184 2074 4223 a
2180 4164 2317 4216 urbis
2352 4161 2573 4233 Romam]
2612 4162 2935 4227 Victorinus,
2977 4162 3148 4231 inquit
3194 4163 3544 4233 Hieronymus
3578 4153 3624 4207 ίη
3648 4146 3719 4203 ul"

497 4259 824 4329 sapientibus
853 4259 1012 4313 etiam
1040 4258 1268 4314 ethnicis
1298 4259 1565 4325 damnati,
1612 4258 1735 4313 facti
1781 4257 2073 4312 etiamnum
2177 4250 2245 4308 de
2291 4251 2651 4319 Scriptoribus
2696 4252 3107 4317 ecclesiasticis,
3152 4255 3365 4307 natione
3404 4251 3537 4318 Afer.
3579 4240 3723 4294 Βοηδσ

496 4352 743 4406 videntur
767 4350 817 4403 in
861 4348 1087 4419 gratiam
1120 4348 1349 4403 ethnicae
1394 4348 1585 4418 plebis.
1631 4347 1737 4403 Sed
1767 4348 1959 4402 mirum
1989 4358 2072 4403 est
2176 4341 2268 4393 sub
2298 4340 2629 4393 Constantino
2661 4341 2892 4412 principe
2925 4343 3236 4395 rhetoricam
3269 4341 3470 4401 docuit;
3494 4342 3536 4389 ει
3570 4332 3625 4419 ίκν
3646 4338 3719 4379 ευτ’

487 4448 779 4515 episcopos
816 4418 920 4496 non
950 4443 1236 4510 impetrare
1268 4442 1503 4510 potuisse
1532 4441 1601 4497 ab
1634 4441 2067 4512 imperatoribus,
2176 4442 2334 4484 lrema
2368 4440 2621 4485 senectute
2650 4431 2841 4485 Christi
2870 4448 2925 4485 se
2955 4432 3160 4486 tradens
3190 4433 3317 4501 ﬁdei
3343 4424 3535 4497 scripsit
3567 4418 3716 4505 ilde

486 4514 549 4590 ...ι
574 4537 689 4591 dira
718 4535 807 4589 illa
838 4534 1171 4588 consuetudo
1199 4532 1565 4601 abrogaretur,
1925 4558 1935 4567 .
2098 4543 2149 4603 Ι)
2178 4538 2264 4574 sus
2300 4522 2479 4573 Arium
2510 4521 2689 4587 libros,
2720 4537 2857 4575 more
2882 4522 3173 4586 dialectico,
3197 4523 3348 4578 valde
3371 4519 3596 4574 obscuros
3610 4546 3634 4603 ι.
3647 4514 3715 4571 ’1⁸⁸

559 4628 687 4697 Cap.
714 4626 768 4693 9,
801 4625 828 4697 θ
858 4625 939 4680 tt.
970 4623 1215 4678 Editimi
1236 4598 1385 4695 [ονίῖ]
1409 4624 1697 4679 mani-mus
1726 4624 1867 4679 idem
1897 4634 1979 4680 est
2007 4640 2071 4681 ac
2098 4598 2102 4602 ’

2180 4615 2241 4665 ab
2264 4614 2475 4665 eruditis
2497 4612 2647 4664 modo
2670 4612 3044 4682 intelliguntur,
3073 4623 3119 4667 et
3140 4609 3521 4671 commentarios
3538 4598 3713 4697 iit-Af?

491 4722 712 4780 edituus.
744 4733 956 4789 nempe,
998 4719 1258 4795 νεωκόρος,
1303 4715 1396 4769 sed
1427 4715 1513 4769 hic
1542 4717 1676 4769 sumi
1726 4715 1935 4769 videtur
1976 4730 2034 4782 pr

2182 4705 2391 4759 statum.
2437 4704 2572 4759 Eum
2613 4705 2665 4758 in
2706 4704 2914 4773 praefat.
2946 4704 3248 4762 Comment.
3281 4707 3332 4761 in
3363 4700 3521 4771 Epist.
3549 4681 3711 4795 ΜΕ-

490 4810 897 4876 apparitoribus,
930 4809 1019 4878 qui
1050 4774 1306 4862 cusiodia:
1348 4820 1507 4859 causa
1549 4805 1602 4858 iu
1630 4804 1750 4858 foro
1783 4803 2033 4858 versaban

2178 4794 2313 4848 latas
2336 4793 2396 4847 (ἐ,
2431 4793 2659 4847 Marium
2698 4793 3013 4849 Victorinum
3038 4804 3224 4860 vocat,
3255 4798 3428 4863 aitque
3452 4795 3565 4841 eum

491 4858 597 4963 “iis
622 4908 711 4950 τιυὶ
743 4911 838 4965 pro
867 4858 1039 4967 iisjqui
1061 4900 1263 4953 curiam
1294 4897 1603 4952 servabant.
2176 4895 2349 4950 pturas
2373 4883 2578 4937 omnino
2605 4893 2806 4937 sanctas
2832 4885 3109 4954 ignorasse.
3138 4884 3241 4939 Sed
3274 4878 3525 4939 rhetorica
3544 4909 3557 4933 ν
3580 4870 3633 4967 αξ
3650 4858 3705 4967 if

559 4958 689 5057 Cp.
723 4958 811 5052 1'0,
839 4987 867 5057 §
900 4958 986 5042 16.
1029 4989 1215 5044 Comiti
1258 4991 1589 5060 largitionum
1632 4985 2065 5059 Italicianarum.]

2175 4972 2381 5038 dicam,
2416 4972 2659 5042 ingenia,
2707 4973 2775 5027 ob
2817 4972 3067 5041 loquendi
3110 4973 3439 5033 facultatem,
3473 4958 3705 5060 puiflﬂ‘f"

489 5079 578 5134 Sic
601 5078 951 5146 loquebantur
970 5092 1034 5129 eo
1053 5094 1181 5133 aevo.
1203 5080 1334 5135 Vide
1353 5081 1595 5136 codicem
1616 5080 2032 5133 Theodosianurr

2175 5061 2312 5116 scire
2341 5060 2519 5118 omnia
2558 5061 2625 5117 de
2650 5062 2875 5130 quibus,
2909 5061 3063 5130 plebe
3101 5062 3406 5132 plaudente,
3434 5048 3569 5118 loqui
3603 5048 3698 5110 ρυε-

490 5172 582 5226 lib.
616 5185 688 5234 νι,
714 5169 792 5245 tit.
827 5167 913 5229 19.
946 5167 1047 5235 leg.
1077 5168 1143 5221 de
1173 5167 1553 5223 Consularibus
1582 5182 1636 5225 et
1653 5168 1994 5223 Prcesidibus.

2175 5162 2318 5207 sunt.

2251 5247 2285 5260 ..
2310 5246 2320 5256 ο
2345 5246 2358 5260 Ι
2413 5246 2451 5260 ..
2549 5246 2560 5257 .
2796 5246 2808 5260 .
3127 5255 3137 5260 -
3296 5256 3338 5260 __
3369 5238 3386 5260 1
3421 5220 3625 5260 nnninil
3650 5210 3698 5260 aii

555 5228 690 5333 Cap.
715 5241 801 5315 15.
828 5228 1127 5319 Discernere
1150 5275 1224 5323 se,
1252 5260 1417 5311 nescio
1441 5277 1540 5329 quo
1562 5277 1762 5331 sapore,
1786 5277 1935 5331 quem
1964 5276 2070 5314 ver-

2251 5246 2379 5300 lbid.
2409 5246 2744 5316 Omnigenum
2774 5246 2922 5299 deum
2968 5255 3229 5315 monstra,
3259 5238 3387 5311 ctc.]
3421 5228 3629 5334 Respic‘il
3650 5228 3684 5334 ξ’

564 5311 799 5333 --τ-η-
1211 5311 1223 5323 ,

489 5357 563 5409 bis
590 5355 844 5424 explicare
870 5368 970 5404 non
1002 5357 1220 5418 poterat,
1256 5350 1665 5417 quidinteresset
1689 5352 1820 5405 inter
1848 5353 2032 5406 revelan

2176 5336 2384 5405 Virgilii
2413 5311 2591 5391 locum
2622 5334 2952 5391 [Eneidnut
2971 5380 2985 5405 ,
3024 5337 3151 5405 698,
3176 5311 3264 5391 ubi
3293 5323 3555 5424 ,Εεγριξοξ

488 5455 587 5497 tem
612 5404 724 5498 teret
755 5445 976 5497 animam
1002 5404 1152 5493 suam
1191 5404 1572 5510 somniantem]
1613 5440 1791 5508 Itaque
1819 5441 2061 5496 Monnica
2171 5436 2268 5499 pro
2289 5428 2522 5483 Antonio
2543 5437 2597 5499 et
2616 5428 2897 5499 Cleopatra
2924 5440 3109 5485 contra
3131 5404 3417 5499 Augustum
3442 5414 3501 5471 ad
3523 5404 3693 5464 Actium

496 5539 589 5594 sibi
621 5553 762 5600 suas,
794 5547 851 5591 ut
890 5536 1220 5605 opinabatur,
1259 5532 1613 5588 revelationes
1645 5547 1863 5588 servare
1893 5533 2039 5588 debet

1451 5532 1613 5588 tiones
1645 5547 1863 5588 servare
1893 5533 2060 5588 debe-
2170 5526 2480 5588 βυεηθηιθει
2514 5518 2769 5574 describit
2799 5531 2954 5589 POma
2982 5538 2994 5573 ε

492 5635 576 5683 hat
596 5670 608 5691 ,
637 5642 854 5697 quarum
883 5629 1166 5682 discrimen
1190 5642 1219 5681 a
1251 5624 1472 5679 somniis
1494 5622 1675 5678 dicere
1698 5638 1802 5677 non
1829 5634 2035 5691 poterat

2228 5608 2655 5671 Omnigenumque
2677 5610 2823 5659 deum
2848 5618 3058 5661 monstra
3084 5617 3134 5661 et
3155 5610 3348 5659 latrator
3370 5595 3539 5671 Auni"s

2229 5670 2401 5715 Contra
2422 5669 2702 5715 Neptunum
2728 5680 2777 5715 et
2796 5670 3058 5715 Venerem-
3086 5680 3345 5715 cortu-aque
3368 5654 3598 5712 Minervim

2252 5664 2401 5732 imitri
2422 5664 2702 5730 Neptunum
2728 5680 2777 5721 et
2796 5670 3060 5731 Venerem,
3086 5680 3345 5732 contraque
3368 5664 3614 5712 Minervam.

489 5725 657 5788 Quam
690 5718 842 5772 facile
878 5729 957 5771 est
990 5719 1231 5771 homines
1276 5718 1567 5786 imperitos,
1618 5716 1891 5783 religionis
1941 5734 2059 5786 ευρ-
2229 5716 2347 5779 Tata
2371 5716 2561 5781 (eadm,
