3908 6324
220 342 344 412 20a

912 329 1265 386 VARIORUM
1303 322 1892 382 EXERCITATlONES
1924 321 1984 374 IN
2027 322 2082 374 S.
2127 323 2497 379 AUGUSTI.“
2539 324 2788 378 OPERA.

3396 326 3498 382 ‘ll0

303 455 381 506 An
409 465 472 504 ex
504 448 692 502 decovl
720 443 925 515 legibus
955 445 1078 498 talia
1108 444 1241 510 apud
1273 443 1435 495 Deum
1473 440 1580 494 dici
1613 439 1811 508 possiul
1847 439 1894 495 Α
1923 439 2272 501 ἀντιλάϐηται,
2302 440 2529 490 animum
2558 442 2781 508 perfecta
2810 439 3030 492 dumeest
3057 451 3102 492 et
3132 443 3270 494 alata
3291 483 3304 504 ,
3335 444 3383 494 in
3416 461 3501 494 stt-

237 544 434 606 neacio,
466 540 717 610 quamvis
743 553 770 590 a
806 546 1070 606 pugnante
1097 550 1214 589 cum
1244 533 1478 590 ethnicis
1518 543 1660 587 recte
1692 549 1808 598 pru-

238 634 357 690 lerri
382 631 675 701 potux-rint.

305 721 467 784 lbid.,
497 719 527 790 ᾗ
555 718 608 772 5.
646 719 770 784 Qua:
800 717 956 770 t-erbis
1002 717 1153 769 certis
1191 715 1444 784 conceptis
1483 715 1811 780 retentisque,

235 811 362 882 σία]
386 809 702 880 Symbolum
731 808 870 877 quod
907 808 1259 876 apostolicum
1300 807 1593 870 dicebatur,
1626 816 1714 857 aut
1744 806 1818 858 si-

236 903 364 956 mile
392 899 687 968 quidpiam.

306 992 440 1061 Cap.
473 993 526 1059 5,
560 992 588 1062 §
621 993 674 1045 6.
708 989 863 1043 Pater
908 992 1022 1058 plus
1061 991 1250 1060 gaudes
1281 988 1297 1060 ]
1330 991 1469 1044 licus
1499 993 1720 1060 gaudere
1766 997 1820 1042 et

239 1086 354 1155 plus
393 1084 636 1154 gaudere,
668 1096 936 1150 nunquam
967 1081 1140 1144 alter,
1171 1082 1272 1135 nisi
1311 1082 1712 1158 ἀνθρωποποιθῶς
1742 1079 1821 1132 di-

239 1176 378 1229 citur
416 1191 449 1228 a
477 1173 690 1228 Christo
721 1172 994 1225 hominum
1026 1171 1378 1227 imbecillitati
1410 1187 1526 1226 sese
1558 1181 1820 1239 attempe-

242 1280 414 1325 rante.
450 1268 555 1322 Nec
594 1277 767 1337 petest
804 1267 904 1321 hoc
950 1266 1130 1335 urgeri
1175 1277 1266 1320 aut
1307 1265 1502 1335 inquiri
1543 1282 1638 1320 cur
1683 1266 1819 1318 Deus

242 1361 411 1430 magis
443 1359 682 1429 gaudeat.
729 1357 1024 1424 Cancrum,
1069 1367 1125 1411 ut
1164 1358 1227 1411 ad
1256 1360 1609 1427 grammatica
1644 1367 1820 1411 trans-

243 1467 398 1516 eam,
438 1466 540 1504 non
590 1449 826 1517 intelligo
871 1463 965 1502 cur
1008 1448 1060 1502 in
1106 1451 1452 1518 sequentibus
1501 1450 1679 1504 verbis
1725 1448 1819 1502 viri

245 1541 383 1596 docti
431 1540 748 1607 pte-tittntem
777 1547 830 1593 et
875 1540 1250 1608 paenitentiam,
1294 1549 1350 1593 ut
1390 1549 1442 1594 et
1487 1539 1641 1600 alibi,
1686 1542 1820 1594 scri-

248 1635 372 1688 bant
399 1649 494 1702 per
521 1648 584 1700 te,
616 1647 735 1686 cum
765 1641 972 1686 constet
1001 1647 1120 1687 esse
1145 1647 1173 1686 a
1215 1634 1429 1688 nomine
1466 1649 1643 1702 paena,
1676 1637 1816 1702 quod

245 1741 275 1778 a
307 1724 498 1780 Grteco
526 1729 690 1782 ποινή.
719 1723 869 1790 Quod
903 1738 1005 1776 non
1036 1725 1403 1792 observarem,
1437 1724 1537 1778 nisi
1584 1725 1816 1780 viderem

1918 529 2058 580 blimi
2089 527 2278 590 uolare,
2306 538 2352 581 et
2389 529 2674 582 universum
2705 529 2954 581 mundum
2984 529 3375 595 administrare;
3418 536 3502 586 cui

1918 635 2034 670 vero
2063 619 2160 670 alte
2198 619 2540 686 deﬂuxerint,
2586 636 2697 671 eam
2740 621 2862 688 ferri
2891 620 3053 674 donec
3083 621 3306 674 solidum
3356 627 3440 689 qui
3461 633 3506 680 t-

1917 712 2056 778 piam
2102 712 2395 777 arripuerit.
2434 710 2547 764 Non
2600 711 2764 764 multo
2814 720 2933 780 post
2964 727 3082 781 pag.
3110 713 3215 766 5'45
3246 714 3333 769 e-l.
3367 714 3502 767 Gen.

1923 800 2126 854 Ficini:
2159 803 2216 852 Εἰ
2253 803 2310 854 τὸ
2355 804 2456 875 γὰρ
2497 804 2650 866 αὐτὸ,
2687 800 2796 856 ὅθεν
2843 804 2951 859 ἣκει
2996 802 3148 872 ψυχὴ
3196 804 3415 868 ἑκάστη,
3449 808 3506 857 οὐ

1921 893 2223 946 καθικνεῖται
2252 893 2376 946 ἐτῶν
2405 895 2600 969 μυρίων
2643 895 2723 960 (οὐ
2763 895 2858 967 γὰρ
2888 901 3166 963 πτεροῦται
3202 897 3298 968 πρὸ
3328 901 3507 950 two-d-

1922 1005 2011 1038 του
2047 982 2259 1058 χρόνον)
2294 985 2418 1042 πλὴν
2452 986 2478 1042 ὁ
2508 992 2597 1037 τοῦ
2625 986 3041 1058 φιλοσοφήσαντες
3085 984 3292 1048 ἀδό).ω;·,
3326 986 3355 1045 ἣ
3385 1009 3520 1042 παι·-

1922 1075 2330 1149 depactus-uitro;
2356 1079 2484 1146 μετά
2515 1079 2834 1148 φιλοσοςίχς,
2866 1082 2946 1130 καὶ
2989 1079 3052 1130 τὰ
3090 1079 3237 1141 ἐξῆςε
3272 1075 3338 1130 In
3371 1079 3505 1130 idem

1924 1167 2085 1230 enim,
2119 1167 2251 1219 unde
2280 1170 2504 1236 profecta
2531 1177 2603 1220 est
2625 1207 2639 1232 ,
2673 1183 2984 1236 unaquaque
3015 1169 3190 1220 anima
3220 1184 3318 1220 non
3347 1168 3499 1232 redit,

1924 1258 2093 1310 decem
2112 1257 2332 1310 millibus
2353 1274 2599 1310 annorum
2623 1259 2804 1326 (neque
2828 1258 2957 1310 enim
2980 1266 3239 1326 recuperat
3258 1260 3368 1311 alas
3390 1267 3508 1310 ante

1927 1357 2118 1400 tantum
2149 1348 2388 1416 tempus),
2410 1358 2617 1418 excepta
2641 1349 2750 1416 ejus
2780 1348 2865 1413 qui
2895 1347 3282 1417 pltil030phatus
3303 1359 3374 1400 est
3397 1349 3513 1400 sine

1927 1443 2063 1506 fuco,
2118 1447 2209 1490 aut
2249 1454 2359 1490 cum
2399 1439 2662 1506 sapientia:
2709 1439 2877 1491 studio
2923 1455 3104 1504 pueros
3153 1439 3361 1490 antauit.
3413 1438 3502 1492 Sic

1927 1539 2110 1597 postea
2133 1528 2248 1596 ejus
2275 1527 2519 1597 discipuli
2544 1528 2705 1596 vulgo
2733 1529 2892 1582 locuti
2918 1535 3063 1592 sunt,
3081 1543 3282 1595 eosque
3311 1526 3502 1580 imitati

1924 1617 2212 1673 Christiani
2257 1617 2679 1687 resipiscentiam
2707 1625 2966 1672 vocarunt
3006 1619 3381 1694 ἀναπτέρωσιν,
3413 1631 3508 1671 seu

1926 1727 2175 1764 novarum
2201 1710 2400 1764 alarum
2442 1718 2709 1772 exortum,
2744 1716 2801 1761 ut
2849 1707 2934 1760 hic
2982 1707 3329 1776 Augustinus.
3377 1706 3510 1760 Hine

247 1833 339 1872 eos
380 1817 569 1870 barum
619 1818 961 1871 minutiarum
1007 1833 1189 1871 curam
1230 1833 1335 1871 non
1384 1817 1664 1884 abjecisse,
1697 1833 1816 1870 cum

1941 1811 1982 1856 at
2004 1801 2419 1872 Chrysostomus
2455 1800 2731 1868 usurpavit
2769 1801 3114 1873 ἀναπτεροῦν,
3149 1813 3242 1866 pro
3273 1798 3522 1860 inc'tare,

248 1907 680 1978 erthngrapbiam
710 1908 941 1975 priorum
974 1907 1260 1962 editionum
1290 1909 1484 1976 passim
1510 1908 1820 1971 cmendent,

250 2007 404 2064 prout
433 2006 620 2065 putant
657 1996 855 2051 ret-tius
883 2013 1024 2052 esse.
1059 1997 1148 2052 Sic
1179 2013 1365 2053 vocem
1398 1999 1663 2069 jucundus
1691 2001 1823 2055 srri-

247 2089 378 2144 bunt
407 2097 670 2157 perpetuo
707 2090 992 2159 jocundus,
1019 2090 1167 2158 quasi
1208 2100 1350 2144 esset
1395 2105 1424 2142 a
1457 2094 1609 2159 joco,
1659 2106 1760 2144 non
1795 2106 1824 2144 a

247 2181 402 2248 iuva;
438 2179 531 2232 sed
576 2195 604 2230 ο
644 2187 697 2231 et
726 2195 760 2231 u
806 2178 1113 2248 frequenter
1157 2179 1520 2234 miscebantur
1563 2195 1594 2233 a
1625 2183 1823 2236 veteri-

247 2271 344 2325 bus
379 2269 603 2325 Latinis.
641 2270 769 2325 Vide
803 2270 1186 2337 Quintilianum
1228 2271 1460 2326 lnstitut.
1493 2280 1696 2327 orator.
1729 2273 1821 2328 lib.

248 2376 293 2424 t,
321 2376 440 2430 cap.
469 2360 502 2413 4
523 2401 538 2425 ,
568 2369 624 2415 ει
654 2360 897 2416 Vossium
929 2361 980 2416 in
1021 2361 1407 2432 Etymologico.
1438 2363 1504 2417 ad
1551 2363 1688 2418 hanc
1733 2380 1825 2419 vo—

244 2464 362 2504 cent
372 2489 385 2502 .

315 2540 448 2608 Cap.
481 2541 535 2594 4.
565 2539 692 2594 Cum
725 2541 919 2596 Paulus
968 2546 1238 2612 proconsul
1268 2560 1356 2614 per
1393 2547 1503 2615 ejus
1553 2548 1785 2599 militiam
1806 2588 1820 2609 ,

242 2629 379 2702 etc.]
411 2631 682 2701 lnqu’rant
728 2633 848 2697 alii,
883 2648 947 2688 an
993 2634 1210 2690 deceret
1252 2651 1470 2691 narrare
1519 2637 1626 2691 Deo
1659 2638 1825 2692 histe-

243 2722 433 2787 riolas,
458 2734 512 2777 et
539 2724 752 2792 quidem
792 2726 864 2781 de
903 2741 1126 2795 quarum
1168 2727 1395 2784 veritate
1434 2730 1650 2784 minime
1689 2745 1820 2783 eun-

244 2814 463 2877 stabat;
505 2815 673 2883 qualis
716 2815 830 2869 lucc
869 2825 984 2870 erat
1021 2816 1088 2872 de
1124 2818 1331 2873 ratione
1368 2833 1464 2872 cur
1506 2818 1698 2873 Paulus
1739 2819 1822 2874 di--

240 2914 367 2958 ctus
397 2902 584 2966 fuerit,
611 2905 698 2973 qui
733 2906 896 2973 patria
932 2906 1106 2976 lingua
1135 2907 1324 2962 Saulus
1351 2915 1469 2962 erat
1497 2909 1821 2978 appellatus;

242 3008 409 3064 quam
443 2995 593 3048 multi
621 2994 914 3050 doctissimi
944 2997 1043 3050 viri
1087 2997 1272 3053 falsam
1313 3012 1433 3053 esse
1477 3007 1685 3068 putant.
1715 2998 1823 3054 Me-

244 3101 368 3138 ram
397 3099 514 3139 esse
552 3084 912 3155 conjecturam
935 3125 949 3150 ,
979 3103 1131 3156 quant
1160 3086 1306 3140 nulla
1338 3088 1594 3156 scriptura
1632 3104 1823 3144 ntemo~

192 3250 204 3262 .
241 3184 359 3237 rat,
411 3175 639 3242 ingenue
685 3175 878 3230 fatetur
925 3176 1280 3247 Hieronymus
1309 3178 1377 3232 ad
1423 3178 1712 3248 Epistulam
1760 3181 1825 3235 ad
1856 3158 1900 3221 ο

243 3265 644 3321 Philemonem.

323 3354 462 3410 Ibid.
511 3357 713 3423 Quanto
765 3357 924 3426 igitur
968 3360 1164 3428 gratius
1214 3361 1528 3430 cogitabatur
1580 3361 1832 3415 Victorini

240 3445 468 3518 pectus.]
513 3447 687 3502 Nolim
718 3464 902 3504 vocem
931 3451 1130 3520 gratius
1161 3460 1348 3507 notare
1388 3462 1644 3516 accentu,
1679 3454 1830 3523 quasi

241 3539 322 3593 sit
368 3539 711 3608 adverbium,
755 3551 810 3595 ut
854 3541 978 3596 fecit
1007 3541 1182 3597 editor
1222 3543 1519 3598 Parisinus.
1553 3544 1644 3598 Est
1684 3545 1828 3599 enim

243 3646 453 3687 nomen
482 3633 824 3703 adjectivum,
856 3635 954 3690 bac
984 3638 1250 3691 sententia
1278 3655 1290 3690 :
1321 3639 1530 3705 Quanto
1574 3639 1832 3694 Victorini

242 3724 530 3794 ingenium
571 3727 772 3796 gratius
802 3737 963 3797 atque
992 3729 1265 3798 acceptius
1303 3729 1536 3784 futurum
1577 3730 1833 3786 Ecclesia:

240 3814 622 3882 cogitabatur:
653 3824 801 3870 tanto
830 3817 1186 3873 abundantius
1213 3820 1487 3876 exsultare
1513 3823 1748 3890 oportuit
1772 3821 1834 3874 li-

245 3908 360 3960 lios
389 3914 528 3961 tuos.

327 4000 458 4070 Cap.
481 4003 533 4069 5,
562 4001 590 4072 §
619 4002 707 4057 10.
737 4002 819 4057 Ea:
848 4020 1080 4074 perversa
1110 4008 1368 4059 voluntate
1393 4010 1530 4075 facta
1554 4014 1628 4059 est
1657 4006 1834 4071 libido;

246 4101 298 4145 et
335 4091 455 4143 dum
488 4095 705 4146 servitur
735 4094 964 4160 libidini,
998 4099 1135 4165 facta
1160 4106 1233 4150 est
1275 4096 1616 4160 consuetudo;
1639 4106 1688 4150 et
1716 4097 1834 4150 dum

243 4188 609 4240 consuetudini
650 4205 750 4241 non
792 4191 1063 4256 resistitur,
1107 4191 1245 4260 facta
1273 4200 1346 4244 est
1387 4189 1700 4261 necessitas.]
1731 4192 1834 4261 0p-

246 4281 390 4332 time
430 4277 681 4332 describit
709 4279 896 4348 quibus
927 4280 1179 4350 gradibus
1223 4281 1409 4336 vitium
1457 4280 1710 4356 obrepat,
1751 4290 1838 4335 at-

244 4381 365 4436 que
393 4378 665 4438 augeatur.
692 4370 798 4426 Sed
841 4371 1028 4426 iisdem
1060 4373 1316 4441 paulatim
1359 4360 1601 4429 imminui
1633 4383 1835 4444 potest,

248 4473 324 4510 ssc
356 4460 598 4511 marium
630 4459 769 4513 enim
807 4460 893 4515 hic
921 4461 1116 4515 dicitur
1145 4460 1361 4516 dillicile
1385 4463 1561 4530 victu,
1593 4479 1692 4518 nec
1732 4465 1835 4519 ulla

243 4557 348 4601 est
388 4556 510 4602 ante
559 4549 813 4616 peccandi
855 4553 1296 4607 consuetudinem
1344 4556 1632 4608 necessitas
1661 4553 1833 4609 delin-

245 4639 477 4709 quendi.
505 4640 635 4695 Vide
662 4651 718 4697 et
748 4642 905 4698 linem
937 4642 964 4713 §
997 4643 1082 4698 ιε.

334 4730 491 4798 Ibid"
525 4733 553 4804 ᾗ
597 4734 684 4789 11.
720 4734 1050 4808 Pugnatior.]
1081 4736 1383 4807 Legendum
1435 4740 1737 4808 pugnacior,
1780 4748 1838 4791 ιιι

246 4826 312 4876 in
366 4821 684 4889 Basileensi,
735 4841 855 4881 nam
886 4836 1036 4894 esta
1066 4844 1327 4898 pugnare;
1368 4839 1459 4881 aut
1501 4832 1833 4900 pugnantiur,

245 4913 298 4966 si
333 4911 468 4968 forte
490 4916 560 4967 ita
586 4914 782 4969 habent
807 4931 936 4970 mss.
963 4918 1199 4972 codices.

329 4999 462 5073 Cap.
488 5003 543 5070 6,
579 5003 606 5076 ᾖ
637 5004 720 5061 15.
752 5007 965 5077 Agentes
995 5005 1276 5078 in_rebus.]
1310 5008 1372 5062 Ili
1399 5018 1553 5063 erant
1583 5009 1839 5079 principis

244 5093 435 5150 nuntii
478 5109 572 5164 per
599 5097 922 5165 provincias,
955 5099 1286 5166 negotiorum
1327 5112 1517 5162 causa,
1550 5098 1617 5151 de
1646 5101 1838 5167 quibus

244 5187 381 5239 vide
413 5185 708 5241 Guidonem
746 5187 1101 5243 Pancirolluut
1143 5189 1210 5244 ad
1239 5188 1488 5244 Netitiam
1520 5189 1839 5259 dignitatum

229 5274 517 5342 'Urientis,
549 5293 667 5348 cap.
691 5279 780 5335 65.

330 5369 465 5436 Cap.
490 5384 590 5435 vn,
624 5369 650 5440 §
682 5371 765 5422 18.
808 5369 1143 5439 "umerisque
1182 5370 1497 5424 liberioribus
1541 5387 1732 5440 pennas
1763 5387 1842 5423 re—

239 5459 505 5529 cipiunt]
546 5460 668 5516 llmc
705 5461 1034 5532 Augustinus
1073 5477 1140 5515 ex
1176 5461 1503 5516 Platonismo
1545 5475 1662 5515 suo.
1694 5461 1844 5514 Plato

243 5554 404 5607 enim
439 5552 492 5605 in
541 5551 769 5612 Pbmdro
806 5554 963 5609 docet
1001 5553 1078 5608 ὅτι
1107 5553 1259 5625 ψυχὴ
1290 5555 1431 5609 τελέα
1461 5557 1548 5624 μὲν
1579 5549 1714 5607 οὖσα
1765 5558 1845 5606 καὶ

249 5645 586 5720 ὶπτερωμένῃ
631 5647 1004 5718 μετεωροπο).εῖ
1065 5667 1118 5698 τε
1148 5649 1227 5697 καὶ
1277 5643 1478 5698 ἅπαντα
1523 5646 1604 5698 τὸν
1655 5641 1842 5712 κόσμον

255 5737 456 5803 hami,
489 5733 576 5794 ἠδὲ
607 5741 1036 5807 mappa-uisam
1064 5742 1261 5809 φέρεται
1283 5738 1375 5797 iu.-
1404 5732 1459 5789 ἂι
1481 5741 1690 5794 στερεοῦ
1717 5755 1848 5796 τινος

1928 1893 2204 1964 impellere.
2238 1891 2369 1946 Vide
2395 1890 2730 1946 Tbesaurum
2766 1888 3075 1942 Ecclesiast.
3102 1887 3254 1941 Joan.
3287 1885 3510 1956 Caspari

1929 1983 2160 2038 Suiceri.

1997 2071 2126 2140 Cap.
2159 2070 2214 2138 8,
2243 2069 2269 2141 §
2310 2070 2390 2124 19.
2421 2069 2558 2123 Pede
2587 2078 2698 2137 post
2725 2066 2943 2138 pedem]
2977 2065 3204 2135 Vcstigia
3239 2080 3355 2120 mea
3388 2080 3510 2132 pro-

1929 2162 2068 2215 xime
2089 2169 2324 2226 secutus,
2357 2159 2540 2214 Grtcce
2560 2161 2690 2214 κατὰ
2717 2157 2872 2220 πόδα,
2901 2156 3051 2224 quasi
3076 2156 3296 2224 dixeris,
3326 2155 3509 2224 singu-

1930 2250 1993 2305 lis
2023 2250 2245 2318 pedibus
2269 2250 2321 2303 in
2345 2248 2707 2304 antecedentis
2735 2248 2973 2316 vestigiis
3007 2248 3118 2316 posi
3147 2248 3213 2300 is.

1996 2338 2126 2407 Cap.
2159 2339 2250 2403 12,
2281 2339 2307 2409 §
2337 2339 2424 2393 9.8.
2460 2338 2584 2390 Cras
2612 2347 2657 2390 ct
2699 2337 2857 2408 cras.]
2905 2337 2958 2389 lu
3009 2337 3186 2390 animo
3216 2337 3524 2405 Augustino.=

1927 2427 2317 2482 observabatur
2349 2429 2494 2482 locus
2527 2427 2696 2480 Persii
2725 2437 2830 2482 sat.
2858 2425 2914 2491 5,
2948 2426 3037 2491 66,
3078 2427 3164 2480 ubi
3209 2427 3285 2481 sic
3309 2427 3524 2480 deseri-

1928 2519 2068 2573 bitur
2095 2528 2392 2583 cunctator,
2427 2517 2516 2587 qui
2563 2516 2790 2572 reditum
2836 2516 2904 2571 ab
2946 2517 3139 2572 bonam
3180 2527 3415 2572 mentem
3449 2519 3508 2571 in

1927 2611 2043 2664 dies
2073 2610 2268 2664 dill‘ert.

1991 2701 2108 2748 Cras
2130 2701 2222 2747 hoc
2237 2700 2320 2762 tlet
2339 2714 2351 2757 ;
2373 2700 2500 2762 idem
2525 2713 2630 2762 cras
2655 2699 2762 2762 (iet;
2786 2700 2901 2762 quid
2927 2703 3062 2762 quasi
3087 2712 3331 2762 magnum,

1989 2763 2195 2821 Nempe,
2217 2760 2344 2807 diem
2365 2759 2548 2807 donas?
2572 2760 2670 2808 Sed
2695 2773 2801 2806 cum
2830 2760 2909 2808 lux
2934 2760 3084 2807 altera
3113 2764 3260 2818 venit,

1990 2823 2095 2870 Jam
2120 2834 2227 2870 cras
2250 2822 2532 2869 hesternum
2557 2822 2966 2880 consumpsimus;
2997 2833 3112 2869 ecce
3133 2822 3258 2868 aliud
3283 2835 3387 2871 cras

1993 2884 2162 2946 Egerit
2185 2885 2274 2932 hos
2299 2894 2465 2938 annos,
2493 2888 2544 2929 et
2571 2894 2768 2943 semper
2792 2882 2986 2943 paulum
3012 2884 3107 2930 erit
3126 2881 3267 2930 ultra.

2001 3008 2156 3076 lhid.,
2177 3006 2307 3078 §29.
2333 3007 2498 3061 Audio
2525 3021 2714 3072 vocem,
2739 3004 2867 3075 etc.]
2893 3006 3114 3061 lledolet
3134 3008 3233 3061 hoc
3254 3011 3521 3076 supera-th.

1932 3102 2131 3156 tionem
2158 3099 2458 3165 etltnicam,
2490 3114 2558 3153 ex
2591 3096 2824 3153 fortuitis
2849 3098 3066 3152 vocibus
3088 3099 3262 3154 omina
3294 3113 3510 3168 captan-

1935 3203 2073 3258 tem;
2113 3191 2254 3262 quod
2295 3205 2454 3246 nemo
2498 3189 2657 3258 paulo
2700 3188 2986 3244 humanior
3027 3191 3254 3259 ignorat.
3285 3189 3344 3247 Si
3390 3196 3531 3260 quis.

1933 3283 2192 3353 singulari
2225 3282 2554 3351 providentia
2587 3281 2762 3335 divina
2791 3282 2986 3336 factum
3017 3283 3117 3338 hoc
3149 3293 3328 3353 putet,
3354 3285 3420 3338 ita
3455 3295 3522 3339 ut.

1936 3375 2180 3429 mstuanti
2232 3374 2530 3442 Augustino
2579 3376 2783 3429 editum
2832 3374 3042 3428 caelitus
3089 3376 3158 3428 sit
3214 3377 3509 3437 monitum;

1934 3465 2203 3532 oportebit
2232 3473 2288 3518 ut
2313 3464 2560 3517 ostendat
2579 3477 2712 3532 opus
2737 3464 2900 3517 fuisse
2929 3463 3191 3531 ejusmodi
3226 3465 3508 3526 miraculo,

1934 3571 2041 3626 quo
2062 3557 2386 3625 Augustinus
2417 3555 2710 3622 intelligere
2737 3565 2917 3619 posset
2939 3556 3037 3608 sibi
3067 3556 3339 3623 legendam
3368 3556 3512 3610 Set-i-

1937 3655 2145 3718 pturam
2169 3660 2372 3700 sacram
2392 3686 2406 3712 ,
2441 3654 2497 3699 ut
2525 3660 2589 3698 ex
2621 3660 2681 3698 ea
2711 3646 2931 3699 reseiret
2959 3645 3084 3714 quid
3117 3645 3216 3697 sibi
3246 3647 3538 3713 agendum—

1937 3745 2100 3793 esset.
2129 3735 2283 3803 Quod
2313 3751 2433 3790 cum
2465 3734 2700 3804 quotidie
2738 3733 2949 3788 audiret
2987 3749 3017 3788 a
3046 3733 3352 3799 catholicis,
3388 3751 3514 3789 cum

1939 3831 1992 3884 in
2024 3828 2296 3890 Ecclesia,
2325 3837 2433 3881 tum
2466 3827 2624 3891 alibi,
2657 3841 2761 3880 non
2790 3826 2948 3880 video
2977 3842 3073 3882 cur
3099 3827 3533 3896 confugiendum.

1938 3922 2008 3975 sit
2028 3920 2095 3974 ad
2120 3919 2458 3988 miraculum.
2487 3917 2592 3973 Sed
2625 3919 2808 3972 rhetor
2833 3927 3035 3982 noster,
3065 3917 3206 3987 quod
3238 3933 3357 3971 cum
3386 3934 3514 3987 pace
3540 3951 3546 3953 -

1937 4011 2056 4081 ejus
2075 4010 2275 4066 dictum
2298 4011 2400 4074 sit,
2432 4010 2607 4063 omnia
2631 4019 2949 4079 exaggerat,
2975 4011 3166 4079 quibus
3189 4011 3516 4079 persuadere

1939 4111 2148 4171 poterat
2173 4117 2276 4156 non
2303 4102 2386 4170 agi
2417 4101 2501 4156 hic
2537 4101 2603 4155 de
2634 4100 2848 4154 homine
2880 4103 3109 4170 vulgari,
3139 4102 3230 4156 sed
3261 4102 3522 4172 singulari.

1944 4193 2226 4247 vocatione
2251 4191 2508 4245 divinitus
2529 4190 2593 4244 ad
2625 4190 2918 4246 Ecclesiam
2943 4192 3165 4256 allecto;
3192 4208 3311 4260 quae
3341 4203 3536 4247 tamen.

1943 4298 2007 4336 ex
2032 4283 2166 4336 alius
2191 4281 2399 4335 calamo
2427 4282 2624 4335 rectius
2652 4281 2947 4336 ﬂuxiSsent.

2014 4372 2146 4426 Ibid.
2175 4372 2478 4427 Utrumnam
2499 4375 2716 4426 solerent
2747 4374 2920 4441 pueri,
2947 4371 3075 4442 etc.]
3103 4371 3262 4436 Quasi
3285 4385 3412 4424 vero
3434 4386 3518 4424 ne~

1943 4476 2092 4518 cesse
2139 4462 2325 4518 luisset
2366 4465 2508 4517 solas
2555 4464 2848 4517 ludentium
2911 4478 3198 4532 puerorum
3247 4463 3524 4516 solemnes

1943 4554 2236 4609 cantilenas
2258 4554 2457 4608 audiri!
2479 4554 2671 4607 Annon
2697 4555 2868 4623 potuit
2889 4554 3078 4607 ludens
3099 4551 3286 4619 aliquis
3309 4551 3376 4605 de
3400 4567 3517 4619 pro~

1940 4644 2080 4712 jecta
2110 4642 2292 4697 charta
2331 4642 2520 4697 crebro
2550 4644 2649 4698 hoc
2689 4643 2975 4712 repetere?-
3002 4640 3335 4708 Oportuisset
3379 4643 3517 4709 apud

1945 4736 2149 4790 vicinos
2171 4749 2412 4804 qumrere
2439 4735 2556 4803 quis
2585 4749 2702 4788 eam
2737 4748 2919 4787 vocem
2952 4731 3199 4796 misisset,
3234 4743 3522 4803 antequam-

1946 4841 2050 4879 non
2081 4827 2196 4879 sine
2221 4825 2330 4880 Deo
2360 4825 2578 4880 missam
2602 4823 2886 4890 judicaret.

2015 4914 2151 4969 lbid.
2181 4914 2486 4967 Audiveram
2529 4912 2660 4963 enim
2704 4911 2767 4961 de
2805 4909 3065 4980 Antonio.]
3113 4912 3417 4967 Athanasius
3465 4915 3517 4968 itt

1949 5006 2065 5058 Vita
2091 5003 2338 5068 Antonii,
2374 5002 2401 5070 §
2431 5001 2495 5065 2,
2524 4999 2677 5065 cujus
2706 4999 2864 5054 verba
2894 5000 3168 5055 brevitatis
3193 5018 3351 5057 causa
3383 5006 3520 5057 dun-

1947 5103 2090 5149 taxat
2127 5108 2194 5148 ex
2230 5092 2442 5158 Evagrii
2474 5089 2717 5144 versione
2757 5091 3019 5160 proferam
3049 5111 3060 5144 :
3094 5095 3175 5146 Ad
3206 5094 3513 5158 Ecclesium,

1947 5198 1999 5241 ut
2019 5184 2244 5248 solebat,
2270 5197 2536 5235 occurrens
2555 5183 2911 5237 recordabatur
2930 5185 3183 5252 quomodo
3203 5197 3250 5239 et
3272 5188 3517 5254 apostoli,

1948 5276 2178 5332 omnibus
2215 5275 2414 5344 spretis.
2443 5274 2600 5327 secuti
2639 5275 2849 5343 fuissent
2882 5275 3232 5340 Salvatorem;
3261 5287 3305 5329 et
3339 5279 3520 5340 multi,

1947 5369 1998 5436 in
2027 5367 2233 5419 Actibus
2261 5364 2640 5435 apostolorum,
2669 5367 2996 5434 facultatibus
3021 5368 3124 5419 suis
3153 5366 3390 5428 venditis,
3416 5383 3521 5433 pre-

1950 5460 2021 5512 tia
2049 5457 2137 5526 {ad
2180 5458 2329 5525 pedes
2370 5472 2544 5511 eorum
2590 5457 2886 5512 detulissent
2927 5458 3185 5526 egentibus
3225 5459 3519 5523 partienda,

1949 5566 2117 5617 quwue
2146 5559 2235 5602 aut
2261 5558 2450 5618 quanta
2477 5563 2592 5617 spes
2618 5550 2682 5603 iis
2709 5550 2929 5616 reposita
2958 5559 3082 5602 esset
3109 5551 3160 5602 in
3192 5551 3344 5605 aclis.
3373 5551 3525 5606 Talia

1951 5658 2118 5696 secum
2145 5642 2344 5696 volvens
2386 5641 2591 5693 intravit
2631 5643 2683 5694 in
2714 5639 2973 5720 ecclesiam
3006 5653 3049 5695 et
3090 5645 3270 5697 accidit
3312 5655 3365 5698 ut
3407 5655 3521 5700 tunc

1956 5733 2282 5807 Evangelium
2304 5730 2568 5802 legeretur,
2589 5731 2640 5784 in
2661 5747 2760 5800 quo
2787 5731 3031 5789 Dominus
3052 5737 3174 5790 dicit
3195 5737 3260 5790 ad
3283 5737 3482 5797 divitem
3504 5751 3521 5791 :
