3908 6302
463 355 560 409 2H

1351 351 1906 407 SUPPLEMENTUM
1947 352 2038 405 AD
2079 349 2308 406 OPERA
2350 350 2406 406 S.
2451 350 2839 408 AUCCSTINL
3570 351 3691 406 lli

466 471 522 523 Si
548 472 624 521 vis
659 468 921 535 perlectus
952 479 1093 529 esse,
1125 463 1258 518 vade
1288 474 1340 518 et
1368 466 1536 519 vende
1557 465 1734 517 omnia
1766 474 1875 528 tua,
1901 477 2046 531 qme-
2073 464 2124 523 Α
2157 463 2318 521 class.
2356 463 2376 516 Ι
2411 505 2424 525 ,
2458 463 2546 517 ubi
2582 462 2717 516 hanc
2748 461 3106 515 inventionem
3152 467 3346 514 narrat.
3379 458 3601 513 Alterum
3625 473 3694 515 est

465 574 672 627 cunque
701 558 863 609 babes
889 565 942 609 et
971 557 1036 608 da
1068 555 1387 623 pauperibus
1415 565 1470 610 et
1512 554 1669 620 veni,
1702 569 1930 624 sequere
1961 570 2044 608 me

465 659 517 703 et
541 647 759 700 habebis
791 646 1097 700 thesaurum
1123 644 1174 697 in
1207 645 1381 699 caelis.

538 736 650 799 Quo
675 737 876 798 audito,
903 735 1051 804 quasi
1081 736 1324 788 divinitus
1363 735 1658 799 huiusmodi
1697 743 1814 787 ante
1855 750 2045 786 inemo-

465 831 597 881 riam
634 828 977 897 concepisset,
1019 835 1068 879 et
1107 827 1260 879 ueluti
1287 835 1494 895 propter
1521 842 1575 878 se
1599 826 1706 878 lucc
1746 835 1872 879 esset
1904 827 2046 879 Scri-

471 929 623 985 ptstra
673 922 916 982 recitata,
966 919 1031 969 ad
1078 934 1132 970 se
1178 918 1486 969 dominicum
1538 917 1694 968 trarit
1742 917 2042 983 imperium,

467 1011 739 1077 statimque
770 1025 998 1078 egressus
1047 1010 1414 1078 possessiones,
1455 1023 1581 1075 quas
1635 1002 1882 1074 habe'bat,
1923 1024 2044 1059 ven-

468 1099 625 1152 didit.

541 1190 674 1243 Ibid.
701 1192 925 1258 Arripui,
951 1191 1152 1256 aperui,
1175 1189 1304 1260 etc.]
1337 1189 1444 1242 Hoc
1475 1204 1579 1242 non
1606 1191 1828 1244 multum
1861 1189 2044 1245 aberat

470 1295 499 1333 a
534 1282 767 1335 sortibus
799 1282 1121 1349 Virgilianis,
1149 1292 1237 1333 aut
1267 1283 1332 1333 ab
1364 1283 1428 1334 iis
1457 1280 1650 1347 quibus
1676 1297 1740 1335 cx
1771 1281 2042 1348 Scriptura

453 1379 672 1426 temere
723 1382 903 1439 aperta
960 1372 1136 1425 futura
1186 1374 1582 1438 qua'rebantur,
1627 1371 1768 1441 quod
1827 1372 2045 1426 damnat

471 1465 584 1529 ipse
626 1464 952 1530 Augustinus
989 1464 1149 1531 epist.
1194 1462 1263 1517 55
1311 1463 1376 1515 ad
1417 1463 1748 1516 Januarium.
1791 1463 1870 1516 An
1909 1477 2043 1530 OptlS

472 1562 726 1617 prmterea
758 1560 874 1606 erat
904 1560 1104 1606 temere
1143 1554 1352 1619 aperire
1393 1555 1723 1621 Scripturam
1744 1596 1757 1618 ,
1792 1561 1847 1605 ut
1878 1553 2043 1606 scire-

472 1655 557 1695 tur
586 1642 734 1710 quod
760 1657 826 1696 ne
849 1644 1047 1696 rtbnici
1077 1643 1290 1710 quidem
1322 1643 1653 1697 honestiores
1693 1642 2042 1711 ignorabant?

475 1732 604 1785 Vide
638 1734 733 1785 hac
760 1732 827 1785 de
868 1749 926 1786 re
955 1734 1079 1786 Ant.
1119 1750 1218 1786 van
1252 1734 1400 1798 Dale,
1441 1734 1610 1787 virum
1646 1732 1932 1799 eruditum,
1974 1732 2043 1786 de

474 1821 897 1876 Divinatinnilms
926 1822 1268 1877 idololatricis
1297 1824 1395 1877 sub
1420 1825 1483 1877 V.
1511 1824 1575 1877 Τ.
1603 1824 1733 1893 Cap.
1763 1823 1815 1875 4.

540 1909 702 1966 Ltuno
733 1928 803 1966 ts.
837 1912 965 1981 Cap.
993 1914 1057 1978 2,
1092 1914 1118 1982 §
1143 1915 1193 1966 5.
1229 1913 1311 1967 Ne
1331 1915 1382 1966 in
1412 1916 1513 1967 ima
1540 1931 1849 1985 rergeremus
1869 1955 1883 1978 ,
1915 1913 2044 1984 etc.]

471 2007 637 2062 Recte
666 2007 763 2061 viri
793 2007 934 2062 dOCti
983 2007 1119 2062 hanc
1155 2008 1434 2062 lectionem
1481 2009 1826 2076 praetulerunt
1851 2007 2041 2073 alteri,

456 2105 808 2170 'mergeremur
829 2117 852 2164 ;
877 2099 1013 2153 Solet
1051 2101 1191 2152 cnint
1221 2099 1441 2152 verbum
1471 2115 1673 2165 vergere
1704 2106 1759 2151 ut
1789 2107 1841 2150 et
1870 2097 2041 2150 dever-

459 2194 587 2258 'gere
615 2190 718 2244 dici
741 2190 808 2244 de
839 2190 902 2243 iis
928 2206 1042 2257 qua:
1074 2189 1311 2258 pondere
1352 2203 1450 2242 suo
1477 2188 1867 2257 deprimuntur.
1901 2193 2044 2256 Apu-

471 2281 604 2334 leius
641 2282 710 2334 de
753 2281 864 2334 Deo
890 2281 1127 2335 Socratis
1163 2298 1174 2332 :
1213 2280 1362 2345 Quod
1392 2280 1436 2330 si
1480 2281 1805 2345 manifestum
1841 2279 2045 2348 ﬂagitat

469 2372 602 2424 ratio
631 2370 811 2423 debere
850 2371 1060 2438 propria
1088 2369 1333 2421 animalia
1371 2368 1524 2421 etiam
1554 2369 1606 2420 in
1646 2384 1765 2421 aere
1803 2366 2040 2437 intelligi,

469 2469 694 2528 superest
727 2470 779 2511 ut
809 2475 922 2528 qua
948 2461 1149 2512 tandem
1175 2469 1222 2513 et
1246 2459 1533 2528 cujusmodi
1573 2475 1630 2512 ea
1657 2460 1756 2510 sint
1782 2498 1798 2522 ,
1821 2460 2044 2512 dissera—

469 2567 600 2604 mus.
640 2549 808 2618 Igitur
831 2560 1028 2604 terrena
1058 2564 1408 2619 nequaquam;
1458 2549 1730 2616 devergunt
1759 2551 1893 2602 enim
1919 2566 2046 2618 pon-

469 2645 609 2697 dere.
649 2642 801 2710 Vide,
832 2641 876 2696 si
918 2656 1050 2711 opus
1081 2652 1193 2710 est,
1217 2641 1321 2696 alia
1344 2639 1586 2707 exempla
1610 2642 1746 2710 apud
1769 2639 2044 2695 Nicolaum

466 2734 768 2800 lleinsium,
800 2735 852 2788 in
885 2733 1025 2789 notis
1052 2734 1117 2789 ad
1141 2734 1411 2790 Valerium
1442 2735 1687 2791 Flaccum
1714 2735 1806 2789 lib.
1839 2750 1876 2800 t,
1902 2748 2043 2790 vers.

469 2827 598 2882 289.

536 2920 671 2990 Cap.
701 2923 756 2986 5,
800 2921 826 2991 §
859 2922 912 2976 6.
959 2921 1220 2991 Quidquid
1245 2922 1377 2974 illud
1402 2929 1475 2973 est
1503 2923 1638 2988 quod
1665 2921 1756 2972 illo
1785 2920 2048 2989 signiﬁcor

470 3020 555 3062 tur
582 3009 745 3079 sinu.]
782 3010 1070 3080 Desumpta
1096 3019 1180 3064 est
1205 3010 1400 3064 locutio
1426 3024 1491 3063 ex
1525 3008 1653 3062 Luc.
1685 3023 1769 3061 xvt
1791 3048 1806 3072 ,
1837 3009 1929 3069 9‘2,
1954 3008 2043 3062 ubi

471 3111 651 3156 tamen
695 3102 839 3154 sinus
885 3100 1162 3152 Abrahami
1209 3115 1312 3153 non
1359 3108 1464 3153 tam
1493 3098 1647 3154 sedes
1671 3100 1851 3164 beatas
1883 3114 2042 3169 quam

2153 553 2227 606 ita
2265 553 2599 607 Ambrosium
2633 567 2746 606 rem
2775 551 3100 617 describere,
3130 560 3187 604 ut
3216 550 3570 603 narrationem
3597 566 3694 603 sus-

2148 655 2354 712 pectam
2388 645 2610 699 reddat:
2645 644 2934 698 Invenimus
2963 685 2978 709 ,
3010 643 3214 712 inquit,
3245 643 3389 694 mirw
3409 643 3696 712 magnitudi-

2148 736 2224 788 nis
2242 736 2373 789 viros
2401 737 2527 789 duos
2547 777 2563 801 ,
2590 745 2643 787 ut
2670 737 2836 804 prisca
2866 744 2989 788 tetas
3019 735 3225 802 ferebat.
3262 734 3391 798 Qua:
3412 747 3533 785 vero
3555 735 3696 786 aetas?

2151 825 2477 890 lleroicane,
2536 836 2817 895 postquam
2868 825 3110 878 homines
3161 825 3473 878 decrescere
3533 838 3691 889 cmpe-

2148 917 2312 968 runt?
2347 915 2479 968 Nam
2509 933 2668 986 genus
2713 919 2806 969 hoc
2835 917 2941 970 vivo
2971 920 3087 988 jam
3118 914 3430 969 decrescebat
3470 913 3693 968 Homero.

2148 1007 2227 1058 An
2248 1008 2406 1059 etiam
2431 1009 2600 1062 tribus
2630 1009 2838 1062 saeculis
2864 1050 2879 1072 ,
2908 1024 3027 1077 qua:
3053 1023 3081 1060 a
3104 1007 3319 1060 Christo
3342 1015 3463 1060 nato
3483 1005 3543 1058 ad
3570 1005 3696 1060 Con-

2147 1101 2364 1151 stantini
2411 1109 2649 1167 tempora
2683 1100 2971 1165 ﬂuxerunt,
2997 1098 3300 1168 grandioris
3329 1107 3481 1152 erant
3505 1106 3696 1155 statura)

2149 1188 2393 1244 homines
2439 1206 2597 1258 quam
2637 1201 2828 1259 quarto
2867 1201 2958 1265 aut
3003 1192 3189 1261 quinto
3238 1191 3486 1244 saeculo?
3514 1192 3586 1244 An
3615 1206 3696 1245 au-

2147 1280 2352 1348 gustior
2377 1291 2495 1337 erat
2522 1290 2722 1336 statura
2754 1292 3046 1352 martyrum
3077 1298 3236 1352 quam
3269 1283 3515 1348 aliorum,
3541 1283 3615 1336 Vel
3641 1299 3696 1336 an

2148 1371 2318 1439 major
2348 1371 2507 1427 ﬁebat
2530 1382 2649 1442 post
2674 1376 2937 1429 mortem?
2957 1375 3121 1429 Nemo
3145 1417 3160 1438 ,
3192 1383 3252 1429 ut
3278 1376 3490 1444 opinor,
3518 1377 3698 1430 credet.

2147 1462 2251 1516 Sed
2286 1464 2397 1532 lege
2423 1473 2640 1527 castera,
2671 1465 2758 1519 ubi
2788 1468 2914 1520 torti
2936 1467 3156 1532 diaboli,
3179 1482 3283 1536 ope.
3315 1467 3505 1520 horum
3528 1479 3699 1538 marty-

2146 1568 2287 1618 rum,
2319 1555 2549 1610 Ariauos
2577 1556 3027 1624 opportunissime
3056 1556 3340 1620 damnant;
3375 1573 3472 1611 nec
3498 1559 3701 1626 amplius

2147 1644 2428 1699 miraberis
2473 1659 2593 1699 esse
2651 1647 2742 1714 qui
2792 1655 3110 1716 strategema
3159 1646 3263 1700 hoc
3317 1646 3701 1700 Ambrosianum

2146 1736 2309 1791 fuisse
2345 1747 2633 1802 censeant,
2671 1752 2779 1806 quo
2811 1737 3018 1806 plebem
3049 1737 3149 1791 sibi
3189 1737 3494 1792 devinciret
3519 1780 3533 1802 ,
3562 1737 3703 1791 Justi-

2075 1821 2117 1881 Β
2148 1843 2376 1896 namque
2404 1839 2456 1881 et
2486 1829 2713 1882 Ariauos
2743 1829 3204 1899 perterrt-faceret,
3239 1831 3611 1895 excogitatum.

2214 1919 2344 1987 Cap.
2379 1920 2440 1981 8,
2478 1919 2506 1989 §
2537 1921 2622 1974 l7.
2656 1920 2821 1991 Agens
2852 1921 2905 1974 in
2935 1921 3080 1973 rebus
3109 1919 3396 1990 militaret.)
3421 1919 3552 1974 Vide
3576 1919 3701 1972 dicta

2146 2009 2211 2063 ad
2245 2010 2340 2064 lib.
2365 2025 2482 2075 vttt,
2514 2026 2634 2078 cap.
2659 2010 2713 2073 6,
2747 2013 2775 2081 ᾗ
2808 2012 2894 2066 l5.

2219 2096 2377 2159 lbid.,
2411 2097 2438 2166 ᾗ
2467 2099 2551 2152 l8.
2584 2097 2686 2152 Per
2711 2099 2941 2153 homines
2961 2099 3304 2172 praepositam]
3331 2099 3444 2153 Hoc
3464 2107 3567 2162 est,
3592 2111 3708 2167 quos

2147 2189 2240 2242 tibi
2271 2193 2560 2260 prceponis,
2589 2201 2646 2244 ut
2697 2201 2818 2260 post
2855 2207 2948 2247 eos
2974 2193 3135 2246 veluti
3167 2193 3334 2246 lateas
3360 2233 3378 2257 ,
3411 2207 3473 2246 ac
3516 2205 3606 2260 per
3631 2204 3710 2242 eos

2147 2281 2356 2336 occulte
2406 2296 2553 2352 agas.
2587 2282 2732 2336 Nihil
2786 2298 2914 2351 ergo
2959 2283 3293 2337 mutandum.
3339 2281 3602 2336 Ceterum
3638 2281 3711 2334 hic

2148 2373 2501 2443 Augustinus,
2536 2389 2669 2429 vere
2687 2415 2701 2440 ,
2721 2375 2867 2444 quod
2892 2375 3062 2442 aiunt,
3087 2375 3280 2429 ﬂuctus
3301 2373 3358 2427 in
3384 2375 3616 2444 simpulo
3635 2388 3713 2428 ex-

2147 2466 2294 2519 citat.

2219 2553 2349 2622 Cap.
2383 2555 2470 2620 lo,
2503 2556 2530 2627 §
2560 2556 2649 2610 23.
2687 2555 2977 2608 Phantasia:
3003 2564 3167 2617 terra',
3199 2553 3336 2626 etc.]
3367 2553 3478 2607 lloc
3504 2561 3587 2608 est
3613 2567 3712 2621 spe-

2148 2644 2260 2699 cies
2284 2644 3078 2707 omnium'rerumterrestrium,
3108 2659 3226 2712 qua:
3251 2658 3374 2697 sese
3401 2643 3582 2698 animo
3602 2657 3709 2697 nos-

2149 2734 2556 2794 troail‘ert.Lib.
2580 2750 2658 2801 Ill,
2683 2750 2799 2803 cap.
2825 2735 2877 2798 6,
2901 2734 2926 2804 §
2951 2735 3036 2788 l0.
3063 2735 3136 2788 De
3160 2733 3225 2787 iis
3241 2734 3521 2789 Lucretius
3539 2735 3624 2787 lib.
3646 2750 3704 2787 tv.

2150 2838 2157 2845 '
2221 2824 2355 2880 Ibid.
2389 2825 2628 2878 Sonitum
2653 2823 2846 2895 nubis]
2877 2824 2990 2880 Iloc
3008 2833 3093 2878 est
3124 2836 3306 2878 vocem
3337 2839 3369 2879 e
3399 2824 3539 2878 nube
3561 2825 3705 2878 cmis-

2149 2927 2292 2976 sam,
2321 2917 2531 2980 qualem
2559 2913 2762 2967 audivit
2792 2915 2986 2968 Moses.

2219 3000 2375 3064 Ibid.,
2411 3002 2438 3070 ς
2463 3002 2552 3055 26.
2582 3002 2795 3056 Servum
2824 3006 2935 3074 ejus
2964 3002 3208 3075 videam]
3238 3004 3354 3060 Hoc
3384 3014 3466 3060 est
3486 3005 3704 3060 caelibem

2150 3090 2312 3144 vitam
2353 3105 2513 3159 agere
2540 3103 2870 3160 aggressum.
2902 3093 2990 3147 Sic
3029 3095 3226 3162 passim
3261 3097 3579 3165 Augustinus
3602 3096 3708 3148 κατ’

473 3194 645 3246 locum
671 3192 722 3245 in
755 3191 856 3244 illis
897 3191 1156 3260 insignem
1196 3191 1460 3259 significat
1485 3232 1501 3256 ,
1542 3199 1602 3246 ut
1630 3200 1773 3246 recte
1803 3191 2045 3245 animad-

2159 3183 2335 3252 ἕξοχὴν
2363 3180 2616 3235 Ecclesia:
2654 3181 2932 3237 ministros
2958 3200 3126 3238 servos
3158 3185 3254 3238 Dei
3285 3194 3460 3250 vocat,
3488 3195 3543 3240 ut
3569 3199 3706 3253 supra

473 3283 632 3336 vertit
660 3281 809 3349 Hugo
839 3280 1057 3336 Grotius
1079 3281 1145 3335 ad
1174 3282 1390 3335 Lucam.
1425 3283 1752 3352 Augustinus
1782 3283 2046 3337 intellexit

472 3372 629 3426 sedes
657 3371 870 3439 quietas
896 3411 910 3435 ,
940 3372 1340 3442 qualescunque
1387 3371 1534 3439 sint,
1565 3372 1617 3425 iu
1663 3372 1854 3440 quibus
1881 3371 2046 3427 animi

473 3464 682 3530 piorum
733 3463 1179 3518 resurrectionem
1227 3478 1512 3528 corporum
1552 3473 1884 3532 exspectant.
1929 3463 2045 3518 Lib.

473 3573 545 3611 xu
573 3559 641 3613 de
681 3559 878 3615 Genesi
905 3557 976 3613 ad
1004 3559 1233 3614 litteram
1258 3601 1273 3622 ,
1302 3558 1328 3629 §
1371 3559 1440 3613 65
1465 3575 1478 3611 :
1515 3557 1693 3627 Neque
1717 3558 1854 3611 enim
1882 3557 2048 3610 Abra-

473 3651 611 3713 ham,
658 3651 738 3703 uel
763 3653 847 3706 ille
867 3667 1092 3720 pauper,
1121 3653 1173 3703 in
1217 3652 1331 3702 sinu
1353 3653 1486 3720 ejus,
1530 3649 1628 3703 hoc
1665 3660 1736 3702 est
1780 3651 1832 3701 in
1861 3659 2050 3702 secreto

473 3742 652 3807 quietis
682 3744 790 3807 eius
813 3783 829 3804 ,
871 3743 925 3793 in
967 3741 1226 3794 doloribus
1251 3750 1378 3792 erat.
1404 3740 1666 3794 Sermone
1693 3740 1758 3792 l4
1787 3739 1852 3792 ad
1881 3755 2050 3808 popu-

474 3827 583 3880 lum
614 3830 666 3880 in
698 3844 840 3882 vers.
876 3827 942 3880 H
973 3829 1105 3894 psal.
1132 3843 1187 3880 rx
1221 3844 1232 3878 :
1269 3825 1526 3895 Contigit,
1550 3827 1742 3895 inquit,
1775 3830 1904 3880 mori
1931 3829 2047 3880 ino-

472 3929 582 3981 pem
615 3911 760 3963 illum
781 3922 826 3964 et
855 3911 1050 3976 auferri
1073 3912 1136 3962 ab
1161 3911 1374 3979 angelis.
1410 3911 1566 3974 Quo?
1590 3911 1647 3964 In
1677 3912 1850 3966 sinum
1874 3913 2047 3965 Abra-

474 4002 580 4064 ιω,
612 4000 666 4052 id
685 4009 754 4052 est
778 4001 833 4052 in
860 4008 1107 4054 secretum
1132 4001 1214 4052 ubi
1242 4010 1350 4053 erat
1370 4000 1645 4054 Abraham.
1674 4001 1823 4064 Vide,
1856 4001 1955 4056 hac
1981 4002 2050 4057 de

474 4105 557 4155 re,
585 4087 849 4142 eruditam
873 4088 1303 4145 dissertationem
1325 4091 1579 4145 Ludovici
1599 4091 1834 4160 Cappelli
1851 4132 1866 4156 ,
1889 4108 2047 4158 quam

475 4177 744 4248 inscripsit
770 4186 968 4254 Νεκρῶν
990 4181 1095 4232 Βίου
1117 4220 1132 4244 ,
1166 4181 1303 4236 inter
1328 4195 1502 4256 opera.
1520 4180 1635 4251 ejus
1666 4181 2052 4238 Amstelodami

473 4271 636 4327 edita.

461 4409 468 4411 _
547 4358 679 4431 Cap.
705 4363 736 4414 7
756 4406 770 4430 ,
803 4362 831 4433 §
859 4360 944 4415 16.
975 4361 1202 4417 Antistiti
1231 4373 1317 4417 tuo
1347 4380 1436 4431 per
1454 4365 1615 4418 visum
1643 4366 1922 4434 aperuisti,
1949 4383 2051 4436 quo

475 4456 587 4508 loco
614 4455 825 4509 laterent
863 4463 1148 4524 martyrum
1192 4471 1412 4524 corpora
1437 4455 1661 4511 Protasii
1710 4468 1756 4512 et
1787 4458 2045 4524 Cervarii,

474 4546 607 4619 ctc.]
628 4549 684 4604 Si
709 4549 823 4603 haec
842 4547 1066 4617 aliaique
1087 4547 1347 4616 ejusmodi
1374 4548 1708 4605 inventiones
1737 4563 2043 4606 sanctorum
2071 4539 2124 4600 D

475 4639 813 4706 cadaverum,
837 4656 940 4696 non
965 4641 1188 4696 fuissent
1215 4643 1512 4710 conjunctae
1543 4658 1664 4698 cum
1689 4645 2048 4712 ingentilucro

475 4744 540 4782 ac
564 4731 924 4786 emolumento
949 4746 1135 4787 eorum
1177 4731 1265 4800 qui
1293 4746 1352 4785 ea
1382 4733 1679 4786 elToderunt
1699 4775 1711 4794 ,
1737 4736 1885 4787 multi
1910 4773 1924 4798 ,
1957 4736 2046 4804 qni

474 4817 786 4873 callidorum
813 4821 1086 4878 hominum
1118 4824 1370 4893 ﬁgmenta
1389 4823 1503 4877 haec
1524 4822 1748 4879 credunt
1776 4824 1840 4877 ad
1868 4825 2050 4892 plebe-

476 4907 652 4961 culam
696 4908 747 4960 iu
779 4911 957 4966 ofﬁcio
985 4915 1361 4972 continendam
1382 4959 1397 4984 ,
1438 4915 1596 4970 (idem
1625 4914 1703 4970 eis
1744 4929 1854 4971 non
1893 4917 2048 4972 facile

477 4997 840 5052 detraherent.
865 5000 1258 5071 Hacinventio,
1281 5007 1512 5078 exempli
1528 5022 1711 5072 causa,
1729 5023 1834 5063 non
1863 5024 2046 5075 parum

475 5087 627 5142 auxit
691 5087 1137 5148 existimationem
1205 5100 1683 5168 auctoritatemque
1747 5101 2043 5167 Ambrosii;

477 5178 905 5249 quandoquidem
932 5194 995 5234 ca
1021 5181 1242 5240 Justinm
1288 5191 1540 5258 principis
1571 5194 1782 5246 Arianae
1807 5194 2008 5248 animus
2025 5232 2045 5261 ,

474 5281 534 5327 ut
565 5273 725 5330 habet
754 5280 967 5338 noster,
996 5275 1091 5327 etsi
1129 5277 1196 5328 ad
1231 5279 1474 5332 credendi
1511 5285 1781 5336 sanitatem
1812 5301 1918 5338 non
1936 5302 2047 5339 am-

476 5363 662 5431 pliatus
685 5404 702 5428 ,
750 5380 786 5417 a
830 5365 1165 5433 persequendi
1199 5376 1367 5420 tamen
1397 5369 1574 5438 furore
1607 5387 1921 5442 compressus
1949 5384 2043 5430 est.

475 5452 590 5505 Duo
618 5464 874 5522 praeterea
910 5454 999 5510 hic
1020 5455 1194 5512 obiter
1221 5457 1494 5514 observari
1525 5472 1767 5528 possunt.
1799 5466 2045 5522 Alterum

477 5551 580 5610 est,
611 5545 962 5614 Augustinum
987 5548 1074 5604 hic
1089 5556 1145 5605 et
1168 5550 1238 5605 de
1261 5549 1424 5604 Civit.
1447 5550 1539 5606 Dei
1565 5551 1659 5607 lib.
1689 5571 1824 5624 xxtt,
1849 5573 1965 5628 cap.
1990 5561 2044 5627 8,

474 5634 654 5688 dicere
681 5652 770 5703 per
789 5640 949 5692 visum
971 5641 1203 5696 revelata
1221 5656 1342 5697 esse
1358 5641 1471 5698 haec
1490 5657 1713 5712 corpora
1737 5648 2039 5717 Ambrosio,

473 5725 816 5783 Ambrosium
861 5743 990 5786 vero
1021 5733 1192 5802 ipsum
1221 5735 1289 5790 de
1318 5736 1418 5792 hoc
1463 5737 1829 5806 plane-tacere
1858 5757 1943 5813 ep.
1973 5747 2045 5801 22

2150 3278 2372 3324 vocatur
2398 3269 2638 3325 Monnica
2671 3287 2813 3324 serva
2838 3288 3098 3328 servorum
3123 3274 3236 3337 Dei,
3274 3276 3302 3345 §
3334 3274 3426 3328 22.
3563 3343 3566 3346 _

2220 3357 2348 3426 Cap.
2367 3360 2457 3424 η,
2478 3358 2798 3428 §52.Visum
2819 3362 2973 3414 etiam
2999 3363 3124 3414 mihi
3149 3373 3227 3417 est
3256 3373 3316 3417 ut
3339 3365 3463 3417 irem
3484 3359 3703 3424 lavatum,

2149 3449 2284 3517 quod
2308 3450 2571 3503 audieram
2599 3450 2716 3504 inde
2744 3450 2932 3505 balneis
2950 3468 3125 3506 nomen
3142 3452 3368 3506 inditum
3385 3495 3400 3518 ,
3423 3455 3537 3523 quia
3564 3451 3707 3506 Grati

2150 3541 2411 3610 βαλακεῖσν
2441 3539 2698 3604 dixerint,
2729 3542 2864 3608 quod
2896 3542 3202 3595 anxietatem
3253 3544 3415 3612 pellat
3447 3558 3507 3595 ex
3537 3541 3705 3593 animo.

2150 3629 2241 3684 Sic
2262 3644 2440 3684 revera
2471 3629 2664 3696 Grmci,
2691 3645 2990 3701 quanquam
3013 3632 3244 3689 absurda
3280 3634 3395 3689 haec
3422 3641 3503 3688 est
3523 3641 3708 3700 etymo-

2149 3719 2308 3789 lugia.
2371 3721 2612 3788 Scriptor
2673 3721 3022 3792 Etymologici
3070 3724 3247 3792 magni
3309 3741 3324 3778 :
3369 3724 3616 3778 Βαλανιῖον
3659 3721 3706 3775 τὸ

2149 3809 2387 3882 λουτρὸν’
2415 3814 2542 3871 τινὲς
2559 3810 2613 3866 δέ
2638 3813 2840 3881 λέγουσι
2865 3815 3010 3888 παρὰ
3039 3814 3095 3868 τὸ
3119 3815 3424 3870 ἀποϐάλλειν
3449 3817 3535 3874 τὰς
3555 3813 3707 3868 ἁνίας⁵

2152 3906 2235 3956 καί
2254 3901 2478 3978 Ὅμηρος
2508 3905 2918 3981 παρετυμολογιῑ
2941 3905 3095 3976 λέγων
3112 3922 3124 3934 ·

2721 4027 2802 4100 ἆρ’
2827 4029 2878 4080 ἐκ
2905 4026 3145 4101 τρίποδος
3173 4028 3449 4100 μεγάλοιοτ

2290 4094 2455 4170 Ὀφρα
2483 4117 2565 4167 μοι
2586 4098 2638 4150 ἐκ
2667 4094 2888 4166 κάμὶατον
2910 4094 3214 4176 Θυμὸφθορον
3240 4094 3410 4156 sihmo
3435 4105 3600 4174 γυὶωεν.

2223 4214 2294 4265 Οὐ
2324 4215 2531 4284 λέγουσι
2555 4211 2608 4266 δὲ
2634 4215 2817 4278 καλῶς.
2848 4217 2892 4269 εἰ
2915 4217 3011 4288 γὰρ
3033 4214 3089 4276 ἦν
3114 4219 3169 4272 ἐκ
3185 4222 3406 4285 τούτου,
3429 4221 3589 4294 ὤφειλε
3606 4221 3712 4293 γρά-

2153 4303 2329 4375 φεσθαι
2366 4300 2449 4356 διὰ
2479 4310 2551 4372 τῷ
2586 4301 2624 4355 Ι.
2655 4304 2762 4357 ἀλλ’
2788 4304 2927 4362 ἔστιν
2961 4310 3117 4362 εἰπεῖν
3144 4307 3223 4364 ὅτι
3252 4311 3364 4366 διπό
3395 4319 3491 4365 τῶν
3512 4311 3709 4381 βαλάνων

2153 4390 2371 4466 εἴρηται.
2409 4393 2456 4446 oi
2492 4395 2589 4465 γὰρ
2618 4396 2835 4469 ἀρχαῖοι
2863 4397 3107 4466 βαλάνους
3135 4393 3280 4470 εἶχον
3317 4399 3431 4460 ἔθος
3463 4399 3706 4455 ὑποκαίειν.

2153 4485 2296 4558 παρὰ
2338 4486 2396 4537 τὸ
2430 4486 2524 4544 τὰς
2559 4485 2810 4555 βαλάνους
2843 4485 3004 4551 αὔειν,
3035 4491 3276 4545 τουτέστι
3302 4493 3400 4552 τὰς
3425 4490 3560 4566 δρῦς.
3595 4488 3708 4540 οὕτω

2147 4577 2244 4652 γάρ
2275 4577 2540 4632 καλοῦνται
2570 4578 2624 4630 αἱ
2657 4577 2782 4648 δρῦς
2799 4618 2814 4644 ,
2845 4583 2934 4634 καὶ
2957 4579 3075 4634 ἄλλο
3103 4603 3155 4636 τι
3179 4581 3357 4653 φυτόν.
3385 4579 3706 4656 Ἐπαφρόδιτος

2147 4667 2202 4723 δέ
2231 4669 2373 4743 παρὰ
2396 4669 2454 4722 τὸ
2482 4667 2591 4723 αὖω
2619 4671 2677 4724 τὸ
2705 4680 2950 4743 σημαῖνον
2973 4675 3030 4729 τὸ
3049 4676 3173 4729 statim
3195 4704 3266 4718 --
3285 4677 3373 4733 ἵνα
3401 4679 3608 4747 μήποθσν
3629 4670 3704 4724 ἆλ-

2148 4757 2286 4810 leber
2326 4755 2462 4811 αὖοι.
2508 4758 2577 4812 At
2623 4760 2738 4815 haec
2786 4763 2964 4816 omnia
2997 4778 3160 4819 mera
3196 4773 3323 4819 sunt
3367 4763 3703 4822 Graeculorum

2151 4863 2326 4917 nugae,
2373 4849 2566 4917 quibus
2609 4851 2938 4922 Augustinus
2979 4869 3232 4911 assensus
3285 4872 3395 4913 non
3434 4856 3632 4916 fuisset,
3666 4845 3703 4899 si

2149 4939 2555 5009 etymologicam
2602 4952 2773 4999 artem
2820 4945 3114 5000 calluisset.
3157 4948 3418 5004 Βαλανιῖον
3468 4944 3701 5015 originem

2153 5028 2302 5083 ducit
2331 5045 2360 5083 a
2393 5045 2524 5086 voce
2552 5032 2810 5088 Hebraica
2831 5017 2934 5092 5‘7:
2962 5033 3120 5088 bullat
3141 5078 3157 5101 ,
3180 5051 3299 5107 quia
3330 5037 3584 5108 signiﬁcat
3605 5045 3702 5099 per-

2153 5121 2304 5189 fundi
2332 5123 2470 5190 psal.
2505 5137 2634 5185 xcu,
2670 5123 2759 5192 ll,
2785 5131 2840 5178 et
2861 5123 3002 5179 unde
3027 5110 3176 5187 nu‘n
3204 5127 3469 5193 ballahah,
3511 5117 3697 5178 nebula.

2156 5210 2245 5266 Sic
2270 5223 2326 5266 et
2350 5212 2490 5280 apud
2520 5212 2722 5270 Arabas
2759 5198 2870 5275 .15:
2897 5216 3163 5287 signiﬁcat
3183 5219 3413 5289 irrigari,
3440 5210 3695 5279 madeﬁeri.

2223 5302 2357 5371 Cap.
2383 5304 2450 5357 l5
2473 5343 2492 5368 ,
2525 5303 2553 5374 §
2579 5304 2672 5360 55.
2702 5305 2858 5360 Nunc
2883 5325 2975 5377 pro
3015 5310 3233 5377 peccatis
3260 5311 3436 5363 matris
3479 5319 3597 5361 mea
3619 5302 3698 5354 46‘

2153 5390 2332 5466 precor
2357 5403 2424 5460 te,
2449 5396 2582 5467 ctc.]
2604 5396 2824 5465 Species
2851 5399 2987 5455 forte
3017 5402 3228 5468 pietatis
3255 5403 3429 5472 aliqua
3451 5400 3532 5453 hic
3559 5397 3695 5459 inest.

2154 5491 2210 5537 at
2256 5498 2318 5539 ea
2362 5486 2696 5540 consuetudo
2743 5502 2843 5542 nec
2872 5489 3078 5545 ratione
3101 5492 3206 5546 ulla
3232 5532 3249 5557 ,
3283 5506 3380 5547 nec
3402 5486 3694 5544 revelatioue

2152 5573 2354 5628 nititur.
2391 5573 2525 5630 Vide
2573 5576 2766 5634 librum
2808 5579 2874 5635 de
2917 5595 3042 5635 cura
3089 5584 3319 5652 gerenda
3365 5596 3460 5652 pro
3498 5572 3695 5634 mortuis

2148 5671 2294 5719 tomo
2320 5664 2406 5718 Vl.

2219 5757 2380 5813 Ltauo
2412 5775 2464 5813 κ.
2499 5758 2626 5829 Cap.
2661 5761 2718 5816 Ξ.
2763 5761 2906 5827 Quid
2942 5763 3068 5817 milii
3101 5775 3174 5820 est
3211 5781 3328 5838 ergo
3357 5779 3467 5818 cum
3493 5752 3689 5814 honuni-
