3908 6312
166 310 265 366 9.13

856 303 1208 363 ".XRIORUM
1252 300 1838 360 EXERCWATIONES
1878 298 1940 352 IN
1983 301 2038 355 S.
2084 299 2447 356 AUGUSTINI
2491 301 2738 356 OPlillA.

3336 303 3438 352 ΞΗ»

174 423 285 482 bus,
327 426 380 468 ut
420 413 639 467 audiant
670 414 1010 483 confessiones
1036 431 1169 467 meas
1196 455 1211 480 ,
1242 411 1370 483 etc.]
1400 412 1616 465 Videtur
1646 411 1758 463 hinc
1789 413 1837 469 Α
1869 421 2022 462 acuto
2049 410 2247 464 homini
2280 413 2331 464 in
2367 421 2592 465 me:.tcm
2639 427 2741 465 non
2771 414 3006 474 venisse,
3042 415 3150 467 fore
3179 425 3229 468 ut
3269 419 3438 468 Dona-

173 504 456 574 scripsisse
482 504 836 572 Augustinus,
867 518 972 556 non
1005 513 1204 556 tantum
1239 513 1356 572 post
1382 501 1631 568 scriptos,
1665 501 1758 554 sed

178 601 338 655 etiam
371 605 485 665 post
515 595 692 649 editos
724 595 931 662 priores
958 595 1120 648 libros
1153 593 1593 654 Confessionum;
1627 605 1762 658 quos

177 688 329 741 avide
353 686 605 739 videntur
636 686 903 739 lectitasse
929 684 962 737 ii
987 685 1176 753 quibus
1199 693 1355 738 notus
1380 694 1490 737 erat
1509 723 1522 746 ,
1554 690 1606 737 et
1631 667 1761 750 quo-

179 791 292 829 rum
353 775 631 830 hominum
686 775 925 828 nonnulli
982 774 1337 842 Augustinum
1370 779 1541 827 semet
1588 771 1761 840 ipsum

179 867 486 922 accuratius
527 866 831 919 describere
846 866 1121 933 optabant.
1147 865 1385 934 Suntqui
1402 864 1756 933 suspicentur,

181 974 301 1010 cum
333 958 499 1012 multa
527 957 855 1025 Augustino,
888 956 958 1010 ob
1000 957 1230 1024 priorem
1263 957 1443 1021 vitam,
1477 955 1543 1008 ab
1571 954 1762 1009 adver-

185 1049 373 1109 sariis,
421 1062 555 1116 quos
604 1062 708 1100 non
742 1060 939 1115 paucos
971 1046 1193 1110 habuit,
1220 1046 1608 1113 objicerentur,
1643 1056 1764 1097 eum

187 1138 564 1192 Coniessiones
582 1137 741 1191 hasce
758 1136 1072 1206 scripsisse;
1091 1138 1242 1205 quasi
1268 1136 1561 1204 apologiam
1583 1148 1764 1202 quam-

187 1229 309 1281 dam
365 1227 719 1295 obliquiorem
755 1266 770 1290 ,
818 1227 875 1281 in
935 1241 1038 1294 qua
1089 1225 1363 1292 fateretur,
1413 1225 1577 1280 veluti
1628 1223 1766 1292 apud

190 1320 356 1372 Deum
382 1359 396 1382 ,
425 1317 566 1387 quod
608 1330 804 1386 negare
835 1331 938 1369 non
970 1325 1207 1386 poterat;
1241 1323 1436 1371 caetera
1468 1331 1595 1369 vero
1625 1329 1766 1384 pra:-

191 1410 516 1461 termitteret
541 1415 633 1460 aut
660 1406 946 1472 emolliret,
981 1415 1034 1459 et
1054 1420 1384 1474 quiscunque
1412 1406 1475 1458 ad
1509 1405 1767 1458 honorem

187 1516 346 1560 suum
395 1499 633 1553 facerent
666 1498 818 1566 quasi
856 1496 1000 1550 aliud
1031 1512 1194 1567 agens
1244 1505 1608 1566 exaggeraret.
1641 1496 1770 1560 Quae

192 1590 550 1658 suspiciones,
581 1588 822 1657 quamvis
852 1587 987 1651 forte
1020 1587 1314 1656 iniquiores
1339 1596 1481 1650 sunt,
1509 1602 1575 1641 ex
1606 1587 1772 1640 inusi-

193 1690 302 1733 tata
334 1691 509 1732 tamen
560 1687 848 1732 nascuntur
891 1679 1100 1733 ratione
1135 1693 1238 1748 qua
1281 1679 1603 1747 Augustinus
1646 1693 1770 1731 cum

1868 501 2023 564 tistat,
2052 503 2344 564 Manicbmi,
2377 503 2565 571 aliique
2592 502 2706 569 ejus
2728 503 2790 555 ad
2804 504 3020 557 VQI‘SlII'li
3053 504 3290 558 dicerent
3319 523 3438 558 eum

1864 607 1968 644 non
1994 593 2274 659 displicere
2304 593 2403 646 sibi
2431 631 2448 656 ,
2476 593 2565 660 qui
2615 593 2794 645 tandiu
2829 608 2931 646 non
2957 603 3064 646 tam
3097 595 3234 660 apud
3271 596 3433 646 Deum

1865 699 2019 750 quam
2049 685 2187 752 apud
2220 685 2461 737 homines
2487 724 2500 745 ,
2533 685 2600 738 de
2632 699 2688 737 se
2717 691 2770 738 et
2797 685 2905 737 suis
2930 684 3203 752 loquatur,
3230 692 3284 738 et
3313 684 3437 736 dum

1866 774 2043 843 gravia
2075 785 2289 842 peccata
2308 815 2323 838 ,
2353 789 2470 843 qua:
2501 775 2679 840 negari
2707 788 2810 828 non
2838 783 3119 842 poterant,
3146 782 3236 828 aut
3265 773 3444 828 minu-

1869 865 2004 916 tiora
2031 864 2312 917 ambitiose
2345 866 2681 932 proloquitur
2706 904 2720 926 ,
2750 865 2933 918 laudes
2962 879 3084 919 suas
3113 866 3314 919 interea
3344 866 3442 918 mi-

1868 955 2011 1007 nime
2038 955 2252 1008 omittit.
2288 954 2445 1008 Miror
2468 955 2623 1007 etiam
2647 969 2768 1009 eum
2798 955 3024 1008 veritum
3051 970 3153 1008 non
3187 970 3328 1015 esse,
3373 969 3442 1010 ne

1869 1045 2028 1099 iidem
2051 1044 2341 1099 adversarii
2366 1045 2451 1099 hic
2480 1045 2846 1100 desiderarent
2872 1046 3233 1101 confessiones
3260 1061 3442 1101 eorum

1869 1152 1988 1206 qua:
2019 1138 2340 1204 baptismum
2369 1138 2484 1205 ejus
2504 1149 2684 1192 secuta
2715 1146 2868 1203 sunt,
2897 1149 2950 1193 et
2971 1154 3089 1208 quze
3117 1139 3167 1192 in
3195 1139 3309 1208 ejus
3340 1139 3445 1192 vita

1871 1226 2156 1280 habentur.
2183 1226 2388 1296 Maligni
2415 1227 2657 1283 homines
2678 1227 2829 1284 facile
2854 1231 3314 1299 dicere’potcrant,
3340 1246 3442 1283 non

1870 1333 1990 1373 esse
2017 1333 2184 1388 usque
2211 1319 2346 1372 adeo
2374 1321 2565 1373 mirum
2606 1337 2726 1373 eum
2765 1322 3081 1377 valedixisse
3127 1323 3229 1376 arti
3267 1323 3445 1376 rheto-

1872 1411 1998 1463 rica:
2015 1454 2027 1474 ,
2059 1410 2196 1465 inter
2218 1425 2410 1476 pueros
2434 1411 2708 1476 docendae,
2733 1412 2945 1481 exiguis
2969 1428 3090 1467 cum
3118 1414 3446 1467 emolumen-

1874 1501 1941 1553 tis
1966 1511 2019 1555 et
2047 1500 2189 1553 tenui
2213 1499 2449 1565 honore;
2485 1510 2541 1554 ut
2565 1517 2704 1570 eam,
2738 1502 2789 1554 in
2816 1502 2982 1555 multo
3012 1503 3270 1571 ampliore
3299 1503 3446 1556 thea-

1873 1599 1958 1654 tro
1982 1632 1997 1656 ,
2025 1600 2079 1647 et
2111 1593 2275 1646 multo
2310 1590 2632 1646 fructuosius
2667 1601 2975 1656 exerceret;
3010 1592 3061 1645 in
3109 1593 3340 1646 Eccle~ia
3369 1593 3448 1644 ni-

1875 1683 2090 1747 mirum,
2117 1693 2455 1737 sacrosnncta
2476 1683 2792 1736 auctoritate
2812 1683 3118 1747 instructus,
3143 1693 3195 1737 et
3217 1684 3266 1735 in
3298 1687 3450 1750 cujus

195 1771 305 1824 Deo
347 1770 514 1839 garrit
561 1777 721 1838 atque
759 1776 1033 1836 argutatur
1061 1807 1074 1832 ,
1110 1768 1485 1836 rhetoricoque
1517 1767 1636 1820 luco
1662 1782 1768 1836 quo
1797 1766 1845 1827 Β
1875 1772 2334 1828 administratione
2356 1773 2656 1843 eloquentia
2677 1788 2770 1826 sua
2797 1787 3013 1837 magnas
3043 1773 3224 1826 laudes
3243 1775 3446 1840 pepuli,

195 1871 349 1938 picta:
375 1878 501 1922 sunt
541 1867 622 1921 ha:
649 1867 1045 1921 Conlessiones.
1082 1864 1213 1918 Dum
1246 1864 1427 1919 tandiu
1452 1865 1519 1919 de
1546 1878 1604 1918 se
1631 1864 1769 1933 apud

195 1937 385 2020 Deu‘n,
415 1957 524 2010 imo
545 1955 684 2026 apud
707 1955 1240 2024 homines,loquitur,
1257 1965 1308 2009 et
1329 1963 1434 2008 tam
1459 1955 1621 2008 multa
1651 1937 1771 2022 per-

192 2051 374 2119 exigui
403 2048 658 2102 momenti
681 2089 694 2110 ,
728 2048 794 2100 ad
827 2048 958 2101 alios
982 2047 1192 2116 quidem
1223 2048 1363 2116 quod
1405 2050 1612 2114 attinet,
1644 2063 1771 2102 nar-

196 2150 314 2204 rat,
349 2154 509 2195 nemo
537 2149 619 2192 est
665 2140 751 2207 qui
786 2153 888 2191 non
917 2146 1158 2206 quaerat,
1192 2136 1325 2205 Cui,
1358 2138 1530 2190 bono?
1572 2146 1623 2192 et
1648 2146 1773 2192 sunt

197 2234 346 2287 multi
377 2232 659 2302 proniores
690 2231 754 2284 ad
801 2232 936 2285 male
963 2230 1308 2299 judicandum
1333 2270 1348 2296 ,
1393 2230 1481 2297 qui
1512 2231 1773 2303 φιλαυτίαν

194 2329 497 2392 ingentem,
522 2323 792 2393 religionis
823 2323 998 2391 specie
1030 2332 1243 2385 tectam,
1269 2323 1354 2378 hic
1385 2323 1568 2378 videre
1593 2339 1650 2378 se
1677 2339 1774 2391 pu-

195 2424 331 2470 tant.
364 2415 469 2470 Sed
499 2422 714 2483 prmstat
739 2414 898 2466 nimis
927 2413 1262 2484 indulgentes
1293 2429 1390 2468 nos
1419 2429 1537 2468 esse
1564 2455 1578 2478 ,
1610 2428 1770 2482 quam

197 2508 358 2561 nimis
386 2519 630 2567 severos;
674 2503 717 2557 si
747 2501 905 2556 modo
938 2504 1340 2558 meminerimus
1367 2505 1417 2557 in
1447 2504 1733 2572 Evangelia
1755 2546 1770 2570 ,

195 2597 419 2662 ejusque
448 2603 664 2647 auctore
699 2591 950 2657 Christo,
1003 2593 1340 2662 quaerendam
1392 2608 1513 2647 esse
1561 2594 1773 2648 vivendi

194 2701 476 2751 normam,
507 2701 611 2739 non
637 2685 687 2738 in
719 2684 1053 2750 hominibus;
1078 2685 1166 2753 qui
1197 2693 1250 2739 et
1277 2683 1375 2753 ipsi
1407 2685 1473 2737 ad
1502 2700 1620 2738 eam
1652 2693 1776 2738 sunt

193 2776 468 2844 exigenti,
502 2789 600 2828 nec
625 2773 917 2827 imitatione
937 2789 1166 2842 unquam
1188 2773 1494 2842 effingendi,
1521 2774 1620 2827 nisi
1648 2787 1778 2842 qua-

193 2881 357 2920 tenus
378 2876 433 2921 et
465 2868 560 2935 ipsi
592 2875 712 2919 sunt
736 2865 930 2920 Christi
965 2867 1286 2921 imitatores.

270 2956 402 3023 Cap.
441 2955 524 3017 11,
558 2954 583 3023 §
611 2954 696 3008 18.
723 2953 960 3024 Cogenda
982 2971 1159 3008 rursus
1184 2965 1238 3007 ut
1256 2957 1374 3008 sciri
1397 2957 1607 3024 possint,
1631 2957 1682 3009 id
1707 2967 1778 3010 est

194 3049 340 3100 velut
369 3063 429 3099 ea:
465 3050 686 3113 quadam
719 3048 1030 3116 dispersione
1071 3047 1354 3118 colligenda
1379 3089 1394 3113 ,
1424 3049 1557 3101 unde
1586 3050 1778 3102 dictum

1867 1877 2066 1932 magna
2088 1877 2116 1916 a
2147 1863 2396 1918 divitibus
2424 1878 2645 1916 munera
2670 1863 2868 1917 referre
2890 1861 3042 1915 facile
3065 1870 3289 1929 poterat,
3319 1861 3445 1913 dum

1879 1963 2244 2021 paupertatem
2274 1970 2382 2023 prae
2411 1969 2470 2009 se
2499 1955 2678 2008 ferret.
2705 1954 3208 2007 Commodissimum
3242 1953 3406 2007 fuisse
3429 1992 3443 2015 ,

1877 2044 1991 2097 sine
2041 2060 2229 2114 magno
2252 2045 2433 2100 labore
2459 2045 2658 2098 homini
2687 2045 2986 2114 eloquenti,
3019 2054 3174 2114 prout
3207 2048 3448 2114 tempora

1869 2133 2138 2197 ferebant,
2175 2136 2274 2203 p'is
2317 2135 2718 2190 liberalitatibus
2747 2135 2968 2188 aliorum
2993 2135 3299 2190 sustentari.
3332 2134 3446 2187 Non

1873 2225 2122 2293 exiguam
2169 2226 2331 2280 fuisse
2369 2228 2690 2296 voluptatein
2719 2241 2824 2281 non
2853 2231 2996 2280 omni
3028 2228 3320 2296 imperandi
3351 2242 3448 2280 cu-

1877 2315 2096 2384 piditate
2122 2327 2316 2384 exuto,
2343 2317 2550 2386 plebem
2571 2317 2731 2372 veluti
2761 2317 2978 2372 nomine
2999 2318 3092 2372 Dei
3121 2333 3326 2386 rogere,
3359 2319 3451 2371 ad-

1879 2416 2153 2460 versantes
2185 2407 2560 2461 Ecclesiastica
2591 2400 2850 2462 societate
2895 2407 3120 2476 ejicere,
3158 2407 3414 2461 damnare
3435 2449 3450 2472 ,

1879 2497 2229 2562 proscribere.
2269 2498 2465 2552 Ducem
2502 2499 2725 2566 partium
2769 2503 2928 2567 agi-re
2974 2507 3198 2568 propter
3241 2498 3452 2553 dicendi

1880 2587 2179 2641 facultatem
2198 2629 2211 2651 ,
2242 2598 2298 2642 et
2329 2588 2483 2657 longe
2519 2591 2657 2643 inter
2687 2603 2840 2656 pares
2864 2589 3119 2642 eminere.
3149 2589 3335 2643 Fuisse
3359 2604 3452 2642 cur

1880 2689 1908 2727 a
1940 2675 2050 2728 Deo
2082 2678 2287 2729 veniam
2324 2687 2565 2744 peteret,
2599 2678 2738 2744 quod
2803 2678 3052 2745 loquendi
3093 2677 3352 2731 duntaxat
3381 2679 3454 2730 fa-

1880 2767 2080 2821 cilitate
2110 2770 2395 2820 instruetus
2414 2807 2429 2832 ,
2461 2769 2798 2820 tumultuaria
2830 2767 3057 2821 lectione
3083 2767 3371 2836 Scriptura:
3400 2769 3452 2820 in

1883 2860 2114 2929 linguam
2143 2859 2380 2913 Latinam
2410 2873 2684 2914 conversae
2709 2900 2724 2926 ,
2773 2860 2888 2913 sine
2923 2859 3026 2912 ulla
3063 2859 3339 2914 Hebraicaa-
3364 2872 3454 2913 aut

1882 2950 2082 3005 Graecae
2133 2950 2326 3019 linguae
2378 2950 2699 3019 cognitione,
2752 2948 3032 3018 presbyter
3071 2957 3125 3003 et
3172 2951 3456 3018 episc0pus

1882 3050 2065 3095 contra
2081 3054 2310 3094 canones
2333 3041 2572 3094 Nictenos
2593 3039 2783 3104 factus,
2814 3040 3149 3108 interpretari
3174 3054 3455 3107 aggressus

196 3148 273 3192 est
319 3137 594 3206 cogitare}
618 3138 753 3207 Cogo
777 3147 859 3192 est
889 3139 1038 3206 quasi
1081 3154 1237 3207 coago
1263 3181 1277 3205 ,
1307 3148 1364 3192 ut
1390 3139 1624 3193 ostendit
1650 3140 1773 3194 Ger.
1806 3126 1851 3189 (Ξ
1883 3141 1964 3185 est
1990 3132 2131 3200 quod
2157 3146 2263 3185 non
2289 3131 2618 3200 intelligebat
2642 3171 2658 3196 ,
2689 3141 2739 3185 et
2771 3140 2847 3184 tot
2877 3131 3148 3185 volumina
3176 3131 3241 3184 de
3276 3130 3455 3198 Scrip-

195 3231 438 3283 Joanues
457 3229 672 3284 Vossius
705 3230 756 3284 in
777 3230 1162 3300 Etymologico,
1184 3238 1237 3285 et
1258 3232 1495 3302 cogitatio
1524 3240 1604 3286 est
1629 3233 1779 3301 quasi

193 3321 498 3388 coagitatio.
532 3321 752 3375 Festus:
789 3321 1039 3392 Cagitatio
1067 3324 1200 3376 dicta
1244 3323 1375 3378 uelut
1401 3325 1702 3395 coagitatio,
1726 3326 1780 3378 id

193 3423 314 3476 est,
351 3411 498 3480 longo
529 3414 750 3479 ejusdem
790 3415 862 3467 rei
893 3415 1098 3482 agitatio
1123 3415 1175 3467 in
1205 3416 1380 3468 eadem
1419 3432 1562 3468 mora
1585 3417 1782 3470 consilii

193 3501 517 3565 rxpticundi.
561 3501 691 3556 Vide
721 3513 772 3556 et
817 3503 1107 3558 Varronem
1139 3504 1204 3558 de
1237 3505 1294 3558 L.
1330 3506 1391 3558 L.
1429 3505 1519 3560 lib.
1549 3522 1599 3558 v.
1649 3505 1780 3560 Cum

193 3591 504 3658 Augustino
551 3592 851 3646 addendum
883 3610 986 3647 non
1018 3603 1218 3648 tantum
1260 3610 1380 3649 esse
1416 3596 1777 3665 agitationem,

194 3681 299 3734 Sed
355 3681 511 3733 simul
545 3681 774 3749 plurium
801 3699 979 3737 rerum
1024 3684 1357 3738 collationem
1380 3725 1393 3748 ,
1433 3701 1550 3754 qua:
1580 3694 1664 3740 est
1704 3685 1783 3739 vis

195 3772 597 3840 prmpositioois
627 3789 760 3833 cum,
793 3790 853 3826 ex
881 3788 986 3842 quo
1014 3776 1394 3842 inseparabiles
1425 3792 1519 3827 con
1545 3786 1596 3829 et
1627 3792 1706 3828 co.

276 3861 411 3928 Cap.
442 3863 530 3928 51,
563 3862 589 3930 §
617 3864 704 3915 47.
741 3862 973 3916 Ebrietas
995 3863 1144 3934 longe
1171 3874 1242 3918 est
1269 3881 1300 3917 a
1321 3881 1418 3930 me,
1451 3866 1663 3934 crapula
1692 3882 1785 3918 au-

195 3963 308 4004 tem
342 3968 697 4016 nonnunquam
727 3953 952 4020 subrepit
980 3969 1120 4007 servo
1144 3953 1275 4024 tuo.]
1298 3955 1412 4008 Non
1441 3956 1784 4024 eratquidem

201 4041 298 4093 ebi
319 4038 480 4103 iosos,
515 4040 583 4094 ita
615 4052 669 4094 ut
701 4043 822 4095 vino
850 4051 992 4096 esset
1011 4043 1243 4107 deditus,
1274 4045 1366 4098 sed
1395 4045 1678 4110 aliquando
1711 4053 1782 4097 ta.

197 4145 336 4183 men
367 4131 494 4184 satis
535 4131 644 4194 vini
675 4131 929 4196 bibebat,
963 4142 1018 4186 ut
1041 4141 1254 4201 crapula
1285 4135 1333 4186 ei
1366 4143 1509 4188 esset
1540 4135 1784 4187 molesta.

195 4219 344 4274 Nam
373 4219 583 4287 crapula
615 4221 754 4275 idem
791 4230 874 4275 est
900 4221 1087 4277 Latine
1116 4224 1256 4293 quod
1286 4223 1472 4279 Grzece
1501 4225 1784 4299 κραιπάληῖ,

197 4317 314 4363 hoc
351 4322 429 4364 est
468 4311 626 4365 dolor
665 4313 852 4380 capitis
882 4314 970 4382 qui
1010 4329 1073 4368 ex
1119 4316 1362 4368 hesterna
1390 4316 1782 4383 computatione

195 4410 475 4470 superest.
506 4402 738 4455 Thomas
769 4403 1016 4473 Magister
1042 4422 1054 4458 ζ
1086 4407 1339 4480 κραιπάλη
1369 4409 1398 4463 ἡ
1441 4408 1494 4458 ἐκ
1535 4417 1623 4465 τῆς
1656 4409 1782 4476 χθὲς·

1885 3235 2000 3279 tura
2030 3226 2262 3279 scribere
2285 3265 2298 3289 ,
2332 3233 2615 3293 antequam
2642 3224 2938 3278 necessaria
2971 3223 3216 3292 praesidia
3243 3223 3307 3277 ad
3341 3238 3456 3276 eam

1884 3316 2283 3385 intelligendam
2315 3316 2414 3369 sibi
2458 3323 2841 3382 comparasset.
2874 3315 3005 3368 Nam
3038 3330 3156 3383 quze
3187 3315 3290 3368 diri
3336 3329 3458 3382 pos-

1887 3416 2040 3471 sunt,
2072 3421 2192 3458 cum
2223 3406 2443 3458 invitum
2490 3405 2682 3459 factum
2712 3418 2829 3458 esse
2861 3405 3224 3473 presbyterum
3256 3413 3309 3457 et
3348 3405 3458 3471 epio

1885 3513 2128 3566 scopum,
2151 3511 2408 3550 canonem
2439 3497 2710 3549 Nicmnum
2740 3510 2842 3562 quo
2871 3495 3148 3548 vetabatur
3174 3495 3458 3560 episcopus

1887 3591 1986 3643 sibi
2021 3589 2142 3641 vivo
2167 3600 2530 3640 successorem
2557 3584 2822 3649 sufﬁcere,
2855 3587 3087 3654 ignotum
3115 3585 3300 3644 fuisse,
3335 3597 3458 3648 pau-

1890 3695 2066 3747 perem
2090 3679 2249 3732 vitam
2276 3679 2481 3747 egisse,
2507 3686 2640 3742 etc.,
2674 3692 2734 3731 ea
2778 3677 2988 3744 maligni
3015 3675 3257 3727 homines
3287 3675 3453 3726 dixis-

1887 3779 2004 3823 sent
2031 3770 2219 3838 partim
2248 3768 2635 3822 simulationcm
2667 3782 2819 3832 esse,
2854 3766 3042 3835 partim
3078 3765 3204 3818 satis
3234 3777 3351 3818 esse
3381 3763 3456 3814 di-

1890 3864 2068 3926 vitem,
2100 3861 2187 3928 qui
2221 3861 2439 3914 haberet
2462 3858 2602 3928 quod
2631 3859 2747 3912 aliis
2779 3858 3093 3928 largiretur,
3114 3865 3168 3910 et
3197 3857 3318 3909 inde
3343 3867 3455 3908 lau~

1893 3964 2003 4008 tum
2027 3953 2126 4007 sibi
2155 3962 2408 4017 sumeret,
2433 3960 2687 4021 quantum
2717 3951 2911 4016 vellet;
2957 3964 3019 4005 ac
3045 3950 3272 4018 denique
3306 3958 3461 4004 notas

1889 4045 2086 4100 dudum
2109 4060 2200 4100 eas
2229 4059 2348 4100 esse
2369 4053 2532 4110 artes,
2550 4059 2665 4114 qua:
2688 4043 2754 4097 ad
2781 4058 2937 4112 quam
2961 4043 3248 4111 potentiam
3273 4056 3461 4095 evexe-

1892 4136 1998 4189 rint
2029 4137 2268 4189 homines
2292 4134 2517 4188 humiles
2539 4134 2744 4187 scilicet
2771 4140 2825 4187 et
2853 4132 3036 4186 mundi
3066 4141 3463 4202 contemptores

1886 4229 1994 4295 jam
2026 4227 2288 4280 videmus.
2320 4226 2400 4280 Ad
2434 4241 2521 4278 me
2558 4225 2770 4293 quidem
2807 4224 2947 4292 quod
2975 4226 3201 4288 attinet,
3252 4236 3306 4277 ut
3355 4240 3462 4278 non

1891 4332 2006 4370 sum
2039 4316 2288 4369 credulus
2319 4315 2577 4382 ejusmodi
2601 4315 3059 4370 criminationibus
3092 4315 3208 4368 :sic
3233 4328 3338 4366 non
3361 4314 3462 4367 dif-

1895 4409 2047 4462 liteor
2089 4423 2173 4462 me
2201 4408 2538 4462 defensiones
2563 4407 2874 4477 Augustini,
2907 4407 3053 4461 hisce
3081 4407 3148 4459 de
3178 4405 3362 4460 rebus,
3396 4405 3460 4454 Ii-

196 4493 470 4564 γξνομένης
505 4495 791 4554 οἰνοποσίας
818 4497 1060 4569 κὰρωσις,
1094 4498 1216 4566 μέθη
1247 4495 1300 4549 δέ
1343 4505 1369 4555 ἡ
1403 4497 1483 4548 ἐπὶ
1509 4505 1600 4555 τῆς
1622 4498 1774 4556 αὐτῆς

1891 4502 2078 4554 benter
2106 4500 2363 4552 lecturum
2400 4499 2583 4553 fuisse.

196 4586 425 4655 ἡμέρας.
457 4583 618 4638 Dolor
641 4587 822 4654 capitis
844 4601 906 4639 ex
933 4588 1305 4656 comparatione
1334 4589 1440 4640 heri
1477 4589 1629 4656 facta,
1659 4590 1782 4658 μέθη

196 4680 250 4745 ej
260 4691 323 4726 us
358 4676 516 4742 ipsius
546 4677 670 4730 dici.

277 4765 412 4832 Cap.
436 4769 506 4822 55
530 4807 544 4833 ,
578 4767 606 4838 §
650 4765 736 4821 57.
770 4768 1048 4822 Curiositas
1075 4771 1300 4839 quotidie
1327 4781 1500 4826 nostra
1533 4782 1784 4838 tentatur,

195 4857 340 4928 eun]
373 4858 537 4912 Nemo
564 4870 644 4912 est
675 4859 764 4928 qui
795 4861 909 4913 hcce
927 4874 1140 4929 peccata
1166 4861 1356 4916 habeat
1378 4903 1393 4926 ,
1426 4865 1471 4916 si
1500 4865 1658 4918 modo
1681 4882 1785 4919 caa-

176 4948 342 5022 jteris
374 4950 565 5003 olliciis
608 4951 722 5004 suis
752 4966 856 5004 non
887 4951 1042 5007 desit.
1075 4954 1279 5019 Corpus
1312 4954 1453 5006 enim
1492 4964 1544 5007 et
1577 4957 1786 5014 animus

199 5043 540 5096 .‘t-laxatione
586 5043 810 5111 quadam
861 5044 1128 5113 indigi-nt;
1180 5060 1353 5114 neque
1396 5059 1607 5115 semper
1649 5050 1787 5104 seria

192 5134 413 5200 agitare
438 5146 500 5184 ac
527 5132 771 5185 meditari
800 5134 1009 5188 animus
1043 5144 1215 5202 potest
1240 5175 1254 5198 ,
1279 5147 1372 5187 aut
1399 5149 1596 5203 corpus
1621 5136 1787 5189 labori

194 5223 539 5276 incumbere.
573 5223 632 5278 Si
658 5224 778 5292 quis
817 5223 974 5278 hodie
1006 5226 1126 5278 talia
1155 5226 1297 5281 inter
1317 5227 1509 5280 delicta
1541 5241 1789 5279 numera-

196 5327 313 5377 rei,
343 5315 654 5369 crederetur
678 5357 692 5381 ,
734 5316 858 5369 dum
892 5317 1241 5371 humilitatem
1293 5333 1401 5386 pra:
1431 5332 1488 5370 se
1522 5317 1621 5370 fert
1650 5357 1663 5380 ,
1698 5333 1786 5369 su-

199 5408 388 5472 perbe.
423 5420 482 5458 se
525 5421 711 5475 gerere
755 5422 818 5460 ac
862 5407 1196 5461 dissimulare
1241 5409 1460 5476 majora.
1514 5408 1788 5460 Dceretur

199 5511 425 5549 muscas
463 5499 732 5564 percolare
767 5507 820 5553 et
865 5498 1126 5567 deglutire
1156 5503 1404 5553 camelos.
1434 5502 1581 5565 Quod
1613 5512 1784 5554 tamen

202 5589 278 5642 dc
310 5589 608 5656 Augustino
634 5591 888 5659 suspicari
923 5590 1069 5644 nefas
1099 5590 1341 5644 habetur.

282 5681 414 5750 Cap.
449 5683 517 5736 58
545 5725 558 5748 ,
586 5683 612 5753 §
648 5685 734 5738 6-5.
763 5685 861 5748 Qui
898 5685 1096 5751 placent
1127 5686 1217 5738 sibi
1250 5686 1309 5737 dc
1341 5703 1425 5746 se,
1465 5682 1592 5751 etc.]
1625 5684 1782 5736 Miror

1961 4591 2092 4658 Cap.
2120 4590 2189 4644 42
2214 4632 2228 4654 ,
2273 4589 2299 4660 §
2330 4588 2418 4642 67.
2453 4589 2785 4641 Ambiendum
2817 4588 2939 4640 mihi
2977 4586 3072 4656 fuit
3102 4584 3168 4635 ad
3208 4583 3461 4650 angelos?

1895 4685 2008 4748 Qua
2029 4684 2214 4754 prece?
2241 4683 2434 4749 Quibus
2460 4683 2823 4736 sacramentis?
2858 4679 3004 4732 multi
3032 4684 3269 4728 conantes
3304 4675 3372 4726 ad
3415 4683 3460 4726 te

1889 4776 2074 4839 redire,
2102 4791 2259 4845 neque
2300 4789 2386 4844 per
2409 4791 2460 4827 se
2489 4774 2622 4842 ipsos
2653 4772 2870 4824 valentes
2889 4808 2904 4832 ,
2936 4767 3066 4819 sicut
3094 4765 3269 4831 audio,
3305 4775 3465 4819 tenta—

1891 4875 2068 4918 uerunt
2099 4867 2226 4926 Ita’c,
2251 4863 2382 4933 etc.]
2411 4864 2629 4917 Videtur
2650 4860 2864 4912 omnino
2897 4856 3163 4923 respicere
3185 4856 3250 4909 ad
3281 4855 3463 4910 theur-

1891 4961 2004 5029 gica
2046 4959 2435 5011 Platonicorum
2485 4966 2634 5006 sacra
2663 4991 2677 5014 ,
2720 4949 2909 5017 quibus
2947 4962 3008 5003 se
3051 4950 3267 5018 angelos
3293 4957 3347 5002 et
3374 4962 3464 5001 ar-

1894 5047 2182 5115 changelos
2209 5045 2404 5098 elicere
2430 5083 2443 5105 ,
2490 5041 2702 5108 Deoque
2725 5039 3042 5109 singularem
3075 5041 3126 5094 in
3162 5039 3379 5094 modum
3408 5053 3468 5092 se

1894 5135 2144 5206 conjungi
2179 5133 2449 5202 ptttabanl.
2483 5130 2596 5196 Qua
2621 5131 2686 5184 de
2721 5146 2779 5185 re
2811 5131 2989 5186 multis
3011 5132 3222 5200 scripsit
3249 5130 3467 5185 Jambli-

1895 5232 2026 5283 chus
2065 5227 2115 5280 in
2162 5227 2296 5279 libro
2339 5223 2407 5278 de
2445 5222 2710 5293 Mysteriis
2736 5221 3136 5292 Egyptioruni,
3172 5219 3465 5288 praesertim

1895 5320 2130 5374 sectione
2152 5332 2181 5367 v
2204 5326 2254 5369 et
2281 5330 2334 5367 κ.
2360 5313 2485 5383 Ejus
2507 5314 2604 5367 aevi
2632 5313 2909 5378 Platonici,
2926 5313 3116 5365 mirum
3143 5312 3191 5362 in
3225 5307 3465 5372 modum,

1891 5409 2272 5480 superstitiosis
2293 5407 2342 5462 id
2363 5421 2530 5476 genus
2545 5407 2710 5459 sacris
2735 5412 2889 5459 erant
2912 5403 3093 5457 dediti.
3135 5398 3264 5451 Vide
3296 5395 3468 5450 Vitam

1893 5502 2099 5560 Procli,
2134 5515 2160 5552 a
2197 5500 2398 5552 Marino
2419 5499 2689 5565 scriptam,
2716 5509 2872 5564 quam
2903 5494 3052 5545 .Ioan.
3090 5490 3338 5543 Albertus
3375 5490 3470 5543 Fa-

1893 5595 2125 5656 bricius,
2160 5594 2237 5644 vir
2265 5591 2519 5655 eruditus,
2552 5589 2806 5655 integram
2831 5583 2992 5637 edidit
3023 5579 3307 5655 llamburgi
3334 5595 3491 5637 anno.

1903 5684 2051 5739 1700.
