3908 6334
494 321 593 376 Elii

1370 315 1924 372 SUPPLEMENTUM
1968 313 2056 367 AD
2097 311 2319 366 OPERA
2360 315 2417 368 S.
2460 314 2849 370 AUCUSTINI.
3639 321 3728 376 2l6

563 433 725 485 Ltuno
756 446 825 484 si.
858 430 981 497 Cap.
1014 429 1047 481 2
1075 472 1087 493 ,
1123 429 1148 495 §
1183 430 1236 483 3.
1267 428 1309 479 0
1347 427 1560 481 (tantine
1588 429 1772 495 perﬁce
1798 444 1876 481 me
1905 437 1950 480 et
1981 442 2069 480 re-
2098 426 2144 482 Α
2176 436 2292 477 rum
2335 425 2451 478 haec
2488 427 2518 478 iv
2545 426 2826 494 telligenila
2860 434 3059 481 tantum
3091 428 3156 482 de
3183 417 3501 484 tiecrssaiiis
3527 430 3585 481 ad
3608 434 3726 485 salu-

496 521 603 573 reln
649 522 770 573 milii
811 522 941 589 £03.]
983 520 1248 587 lleligiosa
1276 519 1514 587 profecto
1543 527 1597 572 et
1623 518 1783 588 digna
1820 518 2075 586 episcopo

498 614 691 676 uraiin,
718 612 811 665 sed
844 626 963 663 cum
991 626 1092 677 qua
1121 610 1372 678 conjungi
1396 610 1691 663 debuerant
1720 610 1950 663 studium
1976 610 2079 662 lin-

497 720 717 773 guarum
748 704 937 772 quilms
963 704 1264 770 coriscripta
1308 713 1422 755 erat
1460 703 1755 770 Scriptura,
1782 710 1832 753 et
1863 713 2077 766 compa-

500 796 636 849 ratio
673 796 909 847 omnium
940 794 1163 847 aliorum
1196 793 1568 859 prmsidiorum
1594 810 1607 855 ;
1638 793 1830 861 quibus
1859 792 2076 843 demum

501 885 774 949 adhibitis,
796 886 1067 953 Scriptura
1095 885 1316 953 intelligi
1342 883 1623 951 potest,ita
1652 896 1706 934 ut
1733 882 2071 949 intelligenda

500 984 583 1028 est
614 976 680 1027 ab
702 990 766 1027 eo
791 975 879 1041 qui
901 991 1018 1028 eain
1038 986 1133 1043 pro
1163 974 1436 1035 concione,
1466 984 1622 1041 atque
1652 974 1809 1027 editis
1837 974 2069 1039 scriptis.

504 1065 948 1133 interpretaturus
989 1074 1087 1119 est.
1127 1065 1393 1119 Auxilium
1421 1064 1563 1117 enim
1603 1064 1693 1116 Dei
1727 1078 1793 1117 eo
1816 1077 1919 1116 non
1953 1079 2077 1129 per-

504 1156 662 1219 tinet,
694 1165 751 1209 ut
774 1158 886 1210 sine
918 1156 1226 1210 facultatum
1259 1165 1556 1208 nostrarum
1602 1170 1699 1208 usu
1742 1169 1836 1207 nos
1868 1156 2081 1208 interno

504 1246 683 1301 afﬂatu
713 1251 902 1302 doceat
935 1262 1055 1315 qua:
1083 1248 1221 1299 scire
1248 1247 1524 1313 cupimus;
1556 1245 1648 1299 sed
1675 1253 1731 1298 ut
1753 1248 1893 1298 vires
1914 1246 2078 1298 animi

505 1346 560 1391 et
584 1342 822 1406 corporis
852 1339 1002 1392 nobis
1032 1339 1257 1391 sulticiat
1288 1378 1302 1400 ,
1331 1338 1523 1405 quibus
1566 1347 1781 1392 utamur
1803 1381 1816 1402 ,
1844 1350 1898 1393 et
1940 1342 1989 1392 in
2016 1342 2080 1394 iis

502 1445 621 1498 qua:
661 1430 886 1481 humana
931 1430 1189 1482 industria
1224 1430 1401 1497 perfici
1435 1439 1721 1496 nequeunt,
1755 1433 1798 1484 si
1830 1432 1898 1485 ita
1924 1432 1970 1484 ei
1998 1433 2078 1485 ri-

504 1520 693 1573 deatur
716 1558 729 1579 ,
760 1519 1050 1571 auxiliator
1090 1520 1246 1572 adsit.
1280 1518 1338 1573 Si
1387 1522 1503 1572 haec
1541 1521 1808 1575 intellecta
1841 1523 1892 1573 in
1924 1537 2076 1575 usum

506 1620 807 1663 revocasset
835 1609 1158 1677 Augustinus
1180 1652 1193 1675 ,
1235 1610 1514 1663 exauditus
1538 1612 1653 1665 sine
1678 1612 1841 1665 dubio
1869 1610 2075 1666 fuisset.

504 1700 653 1755 Nunc
684 1715 811 1754 vero
840 1716 959 1754 eum
989 1715 1051 1755 ea
1076 1703 1388 1770 neglexerit,
1422 1702 1510 1755 illa
1538 1702 1793 1757 duntaxat
1820 1703 1870 1757 in
1899 1703 2079 1772 Scrip-

2182 522 2321 576 tem,
2359 516 2665 571 conditione
2689 520 2847 571 etiam
2883 518 2979 570 hac
3024 519 3227 585 posita,
3261 527 3317 572 ut
3341 520 3429 587 qui
3464 534 3523 573 ea
3560 520 3726 576 intellio

2179 618 2305 680 gere
2334 606 2499 674 cupit,
2533 621 2642 659 non
2670 614 2873 660 tantum
2899 608 3145 676 precibus
3177 610 3241 660 ad
3264 608 3433 663 Deum
3463 610 3724 678 confugiat,

2179 696 2273 749 sed
2292 697 2449 749 etiam
2475 697 2652 751 omnia
2682 696 2972 767 faciatqua:
2997 701 3131 752 ratio
3143 700 3335 754 suadet
3354 714 3471 754 esse
3492 701 3726 766 facienda,

2180 796 2239 839 ut
2263 796 2623 858 consequatur
2664 791 2805 858 quod
2850 792 2985 844 vult.
3030 792 3084 846 Si
3126 792 3249 860 quis
3275 808 3302 843 a
3337 792 3443 846 Deo
3470 803 3654 861 peteret
3684 808 3731 850 ut

2180 879 2446 943 acciperet
2468 879 2536 932 ab
2561 894 2625 934 eo
2644 882 2886 948 peritiam
2913 883 3210 950 linguarum
3237 881 3441 936 Grmcaa
3462 893 3512 937 et
3533 885 3725 948 Latium,

2180 982 2248 1021 an
2295 978 2573 1036 propterea
2604 972 2916 1039 impetraret
2945 1013 2957 1033 ,
2986 974 3027 1025 si
3063 974 3269 1027 interea
3303 973 3436 1027 nihil
3468 973 3648 1029 faceret
3677 980 3730 1029 :ul

2180 1072 2298 1112 eam
2326 1060 2427 1113 sibi
2458 1064 2911 1129 comparandam?
2937 1063 3076 1117 Sane
3113 1079 3291 1132 neque
3325 1064 3413 1117 illa
3443 1066 3619 1132 peritia
3658 1086 3731 1117 ιιιι-

2180 1149 2409 1201 cessaria
2433 1159 2517 1204 est
2545 1151 2608 1204 ad
2631 1152 2875 1217 salutem,
2898 1167 3069 1221 neque
3082 1152 3201 1206 sine
3221 1152 3604 1221 laboreacquiri
3619 1170 3732 1207 nunc

2183 1247 2376 1305 potest.
2422 1239 2565 1294 ldetn
2608 1242 2676 1295 de
2714 1242 2832 1295 aliis
2869 1243 3111 1312 ejusdem
3149 1244 3369 1311 generis
3409 1243 3618 1296 dixeris.
3648 1244 3734 1297 Nec

2182 1326 2297 1381 sine
2325 1329 2563 1396 periculo
2606 1340 2751 1385 esset
2777 1332 2961 1398 Opinio
2999 1332 3115 1399 ejus
3142 1332 3235 1401 qui
3266 1332 3591 1384 existimaret
3619 1346 3669 1385 se
3694 1334 3732 1383 id

2182 1419 2322 1485 quod
2346 1421 2542 1489 cogitat
2565 1420 2633 1475 de
2662 1438 2719 1476 re
2736 1423 2980 1491 quapiam
3006 1422 3266 1475 divinitus
3290 1421 3561 1486 accepisse
3585 1465 3598 1487 ,
3631 1423 3732 1490 quia

2186 1509 2350 1563 Deum
2375 1512 2520 1579 prius
2547 1525 2773 1576 orasset,
2798 1523 2857 1567 ut
2880 1514 2977 1567 sibi
3013 1515 3259 1568 veritatis
3284 1514 3630 1582 cognitionem
3654 1517 3735 1566 im-

2184 1601 2491 1669 pertiretur.
2543 1603 2721 1659 Merus
2762 1606 2863 1660 hoc
2899 1606 3110 1660 tandem
3160 1607 3560 1660 enthusiasmus
3597 1615 3735 1668 esset,

2182 1692 2333 1761 cujus
2371 1709 2477 1762 ope
2516 1695 2722 1750 somnia
2768 1699 2970 1765 qumvis
2995 1698 3193 1751 divina:
3229 1698 3576 1763 revelat’oni,
3602 1700 3735 1751 etiam

506 1802 621 1846 tura
654 1793 1073 1861 intellexit,qu:e
1096 1795 1265 1863 potuit
1300 1795 1459 1849 homo
1483 1795 1777 1865 linguarum
1804 1808 1853 1850 et
1878 1798 2077 1852 critica:

2184 1794 2512 1854 repugnante
2559 1796 2705 1842 recta
2738 1788 2972 1855 ratione,
3006 1800 3373 1859 aequarentur.
3410 1789 3540 1844 Vide
3571 1789 3631 1842 ad
3663 1791 3736 1843 lib.

508 1883 784 1951 imperitus
799 1883 1093 1946 intelligere
1111 1901 1125 1948 ;
1141 1886 1192 1938 in
1214 1887 1423 1939 caeteris
1439 1889 1730 1961 ἀκροϐατεῖ,
1755 1899 1806 1941 et
1822 1888 2083 1943 Platonis-

507 1988 651 2026 muin
681 1973 835 2027 nobis
860 1989 957 2043 pro
988 1975 1231 2028 doctrina
1267 1978 1629 2043 apostolorum
1682 1980 1959 2045 propinat,
1993 1989 2083 2033 aut

508 2062 738 2131 argutias
771 2064 956 2119 inanes
974 2078 1160 2133 magna
1193 2065 1473 2117 verba-rum
1501 2079 1687 2133 pompa
1720 2067 1869 2120 nobis
1900 2066 2083 2121 obtru-

506 2152 602 2206 dit.
648 2154 861 2221 Loquor
910 2154 1162 2208 nimirutn
1204 2155 1272 2208 de
1321 2154 1384 2209 iis
1412 2170 1529 2224 qum
1575 2158 1622 2210 ei
1666 2169 1785 2209 cum
1835 2158 2083 2212 omnibus

506 2245 798 2314 Scriptura:
852 2246 1231 2315 interpretibus
1261 2262 1366 2301 non
1415 2258 1539 2302 sunt
1583 2249 1929 2313 communia;
1969 2249 2083 2305 hac

504 2337 648 2391 enim
693 2338 854 2392 etiam
904 2338 1317 2393 catechumenus
1362 2341 1566 2408 accepit
1614 2341 1680 2394 ab
1710 2341 1773 2394 iis
1808 2355 1837 2393 a
1889 2341 2083 2408 quibus

507 2427 729 2482 edoctus
767 2439 868 2494 est,
917 2444 1022 2484 non
1067 2430 1413 2485 meditatione
1449 2433 1660 2485 retexit.
1712 2432 1842 2497 Qua:
1884 2448 1987 2486 non
2016 2447 2083 2487 eo

506 2519 650 2587 dico,
675 2521 816 2590 quod
844 2522 1203 2589 eloquentiam
1234 2533 1288 2577 et
1316 2537 1562 2589 acumen,
1593 2523 1644 2577 in
1670 2525 1830 2578 rebus
1858 2539 2082 2592 pra‘ser-

508 2609 602 2662 tim
625 2610 1023 2680 metaphysicis,
1042 2611 1339 2680 Augustino
1358 2612 1662 2676 detraham,
1686 2621 1779 2666 aut
1797 2612 1940 2680 quod
1970 2628 2084 2667 me-

506 2701 636 2753 ritas
661 2699 845 2755 Iaudes
883 2701 1061 2756 minus
1100 2702 1327 2758 libenter
1355 2704 1621 2767 tribuam;
1650 2703 1745 2757 sed
1777 2704 1898 2771 quia
1925 2704 2082 2759 video

503 2791 702 2846 multos
725 2793 841 2862 ejus
867 2796 1184 2850 auctoritate
1204 2795 1372 2865 abuti,
1397 2790 1453 2849 et
1473 2811 1564 2849 eos
1590 2809 1697 2864 pra:
1720 2796 1813 2850 illo
1842 2804 2081 2850 contem-

507 2901 659 2953 nere,
689 2888 883 2956 quibus
913 2888 1057 2941 nulla
1098 2890 1305 2943 ratione
1326 2890 1561 2942 conferri
1596 2898 1790 2957 potest.

574 2974 706 3042 Cap.
738 2978 824 3037 10,
858 2974 885 3043 §
915 2974 1001 3028 12.
1039 2974 1176 3039 Quid
1194 2974 1412 3042 faciebat
1447 2973 1615 3035 Deus,
1643 2982 1911 3038 antequam
1947 2976 2081 3042 {ace-

503 3072 577 3119 ret
603 3066 781 3119 coelum
808 3074 855 3116 et
881 3074 1066 3118 terram
1097 3108 1111 3131 ,
1143 3064 1275 3135 etc.]
1303 3064 1464 3116 Multo
1510 3064 1724 3118 brevius
1753 3066 2078 3133 respondeas

2186 1888 2277 1928 snt
2301 1890 2419 1943 cap.
2456 1876 2547 1930 25.

2255 1966 2389 2034 Cap.
2424 1966 2477 2035 '5,
2515 1967 2614 2037 §5.
2652 1969 2752 2023 Ubi
2780 1971 2911 2024 enim
2938 1972 3028 2024 lux
3056 1981 3182 2026 esset
3202 2016 3216 2037 ,
3250 1973 3296 2025 si
3325 1983 3474 2033 esset,
3496 1972 3589 2025 nisi
3616 1988 3739 2037 super

2184 2070 2315 2112 esset
2344 2061 2612 2115 eminendo
2640 2073 2687 2116 et
2716 2064 3058 2120 illustrando?
3078 2067 3096 2136 1
3117 2066 3456 2120 Crediderim
3492 2064 3743 2134 legendum

2185 2152 2470 2215 emicando,
2498 2168 2619 2207 nam

2374 2240 2522 2306 ignea
2539 2247 2742 2294 convexi
2765 2247 2836 2294 vis
2858 2253 2911 2294 et
2934 2247 3041 2293 sine
3066 2246 3285 2306 pondere
3308 2246 3421 2294 cadi

2366 2302 2589 2365 Emicuit,
2610 2319 2896 2368 summaque
2919 2302 3077 2355 locum
3105 2309 3196 2355 sibi
3219 2306 3346 2368 legit
3372 2310 3420 2354 in
3440 2321 3556 2358 arce

2186 2423 2254 2479 Ut
2278 2434 2396 2480 utar
2422 2427 2596 2481 verbis
2621 2429 2912 2483 Ovidianis.

2251 2516 2381 2585 Cap.
2408 2519 2493 2584 l7,
2530 2519 2556 2590 §
2580 2520 2667 2573 2i.
2703 2521 2924 2575 Nomine
2948 2523 3059 2575 cirli
3092 2532 3138 2575 et
3164 2534 3316 2575 terra:
3336 2531 3499 2574 totum
3524 2522 3666 2577 istum
3684 2523 3737 2575 ri-

2183 2607 2380 2662 sibilem
2406 2612 2650 2664 mundum
2679 2612 2821 2681 prius
2850 2615 3200 2665 universaliter
3246 2623 3293 2665 et
3330 2613 3549 2665 breviter
3576 2613 3737 2681 signi/i-

2185 2713 2301 2752 care
2326 2698 2486 2751 voluit
2514 2740 2529 2761 ,
2568 2709 2623 2752 ut
2665 2710 2838 2769 postea
2864 2701 3114 2771 digereret
3145 2703 3348 2755 dierum
3392 2706 3735 2756 enumeratione

2183 2791 2327 2860 quasi
2355 2791 2666 2844 articulatim
2712 2794 2944 2845 universa
2979 2808 3093 2861 qua:
3119 2802 3297 2847 sancto
3325 2794 3549 2861 Spiritui
3578 2794 3736 2862 placuit

2184 2882 2257 2932 sic
2277 2880 2587 2951 enuntiare]
2617 2881 2678 2934 lli
2703 2896 2833 2938 sane
2858 2884 3283 2951 contradictores,
3311 2887 3606 2955 quicunque
3632 2885 3734 2945 sint,

2185 2970 2355 3022 multo
2379 2970 2572 3024 melius
2597 2969 2797 3025 Mosem
2829 2973 3195 3041 intelligebant.
3221 2989 3386 3044 quam
3420 2976 3733 3045 Augustinus,

2183 3059 2291 3125 qui,
2318 3058 2416 3110 nisi
2440 3058 2617 3125 fallor,
2635 3062 2904 3131 cogitabat
2927 3062 3012 3118 hic
3032 3064 3101 3119 de
3123 3064 3518 3120 Platonicorum
3543 3079 3731 3118 suorum

506 3156 632 3206 huic
659 3153 959 3221 quaestioni,
989 3155 1033 3206 si
1064 3154 1213 3207 dicas
1242 3134 1292 3208 te
1316 3154 1543 3221 nescire,
1566 3168 1627 3207 ac
1647 3156 1961 3210 aeternitatis
1981 3158 2079 3209 im-
2107 3134 2154 3196 Ο
2184 3148 2511 3219 ὑπερκοσμίῳ
2550 3151 2710 3223 τόπῳ,
2753 3152 2819 3207 de
2858 3167 2963 3223 quo
3011 3154 3163 3209 Plato
3197 3155 3250 3209 in
3285 3156 3528 3211 Phaedro.
3558 3155 3731 3209 Interea

506 3246 785 3299 mansitate
803 3244 1070 3313 ingenium
1093 3244 1381 3298 humanum
1404 3245 1709 3309 absorberi;
1735 3261 1907 3314 neque
1927 3262 2081 3317 prop-

505 3345 653 3390 terea
686 3334 843 3389 fidem
888 3335 957 3390 de
994 3335 1266 3389 creatione
1293 3337 1530 3391 omnium
1569 3350 1748 3390 rerum
1778 3379 1792 3402 ,
1831 3348 1917 3390 aut
1950 3338 2081 3391 reli-

503 3426 713 3495 gionem
746 3427 857 3482 ullo
888 3429 938 3482 in
985 3427 1224 3495 periculo
1250 3428 1475 3482 versari.
1527 3428 1737 3483 Etenim
1770 3444 1875 3483 nun
1912 3428 2081 3498 proli.

506 3526 683 3572 tentur
708 3517 997 3573 Christiani
1030 3531 1091 3573 se
1129 3528 1342 3586 paratos
1367 3532 1489 3573 esse
1507 3517 1759 3572 omnibus
1773 3519 2084 3588 quaestioni-

504 3608 602 3663 bus
627 3608 966 3673 satisfacere;
992 3607 1086 3663 sed
1114 3616 1315 3662 tantum
1338 3622 1396 3662 se
1423 3608 1469 3661 id
1494 3608 1635 3679 quod
1664 3607 1931 3661 afﬁrmant
1957 3624 2083 3677 gra-

503 3702 737 3757 vissimis
782 3702 1079 3759 rationibus
1130 3717 1288 3770 posse
1344 3703 1736 3756 demonstrare.
1791 3703 2117 3758 Possumus.

504 3793 791 3848 ostendere
828 3793 1075 3846 omnibus
1123 3806 1243 3845 esse
1290 3791 1524 3856 initium,
1575 3800 1929 3860 praeterquam
1980 3795 2079 3846 Silii

504 3881 635 3944 Deo,
663 3892 717 3934 et
741 3885 877 3933 lianc
906 3890 1141 3932 nostram
1170 3880 1410 3932 tellurem
1436 3880 1501 3933 ab
1540 3894 1607 3933 eo
1646 3894 1767 3935 esse
1800 3893 2032 3937 creatam
2063 3901 2077 3947 ;

506 3971 644 4037 quod
672 3971 802 4023 satis
830 3971 983 4022 nobis
1013 3984 1134 4023 esse
1162 3969 1340 4023 debet.
1379 3969 1595 4038 lleliqua
1625 3987 1735 4038 quae
1763 3988 1920 4040 supra
1954 3990 2043 4026 nos
2063 4014 2078 4037 ,

506 4068 565 4113 ut
592 4072 735 4114 recte
764 4060 1013 4116 Socrates
1034 4105 1047 4128 ,
1081 4077 1141 4114 ea
1170 4061 1299 4114 nihil
1322 4062 1390 4113 ad
1414 4078 1522 4117 nos.
1556 4062 1686 4128 Quae
1720 4064 1803 4117 hic
1832 4066 2081 4133 Augusti-

506 4163 608 4203 nus
632 4148 701 4203 de
723 4150 1020 4204 mternitate
1047 4161 1103 4206 et
1131 4159 1391 4220 tempore,
1419 4152 1691 4207 Platonico
1718 4169 1865 4207 more
1896 4163 1948 4207 ct
1974 4164 2079 4207 tam

506 4239 713 4305 multis,
738 4250 1011 4309 argutatur
1032 4282 1048 4307 ,
1080 4254 1133 4297 et
1156 4243 1369 4313 quidem
1402 4246 1539 4312 apud
1574 4246 1740 4299 Deum
1759 4287 1773 4311 ,
1802 4246 1971 4300 multo
2000 4246 2082 4300 di-

505 4329 730 4387 lucidius
751 4343 875 4387 sunt
900 4347 931 4388 a
968 4337 1351 4390 recentioribus
1375 4337 1706 4405 philosophis
1734 4345 1786 4390 et
1819 4336 2079 4407 theologis

504 4438 751 4479 excussa.
778 4425 937 4480 Adito
969 4427 1051 4481 vel
1078 4425 1300 4482 Joannis
1326 4430 1514 4485 (.‘lerici
1560 4429 2073 4498 Pneutnatologiam.

503 4514 618 4570 Non
659 4516 936 4587 aggrediar
965 4518 1106 4571 enim
1136 4519 1443 4585 expendere
1464 4534 1581 4587 qua:
1604 4518 1673 4574 de
1704 4495 2002 4574 arternitate
2023 4528 2076 4572 et
2107 4495 2154 4554 Ῑ)

505 4620 746 4679 tempore
790 4609 1199 4681 philosophatur
1256 4610 1615 4679 llipponeusis
1668 4612 1971 4679 episcopus,
2024 4620 2078 4664 et

503 4719 621 4770 quae
647 4704 782 4759 adeo
814 4703 990 4758 tenuia
1015 4711 1177 4770 sunt,
1224 4712 1280 4757 ut
1312 4703 1396 4758 vel
1422 4703 1675 4755 tenuitate
1711 4716 1806 4755 sua
1849 4714 2077 4755 evanes-

504 4804 645 4849 cant.

574 4882 702 4950 Cap.
734 4884 824 4952 52,
871 4887 898 4956 ς
943 4887 1033 4943 29.
1067 4886 1344 4942 Circuitum
1393 4884 1532 4938 illius
1559 4882 1794 4954 ligneula?
1819 4880 1990 4951 rotan]
2019 4881 2072 4936 lu

504 4989 631 5042 qua,
676 4976 921 5029 nimirum
949 5023 962 5045 ,
994 4980 1075 5033 sol
1101 5022 1115 5046 ,
1144 4978 1427 5048 gnomonis
1465 4990 1569 5046 ope
1596 5018 1610 5040 ,
1638 4976 1797 5029 horas
1834 4974 2074 5028 nutabat.

503 5066 737 5134 Tempus
766 5076 847 5119 est
880 5068 987 5133 ipsa
1020 5071 1229 5124 duratio
1254 5085 1430 5126 rerum
1452 5106 1470 5134 ,
1515 5082 1610 5122 seu
1641 5065 1921 5120 existentia
1951 5079 2079 5119 con—

506 5158 705 5211 tinuata
730 5196 744 5221 ,
797 5155 890 5208 sed
933 5172 1048 5210 eam
1091 5160 1425 5214 existentiam
1467 5159 1719 5213 metimur
1759 5171 1861 5226 ope
1903 5164 2079 5211 motus

503 5256 792 5310 astrorum,
822 5256 875 5299 et
902 5247 1197 5316 prmsertim
1214 5250 1427 5316 quidem
1458 5248 1588 5302 solis
1611 5264 1674 5303 ac
1703 5250 1865 5304 lunas.

572 5338 737 5396 LIBtto
782 5338 930 5408 Xll,§
965 5341 1015 5392 1.
1050 5336 1310 5391 Promissa
1355 5348 1446 5391 tua
1490 5350 1606 5392 sunt
1635 5350 1680 5392 et
1719 5341 1831 5408 quis
1864 5339 1981 5408 falli
2010 5339 2073 5391 ti-

502 5443 662 5497 meat,
692 5448 807 5486 cum
829 5430 1075 5500 promittit
1101 5429 1283 5483 ueritas
1305 5427 1357 5501 9}
1385 5429 1454 5483 At
1484 5430 1643 5485 verba
1674 5451 1687 5487 :
1721 5426 1882 5485 Potite
1909 5440 1957 5483 et
1984 5445 2073 5483 αεσ-

500 5522 714 5590 cipietis,
736 5532 865 5587 etc.,
898 5521 1085 5577 Matth.
1107 5536 1197 5585 vn,
1232 5522 1285 5587 7,
1317 5520 1385 5574 ita
1413 5536 1520 5575 non
1550 5530 1673 5575 sunt
1705 5521 2072 5590 intelligenda,

501 5613 650 5681 quasi
675 5614 982 5682 quarumvis
1021 5614 1501 5685 metaphysicarmn
1533 5613 1888 5681 qumsﬁonum
1927 5612 2075 5667 solu-

501 5703 694 5761 tionem
720 5704 919 5771 petenti
939 5718 1053 5760 eam
1085 5706 1316 5763 tribuere
1342 5722 1558 5761 necesse
1586 5705 1774 5760 habeat
1805 5704 2074 5761 Dens.Ve-

2188 3239 2401 3309 dignum
2424 3250 2507 3295 est
2532 3250 2714 3297 notatu
2736 3244 2878 3313 quod
2901 3245 3058 3300 habet
3079 3247 3415 3315 Augustinus
3435 3261 3547 3312 cap.
3569 3246 3617 3308 9,
3645 3258 3733 3297 εωο

2185 3330 2292 3384 lum
2314 3329 2414 3386 hoc
2443 3332 2845 3402 iuconspicuum
2866 3350 2985 3391 esse
3008 3338 3311 3391 ceter-uitatis
3327 3338 3590 3406 particeps,
3617 3332 3734 3403 quod
3796 3382 3805 3407 ξ

2148 3488 2152 3493 Ι
2184 3429 2309 3476 ante
2340 3431 2547 3491 tempus
2574 3425 2847 3480 conditum
2878 3437 3042 3481 esset.
3073 3427 3144 3481 At
3169 3431 3304 3482 mira
3332 3436 3415 3481 est
3440 3430 3566 3481 ratio
3592 3424 3730 3490 expli-

2183 3512 2367 3566 canda:
2408 3510 2700 3582 Scriptum
2724 3555 2740 3580 ,
2782 3514 2941 3585 quam
2974 3525 3159 3585 postea
3194 3520 3439 3587 proponit
3474 3532 3584 3585 cap.
3624 3514 3679 3567 l8
3719 3528 3729 3561 :

2185 3601 2323 3657 Dum
2359 3607 2569 3675 quisque
2611 3619 2826 3662 conatur
2852 3608 2906 3661 id
2933 3610 3139 3673 sentire,
3175 3612 3231 3663 in
3255 3610 3534 3679 Scripturis
3552 3614 3729 3662 sanctis,

2183 3697 2318 3763 quod
2340 3698 2393 3751 in
2417 3698 2481 3752 iis
2508 3700 2662 3752 sensit
2684 3699 2770 3753 ille
2798 3701 2884 3767 qvi
2907 3702 3103 3771 scripsit
3128 3742 3142 3765 ,
3168 3702 3300 3772 quid
3328 3702 3450 3754 mali
3473 3712 3561 3763 est,
3591 3700 3629 3751 si
3655 3696 3730 3746 hoc

2183 3789 2363 3841 sentiet
2393 3830 2406 3851 ,
2460 3791 2595 3857 quod
2642 3800 2696 3844 tu
2735 3793 2824 3845 (ua:
2867 3794 3093 3847 omnium
3136 3796 3479 3849 t'eridicarum
3519 3791 3728 3844 ruentium

2183 3884 2405 3936 ostendis
2430 3898 2599 3936 verum
2625 3900 2732 3938 esse
2758 3923 2772 3946 ,
2804 3886 2999 3938 etiamsi
3029 3887 3123 3938 hoc
3170 3904 3278 3942 non
3305 3888 3457 3941 sensit
3498 3884 3579 3937 ille
3606 3895 3728 3950 quem

2184 3977 2302 4047 legit
2328 4019 2342 4042 ,
2369 3993 2482 4030 cum
2509 3987 2557 4030 et
2580 3978 2668 4033 ille
2696 3995 2867 4032 verum
2886 4023 2901 4047 ,
2932 3997 3022 4033 nec
3054 3989 3229 4036 tamen
3260 3983 3355 4035 hoc
3388 3978 3619 4035 senserit?
3653 3975 3725 4026 Est

2184 4067 2284 4120 hoc
2316 4069 2512 4123 malum
2537 4111 2554 4135 ,
2586 4070 2724 4138 quod
2760 4086 2822 4123 ex
2853 4072 3037 4139 quovis
3069 4074 3189 4126 loco
3218 4074 3418 4142 quaevis
3448 4070 3626 4124 veritas
3646 4065 3725 4117 dc-

2184 4158 2302 4210 duei
2334 4159 2538 4226 possit,
2571 4169 2624 4213 et
2662 4162 2910 4228 paulatim
2959 4162 3098 4214 nulla
3127 4174 3280 4218 certa
3330 4162 3644 4232 superfutura
3670 4154 3724 4207 sit

2186 4248 2320 4300 ratio
2338 4250 2669 4316 explicanda:
2713 4252 3033 4322 Scripturm;
3066 4254 3110 4307 si
3148 4257 3297 4310 nulla
3329 4254 3613 4324 regularum
3638 4246 3722 4299 eri-

2188 4338 2409 4392 ticarum
2434 4339 2693 4395 habeatur
2714 4343 2869 4405 ratio,
2898 4354 2949 4397 et
2974 4344 3074 4398 hoc
3105 4362 3270 4399 unum
3302 4355 3561 4416 quaeratur
3584 4354 3641 4391 an
3667 4336 3722 4387 εἰ

2188 4443 2279 4494 per
2306 4444 2366 4483 se
2385 4447 2569 4485 verum
2597 4433 2738 4502 quod
2770 4434 2981 4488 dicitur.
3024 4435 3378 4491 Commodum
3417 4434 3613 4503 quidem
3639 4427 3718 4479 hoc

2181 4529 2263 4575 est
2282 4522 2751 4591 declamatoribus,
2774 4526 2868 4581 Sed
2888 4528 3044 4596 plane
3073 4532 3401 4584 contrarium
3433 4536 3569 4581 recte
3595 4516 3718 4574 iusti.

2184 4620 2294 4667 tuto
2324 4613 2612 4683 Scriptura:
2632 4606 2799 4671 sacra:
2828 4620 3025 4683 studio,
3055 4621 3198 4688 quod
3226 4638 3292 4675 eo
3312 4627 3509 4688 spectat
3540 4623 3591 4667 ut
3614 4606 3717 4679 (Ιηίδ

2181 4703 2387 4774 singula
2418 4706 2530 4760 loca
2567 4707 2885 4778 significent,
2913 4722 3178 4779 quatenus
3210 4715 3364 4776 licet,
3394 4713 3593 4778 liqueat.
3620 4700 3716 4755 Ce-

2183 4797 2463 4851 terum‘ubi
2485 4799 2729 4867 ambigua
2753 4810 2833 4855 est
2847 4807 3134 4872 sententia,
3163 4820 3263 4861 nec
3280 4804 3381 4859 ulla
3402 4813 3512 4855 arte
3528 4786 3713 4857 intelligi

2182 4895 2356 4956 potest
2382 4888 2506 4958 quid
2530 4894 2843 4960 spectaverit
2868 4895 3095 4963 scriptor
3116 4909 3271 4950 sacer
3292 4938 3307 4961 ,
3343 4902 3448 4946 tum
3472 4902 3587 4943 vero
3608 4877 3713 4936 nihil

2182 4980 2576 5036 altirmandum.
2609 4981 2885 5037 Absimilia
2908 4985 3047 5038 veris
3066 4986 3214 5053 rejici
3234 4988 3468 5051 possunt,
3493 4976 3577 5031 sed
3595 4969 3711 5025 nulla

2182 5077 2263 5124 est
2307 5084 2465 5126 causa
2497 5087 2592 5126 cur
2620 5087 2771 5143 :eque
2802 5074 3076 5129 verisimili
3115 5076 3164 5130 id
3198 5076 3449 5146 praeferas
3471 5110 3484 5134 ν
3512 5063 3634 5135 fl"0d
3660 5073 3711 5111 ⁸⁸

2181 5160 2428 5216 omnibus
2456 5163 2585 5216 artis
2608 5161 2806 5216 criticaa
2826 5166 3123 5220 canonibus
3151 5163 3488 5222 verisimilius
3508 5170 3600 5211 non
3623 5155 3705 5203 est.

2180 5254 2432 5318 Qumrere
2452 5267 2578 5306 vero
2610 5253 2660 5306 in
2679 5256 2925 5323 quopiam
2958 5258 3243 5327 Scriptum
3274 5257 3415 5320 loco,
3439 5245 3567 5319 quod
3593 5236 3708 5294 nulla

2180 5347 2316 5398 ratio
2359 5346 2702 5414 grammatica
2747 5348 2793 5401 ei
2824 5348 2999 5404 inesse
3033 5352 3187 5404 docet
3212 5390 3227 5410 .
3280 5348 3379 5401 hoc
3414 5344 3606 5396 demum
3640 5333 3706 5381 εδδ

2180 5434 2507 5501 Scripturam
2559 5434 2942 5506 interpretari,
2993 5449 3047 5492 ut
3086 5447 3457 5506 eampanarum
3509 5422 3703 5481 sonitum

2179 5523 2329 5593 pueri
2350 5523 2542 5578 solent.

2248 5614 2412 5670 LIBBO
2441 5629 2555 5668 xui.
2585 5614 2715 5682 Cap.
2749 5617 2836 5679 ll,
2869 5616 2894 5685 §
2923 5616 3008 5671 ιε.
3044 5616 3337 5670 Trinitatem
3359 5607 3701 5685 Otttnipolr‘ntttll

2175 5705 2290 5777 quis
2311 5704 2543 5775 intelligit
2563 5708 2584 5760 ?
2608 5706 2670 5759 Et
2695 5707 2803 5774 quis
2830 5683 2929 5761 non
2953 5709 3171 5777 loquitur
3199 5722 3326 5767 eain,
3352 5704 3393 5755 si
3412 5710 3563 5753 tamen
3578 5683 3703 5743 et!!!”
